  <div class='ocr_page' id='page_1' title='image "/cluster/home/n/w/nwhite01/storage/ocr_20150623/143/uva.x000829790/044.png"; bbox 0 0 4026 6228; ppageno 0'>
   <div class='ocr_carea' id='block_1_1' title="bbox 208 324 1798 428">
    <p class='ocr_par' dir='ltr' id='par_1_1' title="bbox 208 324 1798 407">
     <span class='ocr_line' id='line_1_1' title="bbox 208 324 1798 407; baseline 0.011 -20"><span class='ocrx_word' id='word_1_1' title='bbox 208 324 289 387; x_wconf 73' lang='lat'><strong>&#39;13</strong></span> <span class='ocrx_word' id='word_1_2' title='bbox 1463 341 1798 407; x_wconf 79' lang='lat' dir='ltr'><strong>CHRONIC</strong></span> 
     </span>
    </p>
   </div>
   <div class='ocr_carea' id='block_1_2' title="bbox 2057 324 3647 428">
    <p class='ocr_par' dir='ltr' id='par_1_2' title="bbox 2081 349 3647 428">
     <span class='ocr_line' id='line_1_2' title="bbox 2081 349 3647 428; baseline 0.011 -18"><span class='ocrx_word' id='word_1_3' title='bbox 2081 349 2268 411; x_wconf 58' lang='lat' dir='ltr'><strong>SE6.</strong></span> <span class='ocrx_word' id='word_1_4' title='bbox 2312 351 2416 413; x_wconf 89' lang='lat' dir='ltr'><strong>III.</strong></span> <span class='ocrx_word' id='word_1_5' title='bbox 3564 361 3647 428; x_wconf 71' lang='grc' dir='ltr'>Ἠ</span> 
     </span>
    </p>
   </div>
   <div class='ocr_carea' id='block_1_3' title="bbox 1985 479 2281 537">
    <p class='ocr_par' dir='ltr' id='par_1_3' title="bbox 1985 479 2281 537">
     <span class='ocr_line' id='line_1_3' title="bbox 1985 479 2281 537; baseline 0.014 -3"><span class='ocrx_word' id='word_1_6' title='bbox 1985 479 2281 537; x_wconf 82' lang='lat' dir='ltr'><strong>GIENSIS.</strong></span> 
     </span>
    </p>
   </div>
   <div class='ocr_carea' id='block_1_4' title="bbox 292 474 1882 650">
    <p class='ocr_par' dir='ltr' id='par_1_4' title="bbox 292 474 1882 629">
     <span class='ocr_line' id='line_1_4' title="bbox 292 474 1882 629; baseline 0.009 -20"><span class='ocrx_word' id='word_1_7' title='bbox 292 553 400 609; x_wconf 88' lang='grc'><strong>262</strong></span> <span class='ocrx_word' id='word_1_8' title='bbox 427 553 712 612; x_wconf 87' lang='lat' dir='ltr'><strong>Germani</strong></span> <span class='ocrx_word' id='word_1_9' title='bbox 741 556 995 629; x_wconf 80' lang='lat' dir='ltr'><strong>Italiam,</strong></span> <span class='ocrx_word' id='word_1_10' title='bbox 1016 557 1322 616; x_wconf 81' lang='lat' dir='ltr'><strong>Alamanni</strong></span> <span class='ocrx_word' id='word_1_11' title='bbox 1345 560 1564 620; x_wconf 81' lang='lat' dir='ltr'><strong>Gallias</strong></span> <span class='ocrx_word' id='word_1_12' title='bbox 1582 474 1882 623; x_wconf 50' lang='grc' dir='ltr'><strong>θῗὲξιῗέω</strong></span> 
     </span>
    </p>
   </div>
   <div class='ocr_carea' id='block_1_5' title="bbox 2048 474 3638 650">
    <p class='ocr_par' dir='ltr' id='par_1_5' title="bbox 2048 480 3638 650">
     <span class='ocr_line' id='line_1_5' title="bbox 2048 480 2281 537; baseline 0.013 -2"><span class='ocrx_word' id='word_1_13' title='bbox 2048 480 2281 537; x_wconf 82' lang='lat' dir='ltr'><strong>lENSlS.</strong></span> 
     </span>
     <span class='ocr_line' id='line_1_6' title="bbox 2048 571 3638 650; baseline 0.009 -27"><span class='ocrx_word' id='word_1_14' title='bbox 2048 586 2113 624; x_wconf 88' lang='lat' dir='ltr'><strong>uo</strong></span> <span class='ocrx_word' id='word_1_15' title='bbox 2136 571 2396 641; x_wconf 75' lang='lat' dir='ltr'><strong>regnavit</strong></span> <span class='ocrx_word' id='word_1_16' title='bbox 2413 573 2649 628; x_wconf 86' lang='lat' dir='ltr'><strong>Tacitus</strong></span> <span class='ocrx_word' id='word_1_17' title='bbox 2664 575 2965 630; x_wconf 90' lang='lat' dir='ltr'><strong>mensibus</strong></span> <span class='ocrx_word' id='word_1_18' title='bbox 2980 592 3055 631; x_wconf 75' lang='lat' dir='ltr'><strong>v1.</strong></span> <span class='ocrx_word' id='word_1_19' title='bbox 3076 578 3197 642; x_wconf 85' lang='lat' dir='ltr'><strong>Quo</strong></span> <span class='ocrx_word' id='word_1_20' title='bbox 3218 579 3370 650; x_wconf 85' lang='lat' dir='ltr'><strong>apud</strong></span> <span class='ocrx_word' id='word_1_21' title='bbox 3392 579 3638 638; x_wconf 81' lang='lat' dir='ltr'><strong>Pontum</strong></span> 
     </span>
    </p>
   </div>
   <div class='ocr_carea' id='block_1_6' title="bbox 228 650 3637 735">
    <p class='ocr_par' dir='ltr' id='par_1_6' title="bbox 228 650 3637 735">
     <span class='ocr_line' id='line_1_7' title="bbox 228 650 3637 735; baseline 0.008 -35"><span class='ocrx_word' id='word_1_22' title='bbox 228 650 608 726; x_wconf 72' lang='lat' dir='ltr'><strong>populantur.</strong></span> <span class='ocrx_word' id='word_1_23' title='bbox 642 656 777 710; x_wconf 72' lang='lat' dir='ltr'><strong>Eas.</strong></span> <span class='ocrx_word' id='word_1_24' title='bbox 806 656 862 711; x_wconf 81' lang='grc' dir='ltr'><strong>Ιι,</strong></span> <span class='ocrx_word' id='word_1_25' title='bbox 894 672 927 711; x_wconf 86' lang='grc' dir='ltr'><em>α</em></span> <span class='ocrx_word' id='word_1_26' title='bbox 948 673 967 717; x_wconf 78' lang='grc' dir='ltr'><strong>,ο</strong></span> <span class='ocrx_word' id='word_1_27' title='bbox 997 658 1217 730; x_wconf 70' lang='lat' dir='ltr'><strong>Eutrop.</strong></span> <span class='ocrx_word' id='word_1_28' title='bbox 1250 675 1302 712; x_wconf 83' lang='grc' dir='ltr'><strong>(ι,</strong></span> <span class='ocrx_word' id='word_1_29' title='bbox 1336 661 1460 715; x_wconf 65' lang='grc'>264,</span> <span class='ocrx_word' id='word_1_30' title='bbox 1993 658 2518 725; x_wconf 74' lang='lat' dir='ltr'><strong>occiso,l‘lnrianus</strong></span> <span class='ocrx_word' id='word_1_31' title='bbox 2537 662 2799 735; x_wconf 87' lang='lat' dir='ltr'><strong>regnavit</strong></span> <span class='ocrx_word' id='word_1_32' title='bbox 2821 662 2945 719; x_wconf 91' lang='lat' dir='ltr'><strong>dies</strong></span> <span class='ocrx_word' id='word_1_33' title='bbox 2968 680 3233 732; x_wconf 80' lang='lat' dir='ltr'><em>LXXXVIII,</em></span> <span class='ocrx_word' id='word_1_34' title='bbox 3256 669 3312 721; x_wconf 92' lang='lat' dir='ltr'><strong>et</strong></span> <span class='ocrx_word' id='word_1_35' title='bbox 3333 668 3637 728; x_wconf 81' lang='lat' dir='ltr'><strong>occiditur.</strong></span> 
     </span>
    </p>
   </div>
   <div class='ocr_carea' id='block_1_7' title="bbox 289 740 2343 820">
    <p class='ocr_par' dir='ltr' id='par_1_7' title="bbox 289 740 2343 820">
     <span class='ocr_line' id='line_1_8' title="bbox 289 740 2343 820; baseline 0.004 -25"><span class='ocrx_word' id='word_1_36' title='bbox 289 740 401 795; x_wconf 85' lang='lat'><strong>263</strong></span> <span class='ocrx_word' id='word_1_37' title='bbox 426 741 794 811; x_wconf 83' lang='lat' dir='ltr'><strong>Macedonia,</strong></span> <span class='ocrx_word' id='word_1_38' title='bbox 855 743 1094 810; x_wconf 69' lang='lat' dir='ltr'><strong>Graecia,</strong></span> <span class='ocrx_word' id='word_1_39' title='bbox 1155 746 1395 815; x_wconf 81' lang='lat' dir='ltr'><strong>Pontus,</strong></span> <span class='ocrx_word' id='word_1_40' title='bbox 1453 748 1593 805; x_wconf 93' lang='lat' dir='ltr'><strong>Asia</strong></span> <span class='ocrx_word' id='word_1_41' title='bbox 1649 752 1707 805; x_wconf 86' lang='lat' dir='ltr'><strong>et</strong></span> <span class='ocrx_word' id='word_1_42' title='bbox 1754 749 1876 806; x_wconf 66' lang='lat' dir='ltr'><strong>alia:</strong></span> <span class='ocrx_word' id='word_1_43' title='bbox 1991 747 2116 802; x_wconf 84' lang='lat' dir='ltr'><strong>Eus.</strong></span> <span class='ocrx_word' id='word_1_44' title='bbox 2149 764 2202 802; x_wconf 92' lang='lat' dir='ltr'><strong>a.</strong></span> <span class='ocrx_word' id='word_1_45' title='bbox 2234 765 2343 820; x_wconf 91' lang='lat' dir='ltr'><strong>seq.</strong></span> 
     </span>
    </p>
   </div>
   <div class='ocr_carea' id='block_1_8' title="bbox 222 828 3633 919">
    <p class='ocr_par' dir='ltr' id='par_1_8' title="bbox 222 828 3633 919">
     <span class='ocr_line' id='line_1_9' title="bbox 222 828 3633 919; baseline 0.006 -35"><span class='ocrx_word' id='word_1_46' title='bbox 222 828 530 900; x_wconf 67' lang='lat' dir='ltr'><strong>provinciae</strong></span> <span class='ocrx_word' id='word_1_47' title='bbox 560 830 1000 905; x_wconf 80' lang='lat' dir='ltr'><strong>depopulantur</strong></span> <span class='ocrx_word' id='word_1_48' title='bbox 1029 850 1132 906; x_wconf 90' lang='lat' dir='ltr'><strong>per</strong></span> <span class='ocrx_word' id='word_1_49' title='bbox 1160 833 1399 891; x_wconf 81' lang='lat' dir='ltr'><strong>Gothos.</strong></span> <span class='ocrx_word' id='word_1_50' title='bbox 1434 837 1560 893; x_wconf 85' lang='lat' dir='ltr'><strong>Eus.</strong></span> <span class='ocrx_word' id='word_1_51' title='bbox 1594 855 1628 893; x_wconf 90' lang='lat' dir='ltr'><strong>a</strong></span> <span class='ocrx_word' id='word_1_52' title='bbox 1651 855 1741 911; x_wconf 87' lang='lat' dir='ltr'><strong>pr.</strong></span> <span class='ocrx_word' id='word_1_53' title='bbox 2058 838 2165 891; x_wconf 87' lang='grc'><strong>276</strong></span> <span class='ocrx_word' id='word_1_54' title='bbox 2200 838 2349 894; x_wconf 82' lang='lat' dir='ltr'><strong>Felix</strong></span> <span class='ocrx_word' id='word_1_55' title='bbox 2372 855 2523 913; x_wconf 89' lang='lat' dir='ltr'><strong>papa</strong></span> <span class='ocrx_word' id='word_1_56' title='bbox 2546 841 2866 906; x_wconf 85' lang='lat' dir='ltr'><strong>XXV,sedit</strong></span> <span class='ocrx_word' id='word_1_57' title='bbox 2887 842 3057 898; x_wconf 89' lang='lat' dir='ltr'><strong>annis</strong></span> <span class='ocrx_word' id='word_1_58' title='bbox 3077 860 3131 899; x_wconf 92' lang='lat' dir='ltr'><strong>v.</strong></span> <span class='ocrx_word' id='word_1_59' title='bbox 3158 845 3279 899; x_wconf 84' lang='lat' dir='ltr'><strong>Eas.</strong></span> <span class='ocrx_word' id='word_1_60' title='bbox 3304 861 3357 913; x_wconf 92' lang='lat' dir='ltr'><strong>a,</strong></span> <span class='ocrx_word' id='word_1_61' title='bbox 3390 862 3523 919; x_wconf 89' lang='lat' dir='ltr'><strong>seq.,</strong></span> <span class='ocrx_word' id='word_1_62' title='bbox 3557 850 3633 905; x_wconf 96' lang='lat' dir='ltr'><strong>al.</strong></span> 
     </span>
    </p>
   </div>
   <div class='ocr_carea' id='block_1_9' title="bbox 292 916 2199 997">
    <p class='ocr_par' dir='ltr' id='par_1_9' title="bbox 292 916 2199 997">
     <span class='ocr_line' id='line_1_10' title="bbox 292 916 2199 997; baseline 0.004 -25"><span class='ocrx_word' id='word_1_63' title='bbox 292 917 404 972; x_wconf 84' lang='lat'><strong>265</strong></span> <span class='ocrx_word' id='word_1_64' title='bbox 426 916 744 992; x_wconf 87' lang='lat' dir='ltr'><strong>Dionysius</strong></span> <span class='ocrx_word' id='word_1_65' title='bbox 791 936 943 994; x_wconf 89' lang='lat' dir='ltr'><strong>papa</strong></span> <span class='ocrx_word' id='word_1_66' title='bbox 989 920 1142 977; x_wconf 86' lang='lat' dir='ltr'><strong>sedit</strong></span> <span class='ocrx_word' id='word_1_67' title='bbox 1189 923 1361 980; x_wconf 90' lang='lat' dir='ltr'><strong>annis</strong></span> <span class='ocrx_word' id='word_1_68' title='bbox 1388 942 1463 981; x_wconf 64' lang='grc' dir='ltr'><strong>ιι.</strong></span> <span class='ocrx_word' id='word_1_69' title='bbox 1495 927 1622 983; x_wconf 84' lang='lat' dir='ltr'><strong>Eas.</strong></span> <span class='ocrx_word' id='word_1_70' title='bbox 1654 944 1707 982; x_wconf 83' lang='grc' dir='ltr'><em>α.</em></span> <span class='ocrx_word' id='word_1_71' title='bbox 1740 944 1875 997; x_wconf 86' lang='lat' dir='ltr'><strong>seq.,</strong></span> <span class='ocrx_word' id='word_1_72' title='bbox 1987 940 2041 978; x_wconf 92' lang='lat' dir='ltr'><strong>a.</strong></span> <span class='ocrx_word' id='word_1_73' title='bbox 2074 923 2199 979; x_wconf 81' lang='lat'><strong>269.</strong></span> 
     </span>
    </p>
   </div>
   <div class='ocr_carea' id='block_1_10' title="bbox 219 1005 3632 1094">
    <p class='ocr_par' dir='ltr' id='par_1_10' title="bbox 219 1005 3632 1094">
     <span class='ocr_line' id='line_1_11' title="bbox 219 1005 3632 1094; baseline 0.008 -40"><span class='ocrx_word' id='word_1_74' title='bbox 219 1005 299 1059; x_wconf 88' lang='lat' dir='ltr'><strong>al.</strong></span> <span class='ocrx_word' id='word_1_75' title='bbox 335 1022 388 1061; x_wconf 90' lang='lat' dir='ltr'><strong>a.</strong></span> <span class='ocrx_word' id='word_1_76' title='bbox 411 1008 541 1064; x_wconf 83' lang='lat'><strong>259.</strong></span> <span class='ocrx_word' id='word_1_77' title='bbox 2055 1015 2161 1066; x_wconf 87' lang='lat'><strong>277</strong></span> <span class='ocrx_word' id='word_1_78' title='bbox 2183 1015 2265 1084; x_wconf 86' lang='lat' dir='ltr'><strong>(In</strong></span> <span class='ocrx_word' id='word_1_79' title='bbox 2295 1031 2472 1085; x_wconf 88' lang='lat' dir='ltr'><strong>marg.</strong></span> <span class='ocrx_word' id='word_1_80' title='bbox 2507 1017 2730 1074; x_wconf 87' lang='lat' dir='ltr'><strong>Probus</strong></span> <span class='ocrx_word' id='word_1_81' title='bbox 2778 1036 2913 1074; x_wconf 89' lang='lat' dir='ltr'><strong>ann.</strong></span> <span class='ocrx_word' id='word_1_82' title='bbox 2960 1036 3035 1088; x_wconf 73' lang='grc' dir='ltr'><strong>νι,</strong></span> <span class='ocrx_word' id='word_1_83' title='bbox 3064 1038 3247 1077; x_wconf 89' lang='lat' dir='ltr'><strong>mens.</strong></span> <span class='ocrx_word' id='word_1_84' title='bbox 3281 1023 3379 1094; x_wconf 84' lang='lat' dir='ltr'><strong>IV.)</strong></span> <span class='ocrx_word' id='word_1_85' title='bbox 3416 1025 3632 1082; x_wconf 87' lang='lat' dir='ltr'><strong>Probus</strong></span> 
     </span>
    </p>
   </div>
   <div class='ocr_carea' id='block_1_11' title="bbox 288 1095 3628 1180">
    <p class='ocr_par' dir='ltr' id='par_1_11' title="bbox 288 1095 3628 1180">
     <span class='ocr_line' id='line_1_12' title="bbox 288 1095 3628 1180; baseline 0.006 -29"><span class='ocrx_word' id='word_1_86' title='bbox 288 1095 401 1150; x_wconf 81' lang='grc'><strong>266</strong></span> <span class='ocrx_word' id='word_1_87' title='bbox 430 1095 547 1152; x_wconf 87' lang='lat' dir='ltr'><strong>Hoc</strong></span> <span class='ocrx_word' id='word_1_88' title='bbox 594 1100 859 1170; x_wconf 90' lang='lat' dir='ltr'><strong>tempore</strong></span> <span class='ocrx_word' id='word_1_89' title='bbox 898 1097 1259 1168; x_wconf 86' lang='lat' dir='ltr'><strong>Theodorus,</strong></span> <span class='ocrx_word' id='word_1_90' title='bbox 1318 1100 1420 1173; x_wconf 90' lang='lat' dir='ltr'><strong>qui</strong></span> <span class='ocrx_word' id='word_1_91' title='bbox 1451 1106 1507 1158; x_wconf 91' lang='lat' dir='ltr'><strong>et</strong></span> <span class='ocrx_word' id='word_1_92' title='bbox 1536 1103 1871 1175; x_wconf 85' lang='lat' dir='ltr'><strong>Gregorius,</strong></span> <span class='ocrx_word' id='word_1_93' title='bbox 1986 1099 2202 1157; x_wconf 87' lang='lat' dir='ltr'><strong>Gallias</strong></span> <span class='ocrx_word' id='word_1_94' title='bbox 2225 1120 2258 1158; x_wconf 89' lang='lat' dir='ltr'><strong>a</strong></span> <span class='ocrx_word' id='word_1_95' title='bbox 2278 1104 2543 1162; x_wconf 89' lang='lat' dir='ltr'><strong>barbaris</strong></span> <span class='ocrx_word' id='word_1_96' title='bbox 2566 1107 3112 1180; x_wconf 85' lang='lat' dir='ltr'><strong>occupatasingenti</strong></span> <span class='ocrx_word' id='word_1_97' title='bbox 3127 1110 3333 1167; x_wconf 88' lang='lat' dir='ltr'><strong>virtute</strong></span> <span class='ocrx_word' id='word_1_98' title='bbox 3356 1112 3628 1170; x_wconf 80' lang='lat' dir='ltr'><strong>restituit.</strong></span> 
     </span>
    </p>
   </div>
   <div class='ocr_carea' id='block_1_12' title="bbox 208 1181 2204 1263">
    <p class='ocr_par' dir='ltr' id='par_1_12' title="bbox 208 1181 2204 1263">
     <span class='ocr_line' id='line_1_13' title="bbox 208 1181 2204 1263; baseline 0.006 -25"><span class='ocrx_word' id='word_1_99' title='bbox 208 1181 604 1241; x_wconf 65' lang='lat' dir='ltr'><strong>Neoemsarezs</strong></span> <span class='ocrx_word' id='word_1_100' title='bbox 627 1187 938 1260; x_wconf 88' lang='lat' dir='ltr'><strong>episcopus</strong></span> <span class='ocrx_word' id='word_1_101' title='bbox 964 1187 1287 1245; x_wconf 84' lang='lat' dir='ltr'><strong>virtutibus</strong></span> <span class='ocrx_word' id='word_1_102' title='bbox 1318 1189 1548 1247; x_wconf 89' lang='lat' dir='ltr'><strong>claruit.</strong></span> <span class='ocrx_word' id='word_1_103' title='bbox 1981 1190 2204 1263; x_wconf 74' lang='lat' dir='ltr'><strong>Eutrop.</strong></span> 
     </span>
    </p>
   </div>
   <div class='ocr_carea' id='block_1_13' title="bbox 283 1272 3625 1359">
    <p class='ocr_par' dir='ltr' id='par_1_13' title="bbox 283 1272 3625 1359">
     <span class='ocr_line' id='line_1_14' title="bbox 283 1272 3625 1359; baseline 0.007 -33"><span class='ocrx_word' id='word_1_104' title='bbox 283 1273 400 1327; x_wconf 82' lang='grc'><strong>267</strong></span> <span class='ocrx_word' id='word_1_105' title='bbox 425 1272 839 1346; x_wconf 83' lang='lat' dir='ltr'><strong>Hierosolymis</strong></span> <span class='ocrx_word' id='word_1_106' title='bbox 853 1275 1201 1349; x_wconf 67' lang='lat' dir='ltr'><strong>Hymenaeus</strong></span> <span class='ocrx_word' id='word_1_107' title='bbox 1217 1277 1868 1352; x_wconf 88' lang='lat' dir='ltr'><strong>episcopusordinatur.</strong></span> <span class='ocrx_word' id='word_1_108' title='bbox 2051 1282 2156 1335; x_wconf 87' lang='lat'><strong>278</strong></span> <span class='ocrx_word' id='word_1_109' title='bbox 2186 1282 2488 1340; x_wconf 89' lang='lat' dir='ltr'><strong>Anatolius</strong></span> <span class='ocrx_word' id='word_1_110' title='bbox 2514 1284 2791 1341; x_wconf 72' lang='lat' dir='ltr'><strong>Laodicia:</strong></span> <span class='ocrx_word' id='word_1_111' title='bbox 2814 1286 3123 1359; x_wconf 89' lang='lat' dir='ltr'><strong>episcopus</strong></span> <span class='ocrx_word' id='word_1_112' title='bbox 3146 1288 3339 1346; x_wconf 88' lang='lat' dir='ltr'><strong>clarus</strong></span> <span class='ocrx_word' id='word_1_113' title='bbox 3361 1290 3625 1349; x_wconf 87' lang='lat' dir='ltr'><strong>habetur.</strong></span> 
     </span>
    </p>
   </div>
   <div class='ocr_carea' id='block_1_14' title="bbox 205 1360 2335 1443">
    <p class='ocr_par' dir='ltr' id='par_1_14' title="bbox 205 1360 2335 1443">
     <span class='ocr_line' id='line_1_15' title="bbox 205 1360 2335 1443; baseline 0.005 -28"><span class='ocrx_word' id='word_1_114' title='bbox 205 1361 345 1416; x_wconf 77' lang='lat' dir='ltr'><strong>Eas.</strong></span> <span class='ocrx_word' id='word_1_115' title='bbox 371 1360 428 1415; x_wconf 88' lang='lat' dir='ltr'><strong>h.</strong></span> <span class='ocrx_word' id='word_1_116' title='bbox 463 1378 518 1417; x_wconf 94' lang='lat' dir='ltr'><strong>a.</strong></span> <span class='ocrx_word' id='word_1_117' title='bbox 1978 1372 2108 1425; x_wconf 88' lang='lat' dir='ltr'><strong>Eus.</strong></span> <span class='ocrx_word' id='word_1_118' title='bbox 2138 1387 2191 1425; x_wconf 79' lang='grc' dir='ltr'><strong>τι.</strong></span> <span class='ocrx_word' id='word_1_119' title='bbox 2224 1387 2335 1443; x_wconf 96' lang='lat' dir='ltr'><strong>seq.</strong></span> 
     </span>
    </p>
   </div>
   <div class='ocr_carea' id='block_1_15' title="bbox 282 1457 3626 1536">
    <p class='ocr_par' dir='ltr' id='par_1_15' title="bbox 282 1457 3626 1536">
     <span class='ocr_line' id='line_1_16' title="bbox 282 1457 3626 1536; baseline 0.005 -23"><span class='ocrx_word' id='word_1_120' title='bbox 282 1457 395 1514; x_wconf 84' lang='lat'><strong>269</strong></span> <span class='ocrx_word' id='word_1_121' title='bbox 424 1457 725 1517; x_wconf 89' lang='lat' dir='ltr'><strong>Gallienus</strong></span> <span class='ocrx_word' id='word_1_122' title='bbox 754 1462 1065 1519; x_wconf 81' lang='lat' dir='ltr'><strong>Mediolani</strong></span> <span class='ocrx_word' id='word_1_123' title='bbox 1097 1463 1401 1521; x_wconf 87' lang='lat' dir='ltr'><strong>occiditur.</strong></span> <span class='ocrx_word' id='word_1_124' title='bbox 1434 1466 1558 1521; x_wconf 82' lang='lat' dir='ltr'><strong>Eus.</strong></span> <span class='ocrx_word' id='word_1_125' title='bbox 1588 1467 1639 1524; x_wconf 89' lang='lat' dir='ltr'><strong>h.</strong></span> <span class='ocrx_word' id='word_1_126' title='bbox 1674 1484 1732 1525; x_wconf 91' lang='lat' dir='ltr'><strong>a.</strong></span> <span class='ocrx_word' id='word_1_127' title='bbox 2049 1458 2155 1512; x_wconf 75' lang='grc'><strong>279</strong></span> <span class='ocrx_word' id='word_1_128' title='bbox 2184 1460 2384 1516; x_wconf 75' lang='lat' dir='ltr'><strong>Manes</strong></span> <span class='ocrx_word' id='word_1_129' title='bbox 2413 1462 2674 1533; x_wconf 62' lang='lat' dir='ltr'><strong>quidam,</strong></span> <span class='ocrx_word' id='word_1_130' title='bbox 2708 1479 2919 1536; x_wconf 78' lang='lat' dir='ltr'><strong>genere</strong></span> <span class='ocrx_word' id='word_1_131' title='bbox 2966 1465 3158 1535; x_wconf 76' lang='lat' dir='ltr'><strong>Persa,</strong></span> <span class='ocrx_word' id='word_1_132' title='bbox 3202 1467 3471 1525; x_wconf 79' lang='lat' dir='ltr'><strong>insanam</strong></span> <span class='ocrx_word' id='word_1_133' title='bbox 3505 1469 3626 1525; x_wconf 84' lang='lat' dir='ltr'><strong>Ma-</strong></span> 
     </span>
    </p>
   </div>
   <div class='ocr_carea' id='block_1_16' title="bbox 278 1547 3231 1627">
    <p class='ocr_par' dir='ltr' id='par_1_16' title="bbox 278 1547 3231 1627">
     <span class='ocr_line' id='line_1_17' title="bbox 278 1547 3231 1627; baseline 0.006 -32"><span class='ocrx_word' id='word_1_134' title='bbox 278 1547 391 1603; x_wconf 85' lang='lat'><strong>270</strong></span> <span class='ocrx_word' id='word_1_135' title='bbox 419 1547 503 1619; x_wconf 82' lang='lat' dir='ltr'><strong>(In</strong></span> <span class='ocrx_word' id='word_1_136' title='bbox 552 1565 731 1620; x_wconf 78' lang='lat' dir='ltr'><strong>marg.</strong></span> <span class='ocrx_word' id='word_1_137' title='bbox 763 1549 1042 1607; x_wconf 73' lang='lat' dir='ltr'><strong>Claudius</strong></span> <span class='ocrx_word' id='word_1_138' title='bbox 1093 1568 1230 1608; x_wconf 72' lang='lat' dir='ltr'><strong>ann,</strong></span> <span class='ocrx_word' id='word_1_139' title='bbox 1264 1571 1303 1621; x_wconf 65' lang='grc' dir='ltr'><strong>ι,</strong></span> <span class='ocrx_word' id='word_1_140' title='bbox 1339 1570 1526 1611; x_wconf 72' lang='lat' dir='ltr'><strong>mens,</strong></span> <span class='ocrx_word' id='word_1_141' title='bbox 1561 1554 1661 1625; x_wconf 70' lang='grc' dir='ltr'><strong>ιχ),</strong></span> <span class='ocrx_word' id='word_1_142' title='bbox 1695 1555 1866 1611; x_wconf 71' lang='lat' dir='ltr'><strong>Clnn-</strong></span> <span class='ocrx_word' id='word_1_143' title='bbox 1978 1547 2618 1606; x_wconf 70' lang='lat' dir='ltr'><strong>nichaeorumhsaresim</strong></span> <span class='ocrx_word' id='word_1_144' title='bbox 2647 1554 2864 1609; x_wconf 89' lang='lat' dir='ltr'><strong>condit.</strong></span> <span class='ocrx_word' id='word_1_145' title='bbox 2898 1559 3027 1611; x_wconf 84' lang='lat' dir='ltr'><strong>Eus.</strong></span> <span class='ocrx_word' id='word_1_146' title='bbox 3061 1573 3113 1611; x_wconf 92' lang='lat' dir='ltr'><strong>a.</strong></span> <span class='ocrx_word' id='word_1_147' title='bbox 3145 1573 3231 1627; x_wconf 88' lang='lat' dir='ltr'><strong>pr.</strong></span> 
     </span>
    </p>
   </div>
   <div class='ocr_carea' id='block_1_17' title="bbox 204 1635 3624 1716">
    <p class='ocr_par' dir='ltr' id='par_1_17' title="bbox 204 1635 3624 1716">
     <span class='ocr_line' id='line_1_18' title="bbox 204 1635 3624 1716; baseline 0.005 -31"><span class='ocrx_word' id='word_1_148' title='bbox 204 1635 348 1691; x_wconf 82' lang='lat' dir='ltr'><strong>dius</strong></span> <span class='ocrx_word' id='word_1_149' title='bbox 376 1636 599 1693; x_wconf 84' lang='lat' dir='ltr'><strong>Gothos</strong></span> <span class='ocrx_word' id='word_1_150' title='bbox 619 1638 746 1710; x_wconf 78' lang='lat' dir='ltr'><strong>jam</strong></span> <span class='ocrx_word' id='word_1_151' title='bbox 778 1655 883 1712; x_wconf 71' lang='lat' dir='ltr'><strong>per</strong></span> <span class='ocrx_word' id='word_1_152' title='bbox 939 1657 1125 1697; x_wconf 72' lang='lat' dir='ltr'><strong>annos</strong></span> <span class='ocrx_word' id='word_1_153' title='bbox 1173 1658 1247 1697; x_wconf 76' lang='lat' dir='ltr'><strong>xv</strong></span> <span class='ocrx_word' id='word_1_154' title='bbox 1274 1641 1568 1716; x_wconf 68' lang='lat' dir='ltr'><strong>Illyricum</strong></span> <span class='ocrx_word' id='word_1_155' title='bbox 1596 1643 1864 1702; x_wconf 67' lang='lat' dir='ltr'><strong>Macedo-</strong></span> <span class='ocrx_word' id='word_1_156' title='bbox 2048 1637 2147 1692; x_wconf 71' lang='lat'><strong>28</strong></span> <span class='ocrx_word' id='word_1_157' title='bbox 2177 1638 2283 1691; x_wconf 90' lang='lat'><strong>280</strong></span> <span class='ocrx_word' id='word_1_158' title='bbox 2313 1639 2630 1695; x_wconf 62' lang='lat' dir='ltr'><strong>Antiochia:</strong></span> <span class='ocrx_word' id='word_1_159' title='bbox 2654 1642 2968 1714; x_wconf 89' lang='lat' dir='ltr'><strong>episcopus</strong></span> <span class='ocrx_word' id='word_1_160' title='bbox 2999 1645 3382 1703; x_wconf 86' lang='lat' dir='ltr'><strong>constituitur</strong></span> <span class='ocrx_word' id='word_1_161' title='bbox 3412 1646 3624 1714; x_wconf 88' lang='lat' dir='ltr'><strong>Quiril-</strong></span> 
     </span>
    </p>
   </div>
   <div class='ocr_carea' id='block_1_18' title="bbox 203 1722 3133 1804">
    <p class='ocr_par' dir='ltr' id='par_1_18' title="bbox 203 1722 3133 1804">
     <span class='ocr_line' id='line_1_19' title="bbox 203 1722 3133 1804; baseline 0.005 -32"><span class='ocrx_word' id='word_1_162' title='bbox 203 1724 491 1798; x_wconf 76' lang='lat' dir='ltr'><strong>ninmqne</strong></span> <span class='ocrx_word' id='word_1_163' title='bbox 537 1729 834 1783; x_wconf 76' lang='lat' dir='ltr'><strong>vastantes</strong></span> <span class='ocrx_word' id='word_1_164' title='bbox 895 1734 1134 1801; x_wconf 69' lang='lat' dir='ltr'><strong>superat</strong></span> <span class='ocrx_word' id='word_1_165' title='bbox 1179 1732 1308 1787; x_wconf 64' lang='lat' dir='ltr'><strong>Em,</strong></span> <span class='ocrx_word' id='word_1_166' title='bbox 1342 1749 1376 1785; x_wconf 83' lang='grc' dir='ltr'><em>α</em></span> <span class='ocrx_word' id='word_1_167' title='bbox 1403 1748 1511 1803; x_wconf 62' lang='lat' dir='ltr'><strong>seq,</strong></span> <span class='ocrx_word' id='word_1_168' title='bbox 1545 1764 1613 1772; x_wconf 92' lang='lat'><em>_</em></span> <span class='ocrx_word' id='word_1_169' title='bbox 1645 1732 1862 1789; x_wconf 75' lang='lat' dir='ltr'><strong>Paulus</strong></span> <span class='ocrx_word' id='word_1_170' title='bbox 1972 1722 2068 1779; x_wconf 89' lang='lat' dir='ltr'><strong>lus</strong></span> <span class='ocrx_word' id='word_1_171' title='bbox 2098 1724 2293 1780; x_wconf 82' lang='lat' dir='ltr'><strong>XVIII.</strong></span> <span class='ocrx_word' id='word_1_172' title='bbox 2328 1727 2453 1782; x_wconf 82' lang='lat' dir='ltr'><strong>Eas.</strong></span> <span class='ocrx_word' id='word_1_173' title='bbox 2486 1734 2542 1785; x_wconf 81' lang='grc' dir='ltr'><strong>Ιι.</strong></span> <span class='ocrx_word' id='word_1_174' title='bbox 2567 1746 2620 1783; x_wconf 82' lang='grc' dir='ltr'><strong>(ι.</strong></span> <span class='ocrx_word' id='word_1_175' title='bbox 2656 1735 2808 1785; x_wconf 84' lang='lat' dir='ltr'><strong>vocat</strong></span> <span class='ocrx_word' id='word_1_176' title='bbox 2839 1731 3133 1804; x_wconf 80' lang='lat' dir='ltr'><strong>Cyrillum.</strong></span> 
     </span>
    </p>
   </div>
   <div class='ocr_carea' id='block_1_19' title="bbox 190 1805 1780 1897">
    <p class='ocr_par' dir='ltr' id='par_1_19' title="bbox 190 1805 1780 1892">
     <span class='ocr_line' id='line_1_20' title="bbox 190 1805 1780 1892; baseline 0.006 -25"><span class='ocrx_word' id='word_1_177' title='bbox 190 1805 632 1869; x_wconf 64' lang='lat' dir='ltr'><strong>Eamosatenus</strong></span> <span class='ocrx_word' id='word_1_178' title='bbox 691 1816 1009 1872; x_wconf 72' lang='lat' dir='ltr'><strong>Antiochia:</strong></span> <span class='ocrx_word' id='word_1_179' title='bbox 1054 1819 1365 1892; x_wconf 90' lang='lat' dir='ltr'><strong>episcopus</strong></span> <span class='ocrx_word' id='word_1_180' title='bbox 1395 1820 1702 1878; x_wconf 68' lang='lat' dir='ltr'><strong>haereticus</strong></span> <span class='ocrx_word' id='word_1_181' title='bbox 1733 1838 1780 1879; x_wconf 74' lang='lat' dir='ltr'><strong>es</strong></span> 
     </span>
    </p>
   </div>
   <div class='ocr_carea' id='block_1_20' title="bbox 2027 1805 3617 1897">
    <p class='ocr_par' dir='ltr' id='par_1_20' title="bbox 2042 1814 3617 1897">
     <span class='ocr_line' id='line_1_21' title="bbox 2042 1814 3617 1897; baseline 0.01 -32"><span class='ocrx_word' id='word_1_182' title='bbox 2042 1814 2572 1886; x_wconf 74' lang='lat' dir='ltr'><strong>281Eutychianus</strong></span> <span class='ocrx_word' id='word_1_183' title='bbox 2630 1835 2780 1890; x_wconf 83' lang='lat' dir='ltr'><strong>papa</strong></span> <span class='ocrx_word' id='word_1_184' title='bbox 2838 1821 2990 1875; x_wconf 87' lang='lat' dir='ltr'><strong>sedit</strong></span> <span class='ocrx_word' id='word_1_185' title='bbox 3041 1838 3273 1879; x_wconf 77' lang='lat' dir='ltr'><strong>menses</strong></span> <span class='ocrx_word' id='word_1_186' title='bbox 3337 1841 3433 1881; x_wconf 85' lang='lat' dir='ltr'><strong>vm</strong></span> <span class='ocrx_word' id='word_1_187' title='bbox 3487 1826 3617 1897; x_wconf 63' lang='lat' dir='ltr'><strong>(lii).</strong></span> 
     </span>
    </p>
   </div>
   <div class='ocr_carea' id='block_1_21' title="bbox 200 1901 3461 2001">
    <p class='ocr_par' dir='ltr' id='par_1_21' title="bbox 200 1901 3461 2001">
     <span class='ocr_line' id='line_1_22' title="bbox 200 1901 3461 2001; baseline 0.006 -50"><span class='ocrx_word' id='word_1_188' title='bbox 200 1902 600 1958; x_wconf 77' lang='lat' dir='ltr'><strong>convincitur.</strong></span> <span class='ocrx_word' id='word_1_189' title='bbox 643 1904 766 1960; x_wconf 79' lang='lat' dir='ltr'><strong>Eus.</strong></span> <span class='ocrx_word' id='word_1_190' title='bbox 801 1922 853 1961; x_wconf 82' lang='lat' dir='ltr'><strong>a.</strong></span> <span class='ocrx_word' id='word_1_191' title='bbox 888 1907 1013 1961; x_wconf 83' lang='lat'><strong>267.</strong></span> <span class='ocrx_word' id='word_1_192' title='bbox 1049 1908 1149 1964; x_wconf 71' lang='grc'><strong>22</strong></span> <span class='ocrx_word' id='word_1_193' title='bbox 1195 1907 1474 1965; x_wconf 76' lang='lat' dir='ltr'><strong>Claudius</strong></span> <span class='ocrx_word' id='word_1_194' title='bbox 1492 1910 1707 1967; x_wconf 76' lang='lat' dir='ltr'><strong>Sirmio</strong></span> <span class='ocrx_word' id='word_1_195' title='bbox 1734 1927 1861 1966; x_wconf 80' lang='lat' dir='ltr'><strong>mo-</strong></span> <span class='ocrx_word' id='word_1_196' title='bbox 1900 1936 1946 2001; x_wconf 82' lang='lat' dir='ltr'><strong>B</strong></span> <span class='ocrx_word' id='word_1_197' title='bbox 1975 1901 2079 1957; x_wconf 88' lang='lat' dir='ltr'><strong>Cui</strong></span> <span class='ocrx_word' id='word_1_198' title='bbox 2111 1904 2394 1959; x_wconf 85' lang='lat' dir='ltr'><strong>successit</strong></span> <span class='ocrx_word' id='word_1_199' title='bbox 2424 1904 2602 1961; x_wconf 87' lang='lat' dir='ltr'><strong>Gaius</strong></span> <span class='ocrx_word' id='word_1_200' title='bbox 2636 1923 2783 1978; x_wconf 80' lang='lat' dir='ltr'><strong>pupa</strong></span> <span class='ocrx_word' id='word_1_201' title='bbox 2812 1909 2984 1964; x_wconf 89' lang='lat' dir='ltr'><strong>annis</strong></span> <span class='ocrx_word' id='word_1_202' title='bbox 3014 1927 3126 1965; x_wconf 71' lang='lat' dir='ltr'><strong>xvr.</strong></span> <span class='ocrx_word' id='word_1_203' title='bbox 3160 1913 3287 1968; x_wconf 84' lang='lat' dir='ltr'><strong>Eus.</strong></span> <span class='ocrx_word' id='word_1_204' title='bbox 3320 1914 3374 1968; x_wconf 87' lang='lat' dir='ltr'><strong>h.</strong></span> <span class='ocrx_word' id='word_1_205' title='bbox 3409 1932 3461 1969; x_wconf 83' lang='grc' dir='ltr'><strong>α.</strong></span> 
     </span>
    </p>
   </div>
   <div class='ocr_carea' id='block_1_22' title="bbox 198 1990 1788 2071">
    <p class='ocr_par' dir='ltr' id='par_1_22' title="bbox 198 1990 1788 2071">
     <span class='ocr_line' id='line_1_23' title="bbox 198 1990 1788 2071; baseline 0.005 -26"><span class='ocrx_word' id='word_1_206' title='bbox 198 1990 383 2056; x_wconf 88' lang='lat' dir='ltr'><strong>ritur,</strong></span> <span class='ocrx_word' id='word_1_207' title='bbox 412 2008 521 2063; x_wconf 86' lang='lat' dir='ltr'><strong>pro</strong></span> <span class='ocrx_word' id='word_1_208' title='bbox 570 2009 684 2064; x_wconf 88' lang='lat' dir='ltr'><strong>quo</strong></span> <span class='ocrx_word' id='word_1_209' title='bbox 739 1993 915 2050; x_wconf 87' lang='lat' dir='ltr'><strong>Irater</strong></span> <span class='ocrx_word' id='word_1_210' title='bbox 937 1997 1067 2067; x_wconf 87' lang='lat' dir='ltr'><strong>ejus</strong></span> <span class='ocrx_word' id='word_1_211' title='bbox 1089 1996 1406 2062; x_wconf 88' lang='lat' dir='ltr'><strong>Quintillus</strong></span> <span class='ocrx_word' id='word_1_212' title='bbox 1454 1998 1713 2071; x_wconf 85' lang='lat' dir='ltr'><strong>regnavit</strong></span> <span class='ocrx_word' id='word_1_213' title='bbox 1735 1999 1788 2055; x_wconf 93' lang='lat' dir='ltr'><strong>di</strong></span> 
     </span>
    </p>
   </div>
   <div class='ocr_carea' id='block_1_23' title="bbox 2027 1990 3617 2071">
    <p class='ocr_par' dir='ltr' id='par_1_23' title="bbox 2044 1991 3617 2064">
     <span class='ocr_line' id='line_1_24' title="bbox 2044 1991 3617 2064; baseline 0.01 -21"><span class='ocrx_word' id='word_1_214' title='bbox 2044 1993 2150 2045; x_wconf 88' lang='lat'><strong>282</strong></span> <span class='ocrx_word' id='word_1_215' title='bbox 2174 1991 2393 2048; x_wconf 83' lang='lat' dir='ltr'><strong>Probus</strong></span> <span class='ocrx_word' id='word_1_216' title='bbox 2426 1994 2578 2064; x_wconf 88' lang='lat' dir='ltr'><strong>apud</strong></span> <span class='ocrx_word' id='word_1_217' title='bbox 2609 1994 2889 2051; x_wconf 82' lang='lat' dir='ltr'><strong>Sirmium</strong></span> <span class='ocrx_word' id='word_1_218' title='bbox 2920 1998 3175 2054; x_wconf 89' lang='lat' dir='ltr'><strong>tumultu</strong></span> <span class='ocrx_word' id='word_1_219' title='bbox 3200 2000 3437 2057; x_wconf 84' lang='lat' dir='ltr'><strong>militari</strong></span> <span class='ocrx_word' id='word_1_220' title='bbox 3470 2003 3617 2058; x_wconf 83' lang='lat' dir='ltr'><strong>occi-</strong></span> 
     </span>
    </p>
   </div>
   <div class='ocr_carea' id='block_1_24' title="bbox 195 2078 1785 2167">
    <p class='ocr_par' dir='ltr' id='par_1_24' title="bbox 195 2088 1474 2167">
     <span class='ocr_line' id='line_1_25' title="bbox 195 2088 1474 2167; baseline 0.009 -26"><span class='ocrx_word' id='word_1_221' title='bbox 195 2103 343 2156; x_wconf 82' lang='lat' dir='ltr'><strong>xvu,</strong></span> <span class='ocrx_word' id='word_1_222' title='bbox 379 2093 438 2143; x_wconf 89' lang='lat' dir='ltr'><strong>et</strong></span> <span class='ocrx_word' id='word_1_223' title='bbox 469 2088 745 2160; x_wconf 66' lang='lat' dir='ltr'><strong>Aquileiae</strong></span> <span class='ocrx_word' id='word_1_224' title='bbox 777 2091 1081 2147; x_wconf 83' lang='lat' dir='ltr'><strong>occiditur.</strong></span> <span class='ocrx_word' id='word_1_225' title='bbox 1114 2094 1241 2149; x_wconf 86' lang='lat' dir='ltr'><strong>Eus.</strong></span> <span class='ocrx_word' id='word_1_226' title='bbox 1276 2112 1329 2149; x_wconf 80' lang='grc' dir='ltr'><strong>(ι.</strong></span> <span class='ocrx_word' id='word_1_227' title='bbox 1362 2112 1474 2167; x_wconf 90' lang='lat' dir='ltr'><strong>seq.</strong></span> 
     </span>
    </p>
   </div>
   <div class='ocr_carea' id='block_1_25' title="bbox 2027 2078 3617 2167">
    <p class='ocr_par' dir='ltr' id='par_1_25' title="bbox 2034 2080 3617 2156">
     <span class='ocr_line' id='line_1_26' title="bbox 2034 2080 3617 2156; baseline 0.009 -22"><span class='ocrx_word' id='word_1_228' title='bbox 2034 2082 2147 2134; x_wconf 90' lang='lat' dir='ltr'><strong>tur.</strong></span> <span class='ocrx_word' id='word_1_229' title='bbox 2171 2080 2527 2137; x_wconf 67' lang='lat' dir='ltr'><strong>Alexandria:</strong></span> <span class='ocrx_word' id='word_1_230' title='bbox 2549 2083 2859 2156; x_wconf 83' lang='lat' dir='ltr'><strong>episcopus</strong></span> <span class='ocrx_word' id='word_1_231' title='bbox 2881 2085 3147 2143; x_wconf 88' lang='lat' dir='ltr'><strong>Theonas</strong></span> <span class='ocrx_word' id='word_1_232' title='bbox 3166 2089 3335 2144; x_wconf 87' lang='lat' dir='ltr'><strong>annis</strong></span> <span class='ocrx_word' id='word_1_233' title='bbox 3353 2107 3465 2144; x_wconf 73' lang='lat' dir='ltr'><strong>xu.</strong></span> <span class='ocrx_word' id='word_1_234' title='bbox 3489 2093 3617 2149; x_wconf 79' lang='lat' dir='ltr'><strong>Eus.</strong></span> 
     </span>
    </p>
   </div>
   <div class='ocr_carea' id='block_1_26' title="bbox 266 2168 2110 2256">
    <p class='ocr_par' dir='ltr' id='par_1_26' title="bbox 266 2168 2110 2256">
     <span class='ocr_line' id='line_1_27' title="bbox 266 2168 2110 2256; baseline 0.004 -26"><span class='ocrx_word' id='word_1_235' title='bbox 266 2177 399 2232; x_wconf 88' lang='grc'>271.</span> <span class='ocrx_word' id='word_1_236' title='bbox 434 2178 521 2249; x_wconf 89' lang='lat' dir='ltr'><strong>(In</strong></span> <span class='ocrx_word' id='word_1_237' title='bbox 550 2195 731 2248; x_wconf 84' lang='lat' dir='ltr'><strong>marg.</strong></span> <span class='ocrx_word' id='word_1_238' title='bbox 763 2178 1115 2237; x_wconf 88' lang='lat' dir='ltr'><strong>Aurelianus</strong></span> <span class='ocrx_word' id='word_1_239' title='bbox 1145 2199 1281 2238; x_wconf 91' lang='lat' dir='ltr'><strong>ann.</strong></span> <span class='ocrx_word' id='word_1_240' title='bbox 1313 2201 1366 2250; x_wconf 94' lang='lat' dir='ltr'><strong>v,</strong></span> <span class='ocrx_word' id='word_1_241' title='bbox 1400 2201 1586 2241; x_wconf 89' lang='lat' dir='ltr'><strong>mens.</strong></span> <span class='ocrx_word' id='word_1_242' title='bbox 1620 2186 1720 2256; x_wconf 80' lang='lat' dir='ltr'><strong>Vl.)</strong></span> <span class='ocrx_word' id='word_1_243' title='bbox 1746 2188 1859 2240; x_wconf 87' lang='lat' dir='ltr'><strong>Au-</strong></span> <span class='ocrx_word' id='word_1_244' title='bbox 1968 2168 2022 2223; x_wconf 72' lang='lat' dir='ltr'><strong>h-</strong></span> <span class='ocrx_word' id='word_1_245' title='bbox 2056 2185 2110 2223; x_wconf 81' lang='grc' dir='ltr'><strong>α·</strong></span> 
     </span>
    </p>
   </div>
   <div class='ocr_carea' id='block_1_27' title="bbox 192 2258 1782 2343">
    <p class='ocr_par' dir='ltr' id='par_1_27' title="bbox 192 2264 1782 2343">
     <span class='ocr_line' id='line_1_28' title="bbox 192 2264 1782 2343; baseline 0.004 -22"><span class='ocrx_word' id='word_1_246' title='bbox 192 2264 460 2321; x_wconf 85' lang='lat' dir='ltr'><strong>relianus</strong></span> <span class='ocrx_word' id='word_1_247' title='bbox 481 2266 728 2339; x_wconf 64' lang='lat' dir='ltr'><strong>publica;</strong></span> <span class='ocrx_word' id='word_1_248' title='bbox 771 2268 850 2323; x_wconf 87' lang='lat' dir='ltr'><strong>rei</strong></span> <span class='ocrx_word' id='word_1_249' title='bbox 874 2268 1055 2337; x_wconf 89' lang='lat' dir='ltr'><strong>utilis,</strong></span> <span class='ocrx_word' id='word_1_250' title='bbox 1091 2270 1279 2343; x_wconf 90' lang='lat' dir='ltr'><strong>primo</strong></span> <span class='ocrx_word' id='word_1_251' title='bbox 1300 2270 1557 2330; x_wconf 89' lang='lat' dir='ltr'><strong>clemens</strong></span> <span class='ocrx_word' id='word_1_252' title='bbox 1579 2273 1782 2330; x_wconf 70' lang='lat' dir='ltr'><strong>Christ?</strong></span> 
     </span>
    </p>
   </div>
   <div class='ocr_carea' id='block_1_28' title="bbox 2024 2258 3614 2343">
    <p class='ocr_par' dir='ltr' id='par_1_28' title="bbox 2035 2258 3614 2327">
     <span class='ocr_line' id='line_1_29' title="bbox 2035 2258 3614 2327; baseline 0.005 -16"><span class='ocrx_word' id='word_1_253' title='bbox 2035 2258 2142 2311; x_wconf 84' lang='lat'><strong>283</strong></span> <span class='ocrx_word' id='word_1_254' title='bbox 2172 2259 2253 2325; x_wconf 90' lang='lat' dir='ltr'><strong>(In</strong></span> <span class='ocrx_word' id='word_1_255' title='bbox 2286 2275 2459 2327; x_wconf 85' lang='lat' dir='ltr'><strong>marg.</strong></span> <span class='ocrx_word' id='word_1_256' title='bbox 2517 2259 2698 2316; x_wconf 86' lang='lat' dir='ltr'><strong>Carus</strong></span> <span class='ocrx_word' id='word_1_257' title='bbox 2730 2277 2863 2315; x_wconf 91' lang='lat' dir='ltr'><strong>cum</strong></span> <span class='ocrx_word' id='word_1_258' title='bbox 2908 2260 3047 2317; x_wconf 81' lang='lat' dir='ltr'><strong>filiis</strong></span> <span class='ocrx_word' id='word_1_259' title='bbox 3079 2263 3284 2318; x_wconf 88' lang='lat' dir='ltr'><strong>Carino</strong></span> <span class='ocrx_word' id='word_1_260' title='bbox 3315 2266 3370 2318; x_wconf 89' lang='lat' dir='ltr'><strong>et</strong></span> <span class='ocrx_word' id='word_1_261' title='bbox 3400 2264 3614 2320; x_wconf 90' lang='lat' dir='ltr'><strong>Nume-</strong></span> 
     </span>
    </p>
   </div>
   <div class='ocr_carea' id='block_1_29' title="bbox 192 2346 3614 2433">
    <p class='ocr_par' dir='ltr' id='par_1_29' title="bbox 192 2346 3614 2433">
     <span class='ocr_line' id='line_1_30' title="bbox 192 2346 3614 2433; baseline 0.006 -42"><span class='ocrx_word' id='word_1_262' title='bbox 192 2352 312 2421; x_wconf 59' lang='lat' dir='ltr'><strong>nis,</strong></span> <span class='ocrx_word' id='word_1_263' title='bbox 347 2359 551 2426; x_wconf 64' lang='lat' dir='ltr'><strong>postea</strong></span> <span class='ocrx_word' id='word_1_264' title='bbox 580 2361 922 2426; x_wconf 59' lang='lat' dir='ltr'><strong>persecutor</strong></span> <span class='ocrx_word' id='word_1_265' title='bbox 951 2358 1080 2413; x_wconf 54' lang='lat' dir='ltr'><strong>fuit.</strong></span> <span class='ocrx_word' id='word_1_266' title='bbox 1120 2361 1328 2416; x_wconf 46' lang='grc' dir='ltr'><strong>Τνεδρι,</strong></span> <span class='ocrx_word' id='word_1_267' title='bbox 1360 2379 1412 2415; x_wconf 48' lang='grc' dir='ltr'><em>α,</em></span> <span class='ocrx_word' id='word_1_268' title='bbox 1444 2378 1531 2433; x_wconf 50' lang='grc' dir='ltr'><strong>ρν.</strong></span> <span class='ocrx_word' id='word_1_269' title='bbox 1968 2346 2130 2401; x_wconf 87' lang='lat' dir='ltr'><strong>riano</strong></span> <span class='ocrx_word' id='word_1_270' title='bbox 2152 2363 2288 2401; x_wconf 85' lang='lat' dir='ltr'><strong>ann.</strong></span> <span class='ocrx_word' id='word_1_271' title='bbox 2316 2348 2400 2417; x_wconf 81' lang='grc' dir='ltr'><strong>ιι.)</strong></span> <span class='ocrx_word' id='word_1_272' title='bbox 2426 2347 2629 2415; x_wconf 87' lang='lat' dir='ltr'><strong>Carus,</strong></span> <span class='ocrx_word' id='word_1_273' title='bbox 2653 2348 2834 2404; x_wconf 87' lang='lat' dir='ltr'><strong>victor</strong></span> <span class='ocrx_word' id='word_1_274' title='bbox 2853 2350 2922 2404; x_wconf 87' lang='lat' dir='ltr'><strong>de</strong></span> <span class='ocrx_word' id='word_1_275' title='bbox 2946 2350 3201 2418; x_wconf 83' lang='lat' dir='ltr'><strong>Parthis,</strong></span> <span class='ocrx_word' id='word_1_276' title='bbox 3224 2369 3401 2425; x_wconf 85' lang='lat' dir='ltr'><strong>super</strong></span> <span class='ocrx_word' id='word_1_277' title='bbox 3421 2353 3614 2425; x_wconf 84' lang='lat' dir='ltr'><strong>Tigri-</strong></span> 
     </span>
    </p>
   </div>
   <div class='ocr_carea' id='block_1_30' title="bbox 264 2435 1854 2517">
    <p class='ocr_par' dir='ltr' id='par_1_30' title="bbox 264 2443 1854 2517">
     <span class='ocr_line' id='line_1_31' title="bbox 264 2443 1854 2517; baseline 0.007 -22"><span class='ocrx_word' id='word_1_278' title='bbox 264 2445 378 2497; x_wconf 87' lang='lat'><strong>272</strong></span> <span class='ocrx_word' id='word_1_279' title='bbox 399 2443 652 2500; x_wconf 68' lang='lat' dir='ltr'><strong>Zenobio</strong></span> <span class='ocrx_word' id='word_1_280' title='bbox 708 2445 909 2517; x_wconf 87' lang='lat' dir='ltr'><strong>regina</strong></span> <span class='ocrx_word' id='word_1_281' title='bbox 955 2445 1207 2503; x_wconf 85' lang='lat' dir='ltr'><strong>Orientis</strong></span> <span class='ocrx_word' id='word_1_282' title='bbox 1251 2448 1520 2505; x_wconf 89' lang='lat' dir='ltr'><strong>vincitur.</strong></span> <span class='ocrx_word' id='word_1_283' title='bbox 1566 2450 1854 2506; x_wconf 84' lang='lat' dir='ltr'><strong>Eusebius</strong></span> 
     </span>
    </p>
   </div>
   <div class='ocr_carea' id='block_1_31' title="bbox 1568 2435 3158 2517">
    <p class='ocr_par' dir='ltr' id='par_1_31' title="bbox 1568 2435 3158 2506">
     <span class='ocr_line' id='line_1_32' title="bbox 1568 2435 3158 2506; baseline 0.001 -13"><span class='ocrx_word' id='word_1_284' title='bbox 1568 2450 1854 2506; x_wconf 68' lang='lat' dir='ltr'><strong>Eusebius</strong></span> <span class='ocrx_word' id='word_1_285' title='bbox 1964 2435 2097 2490; x_wconf 89' lang='lat' dir='ltr'><strong>dem</strong></span> <span class='ocrx_word' id='word_1_286' title='bbox 2130 2435 2374 2491; x_wconf 73' lang='lat' dir='ltr'><strong>fulmine</strong></span> <span class='ocrx_word' id='word_1_287' title='bbox 2408 2436 2554 2492; x_wconf 86' lang='lat' dir='ltr'><strong>ictus</strong></span> <span class='ocrx_word' id='word_1_288' title='bbox 2587 2436 2824 2493; x_wconf 87' lang='lat' dir='ltr'><strong>interiit.</strong></span> <span class='ocrx_word' id='word_1_289' title='bbox 2855 2440 2982 2494; x_wconf 85' lang='lat' dir='ltr'><strong>Eus.</strong></span> <span class='ocrx_word' id='word_1_290' title='bbox 3018 2438 3073 2493; x_wconf 85' lang='lat' dir='ltr'><strong>h.</strong></span> <span class='ocrx_word' id='word_1_291' title='bbox 3106 2457 3158 2495; x_wconf 92' lang='lat' dir='ltr'><strong>a.</strong></span> 
     </span>
    </p>
   </div>
   <div class='ocr_carea' id='block_1_32' title="bbox 196 2523 1786 2610">
    <p class='ocr_par' dir='ltr' id='par_1_32' title="bbox 196 2531 1786 2608">
     <span class='ocr_line' id='line_1_33' title="bbox 196 2531 1786 2608; baseline 0.006 -22"><span class='ocrx_word' id='word_1_292' title='bbox 196 2531 578 2588; x_wconf 82' lang='lat' dir='ltr'><strong>Laodicensis</strong></span> <span class='ocrx_word' id='word_1_293' title='bbox 606 2532 916 2606; x_wconf 86' lang='lat' dir='ltr'><strong>episcopus</strong></span> <span class='ocrx_word' id='word_1_294' title='bbox 936 2534 1189 2608; x_wconf 88' lang='lat' dir='ltr'><strong>insignis</strong></span> <span class='ocrx_word' id='word_1_295' title='bbox 1211 2537 1475 2594; x_wconf 84' lang='lat' dir='ltr'><strong>habetur.</strong></span> <span class='ocrx_word' id='word_1_296' title='bbox 1510 2541 1635 2595; x_wconf 85' lang='lat' dir='ltr'><strong>Eus.</strong></span> <span class='ocrx_word' id='word_1_297' title='bbox 1661 2557 1714 2594; x_wconf 90' lang='lat' dir='ltr'><strong>a.</strong></span> <span class='ocrx_word' id='word_1_298' title='bbox 1739 2556 1786 2595; x_wconf 84' lang='lat' dir='ltr'><strong>se</strong></span> 
     </span>
    </p>
   </div>
   <div class='ocr_carea' id='block_1_33' title="bbox 2016 2523 3606 2610">
    <p class='ocr_par' dir='ltr' id='par_1_33' title="bbox 2034 2523 3606 2599">
     <span class='ocr_line' id='line_1_34' title="bbox 2034 2523 3606 2599; baseline 0.006 -21"><span class='ocrx_word' id='word_1_299' title='bbox 2034 2525 2138 2578; x_wconf 73' lang='grc'><strong>284</strong></span> <span class='ocrx_word' id='word_1_300' title='bbox 2168 2524 2559 2580; x_wconf 83' lang='lat' dir='ltr'><strong>Numeriunus</strong></span> <span class='ocrx_word' id='word_1_301' title='bbox 2588 2523 2821 2582; x_wconf 89' lang='lat' dir='ltr'><strong>insidiis</strong></span> <span class='ocrx_word' id='word_1_302' title='bbox 2847 2527 2985 2599; x_wconf 86' lang='lat' dir='ltr'><strong>Apri</strong></span> <span class='ocrx_word' id='word_1_303' title='bbox 3019 2527 3205 2584; x_wconf 88' lang='lat' dir='ltr'><strong>soceri</strong></span> <span class='ocrx_word' id='word_1_304' title='bbox 3258 2528 3348 2584; x_wconf 89' lang='lat' dir='ltr'><strong>sui</strong></span> <span class='ocrx_word' id='word_1_305' title='bbox 3380 2529 3606 2588; x_wconf 88' lang='lat' dir='ltr'><strong>occisus</strong></span> 
     </span>
    </p>
   </div>
   <div class='ocr_carea' id='block_1_34' title="bbox 266 2612 1856 2698">
    <p class='ocr_par' dir='ltr' id='par_1_34' title="bbox 266 2621 1852 2698">
     <span class='ocr_line' id='line_1_35' title="bbox 266 2621 1852 2698; baseline 0.006 -23"><span class='ocrx_word' id='word_1_306' title='bbox 266 2621 379 2675; x_wconf 83' lang='lat'><strong>273</strong></span> <span class='ocrx_word' id='word_1_307' title='bbox 412 2621 795 2678; x_wconf 87' lang='lat' dir='ltr'><strong>Aurelianum</strong></span> <span class='ocrx_word' id='word_1_308' title='bbox 854 2623 1049 2679; x_wconf 66' lang='lat' dir='ltr'><strong>Roma:</strong></span> <span class='ocrx_word' id='word_1_309' title='bbox 1091 2625 1557 2698; x_wconf 84' lang='lat' dir='ltr'><strong>triumphantem</strong></span> <span class='ocrx_word' id='word_1_310' title='bbox 1588 2628 1852 2684; x_wconf 87' lang='lat' dir='ltr'><strong>Tetricus</strong></span> 
     </span>
    </p>
   </div>
   <div class='ocr_carea' id='block_1_35' title="bbox 2018 2612 3608 2698">
    <p class='ocr_par' dir='ltr' id='par_1_35' title="bbox 2018 2612 3608 2689">
     <span class='ocr_line' id='line_1_36' title="bbox 2018 2612 3608 2689; baseline 0.005 -22"><span class='ocrx_word' id='word_1_311' title='bbox 2018 2619 2070 2668; x_wconf 72' lang='lat' dir='ltr'><strong>st.</strong></span> <span class='ocrx_word' id='word_1_312' title='bbox 2108 2615 2229 2668; x_wconf 83' lang='lat' dir='ltr'><strong>Eus.</strong></span> <span class='ocrx_word' id='word_1_313' title='bbox 2265 2612 2320 2668; x_wconf 89' lang='lat' dir='ltr'><strong>h.</strong></span> <span class='ocrx_word' id='word_1_314' title='bbox 2353 2630 2407 2668; x_wconf 88' lang='lat' dir='ltr'><strong>a.</strong></span> <span class='ocrx_word' id='word_1_315' title='bbox 2443 2644 2508 2654; x_wconf 91' lang='lat'>—</span> <span class='ocrx_word' id='word_1_316' title='bbox 2540 2614 2807 2679; x_wconf 76' lang='lat' dir='ltr'><strong>Carinas,</strong></span> <span class='ocrx_word' id='word_1_317' title='bbox 2843 2617 2997 2687; x_wconf 82' lang='lat' dir='ltr'><strong>apud</strong></span> <span class='ocrx_word' id='word_1_318' title='bbox 3032 2616 3299 2689; x_wconf 79' lang='lat' dir='ltr'><strong>Mergum</strong></span> <span class='ocrx_word' id='word_1_319' title='bbox 3331 2637 3364 2674; x_wconf 86' lang='lat' dir='ltr'><strong>a</strong></span> <span class='ocrx_word' id='word_1_320' title='bbox 3394 2619 3608 2675; x_wconf 91' lang='lat' dir='ltr'><strong>Diocle-</strong></span> 
     </span>
    </p>
   </div>
   <div class='ocr_carea' id='block_1_36' title="bbox 191 2701 3610 2788">
    <p class='ocr_par' dir='ltr' id='par_1_36' title="bbox 191 2701 3610 2788">
     <span class='ocr_line' id='line_1_37' title="bbox 191 2701 3610 2788; baseline -0.001 -23"><span class='ocrx_word' id='word_1_321' title='bbox 191 2713 253 2766; x_wconf 88' lang='lat' dir='ltr'><strong>et</strong></span> <span class='ocrx_word' id='word_1_322' title='bbox 277 2710 536 2765; x_wconf 90' lang='lat' dir='ltr'><strong>Zenobia</strong></span> <span class='ocrx_word' id='word_1_323' title='bbox 563 2711 777 2782; x_wconf 87' lang='lat' dir='ltr'><strong>captivi</strong></span> <span class='ocrx_word' id='word_1_324' title='bbox 812 2718 1251 2783; x_wconf 64' lang='lat' dir='ltr'><strong>praecesserunt.</strong></span> <span class='ocrx_word' id='word_1_325' title='bbox 1284 2716 1414 2771; x_wconf 81' lang='lat' dir='ltr'><strong>Eas.</strong></span> <span class='ocrx_word' id='word_1_326' title='bbox 1449 2732 1501 2770; x_wconf 92' lang='lat' dir='ltr'><strong>a.</strong></span> <span class='ocrx_word' id='word_1_327' title='bbox 1533 2732 1643 2788; x_wconf 86' lang='lat' dir='ltr'><strong>seq.</strong></span> <span class='ocrx_word' id='word_1_328' title='bbox 1961 2703 2119 2757; x_wconf 77' lang='lat' dir='ltr'><strong>tiano</strong></span> <span class='ocrx_word' id='word_1_329' title='bbox 2148 2701 2341 2773; x_wconf 76' lang='lat' dir='ltr'><strong>pra-lio</strong></span> <span class='ocrx_word' id='word_1_330' title='bbox 2361 2702 2944 2767; x_wconf 85' lang='lat' dir='ltr'><strong>victus,interlicitur.</strong></span> <span class='ocrx_word' id='word_1_331' title='bbox 2970 2706 3097 2760; x_wconf 78' lang='lat' dir='ltr'><strong>Eus.</strong></span> <span class='ocrx_word' id='word_1_332' title='bbox 3132 2722 3185 2760; x_wconf 90' lang='lat' dir='ltr'><strong>a.</strong></span> <span class='ocrx_word' id='word_1_333' title='bbox 3221 2722 3328 2777; x_wconf 88' lang='lat' dir='ltr'><strong>seq.</strong></span> <span class='ocrx_word' id='word_1_334' title='bbox 3358 2739 3424 2745; x_wconf 97' lang='lat'><strong>—</strong></span> <span class='ocrx_word' id='word_1_335' title='bbox 3457 2707 3610 2763; x_wconf 88' lang='lat' dir='ltr'><strong>Huc-</strong></span> 
     </span>
    </p>
   </div>
   <div class='ocr_carea' id='block_1_37' title="bbox 262 2789 3609 2874">
    <p class='ocr_par' dir='ltr' id='par_1_37' title="bbox 262 2789 3609 2874">
     <span class='ocr_line' id='line_1_38' title="bbox 262 2789 3609 2874; baseline -0 -21"><span class='ocrx_word' id='word_1_336' title='bbox 262 2800 375 2854; x_wconf 76' lang='grc'>274</span> <span class='ocrx_word' id='word_1_337' title='bbox 408 2799 735 2871; x_wconf 88' lang='lat' dir='ltr'><strong>Imperator</strong></span> <span class='ocrx_word' id='word_1_338' title='bbox 781 2799 889 2855; x_wconf 83' lang='lat' dir='ltr'><strong>soli</strong></span> <span class='ocrx_word' id='word_1_339' title='bbox 936 2800 1221 2874; x_wconf 88' lang='lat' dir='ltr'><strong>templum</strong></span> <span class='ocrx_word' id='word_1_340' title='bbox 1271 2802 1537 2873; x_wconf 64' lang='lat' dir='ltr'><strong>aediﬁcat,</strong></span> <span class='ocrx_word' id='word_1_341' title='bbox 1570 2807 1631 2861; x_wconf 71' lang='lat' dir='ltr'><strong>et</strong></span> <span class='ocrx_word' id='word_1_342' title='bbox 1660 2822 1851 2861; x_wconf 73' lang='lat' dir='ltr'><strong>nonus</strong></span> <span class='ocrx_word' id='word_1_343' title='bbox 1961 2807 2149 2861; x_wconf 87' lang='lat' dir='ltr'><strong>usque</strong></span> <span class='ocrx_word' id='word_1_344' title='bbox 2178 2791 2250 2845; x_wconf 79' lang='lat' dir='ltr'><strong>ub</strong></span> <span class='ocrx_word' id='word_1_345' title='bbox 2282 2789 2680 2847; x_wconf 84' lang='lat' dir='ltr'><strong>incarnatione</strong></span> <span class='ocrx_word' id='word_1_346' title='bbox 2712 2791 2940 2847; x_wconf 89' lang='lat' dir='ltr'><strong>Domini</strong></span> <span class='ocrx_word' id='word_1_347' title='bbox 2972 2798 3370 2866; x_wconf 87' lang='lat' dir='ltr'><strong>supputantur</strong></span> <span class='ocrx_word' id='word_1_348' title='bbox 3398 2812 3609 2852; x_wconf 89' lang='lat' dir='ltr'><strong>secun-</strong></span> 
     </span>
    </p>
   </div>
   <div class='ocr_carea' id='block_1_38' title="bbox 187 2880 1777 2964">
    <p class='ocr_par' dir='ltr' id='par_1_38' title="bbox 187 2885 1381 2964">
     <span class='ocr_line' id='line_1_39' title="bbox 187 2885 1381 2964; baseline 0.003 -20"><span class='ocrx_word' id='word_1_349' title='bbox 187 2885 564 2944; x_wconf 79' lang='lat' dir='ltr'><strong>Cbristianos</strong></span> <span class='ocrx_word' id='word_1_350' title='bbox 594 2887 988 2960; x_wconf 88' lang='lat' dir='ltr'><strong>persequitur.</strong></span> <span class='ocrx_word' id='word_1_351' title='bbox 1020 2891 1151 2947; x_wconf 85' lang='lat' dir='ltr'><strong>Eus.</strong></span> <span class='ocrx_word' id='word_1_352' title='bbox 1192 2907 1244 2946; x_wconf 92' lang='lat' dir='ltr'><strong>a.</strong></span> <span class='ocrx_word' id='word_1_353' title='bbox 1269 2908 1381 2964; x_wconf 87' lang='lat' dir='ltr'><strong>seq.</strong></span> 
     </span>
    </p>
   </div>
   <div class='ocr_carea' id='block_1_39' title="bbox 1354 2880 2944 2964">
    <p class='ocr_par' dir='ltr' id='par_1_39' title="bbox 1354 2880 2944 2953">
     <span class='ocr_line' id='line_1_40' title="bbox 1354 2880 2944 2953; baseline 0.001 -18"><span class='ocrx_word' id='word_1_354' title='bbox 1354 2910 1381 2947; x_wconf 69' lang='grc' dir='ltr'><em>ι,</em></span> <span class='ocrx_word' id='word_1_355' title='bbox 1958 2881 2099 2935; x_wconf 89' lang='lat' dir='ltr'><strong>dum</strong></span> <span class='ocrx_word' id='word_1_356' title='bbox 2122 2880 2464 2953; x_wconf 77' lang='lat' dir='ltr'><strong>Dionysium</strong></span> <span class='ocrx_word' id='word_1_357' title='bbox 2488 2880 2625 2935; x_wconf 89' lang='lat' dir='ltr'><strong>anni</strong></span> <span class='ocrx_word' id='word_1_358' title='bbox 2655 2898 2944 2937; x_wconf 79' lang='lat' dir='ltr'><strong>CCLxxxw.</strong></span> 
     </span>
    </p>
   </div>
   <div class='ocr_carea' id='block_1_40' title="bbox 257 2969 1847 3052">
    <p class='ocr_par' dir='ltr' id='par_1_40' title="bbox 257 2977 1846 3052">
     <span class='ocr_line' id='line_1_41' title="bbox 257 2977 1846 3052; baseline 0.003 -21"><span class='ocrx_word' id='word_1_359' title='bbox 257 2977 371 3032; x_wconf 87' lang='lat'><strong>275</strong></span> <span class='ocrx_word' id='word_1_360' title='bbox 400 2977 486 3047; x_wconf 90' lang='lat' dir='ltr'><strong>(In</strong></span> <span class='ocrx_word' id='word_1_361' title='bbox 515 2992 695 3049; x_wconf 87' lang='lat' dir='ltr'><strong>marg.</strong></span> <span class='ocrx_word' id='word_1_362' title='bbox 728 2977 967 3034; x_wconf 80' lang='lat' dir='ltr'><strong>Tacitus</strong></span> <span class='ocrx_word' id='word_1_363' title='bbox 1014 2996 1201 3035; x_wconf 88' lang='lat' dir='ltr'><strong>mens.</strong></span> <span class='ocrx_word' id='word_1_364' title='bbox 1244 2980 1346 3052; x_wconf 83' lang='lat' dir='ltr'><strong>VI.)</strong></span> <span class='ocrx_word' id='word_1_365' title='bbox 1377 2979 1724 3037; x_wconf 84' lang='lat' dir='ltr'><strong>Aurelianus</strong></span> <span class='ocrx_word' id='word_1_366' title='bbox 1754 2980 1846 3036; x_wconf 89' lang='lat' dir='ltr'><strong>di-</strong></span> 
     </span>
    </p>
   </div>
   <div class='ocr_carea' id='block_1_41' title="bbox 2014 2969 3604 3052">
    <p class='ocr_par' dir='ltr' id='par_1_41' title="bbox 2025 2969 3604 3047">
     <span class='ocr_line' id='line_1_42' title="bbox 2025 2969 3604 3047; baseline 0.006 -24"><span class='ocrx_word' id='word_1_367' title='bbox 2025 2971 2133 3024; x_wconf 89' lang='lat'><strong>285</strong></span> <span class='ocrx_word' id='word_1_368' title='bbox 2187 2969 2271 3039; x_wconf 87' lang='lat' dir='ltr'><strong>(In</strong></span> <span class='ocrx_word' id='word_1_369' title='bbox 2312 2986 2491 3039; x_wconf 86' lang='lat' dir='ltr'><strong>marg.</strong></span> <span class='ocrx_word' id='word_1_370' title='bbox 2550 2969 2946 3028; x_wconf 89' lang='lat' dir='ltr'><strong>Diocletianus</strong></span> <span class='ocrx_word' id='word_1_371' title='bbox 2989 2990 3126 3029; x_wconf 86' lang='lat' dir='ltr'><strong>ann.</strong></span> <span class='ocrx_word' id='word_1_372' title='bbox 3179 2974 3299 3047; x_wconf 81' lang='lat' dir='ltr'><strong>xx.)</strong></span> <span class='ocrx_word' id='word_1_373' title='bbox 3348 2977 3435 3030; x_wconf 90' lang='lat' dir='ltr'><strong>Ab</strong></span> <span class='ocrx_word' id='word_1_374' title='bbox 3495 2975 3604 3033; x_wconf 87' lang='lat' dir='ltr'><strong>hoc</strong></span> 
     </span>
    </p>
   </div>
   <div class='ocr_carea' id='block_1_42' title="bbox 183 3057 3571 3141">
    <p class='ocr_par' dir='ltr' id='par_1_42' title="bbox 183 3057 3571 3141">
     <span class='ocr_line' id='line_1_43' title="bbox 183 3057 3571 3141; baseline -0.001 -19"><span class='ocrx_word' id='word_1_375' title='bbox 183 3065 325 3122; x_wconf 87' lang='lat' dir='ltr'><strong>vino</strong></span> <span class='ocrx_word' id='word_1_376' title='bbox 353 3064 602 3121; x_wconf 75' lang='lat' dir='ltr'><strong>fulmine</strong></span> <span class='ocrx_word' id='word_1_377' title='bbox 630 3065 893 3134; x_wconf 88' lang='lat' dir='ltr'><strong>territus,</strong></span> <span class='ocrx_word' id='word_1_378' title='bbox 927 3067 1271 3124; x_wconf 81' lang='lat' dir='ltr'><strong>interﬁcitur</strong></span> <span class='ocrx_word' id='word_1_379' title='bbox 1299 3085 1335 3124; x_wconf 81' lang='grc' dir='ltr'><strong>ο.</strong></span> <span class='ocrx_word' id='word_1_380' title='bbox 1389 3067 1698 3139; x_wconf 87' lang='lat' dir='ltr'><strong>militibus,</strong></span> <span class='ocrx_word' id='word_1_381' title='bbox 1740 3085 1844 3141; x_wconf 89' lang='lat' dir='ltr'><strong>pro</strong></span> <span class='ocrx_word' id='word_1_382' title='bbox 1955 3078 2108 3118; x_wconf 89' lang='lat' dir='ltr'><strong>anno</strong></span> <span class='ocrx_word' id='word_1_383' title='bbox 2141 3057 2321 3113; x_wconf 61' lang='lat' dir='ltr'><strong>Graeci</strong></span> <span class='ocrx_word' id='word_1_384' title='bbox 2354 3058 2657 3131; x_wconf 87' lang='lat' dir='ltr'><strong>paschales</strong></span> <span class='ocrx_word' id='word_1_385' title='bbox 2687 3059 2936 3116; x_wconf 87' lang='lat' dir='ltr'><strong>circulos</strong></span> <span class='ocrx_word' id='word_1_386' title='bbox 2969 3060 3323 3119; x_wconf 87' lang='lat' dir='ltr'><strong>inchoabant</strong></span> <span class='ocrx_word' id='word_1_387' title='bbox 3354 3065 3491 3135; x_wconf 74' lang='grc'>(45).</span> <span class='ocrx_word' id='word_1_388' title='bbox 3566 3098 3571 3103; x_wconf 76' lang='lat'><strong>~</strong></span> 
     </span>
    </p>
   </div>
   <div class='ocr_carea' id='block_1_43' title="bbox 1234 3156 2564 3224">
    <p class='ocr_par' dir='ltr' id='par_1_43' title="bbox 1234 3156 2564 3224">
     <span class='ocr_line' id='line_1_44' title="bbox 1234 3156 2564 3224; baseline -0.009 -1"><span class='ocrx_word' id='word_1_389' title='bbox 1234 3167 1708 3224; x_wconf 85' lang='lat' dir='ltr'><strong>COMPENDIUM</strong></span> <span class='ocrx_word' id='word_1_390' title='bbox 1748 3168 1846 3223; x_wconf 82' lang='lat' dir='ltr'><em>EX</em></span> <span class='ocrx_word' id='word_1_391' title='bbox 1892 3160 2145 3220; x_wconf 87' lang='lat' dir='ltr'><strong>CODICE</strong></span> <span class='ocrx_word' id='word_1_392' title='bbox 2184 3156 2564 3214; x_wconf 81' lang='lat' dir='ltr'><strong>BERNOLDI.</strong></span> 
     </span>
    </p>
   </div>
   <div class='ocr_carea' id='block_1_44' title="bbox 260 3246 3604 3329">
    <p class='ocr_par' dir='ltr' id='par_1_44' title="bbox 260 3246 3604 3329">
     <span class='ocr_line' id='line_1_45' title="bbox 260 3246 3604 3329; baseline -0.001 -19"><span class='ocrx_word' id='word_1_393' title='bbox 260 3253 374 3310; x_wconf 81' lang='lat'><strong>265</strong></span> <span class='ocrx_word' id='word_1_394' title='bbox 404 3251 756 3309; x_wconf 57' lang='lat' dir='ltr'><strong>Alexandria</strong></span> <span class='ocrx_word' id='word_1_395' title='bbox 812 3254 1084 3309; x_wconf 74' lang='lat' dir='ltr'><strong>Maximus</strong></span> <span class='ocrx_word' id='word_1_396' title='bbox 1114 3254 1225 3312; x_wconf 90' lang='lat' dir='ltr'><strong>XIV</strong></span> <span class='ocrx_word' id='word_1_397' title='bbox 1269 3258 1549 3329; x_wconf 89' lang='lat' dir='ltr'><strong>episcopus</strong></span> <span class='ocrx_word' id='word_1_398' title='bbox 1589 3257 1728 3314; x_wconf 80' lang='lat' dir='ltr'><strong>sedit</strong></span> <span class='ocrx_word' id='word_1_399' title='bbox 1751 3274 1852 3313; x_wconf 88' lang='lat' dir='ltr'><strong>an-</strong></span> <span class='ocrx_word' id='word_1_400' title='bbox 1883 3255 1927 3323; x_wconf 75' lang='grc' dir='ltr'>α</span> <span class='ocrx_word' id='word_1_401' title='bbox 2031 3251 2139 3305; x_wconf 88' lang='grc'><strong>276</strong></span> <span class='ocrx_word' id='word_1_402' title='bbox 2168 3246 2498 3303; x_wconf 81' lang='lat' dir='ltr'><strong>Aurelianus</strong></span> <span class='ocrx_word' id='word_1_403' title='bbox 2523 3246 2709 3303; x_wconf 88' lang='lat' dir='ltr'><strong>divino</strong></span> <span class='ocrx_word' id='word_1_404' title='bbox 2736 3248 2972 3316; x_wconf 80' lang='lat' dir='ltr'><strong>fulmine</strong></span> <span class='ocrx_word' id='word_1_405' title='bbox 3022 3250 3265 3316; x_wconf 83' lang='lat' dir='ltr'><strong>territus,</strong></span> <span class='ocrx_word' id='word_1_406' title='bbox 3318 3252 3461 3307; x_wconf 88' lang='lat' dir='ltr'><strong>inter</strong></span> <span class='ocrx_word' id='word_1_407' title='bbox 3489 3253 3604 3323; x_wconf 85' lang='lat' dir='ltr'><strong>By-</strong></span> 
     </span>
    </p>
   </div>
   <div class='ocr_carea' id='block_1_45' title="bbox 186 3336 3606 3408">
    <p class='ocr_par' dir='ltr' id='par_1_45' title="bbox 186 3336 3606 3408">
     <span class='ocr_line' id='line_1_46' title="bbox 186 3336 3606 3408; baseline -0 -11"><span class='ocrx_word' id='word_1_408' title='bbox 186 3343 281 3397; x_wconf 84' lang='lat' dir='ltr'><strong>nis</strong></span> <span class='ocrx_word' id='word_1_409' title='bbox 311 3358 471 3408; x_wconf 77' lang='lat' dir='ltr'><strong>xvm,</strong></span> <span class='ocrx_word' id='word_1_410' title='bbox 505 3340 581 3397; x_wconf 89' lang='lat' dir='ltr'><strong>al.</strong></span> <span class='ocrx_word' id='word_1_411' title='bbox 616 3358 672 3397; x_wconf 89' lang='lat' dir='ltr'><strong>a.</strong></span> <span class='ocrx_word' id='word_1_412' title='bbox 703 3338 833 3396; x_wconf 68' lang='grc'>264.</span> <span class='ocrx_word' id='word_1_413' title='bbox 1959 3340 2208 3397; x_wconf 73' lang='lat' dir='ltr'><strong>mntium</strong></span> <span class='ocrx_word' id='word_1_414' title='bbox 2261 3339 2311 3391; x_wconf 87' lang='lat' dir='ltr'><strong>et</strong></span> <span class='ocrx_word' id='word_1_415' title='bbox 2368 3336 2685 3391; x_wconf 81' lang='lat' dir='ltr'><strong>Heracleam</strong></span> <span class='ocrx_word' id='word_1_416' title='bbox 2714 3353 2749 3392; x_wconf 94' lang='lat' dir='ltr'><strong>a</strong></span> <span class='ocrx_word' id='word_1_417' title='bbox 2801 3337 3072 3393; x_wconf 80' lang='lat' dir='ltr'><strong>militibus</strong></span> <span class='ocrx_word' id='word_1_418' title='bbox 3122 3340 3404 3395; x_wconf 74' lang='lat' dir='ltr'><strong>occiditur.</strong></span> <span class='ocrx_word' id='word_1_419' title='bbox 3450 3341 3606 3396; x_wconf 84' lang='lat' dir='ltr'><strong>Taci-</strong></span> 
     </span>
    </p>
   </div>
   <div class='ocr_carea' id='block_1_46' title="bbox 259 3425 3604 3501">
    <p class='ocr_par' dir='ltr' id='par_1_46' title="bbox 259 3425 3604 3501">
     <span class='ocr_line' id='line_1_47' title="bbox 259 3425 3604 3501; baseline -0 -16"><span class='ocrx_word' id='word_1_420' title='bbox 259 3430 370 3485; x_wconf 89' lang='lat'><strong>268</strong></span> <span class='ocrx_word' id='word_1_421' title='bbox 400 3430 701 3501; x_wconf 77' lang='lat' dir='ltr'><strong>Dionysius</strong></span> <span class='ocrx_word' id='word_1_422' title='bbox 726 3445 879 3501; x_wconf 85' lang='lat' dir='ltr'><strong>papa</strong></span> <span class='ocrx_word' id='word_1_423' title='bbox 927 3430 1085 3487; x_wconf 88' lang='lat' dir='ltr'><em>XXIV</em></span> <span class='ocrx_word' id='word_1_424' title='bbox 1126 3431 1262 3488; x_wconf 83' lang='lat' dir='ltr'><strong>sedit</strong></span> <span class='ocrx_word' id='word_1_425' title='bbox 1294 3433 1460 3489; x_wconf 88' lang='lat' dir='ltr'><strong>annis</strong></span> <span class='ocrx_word' id='word_1_426' title='bbox 1491 3450 1567 3488; x_wconf 84' lang='lat' dir='ltr'><strong>1x.</strong></span> <span class='ocrx_word' id='word_1_427' title='bbox 1599 3433 1853 3490; x_wconf 81' lang='lat' dir='ltr'><strong>Discessit</strong></span> <span class='ocrx_word' id='word_1_428' title='bbox 1959 3433 2047 3485; x_wconf 90' lang='lat' dir='ltr'><strong>tus</strong></span> <span class='ocrx_word' id='word_1_429' title='bbox 2101 3427 2221 3481; x_wconf 90' lang='lat' dir='ltr'><strong>XXX</strong></span> <span class='ocrx_word' id='word_1_430' title='bbox 2264 3425 2550 3480; x_wconf 84' lang='lat' dir='ltr'><strong>mensibus</strong></span> <span class='ocrx_word' id='word_1_431' title='bbox 2605 3440 2680 3479; x_wconf 74' lang='lat' dir='ltr'><strong>vr.</strong></span> <span class='ocrx_word' id='word_1_432' title='bbox 2741 3425 2853 3492; x_wconf 82' lang='lat' dir='ltr'><strong>Quo</strong></span> <span class='ocrx_word' id='word_1_433' title='bbox 2914 3425 3060 3496; x_wconf 88' lang='lat' dir='ltr'><strong>apud</strong></span> <span class='ocrx_word' id='word_1_434' title='bbox 3112 3431 3345 3483; x_wconf 79' lang='lat' dir='ltr'><strong>Pontum</strong></span> <span class='ocrx_word' id='word_1_435' title='bbox 3412 3430 3604 3499; x_wconf 86' lang='lat' dir='ltr'><strong>occiso,</strong></span> 
     </span>
    </p>
   </div>
   <div class='ocr_carea' id='block_1_47' title="bbox 182 3512 3606 3595">
    <p class='ocr_par' dir='ltr' id='par_1_47' title="bbox 182 3512 3606 3595">
     <span class='ocr_line' id='line_1_48' title="bbox 182 3512 3606 3595; baseline 0.004 -37"><span class='ocrx_word' id='word_1_436' title='bbox 182 3532 248 3574; x_wconf 76' lang='lat' dir='ltr'><strong>.vt</strong></span> <span class='ocrx_word' id='word_1_437' title='bbox 277 3518 380 3573; x_wconf 86' lang='lat' dir='ltr'><strong>Kal</strong></span> <span class='ocrx_word' id='word_1_438' title='bbox 404 3520 529 3574; x_wconf 83' lang='lat' dir='ltr'><strong>Jan.</strong></span> <span class='ocrx_word' id='word_1_439' title='bbox 564 3518 743 3575; x_wconf 79' lang='lat' dir='ltr'><strong>Paulo</strong></span> <span class='ocrx_word' id='word_1_440' title='bbox 772 3516 1117 3576; x_wconf 81' lang='lat' dir='ltr'><strong>Samosateno</strong></span> <span class='ocrx_word' id='word_1_441' title='bbox 1136 3521 1394 3578; x_wconf 65' lang='lat' dir='ltr'><strong>hzeretico</strong></span> <span class='ocrx_word' id='word_1_442' title='bbox 1411 3522 1670 3595; x_wconf 81' lang='lat' dir='ltr'><strong>deposito,</strong></span> <span class='ocrx_word' id='word_1_443' title='bbox 1698 3523 1854 3577; x_wconf 87' lang='lat' dir='ltr'><strong>Dom-</strong></span> <span class='ocrx_word' id='word_1_444' title='bbox 1959 3517 2250 3572; x_wconf 85' lang='lat' dir='ltr'><strong>Florianus</strong></span> <span class='ocrx_word' id='word_1_445' title='bbox 2294 3514 2548 3581; x_wconf 83' lang='lat' dir='ltr'><strong>regnavit</strong></span> <span class='ocrx_word' id='word_1_446' title='bbox 2589 3512 2705 3568; x_wconf 86' lang='lat' dir='ltr'><strong>dies</strong></span> <span class='ocrx_word' id='word_1_447' title='bbox 2752 3529 3015 3583; x_wconf 66' lang='lat' dir='ltr'><strong>mxxvm,</strong></span> <span class='ocrx_word' id='word_1_448' title='bbox 3047 3518 3099 3570; x_wconf 88' lang='lat' dir='ltr'><strong>et</strong></span> <span class='ocrx_word' id='word_1_449' title='bbox 3145 3517 3299 3587; x_wconf 81' lang='lat' dir='ltr'><strong>apud</strong></span> <span class='ocrx_word' id='word_1_450' title='bbox 3346 3516 3606 3571; x_wconf 87' lang='lat' dir='ltr'><strong>Tharsum</strong></span> 
     </span>
    </p>
   </div>
   <div class='ocr_carea' id='block_1_48' title="bbox 190 3604 2249 3681">
    <p class='ocr_par' dir='ltr' id='par_1_48' title="bbox 190 3604 2249 3681">
     <span class='ocr_line' id='line_1_49' title="bbox 190 3604 2249 3681; baseline -0.002 -20"><span class='ocrx_word' id='word_1_451' title='bbox 190 3623 301 3661; x_wconf 89' lang='lat' dir='ltr'><strong>nus</strong></span> <span class='ocrx_word' id='word_1_452' title='bbox 332 3608 442 3663; x_wconf 89' lang='lat' dir='ltr'><strong>XVI</strong></span> <span class='ocrx_word' id='word_1_453' title='bbox 492 3608 802 3665; x_wconf 57' lang='lat' dir='ltr'><strong>Antiochia</strong></span> <span class='ocrx_word' id='word_1_454' title='bbox 856 3610 1137 3681; x_wconf 85' lang='lat' dir='ltr'><strong>episcopus</strong></span> <span class='ocrx_word' id='word_1_455' title='bbox 1179 3610 1490 3678; x_wconf 80' lang='lat' dir='ltr'><strong>ordinatur,</strong></span> <span class='ocrx_word' id='word_1_456' title='bbox 1524 3609 1599 3667; x_wconf 92' lang='lat' dir='ltr'><strong>al.</strong></span> <span class='ocrx_word' id='word_1_457' title='bbox 1636 3628 1689 3666; x_wconf 92' lang='lat' dir='ltr'><strong>a.</strong></span> <span class='ocrx_word' id='word_1_458' title='bbox 1720 3611 1848 3679; x_wconf 89' lang='lat'><strong>270,</strong></span> <span class='ocrx_word' id='word_1_459' title='bbox 1959 3604 2249 3663; x_wconf 85' lang='lat' dir='ltr'><strong>occiditur.</strong></span> 
     </span>
    </p>
   </div>
   <div class='ocr_carea' id='block_1_49' title="bbox 190 3691 3602 3765">
    <p class='ocr_par' dir='ltr' id='par_1_49' title="bbox 190 3691 3602 3765">
     <span class='ocr_line' id='line_1_50' title="bbox 190 3691 3602 3765; baseline -0.001 -15"><span class='ocrx_word' id='word_1_460' title='bbox 190 3695 335 3751; x_wconf 76' lang='lat' dir='ltr'><strong>Bas.</strong></span> <span class='ocrx_word' id='word_1_461' title='bbox 370 3712 425 3761; x_wconf 90' lang='lat' dir='ltr'><strong>a,</strong></span> <span class='ocrx_word' id='word_1_462' title='bbox 453 3697 580 3751; x_wconf 90' lang='grc'>267.</span> <span class='ocrx_word' id='word_1_463' title='bbox 2026 3695 2133 3749; x_wconf 87' lang='grc'><strong>277</strong></span> <span class='ocrx_word' id='word_1_464' title='bbox 2162 3692 2327 3750; x_wconf 74' lang='lat' dir='ltr'><strong>Felix</strong></span> <span class='ocrx_word' id='word_1_465' title='bbox 2349 3706 2496 3762; x_wconf 87' lang='lat' dir='ltr'><strong>papa</strong></span> <span class='ocrx_word' id='word_1_466' title='bbox 2545 3691 2669 3748; x_wconf 89' lang='lat' dir='ltr'><em>XXV</em></span> <span class='ocrx_word' id='word_1_467' title='bbox 2704 3691 2841 3747; x_wconf 87' lang='lat' dir='ltr'><strong>sedit</strong></span> <span class='ocrx_word' id='word_1_468' title='bbox 2862 3694 3027 3749; x_wconf 88' lang='lat' dir='ltr'><strong>annis</strong></span> <span class='ocrx_word' id='word_1_469' title='bbox 3075 3695 3312 3765; x_wconf 85' lang='lat' dir='ltr'><strong>quinque</strong></span> <span class='ocrx_word' id='word_1_470' title='bbox 3335 3709 3357 3755; x_wconf 81' lang='lat'><strong>,°</strong></span> <span class='ocrx_word' id='word_1_471' title='bbox 3386 3696 3602 3765; x_wconf 85' lang='lat' dir='ltr'><strong>marty-</strong></span> 
     </span>
    </p>
   </div>
   <div class='ocr_carea' id='block_1_50' title="bbox 262 3781 3608 3857">
    <p class='ocr_par' dir='ltr' id='par_1_50' title="bbox 262 3781 3608 3857">
     <span class='ocr_line' id='line_1_51' title="bbox 262 3781 3608 3857; baseline 0 -19"><span class='ocrx_word' id='word_1_472' title='bbox 262 3782 379 3838; x_wconf 80' lang='lat'><strong>269</strong></span> <span class='ocrx_word' id='word_1_473' title='bbox 415 3783 624 3840; x_wconf 83' lang='lat' dir='ltr'><strong>Addit:</strong></span> <span class='ocrx_word' id='word_1_474' title='bbox 670 3785 943 3842; x_wconf 78' lang='lat' dir='ltr'><strong>Claudius</strong></span> <span class='ocrx_word' id='word_1_475' title='bbox 986 3786 1201 3857; x_wconf 81' lang='lat' dir='ltr'><strong>XXVIII,</strong></span> <span class='ocrx_word' id='word_1_476' title='bbox 1252 3803 1398 3843; x_wconf 87' lang='lat' dir='ltr'><strong>anno</strong></span> <span class='ocrx_word' id='word_1_477' title='bbox 1450 3803 1581 3855; x_wconf 90' lang='lat' dir='ltr'><strong>uno,</strong></span> <span class='ocrx_word' id='word_1_478' title='bbox 1635 3788 1849 3843; x_wconf 86' lang='lat' dir='ltr'><strong>mensi-</strong></span> <span class='ocrx_word' id='word_1_479' title='bbox 1956 3785 2041 3839; x_wconf 90' lang='lat' dir='ltr'><strong>rio</strong></span> <span class='ocrx_word' id='word_1_480' title='bbox 2086 3788 2377 3837; x_wconf 87' lang='lat' dir='ltr'><strong>coronatus</strong></span> <span class='ocrx_word' id='word_1_481' title='bbox 2419 3787 2497 3834; x_wconf 89' lang='lat' dir='ltr'><strong>est</strong></span> <span class='ocrx_word' id='word_1_482' title='bbox 2557 3795 2619 3834; x_wconf 84' lang='lat' dir='ltr'><strong>III</strong></span> <span class='ocrx_word' id='word_1_483' title='bbox 2667 3781 2787 3834; x_wconf 85' lang='lat' dir='ltr'><strong>Kal.</strong></span> <span class='ocrx_word' id='word_1_484' title='bbox 2836 3782 3011 3838; x_wconf 85' lang='lat' dir='ltr'><strong>Junii.</strong></span> <span class='ocrx_word' id='word_1_485' title='bbox 3061 3814 3126 3822; x_wconf 86' lang='lat'>—</span> <span class='ocrx_word' id='word_1_486' title='bbox 3186 3784 3392 3837; x_wconf 88' lang='lat' dir='ltr'><strong>Probus</strong></span> <span class='ocrx_word' id='word_1_487' title='bbox 3456 3783 3608 3838; x_wconf 84' lang='lat' dir='ltr'><em>XXXI</em></span> 
     </span>
    </p>
   </div>
   <div class='ocr_carea' id='block_1_51' title="bbox 186 3868 2853 3949">
    <p class='ocr_par' dir='ltr' id='par_1_51' title="bbox 186 3868 2853 3949">
     <span class='ocr_line' id='line_1_52' title="bbox 186 3868 2853 3949; baseline -0.002 -21"><span class='ocrx_word' id='word_1_488' title='bbox 186 3872 295 3928; x_wconf 81' lang='lat' dir='ltr'><strong>bus</strong></span> <span class='ocrx_word' id='word_1_489' title='bbox 326 3888 406 3927; x_wconf 83' lang='lat' dir='ltr'><strong>Ix.</strong></span> <span class='ocrx_word' id='word_1_490' title='bbox 433 3872 537 3928; x_wconf 80' lang='lat' dir='ltr'><strong>Iste</strong></span> <span class='ocrx_word' id='word_1_491' title='bbox 566 3871 773 3942; x_wconf 83' lang='lat' dir='ltr'><strong>Gothos,</strong></span> <span class='ocrx_word' id='word_1_492' title='bbox 802 3878 938 3942; x_wconf 88' lang='lat' dir='ltr'><strong>etc.,</strong></span> <span class='ocrx_word' id='word_1_493' title='bbox 969 3878 1034 3931; x_wconf 87' lang='lat' dir='ltr'><strong>ut</strong></span> <span class='ocrx_word' id='word_1_494' title='bbox 1062 3879 1131 3932; x_wconf 88' lang='lat' dir='ltr'><strong>A.</strong></span> <span class='ocrx_word' id='word_1_495' title='bbox 1165 3888 1260 3931; x_wconf 87' lang='lat' dir='ltr'><strong>an.</strong></span> <span class='ocrx_word' id='word_1_496' title='bbox 1294 3892 1416 3949; x_wconf 86' lang='lat' dir='ltr'><strong>seq.</strong></span> <span class='ocrx_word' id='word_1_497' title='bbox 1954 3872 2123 3928; x_wconf 87' lang='lat' dir='ltr'><strong>annis</strong></span> <span class='ocrx_word' id='word_1_498' title='bbox 2142 3885 2259 3935; x_wconf 71' lang='lat' dir='ltr'><strong>sex,</strong></span> <span class='ocrx_word' id='word_1_499' title='bbox 2292 3868 2572 3923; x_wconf 85' lang='lat' dir='ltr'><strong>mensibus</strong></span> <span class='ocrx_word' id='word_1_500' title='bbox 2602 3875 2853 3939; x_wconf 86' lang='lat' dir='ltr'><strong>quatuor.</strong></span> 
     </span>
    </p>
   </div>
   <div class='ocr_carea' id='block_1_52' title="bbox 256 3956 3605 4037">
    <p class='ocr_par' dir='ltr' id='par_1_52' title="bbox 256 3956 3605 4037">
     <span class='ocr_line' id='line_1_53' title="bbox 256 3956 3605 4037; baseline -0.001 -19"><span class='ocrx_word' id='word_1_501' title='bbox 256 3961 376 4018; x_wconf 73' lang='lat'><strong>270</strong></span> <span class='ocrx_word' id='word_1_502' title='bbox 426 3961 632 4017; x_wconf 83' lang='lat' dir='ltr'><strong>Paulus</strong></span> <span class='ocrx_word' id='word_1_503' title='bbox 683 3963 751 4023; x_wconf 84' lang='lat' dir='ltr'><strong>de</strong></span> <span class='ocrx_word' id='word_1_504' title='bbox 795 3964 1083 4020; x_wconf 82' lang='lat' dir='ltr'><strong>Samosata</strong></span> <span class='ocrx_word' id='word_1_505' title='bbox 1132 3964 1511 4021; x_wconf 68' lang='lat' dir='ltr'><strong>Antiochenus</strong></span> <span class='ocrx_word' id='word_1_506' title='bbox 1566 3967 1847 4037; x_wconf 86' lang='lat' dir='ltr'><strong>episcopus</strong></span> <span class='ocrx_word' id='word_1_507' title='bbox 2029 3963 2135 4016; x_wconf 91' lang='grc'>278</span> <span class='ocrx_word' id='word_1_508' title='bbox 2192 3957 2389 4015; x_wconf 70' lang='lat' dir='ltr'><strong>Gallia:</strong></span> <span class='ocrx_word' id='word_1_509' title='bbox 2434 3972 2468 4010; x_wconf 89' lang='lat' dir='ltr'><strong>a</strong></span> <span class='ocrx_word' id='word_1_510' title='bbox 2499 3956 2749 4011; x_wconf 87' lang='lat' dir='ltr'><strong>barbaris</strong></span> <span class='ocrx_word' id='word_1_511' title='bbox 2792 3961 3024 4015; x_wconf 66' lang='lat' dir='ltr'><strong>vastata?</strong></span> <span class='ocrx_word' id='word_1_512' title='bbox 3063 3975 3099 4013; x_wconf 87' lang='lat' dir='ltr'><strong>a</strong></span> <span class='ocrx_word' id='word_1_513' title='bbox 3143 3958 3319 4014; x_wconf 87' lang='lat' dir='ltr'><strong>Probo</strong></span> <span class='ocrx_word' id='word_1_514' title='bbox 3370 3959 3605 4016; x_wconf 82' lang='lat' dir='ltr'><strong>Romano</strong></span> 
     </span>
    </p>
   </div>
   <div class='ocr_carea' id='block_1_53' title="bbox 191 4047 2606 4126">
    <p class='ocr_par' dir='ltr' id='par_1_53' title="bbox 191 4047 2606 4126">
     <span class='ocr_line' id='line_1_54' title="bbox 191 4047 2606 4126; baseline -0.002 -19"><span class='ocrx_word' id='word_1_515' title='bbox 191 4050 491 4107; x_wconf 62' lang='lat' dir='ltr'><strong>haereticus</strong></span> <span class='ocrx_word' id='word_1_516' title='bbox 506 4066 618 4107; x_wconf 87' lang='lat' dir='ltr'><strong>esse</strong></span> <span class='ocrx_word' id='word_1_517' title='bbox 631 4053 1003 4108; x_wconf 76' lang='lat' dir='ltr'><strong>convincitur.</strong></span> <span class='ocrx_word' id='word_1_518' title='bbox 1023 4052 1171 4109; x_wconf 88' lang='lat' dir='ltr'><strong>Nota</strong></span> <span class='ocrx_word' id='word_1_519' title='bbox 1186 4053 1524 4126; x_wconf 78' lang='lat' dir='ltr'><strong>marginalia</strong></span> <span class='ocrx_word' id='word_1_520' title='bbox 1543 4053 1809 4110; x_wconf 85' lang='lat' dir='ltr'><strong>Bernoldi</strong></span> <span class='ocrx_word' id='word_1_521' title='bbox 1833 4072 1846 4111; x_wconf 93' lang='lat'>:</span> <span class='ocrx_word' id='word_1_522' title='bbox 1958 4051 2325 4106; x_wconf 85' lang='lat' dir='ltr'><strong>restituuntur</strong></span> <span class='ocrx_word' id='word_1_523' title='bbox 2355 4047 2606 4117; x_wconf 87' lang='lat' dir='ltr'><strong>imperio.</strong></span> 
     </span>
    </p>
   </div>
   <div class='ocr_carea' id='block_1_54' title="bbox 186 4136 3030 4212">
    <p class='ocr_par' dir='ltr' id='par_1_54' title="bbox 186 4136 3030 4212">
     <span class='ocr_line' id='line_1_55' title="bbox 186 4136 3030 4212; baseline -0 -19"><span class='ocrx_word' id='word_1_524' title='bbox 186 4138 293 4193; x_wconf 76' lang='lat' dir='ltr'><strong>Hie</strong></span> <span class='ocrx_word' id='word_1_525' title='bbox 321 4137 624 4193; x_wconf 64' lang='lat' dir='ltr'><strong>Antiochia:</strong></span> <span class='ocrx_word' id='word_1_526' title='bbox 650 4141 927 4212; x_wconf 86' lang='lat' dir='ltr'><strong>episcopus</strong></span> <span class='ocrx_word' id='word_1_527' title='bbox 953 4142 1290 4211; x_wconf 81' lang='lat' dir='ltr'><strong>feminarum</strong></span> <span class='ocrx_word' id='word_1_528' title='bbox 1316 4144 1586 4199; x_wconf 90' lang='lat' dir='ltr'><strong>consortio</strong></span> <span class='ocrx_word' id='word_1_529' title='bbox 1613 4142 1849 4198; x_wconf 88' lang='lat' dir='ltr'><strong>delecta-</strong></span> <span class='ocrx_word' id='word_1_530' title='bbox 2027 4139 2134 4193; x_wconf 83' lang='lat'><strong>279</strong></span> <span class='ocrx_word' id='word_1_531' title='bbox 2163 4136 2468 4204; x_wconf 82' lang='lat' dir='ltr'><strong>Anatolius,</strong></span> <span class='ocrx_word' id='word_1_532' title='bbox 2500 4138 2634 4204; x_wconf 87' lang='lat' dir='ltr'><strong>etc.,</strong></span> <span class='ocrx_word' id='word_1_533' title='bbox 2667 4138 2732 4189; x_wconf 90' lang='lat' dir='ltr'><strong>ut</strong></span> <span class='ocrx_word' id='word_1_534' title='bbox 2761 4140 2830 4190; x_wconf 87' lang='lat' dir='ltr'><strong>A.</strong></span> <span class='ocrx_word' id='word_1_535' title='bbox 2855 4153 2907 4192; x_wconf 88' lang='lat' dir='ltr'><strong>a.</strong></span> <span class='ocrx_word' id='word_1_536' title='bbox 2942 4153 3030 4209; x_wconf 89' lang='lat' dir='ltr'><strong>pr.</strong></span> 
     </span>
    </p>
   </div>
   <div class='ocr_carea' id='block_1_55' title="bbox 190 4224 3457 4299">
    <p class='ocr_par' dir='ltr' id='par_1_55' title="bbox 190 4224 3457 4299">
     <span class='ocr_line' id='line_1_56' title="bbox 190 4224 3457 4299; baseline 0 -18"><span class='ocrx_word' id='word_1_537' title='bbox 190 4226 378 4295; x_wconf 80' lang='lat' dir='ltr'><strong>batur,</strong></span> <span class='ocrx_word' id='word_1_538' title='bbox 410 4225 555 4299; x_wconf 87' lang='lat' dir='ltr'><strong>quod</strong></span> <span class='ocrx_word' id='word_1_539' title='bbox 583 4233 637 4283; x_wconf 90' lang='lat' dir='ltr'><strong>et</strong></span> <span class='ocrx_word' id='word_1_540' title='bbox 660 4228 877 4283; x_wconf 79' lang='lat' dir='ltr'><strong>clericis</strong></span> <span class='ocrx_word' id='word_1_541' title='bbox 904 4230 1020 4285; x_wconf 90' lang='lat' dir='ltr'><strong>suis</strong></span> <span class='ocrx_word' id='word_1_542' title='bbox 1048 4232 1328 4297; x_wconf 82' lang='lat' dir='ltr'><strong>concessit,</strong></span> <span class='ocrx_word' id='word_1_543' title='bbox 1359 4247 1431 4287; x_wconf 88' lang='lat' dir='ltr'><strong>ne</strong></span> <span class='ocrx_word' id='word_1_544' title='bbox 1460 4231 1570 4286; x_wconf 85' lang='lat' dir='ltr'><strong>sibi</strong></span> <span class='ocrx_word' id='word_1_545' title='bbox 1597 4231 1695 4287; x_wconf 88' lang='lat' dir='ltr'><strong>hoc</strong></span> <span class='ocrx_word' id='word_1_546' title='bbox 1738 4233 1848 4287; x_wconf 88' lang='lat' dir='ltr'><strong>cri-</strong></span> <span class='ocrx_word' id='word_1_547' title='bbox 2027 4229 2133 4283; x_wconf 87' lang='lat'><strong>280</strong></span> <span class='ocrx_word' id='word_1_548' title='bbox 2157 4226 2334 4281; x_wconf 79' lang='lat' dir='ltr'><strong>Manes</strong></span> <span class='ocrx_word' id='word_1_549' title='bbox 2364 4224 2659 4295; x_wconf 85' lang='lat' dir='ltr'><strong>quidam...</strong></span> <span class='ocrx_word' id='word_1_550' title='bbox 2688 4224 2953 4296; x_wconf 88' lang='lat' dir='ltr'><strong>condidit,</strong></span> <span class='ocrx_word' id='word_1_551' title='bbox 3000 4230 3066 4282; x_wconf 90' lang='lat' dir='ltr'><strong>ut</strong></span> <span class='ocrx_word' id='word_1_552' title='bbox 3092 4227 3239 4299; x_wconf 88' lang='lat' dir='ltr'><strong>Aug.</strong></span> <span class='ocrx_word' id='word_1_553' title='bbox 3282 4243 3334 4282; x_wconf 90' lang='lat' dir='ltr'><strong>a.</strong></span> <span class='ocrx_word' id='word_1_554' title='bbox 3368 4242 3457 4299; x_wconf 90' lang='lat' dir='ltr'><strong>pr.</strong></span> 
     </span>
    </p>
   </div>
   <div class='ocr_carea' id='block_1_56' title="bbox 188 4313 2946 4390">
    <p class='ocr_par' dir='ltr' id='par_1_56' title="bbox 188 4313 2946 4390">
     <span class='ocr_line' id='line_1_57' title="bbox 188 4313 2946 4390; baseline -0 -19"><span class='ocrx_word' id='word_1_555' title='bbox 188 4330 316 4371; x_wconf 77' lang='lat' dir='ltr'><strong>men</strong></span> <span class='ocrx_word' id='word_1_556' title='bbox 341 4318 565 4386; x_wconf 81' lang='lat' dir='ltr'><strong>possent</strong></span> <span class='ocrx_word' id='word_1_557' title='bbox 594 4316 887 4387; x_wconf 82' lang='lat' dir='ltr'><strong>imputare,</strong></span> <span class='ocrx_word' id='word_1_558' title='bbox 923 4316 1123 4390; x_wconf 81' lang='lat' dir='ltr'><strong>quippe</strong></span> <span class='ocrx_word' id='word_1_559' title='bbox 1145 4321 1357 4374; x_wconf 85' lang='lat' dir='ltr'><strong>astricti</strong></span> <span class='ocrx_word' id='word_1_560' title='bbox 1384 4319 1570 4375; x_wconf 84' lang='lat' dir='ltr'><strong>eodem</strong></span> <span class='ocrx_word' id='word_1_561' title='bbox 1594 4320 1846 4377; x_wconf 83' lang='lat' dir='ltr'><strong>crimine.</strong></span> <span class='ocrx_word' id='word_1_562' title='bbox 2025 4317 2125 4372; x_wconf 90' lang='grc'><strong>281</strong></span> <span class='ocrx_word' id='word_1_563' title='bbox 2161 4313 2480 4381; x_wconf 66' lang='lat' dir='ltr'><strong>Antiochiae,</strong></span> <span class='ocrx_word' id='word_1_564' title='bbox 2512 4318 2597 4370; x_wconf 90' lang='lat' dir='ltr'><strong>ut.</strong></span> <span class='ocrx_word' id='word_1_565' title='bbox 2633 4316 2697 4369; x_wconf 89' lang='lat' dir='ltr'><strong>A.</strong></span> <span class='ocrx_word' id='word_1_566' title='bbox 2731 4331 2826 4370; x_wconf 87' lang='lat' dir='ltr'><strong>an.</strong></span> <span class='ocrx_word' id='word_1_567' title='bbox 2859 4332 2946 4386; x_wconf 94' lang='lat' dir='ltr'><strong>pr.</strong></span> 
     </span>
    </p>
   </div>
   <div class='ocr_carea' id='block_1_57' title="bbox 188 4403 3602 4475">
    <p class='ocr_par' dir='ltr' id='par_1_57' title="bbox 188 4403 3602 4475">
     <span class='ocr_line' id='line_1_58' title="bbox 188 4403 3602 4475; baseline -0 -16"><span class='ocrx_word' id='word_1_568' title='bbox 188 4404 301 4460; x_wconf 74' lang='lat' dir='ltr'><strong>Hic</strong></span> <span class='ocrx_word' id='word_1_569' title='bbox 347 4405 518 4459; x_wconf 85' lang='lat' dir='ltr'><strong>etiam</strong></span> <span class='ocrx_word' id='word_1_570' title='bbox 547 4403 826 4461; x_wconf 84' lang='lat' dir='ltr'><strong>Christum</strong></span> <span class='ocrx_word' id='word_1_571' title='bbox 854 4406 1132 4463; x_wconf 86' lang='lat' dir='ltr'><strong>hominem</strong></span> <span class='ocrx_word' id='word_1_572' title='bbox 1156 4409 1463 4463; x_wconf 87' lang='lat' dir='ltr'><strong>communis</strong></span> <span class='ocrx_word' id='word_1_573' title='bbox 1487 4416 1711 4465; x_wconf 71' lang='lat' dir='ltr'><strong>natura:</strong></span> <span class='ocrx_word' id='word_1_574' title='bbox 1737 4425 1850 4465; x_wconf 81' lang='lat' dir='ltr'><strong>esse</strong></span> <span class='ocrx_word' id='word_1_575' title='bbox 2026 4408 2136 4461; x_wconf 89' lang='lat'><strong>282</strong></span> <span class='ocrx_word' id='word_1_576' title='bbox 2161 4404 2531 4475; x_wconf 80' lang='lat' dir='ltr'><strong>Eutychianus</strong></span> <span class='ocrx_word' id='word_1_577' title='bbox 2589 4419 2735 4475; x_wconf 88' lang='lat' dir='ltr'><strong>papa</strong></span> <span class='ocrx_word' id='word_1_578' title='bbox 2797 4404 2950 4460; x_wconf 83' lang='lat' dir='ltr'><em>XXVI</em></span> <span class='ocrx_word' id='word_1_579' title='bbox 3016 4404 3154 4461; x_wconf 89' lang='lat' dir='ltr'><strong>sedit</strong></span> <span class='ocrx_word' id='word_1_580' title='bbox 3223 4404 3498 4461; x_wconf 86' lang='lat' dir='ltr'><strong>mensibus</strong></span> <span class='ocrx_word' id='word_1_581' title='bbox 3546 4420 3602 4473; x_wconf 80' lang='grc' dir='ltr'><strong>κ,</strong></span> 
     </span>
    </p>
   </div>
   <div class='ocr_carea' id='block_1_58' title="bbox 187 4492 3602 4565">
    <p class='ocr_par' dir='ltr' id='par_1_58' title="bbox 187 4492 3602 4565">
     <span class='ocr_line' id='line_1_59' title="bbox 187 4492 3602 4565; baseline 0 -17"><span class='ocrx_word' id='word_1_582' title='bbox 187 4495 445 4550; x_wconf 81' lang='lat' dir='ltr'><strong>asseruit.</strong></span> <span class='ocrx_word' id='word_1_583' title='bbox 479 4493 579 4548; x_wconf 82' lang='lat' dir='ltr'><strong>Hic</strong></span> <span class='ocrx_word' id='word_1_584' title='bbox 626 4509 751 4549; x_wconf 89' lang='lat' dir='ltr'><strong>cum</strong></span> <span class='ocrx_word' id='word_1_585' title='bbox 778 4494 1071 4551; x_wconf 85' lang='lat' dir='ltr'><strong>damnatus</strong></span> <span class='ocrx_word' id='word_1_586' title='bbox 1120 4496 1290 4552; x_wconf 87' lang='lat' dir='ltr'><strong>nollet</strong></span> <span class='ocrx_word' id='word_1_587' title='bbox 1318 4496 1387 4551; x_wconf 89' lang='lat' dir='ltr'><strong>ab</strong></span> <span class='ocrx_word' id='word_1_588' title='bbox 1416 4497 1642 4553; x_wconf 84' lang='lat' dir='ltr'><strong>ecclesia</strong></span> <span class='ocrx_word' id='word_1_589' title='bbox 1668 4496 1848 4553; x_wconf 87' lang='lat' dir='ltr'><strong>disce-</strong></span> <span class='ocrx_word' id='word_1_590' title='bbox 1951 4510 2146 4562; x_wconf 85' lang='lat' dir='ltr'><strong>passus</strong></span> <span class='ocrx_word' id='word_1_591' title='bbox 2198 4508 2298 4565; x_wconf 85' lang='lat' dir='ltr'><strong>pro</strong></span> <span class='ocrx_word' id='word_1_592' title='bbox 2357 4492 2568 4548; x_wconf 83' lang='lat' dir='ltr'><strong>Christo</strong></span> <span class='ocrx_word' id='word_1_593' title='bbox 2625 4509 2727 4547; x_wconf 81' lang='lat' dir='ltr'><strong>VIII</strong></span> <span class='ocrx_word' id='word_1_594' title='bbox 2766 4492 2893 4547; x_wconf 87' lang='lat' dir='ltr'><strong>Kal.</strong></span> <span class='ocrx_word' id='word_1_595' title='bbox 2952 4494 3089 4563; x_wconf 87' lang='lat' dir='ltr'><strong>Aug.</strong></span> <span class='ocrx_word' id='word_1_596' title='bbox 3142 4493 3272 4551; x_wconf 92' lang='lat' dir='ltr'><strong>Vid.</strong></span> <span class='ocrx_word' id='word_1_597' title='bbox 3334 4498 3453 4550; x_wconf 89' lang='lat' dir='ltr'><strong>not.</strong></span> <span class='ocrx_word' id='word_1_598' title='bbox 3490 4511 3602 4550; x_wconf 83' lang='lat' dir='ltr'><strong>an.</strong></span> 
     </span>
    </p>
   </div>
   <div class='ocr_carea' id='block_1_59' title="bbox 184 4580 2126 4690">
    <p class='ocr_par' dir='ltr' id='par_1_59' title="bbox 184 4580 2126 4690">
     <span class='ocr_line' id='line_1_60' title="bbox 184 4580 2126 4690; baseline 0.002 -54"><span class='ocrx_word' id='word_1_599' title='bbox 184 4580 338 4648; x_wconf 86' lang='lat' dir='ltr'><strong>dere,</strong></span> <span class='ocrx_word' id='word_1_600' title='bbox 369 4580 444 4636; x_wconf 86' lang='lat' dir='ltr'><strong>ad</strong></span> <span class='ocrx_word' id='word_1_601' title='bbox 461 4581 745 4690; x_wconf 63' lang='lat' dir='ltr'><strong>cumulum</strong></span> <span class='ocrx_word' id='word_1_602' title='bbox 770 4583 862 4639; x_wconf 90' lang='lat' dir='ltr'><strong>sui</strong></span> <span class='ocrx_word' id='word_1_603' title='bbox 884 4583 1157 4690; x_wconf 59' lang='lat' dir='ltr'><strong>dedecoris</strong></span> <span class='ocrx_word' id='word_1_604' title='bbox 1174 4584 1403 4656; x_wconf 87' lang='lat' dir='ltr'><strong>publica</strong></span> <span class='ocrx_word' id='word_1_605' title='bbox 1419 4600 1594 4640; x_wconf 88' lang='lat' dir='ltr'><strong>manu</strong></span> <span class='ocrx_word' id='word_1_606' title='bbox 1613 4586 1845 4690; x_wconf 60' lang='lat' dir='ltr'><strong>expelli-</strong></span> <span class='ocrx_word' id='word_1_607' title='bbox 1878 4625 1924 4690; x_wconf 82' lang='lat' dir='ltr'><strong>D</strong></span> <span class='ocrx_word' id='word_1_608' title='bbox 1958 4600 2126 4690; x_wconf 52' lang='lat' dir='ltr'><strong>prfech</strong></span> 
     </span>
    </p>
   </div>
   <div class='ocr_carea' id='block_1_60' title="bbox 184 4668 3603 4745">
    <p class='ocr_par' dir='ltr' id='par_1_60' title="bbox 184 4668 3603 4745">
     <span class='ocr_line' id='line_1_61' title="bbox 184 4668 3603 4745; baseline 0.002 -22"><span class='ocrx_word' id='word_1_609' title='bbox 184 4675 282 4724; x_wconf 80' lang='lat' dir='ltr'><strong>tur</strong></span> <span class='ocrx_word' id='word_1_610' title='bbox 304 4669 377 4724; x_wconf 82' lang='lat' dir='ltr'><strong>ab</strong></span> <span class='ocrx_word' id='word_1_611' title='bbox 433 4668 685 4738; x_wconf 85' lang='lat' dir='ltr'><strong>ecclesia,</strong></span> <span class='ocrx_word' id='word_1_612' title='bbox 718 4677 779 4726; x_wconf 91' lang='lat' dir='ltr'><strong>ut</strong></span> <span class='ocrx_word' id='word_1_613' title='bbox 807 4680 1001 4727; x_wconf 82' lang='lat' dir='ltr'><strong>narrat</strong></span> <span class='ocrx_word' id='word_1_614' title='bbox 1029 4672 1400 4729; x_wconf 77' lang='lat' dir='ltr'><strong>ecclesiastica</strong></span> <span class='ocrx_word' id='word_1_615' title='bbox 1433 4675 1679 4729; x_wconf 85' lang='lat' dir='ltr'><strong>Historia</strong></span> <span class='ocrx_word' id='word_1_616' title='bbox 1709 4674 1843 4745; x_wconf 80' lang='grc'>(46).</span> <span class='ocrx_word' id='word_1_617' title='bbox 1878 4668 1923 4690; x_wconf 71' lang='grc'><strong>³³</strong></span> <span class='ocrx_word' id='word_1_618' title='bbox 2023 4674 2130 4727; x_wconf 90' lang='lat'><strong>283</strong></span> <span class='ocrx_word' id='word_1_619' title='bbox 2162 4671 2328 4728; x_wconf 83' lang='lat' dir='ltr'><strong>Gaius</strong></span> <span class='ocrx_word' id='word_1_620' title='bbox 2376 4688 2518 4743; x_wconf 85' lang='lat' dir='ltr'><strong>papa</strong></span> <span class='ocrx_word' id='word_1_621' title='bbox 2538 4671 2731 4736; x_wconf 89' lang='lat' dir='ltr'><strong>XXVII,</strong></span> <span class='ocrx_word' id='word_1_622' title='bbox 2780 4671 2921 4727; x_wconf 88' lang='lat' dir='ltr'><strong>sedit</strong></span> <span class='ocrx_word' id='word_1_623' title='bbox 2938 4674 3101 4729; x_wconf 86' lang='lat' dir='ltr'><strong>annis</strong></span> <span class='ocrx_word' id='word_1_624' title='bbox 3129 4690 3221 4728; x_wconf 87' lang='lat' dir='ltr'><strong>xv.</strong></span> <span class='ocrx_word' id='word_1_625' title='bbox 3246 4672 3603 4731; x_wconf 54' lang='lat' dir='ltr'><strong>Alexandria</strong></span> 
     </span>
    </p>
   </div>
   <div class='ocr_carea' id='block_1_61' title="bbox 256 4756 3602 4834">
    <p class='ocr_par' dir='ltr' id='par_1_61' title="bbox 256 4756 3602 4834">
     <span class='ocr_line' id='line_1_62' title="bbox 256 4756 3602 4834; baseline 0 -18"><span class='ocrx_word' id='word_1_626' title='bbox 256 4757 357 4816; x_wconf 62' lang='grc'>27⁸1</span> <span class='ocrx_word' id='word_1_627' title='bbox 397 4756 664 4813; x_wconf 78' lang='lat' dir='ltr'><strong>Claudius</strong></span> <span class='ocrx_word' id='word_1_628' title='bbox 718 4759 923 4815; x_wconf 87' lang='lat' dir='ltr'><strong>Sirmio</strong></span> <span class='ocrx_word' id='word_1_629' title='bbox 975 4763 1233 4830; x_wconf 86' lang='lat' dir='ltr'><strong>moritur,</strong></span> <span class='ocrx_word' id='word_1_630' title='bbox 1304 4777 1402 4832; x_wconf 86' lang='lat' dir='ltr'><strong>pro</strong></span> <span class='ocrx_word' id='word_1_631' title='bbox 1487 4778 1595 4834; x_wconf 91' lang='lat' dir='ltr'><strong>quo</strong></span> <span class='ocrx_word' id='word_1_632' title='bbox 1668 4764 1849 4834; x_wconf 79' lang='lat' dir='ltr'><strong>frater</strong></span> <span class='ocrx_word' id='word_1_633' title='bbox 1960 4762 2197 4817; x_wconf 85' lang='lat' dir='ltr'><strong>Theonas</strong></span> <span class='ocrx_word' id='word_1_634' title='bbox 2247 4762 2531 4833; x_wconf 87' lang='lat' dir='ltr'><strong>episcopus</strong></span> <span class='ocrx_word' id='word_1_635' title='bbox 2561 4760 2661 4830; x_wconf 89' lang='lat' dir='ltr'><strong>XV,</strong></span> <span class='ocrx_word' id='word_1_636' title='bbox 2716 4763 2880 4816; x_wconf 88' lang='lat' dir='ltr'><strong>annis</strong></span> <span class='ocrx_word' id='word_1_637' title='bbox 2927 4779 3084 4817; x_wconf 85' lang='lat' dir='ltr'><strong>xvm.</strong></span> <span class='ocrx_word' id='word_1_638' title='bbox 3120 4792 3186 4802; x_wconf 90' lang='lat'><strong>——</strong></span> <span class='ocrx_word' id='word_1_639' title='bbox 3216 4763 3425 4819; x_wconf 85' lang='lat' dir='ltr'><strong>Probus</strong></span> <span class='ocrx_word' id='word_1_640' title='bbox 3450 4760 3602 4831; x_wconf 87' lang='lat' dir='ltr'><strong>apud</strong></span> 
     </span>
    </p>
   </div>
   <div class='ocr_carea' id='block_1_62' title="bbox 184 4845 3607 4920">
    <p class='ocr_par' dir='ltr' id='par_1_62' title="bbox 184 4845 3607 4920">
     <span class='ocr_line' id='line_1_63' title="bbox 184 4845 3607 4920; baseline 0.001 -20"><span class='ocrx_word' id='word_1_641' title='bbox 184 4845 499 4915; x_wconf 83' lang='lat' dir='ltr'><strong>Quintillus</strong></span> <span class='ocrx_word' id='word_1_642' title='bbox 529 4848 780 4916; x_wconf 83' lang='lat' dir='ltr'><strong>regnavit</strong></span> <span class='ocrx_word' id='word_1_643' title='bbox 808 4847 924 4904; x_wconf 88' lang='lat' dir='ltr'><strong>dies</strong></span> <span class='ocrx_word' id='word_1_644' title='bbox 952 4865 1093 4919; x_wconf 82' lang='lat' dir='ltr'><strong>xvu,</strong></span> <span class='ocrx_word' id='word_1_645' title='bbox 1143 4854 1192 4905; x_wconf 87' lang='lat' dir='ltr'><strong>et</strong></span> <span class='ocrx_word' id='word_1_646' title='bbox 1240 4850 1510 4920; x_wconf 70' lang='lat' dir='ltr'><strong>Aquileia:</strong></span> <span class='ocrx_word' id='word_1_647' title='bbox 1558 4850 1842 4906; x_wconf 85' lang='lat' dir='ltr'><strong>occiditur.</strong></span> <span class='ocrx_word' id='word_1_648' title='bbox 1953 4849 2219 4906; x_wconf 89' lang='lat' dir='ltr'><strong>Sirmium</strong></span> <span class='ocrx_word' id='word_1_649' title='bbox 2247 4850 2486 4905; x_wconf 82' lang='lat' dir='ltr'><strong>tumultu</strong></span> <span class='ocrx_word' id='word_1_650' title='bbox 2527 4850 2775 4905; x_wconf 86' lang='lat' dir='ltr'><strong>militum</strong></span> <span class='ocrx_word' id='word_1_651' title='bbox 2822 4850 3106 4906; x_wconf 82' lang='lat' dir='ltr'><strong>occiditur.</strong></span> <span class='ocrx_word' id='word_1_652' title='bbox 3141 4881 3208 4890; x_wconf 90' lang='lat'><strong>—-</strong></span> <span class='ocrx_word' id='word_1_653' title='bbox 3246 4866 3409 4906; x_wconf 57' lang='lat' dir='ltr'><strong>serus</strong></span> <span class='ocrx_word' id='word_1_654' title='bbox 3433 4850 3607 4903; x_wconf 69' lang='lat' dir='ltr'><em>XXXII</em></span> 
     </span>
    </p>
   </div>
   <div class='ocr_carea' id='block_1_63' title="bbox 184 4934 3355 5010">
    <p class='ocr_par' dir='ltr' id='par_1_63' title="bbox 184 4934 3355 5010">
     <span class='ocr_line' id='line_1_64' title="bbox 184 4934 3355 5010; baseline 0.002 -21"><span class='ocrx_word' id='word_1_655' title='bbox 184 4934 530 4989; x_wconf 80' lang='lat' dir='ltr'><strong>Aurelianus</strong></span> <span class='ocrx_word' id='word_1_656' title='bbox 585 4934 733 4989; x_wconf 88' lang='lat' dir='ltr'><em>XXIX</em></span> <span class='ocrx_word' id='word_1_657' title='bbox 786 4938 951 4992; x_wconf 84' lang='lat' dir='ltr'><strong>annis</strong></span> <span class='ocrx_word' id='word_1_658' title='bbox 979 4938 1242 5009; x_wconf 82' lang='lat' dir='ltr'><strong>quinque,</strong></span> <span class='ocrx_word' id='word_1_659' title='bbox 1296 4938 1574 4995; x_wconf 87' lang='lat' dir='ltr'><strong>mensibus</strong></span> <span class='ocrx_word' id='word_1_660' title='bbox 1600 4955 1717 4995; x_wconf 72' lang='lat' dir='ltr'><strong>sex.</strong></span> <span class='ocrx_word' id='word_1_661' title='bbox 1751 4942 1848 4996; x_wconf 86' lang='lat' dir='ltr'><strong>Hic</strong></span> <span class='ocrx_word' id='word_1_662' title='bbox 1950 4956 2077 4995; x_wconf 89' lang='lat' dir='ltr'><strong>cum</strong></span> <span class='ocrx_word' id='word_1_663' title='bbox 2105 4940 2239 5010; x_wconf 80' lang='lat' dir='ltr'><strong>ﬁliis</strong></span> <span class='ocrx_word' id='word_1_664' title='bbox 2272 4938 2471 4995; x_wconf 69' lang='grc' dir='ltr'><strong>ϐαι-ἰηο</strong></span> <span class='ocrx_word' id='word_1_665' title='bbox 2498 4946 2549 4994; x_wconf 88' lang='lat' dir='ltr'><strong>et</strong></span> <span class='ocrx_word' id='word_1_666' title='bbox 2578 4938 2916 4995; x_wconf 81' lang='lat' dir='ltr'><strong>Numeriano</strong></span> <span class='ocrx_word' id='word_1_667' title='bbox 2935 4940 3098 4995; x_wconf 87' lang='lat' dir='ltr'><strong>annis</strong></span> <span class='ocrx_word' id='word_1_668' title='bbox 3127 4939 3355 4994; x_wconf 88' lang='lat' dir='ltr'><strong>duobus.</strong></span> 
     </span>
    </p>
   </div>
   <div class='ocr_carea' id='block_1_64' title="bbox 182 5022 2950 5100">
    <p class='ocr_par' dir='ltr' id='par_1_64' title="bbox 182 5022 2950 5100">
     <span class='ocr_line' id='line_1_65' title="bbox 182 5022 2950 5100; baseline 0.002 -21"><span class='ocrx_word' id='word_1_669' title='bbox 182 5022 511 5094; x_wconf 70' lang='lat' dir='ltr'><strong>reipublicae</strong></span> <span class='ocrx_word' id='word_1_670' title='bbox 549 5024 727 5090; x_wconf 85' lang='lat' dir='ltr'><strong>utilis,</strong></span> <span class='ocrx_word' id='word_1_671' title='bbox 756 5025 957 5096; x_wconf 86' lang='lat' dir='ltr'><strong>primo,</strong></span> <span class='ocrx_word' id='word_1_672' title='bbox 992 5030 1129 5093; x_wconf 91' lang='lat' dir='ltr'><strong>etc.,</strong></span> <span class='ocrx_word' id='word_1_673' title='bbox 1159 5031 1226 5083; x_wconf 88' lang='lat' dir='ltr'><strong>ut</strong></span> <span class='ocrx_word' id='word_1_674' title='bbox 1254 5034 1402 5100; x_wconf 90' lang='lat' dir='ltr'><strong>Aug.</strong></span> <span class='ocrx_word' id='word_1_675' title='bbox 2021 5029 2125 5083; x_wconf 82' lang='grc'><strong>284</strong></span> <span class='ocrx_word' id='word_1_676' title='bbox 2158 5030 2329 5084; x_wconf 84' lang='lat' dir='ltr'><strong>Carus</strong></span> <span class='ocrx_word' id='word_1_677' title='bbox 2357 5030 2547 5094; x_wconf 86' lang='lat' dir='ltr'><strong>victor,</strong></span> <span class='ocrx_word' id='word_1_678' title='bbox 2583 5030 2647 5082; x_wconf 91' lang='lat' dir='ltr'><strong>ut</strong></span> <span class='ocrx_word' id='word_1_679' title='bbox 2677 5032 2743 5083; x_wconf 88' lang='lat' dir='ltr'><strong>A.</strong></span> <span class='ocrx_word' id='word_1_680' title='bbox 2779 5044 2830 5083; x_wconf 79' lang='grc' dir='ltr'><strong>ο.</strong></span> <span class='ocrx_word' id='word_1_681' title='bbox 2865 5045 2950 5099; x_wconf 87' lang='lat' dir='ltr'><strong>pr.</strong></span> 
     </span>
    </p>
   </div>
   <div class='ocr_carea' id='block_1_65' title="bbox 252 5110 3602 5188">
    <p class='ocr_par' dir='ltr' id='par_1_65' title="bbox 252 5110 3602 5188">
     <span class='ocr_line' id='line_1_66' title="bbox 252 5110 3602 5188; baseline 0.001 -23"><span class='ocrx_word' id='word_1_682' title='bbox 252 5110 367 5166; x_wconf 85' lang='lat'><strong>273</strong></span> <span class='ocrx_word' id='word_1_683' title='bbox 393 5111 632 5167; x_wconf 87' lang='lat' dir='ltr'><strong>Zenobia</strong></span> <span class='ocrx_word' id='word_1_684' title='bbox 658 5115 855 5185; x_wconf 86' lang='lat' dir='ltr'><strong>regina</strong></span> <span class='ocrx_word' id='word_1_685' title='bbox 892 5114 1135 5171; x_wconf 82' lang='lat' dir='ltr'><strong>Orientis</strong></span> <span class='ocrx_word' id='word_1_686' title='bbox 1154 5117 1418 5171; x_wconf 87' lang='lat' dir='ltr'><strong>vincitur.</strong></span> <span class='ocrx_word' id='word_1_687' title='bbox 2021 5120 2128 5172; x_wconf 83' lang='lat'><strong>285</strong></span> <span class='ocrx_word' id='word_1_688' title='bbox 2156 5117 2519 5172; x_wconf 86' lang='lat' dir='ltr'><strong>Numerianus</strong></span> <span class='ocrx_word' id='word_1_689' title='bbox 2576 5115 2861 5172; x_wconf 81' lang='lat' dir='ltr'><strong>occiditur.</strong></span> <span class='ocrx_word' id='word_1_690' title='bbox 2916 5116 3149 5172; x_wconf 75' lang='lat' dir='ltr'><strong>Carinas</strong></span> <span class='ocrx_word' id='word_1_691' title='bbox 3180 5116 3324 5188; x_wconf 86' lang='lat' dir='ltr'><strong>apud</strong></span> <span class='ocrx_word' id='word_1_692' title='bbox 3353 5115 3602 5184; x_wconf 83' lang='lat' dir='ltr'><strong>Margum</strong></span> 
     </span>
    </p>
   </div>
   <div class='ocr_carea' id='block_1_66' title="bbox 254 5198 3597 5278">
    <p class='ocr_par' dir='ltr' id='par_1_66' title="bbox 254 5198 3597 5278">
     <span class='ocr_line' id='line_1_67' title="bbox 254 5198 3597 5278; baseline 0.003 -27"><span class='ocrx_word' id='word_1_693' title='bbox 254 5198 367 5251; x_wconf 82' lang='grc'>274</span> <span class='ocrx_word' id='word_1_694' title='bbox 395 5198 763 5256; x_wconf 83' lang='lat' dir='ltr'><strong>Aurelianum</strong></span> <span class='ocrx_word' id='word_1_695' title='bbox 792 5202 993 5269; x_wconf 73' lang='lat' dir='ltr'><strong>Rom,</strong></span> <span class='ocrx_word' id='word_1_696' title='bbox 1023 5206 1157 5271; x_wconf 90' lang='lat' dir='ltr'><strong>etc.,</strong></span> <span class='ocrx_word' id='word_1_697' title='bbox 1190 5206 1258 5258; x_wconf 91' lang='lat' dir='ltr'><strong>ut</strong></span> <span class='ocrx_word' id='word_1_698' title='bbox 1285 5209 1435 5276; x_wconf 87' lang='lat' dir='ltr'><strong>Aug.</strong></span> <span class='ocrx_word' id='word_1_699' title='bbox 1468 5220 1521 5260; x_wconf 92' lang='lat' dir='ltr'><strong>a.</strong></span> <span class='ocrx_word' id='word_1_700' title='bbox 1556 5222 1643 5277; x_wconf 90' lang='lat' dir='ltr'><strong>pr.</strong></span> <span class='ocrx_word' id='word_1_701' title='bbox 1951 5223 1987 5262; x_wconf 88' lang='lat' dir='ltr'><strong>a</strong></span> <span class='ocrx_word' id='word_1_702' title='bbox 2015 5206 2349 5261; x_wconf 84' lang='lat' dir='ltr'><strong>Diocletiano</strong></span> <span class='ocrx_word' id='word_1_703' title='bbox 2377 5205 2728 5274; x_wconf 82' lang='lat' dir='ltr'><strong>interﬁcitur.</strong></span> <span class='ocrx_word' id='word_1_704' title='bbox 2761 5207 3067 5278; x_wconf 78' lang='lat' dir='ltr'><strong>ﬂuensque,</strong></span> <span class='ocrx_word' id='word_1_705' title='bbox 3099 5208 3231 5272; x_wconf 82' lang='lat' dir='ltr'><strong>etc.,</strong></span> <span class='ocrx_word' id='word_1_706' title='bbox 3264 5210 3329 5262; x_wconf 90' lang='lat' dir='ltr'><strong>ut</strong></span> <span class='ocrx_word' id='word_1_707' title='bbox 3359 5208 3509 5277; x_wconf 85' lang='lat' dir='ltr'><strong>Aug.</strong></span> <span class='ocrx_word' id='word_1_708' title='bbox 3543 5220 3597 5260; x_wconf 88' lang='lat' dir='ltr'><strong>a.</strong></span> 
     </span>
    </p>
   </div>
   <div class='ocr_carea' id='block_1_67' title="bbox 251 5287 3207 5368">
    <p class='ocr_par' dir='ltr' id='par_1_67' title="bbox 251 5287 3207 5368">
     <span class='ocr_line' id='line_1_68' title="bbox 251 5287 3207 5368; baseline 0.003 -27"><span class='ocrx_word' id='word_1_709' title='bbox 251 5287 364 5342; x_wconf 90' lang='lat'><strong>275</strong></span> <span class='ocrx_word' id='word_1_710' title='bbox 398 5287 731 5346; x_wconf 89' lang='lat' dir='ltr'><strong>Aurelianus</strong></span> <span class='ocrx_word' id='word_1_711' title='bbox 789 5292 1055 5363; x_wconf 87' lang='lat' dir='ltr'><strong>templum</strong></span> <span class='ocrx_word' id='word_1_712' title='bbox 1094 5292 1199 5347; x_wconf 90' lang='lat' dir='ltr'><strong>soli</strong></span> <span class='ocrx_word' id='word_1_713' title='bbox 1241 5292 1501 5363; x_wconf 62' lang='lat' dir='ltr'><strong>xdiﬁcat,</strong></span> <span class='ocrx_word' id='word_1_714' title='bbox 1544 5298 1595 5350; x_wconf 89' lang='lat' dir='ltr'><strong>et</strong></span> <span class='ocrx_word' id='word_1_715' title='bbox 1640 5310 1846 5350; x_wconf 89' lang='lat' dir='ltr'><strong>nonam</strong></span> <span class='ocrx_word' id='word_1_716' title='bbox 1955 5312 2041 5367; x_wconf 89' lang='lat' dir='ltr'><strong>pr.</strong></span> <span class='ocrx_word' id='word_1_717' title='bbox 2078 5326 2143 5335; x_wconf 93' lang='lat'><strong><em>——</em></strong></span> <span class='ocrx_word' id='word_1_718' title='bbox 2169 5294 2538 5350; x_wconf 85' lang='lat' dir='ltr'><strong>Diocletianus</strong></span> <span class='ocrx_word' id='word_1_719' title='bbox 2567 5295 2760 5367; x_wconf 72' lang='lat' dir='ltr'><em>XXXIII</em></span> <span class='ocrx_word' id='word_1_720' title='bbox 2788 5295 2953 5349; x_wconf 86' lang='lat' dir='ltr'><strong>annis</strong></span> <span class='ocrx_word' id='word_1_721' title='bbox 2982 5295 3207 5368; x_wconf 86' lang='lat' dir='ltr'><strong>viginti.</strong></span> 
     </span>
    </p>
   </div>
   <div class='ocr_carea' id='block_1_68' title="bbox 177 5378 1316 5448">
    <p class='ocr_par' dir='ltr' id='par_1_68' title="bbox 177 5378 1316 5448">
     <span class='ocr_line' id='line_1_69' title="bbox 177 5378 1316 5448; baseline 0.004 -17"><span class='ocrx_word' id='word_1_722' title='bbox 177 5378 616 5448; x_wconf 82' lang='lat' dir='ltr'><strong>persecutionem</strong></span> <span class='ocrx_word' id='word_1_723' title='bbox 634 5380 696 5436; x_wconf 89' lang='lat' dir='ltr'><strong>in</strong></span> <span class='ocrx_word' id='word_1_724' title='bbox 726 5378 1071 5438; x_wconf 79' lang='lat' dir='ltr'><strong>Christianos</strong></span> <span class='ocrx_word' id='word_1_725' title='bbox 1098 5382 1316 5438; x_wconf 74' lang='lat' dir='ltr'><strong>excitat.</strong></span> 
     </span>
    </p>
   </div>
   <div class='ocr_carea' id='block_1_69' title="bbox 732 5479 2007 5538">
    <p class='ocr_par' dir='ltr' id='par_1_69' title="bbox 732 5479 2007 5538">
     <span class='ocr_line' id='line_1_70' title="bbox 732 5479 2007 5538; baseline 0 0"><span class='ocrx_word' id='word_1_726' title='bbox 732 5492 733 5497; x_wconf 81' lang='lat'>‘</span> <span class='ocrx_word' id='word_1_727' title='bbox 1776 5479 2007 5538; x_wconf 63' lang='lat' dir='ltr'><strong>NOTAE.</strong></span> 
     </span>
    </p>
   </div>
   <div class='ocr_carea' id='block_1_70' title="bbox 251 5562 3599 5645">
    <p class='ocr_par' dir='ltr' id='par_1_70' title="bbox 251 5562 3599 5645">
     <span class='ocr_line' id='line_1_71' title="bbox 251 5562 3599 5645; baseline 0.002 -25"><span class='ocrx_word' id='word_1_728' title='bbox 251 5562 369 5641; x_wconf 69' lang='grc'><strong>(44)</strong></span> <span class='ocrx_word' id='word_1_729' title='bbox 394 5562 562 5623; x_wconf 81' lang='lat' dir='ltr'><strong>Sedit</strong></span> <span class='ocrx_word' id='word_1_730' title='bbox 588 5566 761 5626; x_wconf 88' lang='lat' dir='ltr'><strong>annis</strong></span> <span class='ocrx_word' id='word_1_731' title='bbox 789 5583 916 5637; x_wconf 86' lang='lat' dir='ltr'><strong>vm,</strong></span> <span class='ocrx_word' id='word_1_732' title='bbox 950 5584 1143 5627; x_wconf 87' lang='lat' dir='ltr'><strong>mens.</strong></span> <span class='ocrx_word' id='word_1_733' title='bbox 1173 5584 1269 5640; x_wconf 77' lang='lat' dir='ltr'><strong>XI;</strong></span> <span class='ocrx_word' id='word_1_734' title='bbox 1303 5566 1481 5627; x_wconf 88' lang='lat' dir='ltr'><strong>Gaius</strong></span> <span class='ocrx_word' id='word_1_735' title='bbox 1509 5585 1641 5629; x_wconf 87' lang='lat' dir='ltr'><strong>vero</strong></span> <span class='ocrx_word' id='word_1_736' title='bbox 1673 5570 1845 5628; x_wconf 90' lang='lat' dir='ltr'><strong>annis</strong></span> <span class='ocrx_word' id='word_1_737' title='bbox 1952 5565 2381 5645; x_wconf 76' lang='lat' dir='ltr'><strong>tyrum,_cujus_</strong></span> <span class='ocrx_word' id='word_1_738' title='bbox 2405 5566 2638 5625; x_wconf 87' lang='lat' dir='ltr'><strong>initium</strong></span> <span class='ocrx_word' id='word_1_739' title='bbox 2674 5565 3017 5645; x_wconf 56' lang='lat' dir='ltr'><strong>repetituri;</strong></span> <span class='ocrx_word' id='word_1_740' title='bbox 3043 5568 3115 5623; x_wconf 84' lang='lat'><strong>29</strong></span> <span class='ocrx_word' id='word_1_741' title='bbox 3131 5572 3279 5645; x_wconf 86' lang='lat' dir='ltr'><strong>Aug.</strong></span> <span class='ocrx_word' id='word_1_742' title='bbox 3304 5568 3599 5645; x_wconf 62' lang='lat' dir='ltr'><strong>anni28’4.</strong></span> 
     </span>
    </p>
   </div>
   <div class='ocr_carea' id='block_1_71' title="bbox 185 5638 3600 5713">
    <p class='ocr_par' dir='ltr' id='par_1_71' title="bbox 185 5638 3600 5713">
     <span class='ocr_line' id='line_1_72' title="bbox 185 5638 3600 5713; baseline 0.002 -20"><span class='ocrx_word' id='word_1_743' title='bbox 185 5638 614 5713; x_wconf 58' lang='lat' dir='ltr'><strong>ni,_gne_n‘s._rv.</strong></span> <span class='ocrx_word' id='word_1_744' title='bbox 750 5712 761 5713; x_wconf 18' lang='grc' dir='ltr'>ί</span> <span class='ocrx_word' id='word_1_745' title='bbox 886 5712 891 5713; x_wconf 15' lang='grc' dir='ltr'>ί</span> <span class='ocrx_word' id='word_1_746' title='bbox 1212 5712 1219 5713; x_wconf 16' lang='grc' dir='ltr'>ί</span> <span class='ocrx_word' id='word_1_747' title='bbox 1258 5638 1263 5640; x_wconf 55' lang='grc'>⁷</span> <span class='ocrx_word' id='word_1_748' title='bbox 1302 5710 1312 5713; x_wconf 27' lang='grc' dir='ltr'><strong>Α</strong></span> <span class='ocrx_word' id='word_1_749' title='bbox 1696 5712 1743 5713; x_wconf 34' lang='grc' dir='ltr'><em>η</em></span> <span class='ocrx_word' id='word_1_750' title='bbox 1980 5638 1996 5642; x_wconf 69' lang='grc'>⁷</span> <span class='ocrx_word' id='word_1_751' title='bbox 2024 5640 2135 5713; x_wconf 84' lang='grc'><strong>(46)</strong></span> <span class='ocrx_word' id='word_1_752' title='bbox 2180 5640 2314 5713; x_wconf 82' lang='lat' dir='ltr'><strong>Eus.</strong></span> <span class='ocrx_word' id='word_1_753' title='bbox 2368 5638 2407 5697; x_wconf 92' lang='lat' dir='ltr'><strong>l.</strong></span> <span class='ocrx_word' id='word_1_754' title='bbox 2460 5659 2559 5710; x_wconf 82' lang='lat' dir='ltr'><strong>vn,</strong></span> <span class='ocrx_word' id='word_1_755' title='bbox 2595 5656 2644 5696; x_wconf 94' lang='lat' dir='ltr'><strong>c.</strong></span> <span class='ocrx_word' id='word_1_756' title='bbox 2700 5640 2792 5703; x_wconf 88' lang='lat'><strong>23,</strong></span> <span class='ocrx_word' id='word_1_757' title='bbox 2824 5641 2912 5713; x_wconf 75' lang='grc'><strong>24.</strong></span> <span class='ocrx_word' id='word_1_758' title='bbox 2946 5638 3255 5704; x_wconf 66' lang='grc' dir='ltr'><strong>Μαι-θηεῘῖ</strong></span> <span class='ocrx_word' id='word_1_759' title='bbox 3281 5643 3410 5701; x_wconf 89' lang='lat' dir='ltr'><strong>cod.</strong></span> <span class='ocrx_word' id='word_1_760' title='bbox 3445 5641 3600 5700; x_wconf 76' lang='lat' dir='ltr'><strong>hanc</strong></span> 
     </span>
    </p>
   </div>
   <div class='ocr_carea' id='block_1_72' title="bbox 252 5708 2919 5791">
    <p class='ocr_par' dir='ltr' id='par_1_72' title="bbox 252 5708 2919 5791">
     <span class='ocr_line' id='line_1_73' title="bbox 252 5708 2919 5791; baseline 0.001 -24"><span class='ocrx_word' id='word_1_761' title='bbox 252 5708 368 5789; x_wconf 73' lang='grc'><strong>(45)</strong></span> <span class='ocrx_word' id='word_1_762' title='bbox 398 5709 498 5770; x_wconf 74' lang='lat' dir='ltr'><strong>Est</strong></span> <span class='ocrx_word' id='word_1_763' title='bbox 524 5710 645 5773; x_wconf 65' lang='lat' dir='ltr'><strong>huc</strong></span> <span class='ocrx_word' id='word_1_764' title='bbox 676 5712 931 5773; x_wconf 84' lang='lat' dir='ltr'><strong>celebris</strong></span> <span class='ocrx_word' id='word_1_765' title='bbox 961 5713 1098 5772; x_wconf 70' lang='lat' dir='ltr'><strong>Era</strong></span> <span class='ocrx_word' id='word_1_766' title='bbox 1153 5710 1518 5774; x_wconf 80' lang='lat' dir='ltr'><strong>Diocletiano.</strong></span> <span class='ocrx_word' id='word_1_767' title='bbox 1559 5727 1664 5773; x_wconf 84' lang='lat' dir='ltr'><strong>seu</strong></span> <span class='ocrx_word' id='word_1_768' title='bbox 1691 5712 1843 5775; x_wconf 84' lang='lat' dir='ltr'><strong>Mar-</strong></span> <span class='ocrx_word' id='word_1_769' title='bbox 1954 5708 2154 5773; x_wconf 74' lang='lat' dir='ltr'><strong>notam</strong></span> <span class='ocrx_word' id='word_1_770' title='bbox 2184 5710 2245 5774; x_wconf 88' lang='lat' dir='ltr'><strong>in</strong></span> <span class='ocrx_word' id='word_1_771' title='bbox 2275 5708 2611 5777; x_wconf 81' lang='lat' dir='ltr'><strong>contextum</strong></span> <span class='ocrx_word' id='word_1_772' title='bbox 2640 5710 2919 5791; x_wconf 82' lang='lat' dir='ltr'><strong>reposuit.</strong></span> 
     </span>
    </p>
   </div>
   <div class='ocr_carea' id='block_1_73' title="bbox 491 5840 3283 5916">
    <p class='ocr_par' dir='ltr' id='par_1_73' title="bbox 491 5840 3283 5916">
     <span class='ocr_line' id='line_1_74' title="bbox 491 5840 3283 5916; baseline -0 0"><span class='ocrx_word' id='word_1_773' title='bbox 491 5843 767 5916; x_wconf 69' lang='lat' dir='ltr'><strong>PATROL.</strong></span> <span class='ocrx_word' id='word_1_774' title='bbox 813 5840 1081 5910; x_wconf 81' lang='lat' dir='ltr'><strong>CXLIII.</strong></span> <span class='ocrx_word' id='word_1_775' title='bbox 3245 5840 3283 5915; x_wconf 81' lang='lat'><strong>3</strong></span> 
     </span>
    </p>
   </div>
  </div>
