4026 6228
424 367 512 436 ’75
1249 373 1661 433 ΗΕΠΜΑΝΝΙ
1708 371 2088 433 ΟΟΝΤΒΑΟἽ

2227 372 2596 433 .UGIENSIS
2643 370 3024 434 MONACHI.
3771 365 3848 427 76

1809 501 2039 559 CODEX
2079 502 2480 558 AUGIENSIS.

507 637 615 692 286
645 635 1040 692 Diocletianus
1098 634 1513 690 Herculianum
1569 635 1988 690 Maximianum
2023 635 2080 690 in
2112 639 2167 703 Α
2270 636 2368 691 25
2401 639 2506 692 300
2537 634 2805 692 Galerius
2837 633 3248 700 Maximianus,
3301 632 3492 688 victus
3541 648 3574 686 a
3605 631 3849 698 Narceo,

429 711 802 784 consortium
839 723 997 796 regni
1031 724 1302 780 assumit.
1337 726 1458 779 Eas.
1494 743 1547 780 (ι.
1586 727 1710 778 288.

511 816 615 870 287
645 813 1033 870 Maximianus
1057 813 1114 868 in
1140 811 1325 869 Gallia
1346 814 1676 869 Amandum
1699 831 1832 869 cum
1853 812 2088 868 rusticis

438 904 596 961 vicit.
631 905 754 958 Eus.
783 919 836 958 a.
871 919 982 974 seq.

511 992 738 1050 24288
766 991 883 1048 Hoc
914 995 1176 1063 tempore
1203 996 1384 1046 Carus
1409 992 1556 1062 [Eus.
1591 990 1928 1059 Carausius]
1964 989 2086 1044 Bri-

437 1079 722 1150 tanniam,
739 1080 995 1136 Narseus
1013 1097 1111 1136 rex
1133 1080 1439 1136 Persarum
1460 1080 1778 1148 Orientem,
1796 1079 2088 1134 Achilleus

427 1155 784 1244 ‘Egyptium,
808 1168 1332 1241 Quinquegentiani
1359 1168 1609 1224 Africam
1636 1169 2086 1235 infestaverunt;

439 1259 512 1314 ob
543 1274 672 1330 qua
713 1257 1132 1314 Constantinus
1165 1259 1290 1329 [leg.
1350 1256 1767 1323 Constantius],
1827 1256 2088 1312 Galerius

437 1349 498 1403 et
527 1346 918 1404 Maximianus
941 1346 1002 1402 in
1035 1363 1279 1418 regnum
1305 1349 1706 1401 assumuntur.
1741 1346 1863 1399 Eus.
1891 1363 1942 1399 a.
1976 1362 2086 1416 seq.

509 1435 617 1490 290
647 1433 1038 1491 Diocletianus
1102 1435 1509 1491 Constantium
1575 1433 1937 1490 Constantini
1988 1452 2086 1506 pa-

439 1530 590 1581 trem
643 1524 923 1581 Caesarem
975 1523 1129 1589 fecit,
1163 1525 1263 1596 qui
1320 1523 1582 1596 regnavit
1612 1523 1782 1578 annis
1813 1541 1926 1578 xvx.
1960 1525 2084 1578 Eas.

444 1631 498 1670 a.
520 1631 609 1687 pr.

510 1703 607 1759 291
648 1703 972 1774 Imperator
1023 1701 1315 1758 Galerium
1349 1699 1767 1756 Maximianum
1802 1702 2086 1757 Cmsarem

445 1793 598 1850 fecit.
639 1797 770 1848 Eus.
807 1809 860 1848 a.
893 1793 1019 1847 289.

515 1882 621 1936 292
651 1881 768 1937 Hoc
801 1885 1058 1954 tempore
1090 1881 1354 1938 Phicrius
1388 1879 1704 1952 presbyter,
1738 1883 1793 1934 et
1830 1877 2088 1934 Achillas

444 1974 500 2026 et
531 1969 766 2027 Melitus
797 1968 1146 2026 Alexandria:
1180 1968 1533 2024 claruerunt.

513 2059 620 2113 293
649 2059 750 2114 His
800 2057 1160 2130 temporibus
1219 2057 1459 2112 diversis
1517 2063 1574 2112 et
1623 2056 1826 2113 multis
1877 2056 2090 2128 prmliis

444 2148 642 2206 hostes
673 2146 885 2202 diversi
913 2148 1243 2202 vincuntur.
1279 2147 1406 2200 tius.

511 2236 620 2292 295
648 2235 1042 2292 Diocletianus
1073 2252 1135 2291 se
1166 2238 1229 2289 ut
1259 2235 1434 2289 deum
1461 2234 1687 2290 adorari
1727 2233 1928 2306 jussit.
1965 2237 2092 2290 Eus.

441 2325 500 2382 Ιι.
529 2343 610 2392 α.,
641 2326 717 2380 al.
750 2341 804 2380 a.
835 2325 961 2378 293.

511 2414 621 2468 296
649 2413 788 2468 Gaio
822 2428 981 2484 papa:
1006 2427 1109 2482 per
1134 2409 1481 2482 martyrium
1503 2415 1778 2468 coronato
1810 2411 2096 2468 Marcelli-

445 2518 562 2559 nus
589 2499 812 2556 XXVIII
846 2498 1147 2555 successit.
1181 2501 1306 2554 Eus.
1340 2516 1392 2554 a.
1426 2515 1534 2569 seq.

514 2590 621 2646 297
652 2587 1048 2643 Diocletianus
1106 2586 1256 2642 victo
1308 2586 1569 2642 Achilleo
1603 2586 2009 2643 Alexandriam
2043 2591 2100 2644 et

451 2679 768 2751 Egyptum
799 2676 1036 2749 recepit.
1069 2677 1192 2732 Eus.
1226 2693 1278 2732 a.
1311 2692 1420 2748 seq.

519 2766 628 2822 298
658 2766 816 2822 Idem
847 2765 1138 2839 plurimos
1169 2781 1272 2838 per
1302 2768 1482 2820 totam
1514 2766 1822 2838 .‘Egyplum
1854 2765 2099 2838 proseri-

453 2855 754 2930 ptionibus
784 2859 840 2910 et
869 2853 1091 2910 exsiliis
1122 2853 1439 2910 damnavit.
1473 2855 1601 2908 Eus.
1635 2855 1689 2908 h.
1722 2872 1775 2911 a.

2201 729 2334 778 ante
2366 729 2705 796 carpentur.
2757 721 3093 779 Diocletiani
3152 725 3511 793 purpuratus
3561 719 3847 775 cucurrit.

2202 817 2330 868 Eus.
2363 831 2414 868 a.
2448 813 2572 868 301.

2269 903 2365 955 301
2404 902 2792 958 Maximianus
2840 901 3124 956 Narseum
3172 899 3488 971 superavit,
3521 903 3576 954 et
3609 915 3852 954 uxorem

2199 991 2330 1061 ejus
2379 1009 2445 1046 ac
2475 990 2689 1046 liberos
2739 989 3064 1062 captivavit.
3119 993 3246 1045 Eus.
3307 1006 3361 1043 a.
3420 989 3545 1042 302.
3605 990 3762 1044 Eutr.
3797 1005 3848 1042 a.

2198 1081 2323 1133 297.

2267 1171 2311 1223 3i
2327 1169 2370 1224 ι2
2405 1168 2790 1224 Diocletianus
2813 1171 2869 1223 et
2891 1165 3281 1222 Maximianus
3303 1164 3519 1239 insigni
3540 1183 3759 1238 pompa
3780 1165 3852 1220 de

2199 1257 2468 1313 hostibus
2499 1258 2884 1329 triumphant.
2920 1259 3046 1312 Eus.
3081 1274 3132 1311 α.
3161 1272 3270 1327 seq.

2268 1347 2372 1401 303
2408 1345 2796 1401 Diocletianus
2827 1349 2882 1400 et
2905 1344 3297 1400 Maximianus
3318 1343 3594 1400 ecclesias
3614 1344 3852 1400 subver-

2199 1439 2348 1500 tant,
2381 1435 2560 1490 libros
2593 1434 2818 1489 divinos
2849 1433 3188 1504 incendunt,
3231 1438 3288 1489 et
3317 1433 3683 1489 Christianos
3716 1449 3852 1488 cru-

2199 1524 2372 1580 ciant.
2406 1523 2534 1579 Eus.
2567 1541 2621 1578 a.
2644 1539 2756 1594 seq.

2267 1613 2368 1666 30’:
2402 1611 2794 1668 Diocletianus
2824 1611 3192 1677 Nicomedim,
3225 1615 3278 1666 et
3310 1610 3702 1667 Maximianus
3738 1611 3856 1666 Me-

2200 1699 2416 1756 diolani
2439 1717 2760 1772 purpuram
2795 1704 2850 1755 et
2880 1716 3125 1774 regnum
3150 1701 3468 1773 deponunt.
3497 1700 3623 1755 Eus.
3657 1717 3711 1755 a.
3745 1716 3854 1771 seq.

2201 1823 2262 1828 ——
2287 1789 2572 1845 Eusebius
2589 1807 2738 1862 papa
2770 1790 2920 1844 sedit
2953 1804 3184 1846 menses
3209 1807 3330 1856 VIII,
3354 1792 3486 1862 post
3514 1803 3692 1862 quem
3728 1787 3854 1844 Mil-

2197 1879 2381 1934 tiades
2413 1896 2597 1934 annos
2639 1897 2690 1933 ιν
2738 1880 2868 1951 (47).
2903 1881 3030 1934 Eas.
3065 1896 3119 1934 α.
3152 1896 3261 1949 seq.

2267 1967 2374 2021 305
2406 1965 2756 2022 Maximinus
2811 1971 2867 2022 et
2898 1967 3147 2022 Severus
3201 1966 3452 2022 Caesares
3502 1967 3637 2022 facti
3692 1971 3852 2023 sunt.

2202 2059 2329 2112 Eas.
2364 2073 2416 2110 α.
2448 2071 2558 2128 seq.
2614 2088 2680 2095 —
2711 2055 3088 2111 Constantius
3145 2059 3448 2128 Augustus
3503 2055 3670 2123 obiit,
3723 2060 3855 2129 post

2199 2160 2373 2215 quem
2403 2144 2823 2200 Constantinus
2857 2143 3012 2199 filius
3035 2145 3184 2215 ejus,
3214 2147 3335 2200 Eas.
3370 2161 3423 2199 a.
3444 2144 3570 2199 307.
3602 2177 3673 2185 —
3703 2145 3855 2201 Con-

2207 2233 2502 2289 stantinus
2531 2232 2849 2288 Constantii
2882 2251 2948 2288 ex
2977 2233 3301 2288 concubina
3324 2232 3540 2289 Helena
3565 2233 3724 2290 ﬁlius
3747 2235 3860 2306 pri-

2205 2339 2338 2377 mus
2367 2321 2702 2394 imperator,
2737 2326 2970 2393 excepto
3001 2321 3292 2395 Philippo,
3323 2321 3690 2378 Christianus
3723 2323 3855 2390 fuit,

2205 2415 2260 2466 et
2301 2411 2371 2465 ab
2415 2409 2524 2466 hoc
2572 2410 2886 2466 Christiani
2939 2411 3319 2483 imperatores
3372 2427 3502 2466 esse
3532 2417 3855 2484 cmperunt.

2206 2503 2334 2554 Eas.
2367 2517 2418 2554 a.
2452 2500 2578 2554 307.

2277 2589 2382 2641 306
2414 2587 2494 2658 (In
2547 2605 2725 2660 marg.
2755 2588 3173 2644 Constantinus
3203 2605 3338 2644 ann.
3375 2606 3506 2657 xxx,
3539 2605 3732 2644 mens.
3781 2591 3860 2662 χ.)

2209 2677 2537 2732 Maxentius
2551 2677 2888 2733 Maximiani
2901 2676 3153 2733 Herculii
3171 2676 3326 2734 ﬁlius
3343 2681 3650 2750 Augustus
3671 2677 3866 2752 appel-

2212 2765 2382 2820 latur.
2415 2767 2540 2821 Eus.
2574 2783 2628 2821 a.
2661 2767 2786 2822 308.

2285 2855 2384 2910 26
2414 2855 2518 2908 307
2549 2855 2937 2912 Maximianus
2969 2857 3123 2929 apud
3155 2855 3480 2912 Massiliam
3505 2857 3762 2929 turpiter
3782 2857 3866 2913 in-

521 2945 630 3000 299
660 2943 1034 3000 Constantius
1067 2942 1367 3015 sexaginta
1399 2941 1583 2998 millia
1635 2943 2099 2999 Alamannorum
2214 2943 2510 2998 lerﬁcitur.
2537 2945 2758 3016 Eutrop.
2792 2963 2844 3000 a.
2877 2946 3001 3001 310.

457 3033 628 3105 juxta
657 3033 954 3106 Lingonas
1001 3031 1232 3088 occidit.
1282 3033 1410 3088 Eus.
1445 3049 1496 3086 a.
1529 3032 1653 3088 301.
1699 3035 1852 3088 Eutr.
1885 3051 1938 3088 a.
1970 3035 2096 3087 297.

1505 3200 1974 3257 COMPENDIUM
2017 3200 2104 3256 EX
2126 3200 2399 3280 §ODICE
2435 3200 2812 3256 BERNOLDI.

519 3345 628 3401 286
653 3344 731 3400 Ab
768 3344 866 3400 hoc
893 3360 1059 3410 anno,
1094 3347 1158 3399 ut
1187 3346 1247 3400 Α.
1283 3361 1334 3400 a.
1369 3361 1455 3416 pr.

520 3435 630 3490 287
657 3434 1025 3490 Diocletianus
1055 3433 1371 3488 Herculium
1419 3435 1814 3488 Maximianum
1861 3436 1920 3487 in
1969 3449 2095 3488 con-

447 3523 680 3579 sortium
724 3523 885 3591 regni
911 3523 1157 3585 assumit,
1209 3521 1283 3577 al.
1318 3539 1369 3577 a.
1401 3525 1527 3576 285.

518 3613 625 3666 288
654 3611 1044 3675 Maximianus,
1075 3614 1208 3678 etc.,
1245 3615 1308 3666 ut
1338 3628 1390 3666 a.
1424 3628 1512 3683 pr.

515 3700 622 3756 289
653 3701 758 3756 Hoc
806 3703 1044 3772 tempore
1092 3698 1451 3754 Carausius...

454 3805 506 3844 a.
539 3804 628 3862 pr.

515 3877 613 3933 29l
667 3878 1038 3934 Diocletianus
1089 3877 1488 3942 Constantium,
1539 3881 1671 3946 etc.,
1733 3880 1798 3932 ut
1847 3877 1905 3932 in
1939 3881 2089 3950 Aug.

449 3983 502 4024 a.
537 3984 625 4040 pr.

517 4057 624 4111 292
650 4057 1045 4124 Diocletianus,
1078 4060 1145 4112 ut
1173 4059 1242 4110 A.
1275 4071 1328 4111 a.
1360 4071 1447 4127 pr.

515 4144 622 4198 293
653 4144 760 4201 Hoc
781 4148 1020 4216 tempore
1048 4143 1328 4213 Phierius,
1361 4146 1427 4197 ut
1453 4145 1522 4196 A.
1558 4159 1610 4196 a.
1647 4159 1732 4214 pr.

514 4232 620 4286 29!:
651 4233 745 4287 His
773 4232 1124 4304 temporibus,
1167 4234 1232 4285 ut
1273 4231 1339 4284 A.
1373 4246 1425 4284 a.
1460 4246 1547 4300 pr.

510 4321 616 4375 296
645 4321 1016 4378 Diocletianus
1045 4334 1123 4386 se,
1159 4321 1224 4372 ut
1250 4318 1315 4372 A.
1349 4334 1444 4372 an.
1481 4333 1568 4388 pr.

507 4410 616 4466 298
645 4408 776 4465 Gaio
799 4423 962 4480 papae
991 4425 1027 4462 x
1081 4407 1198 4462 Kal.
1233 4405 1362 4460 Maii
1415 4407 1775 4475 martyri/tato
1822 4406 2089 4463 Marcelli-

392 4549 398 4566 ,
435 4513 546 4554 nus
570 4495 792 4552 XXVIII
822 4496 1076 4551 successit
1108 4495 1270 4548 annis
1295 4509 1508 4560 novem,
1533 4495 1629 4565 qui
1658 4496 1786 4549 item
1806 4511 1906 4566 pro
1937 4494 2090 4552 Chri-

435 4595 518 4643 sto
564 4601 754 4657 pussus
799 4593 876 4640 est
923 4601 978 4638 vx
1032 4583 1152 4638 Kal.
1205 4583 1355 4636 Maii.
1388 4581 1538 4636 Nota
1583 4583 1924 4654 marginalis
1955 4585 2088 4640 Ber-

437 4673 600 4730 noldi
629 4689 644 4729 :
678 4674 964 4744 Hucusque
991 4671 1359 4726 ecclesiastica
1415 4671 1654 4726 Historia
1699 4672 1918 4728 Eusebii
1961 4689 2087 4729 suc-

1503 3706 1866 3766 vastarerunt,
1914 3702 1979 3753 ut
2027 3704 2064 3751 A
2077 3740 2091 3754 .

2152 3345 2170 3408 1
2279 3344 2377 3397 301
2413 3344 2759 3399 Alexandrix
2815 3345 2923 3400 XVI
2948 3345 3138 3401 Petrus
3166 3347 3442 3418 episcopus
3504 3347 3647 3404 sedit
3696 3351 3868 3404 annis

2208 3449 2306 3486 xu.
2343 3433 2472 3486 Eus.
2508 3449 2560 3487 a.
2595 3434 2720 3499 393,
2756 3433 2830 3488 al.
2873 3450 2926 3489 a.
2959 3433 3082 3489 300.

2276 3520 2382 3574 302
2406 3520 2653 3576 Galerius
2684 3523 3062 3578 Maximianus
3088 3525 3378 3593 Narseum,
3407 3528 3544 3594 etc.,
3572 3529 3638 3580 ut
3664 3526 3728 3582 Δ.
3763 3543 3862 3582 an.

2207 3625 2376 3680 praac.

2275 3696 2380 3750 303
2410 3697 2847 3755 Diocletianus...
2904 3701 3263 3772 triumphant.
3309 3706 3375 3756 ut
3421 3707 3491 3757 A.
3525 3718 3622 3758 an.
3680 3719 3856 3776 prec.

2273 3787 2379 3841 304
2409 3787 2780 3843 Diocletianus
2809 3791 2868 3843 in
2912 3790 3149 3857 Oriente,
3172 3799 3223 3846 et
3244 3792 3531 3846 Herculius
3554 3792 3862 3849 Maximia-

2203 3890 2306 3930 nus
2338 3877 2398 3930 in
2430 3875 2709 3932 Occidente
2736 3876 2996 3934 ecclesias
3039 3879 3378 3947 subvertant,
3428 3880 3598 3936 libros
3642 3881 3864 3940 divinos

2201 3964 2524 4032 incendunt,
2557 3973 2606 4021 et
2668 3967 3007 4024 Christianos
3059 3968 3271 4026 decima
3315 3971 3700 4042 persecutione
3731 3981 3858 4044 post

2199 4053 2466 4110 Neronem
2495 4057 2904 4112 cruciaverunt.

2271 4143 2377 4197 305
2405 4145 2780 4202 Diocletianus
2833 4147 3157 4203 Nicomedix
3211 4152 3264 4204 et
3311 4148 3684 4205 Maximianus
3741 4155 3863 4208 He—

2199 4230 2412 4287 diolani
2439 4250 2714 4304 purpuras
2755 4239 2808 4290 et
2839 4252 3089 4306 regnum,
3121 4239 3187 4292 ob
3224 4240 3513 4293 senectutis
3553 4237 3860 4310 delectum,

2198 4328 2384 4390 sponte
2413 4321 2707 4392 deponunt.
2749 4353 2818 4364 —-
2857 4323 3106 4379 Galerius
3135 4333 3187 4380 et
3220 4327 3572 4386 Constantius
3597 4329 3861 4400 Augusti.

2201 4437 2270 4450 -
2299 4410 2636 4466 Maximinus
2681 4417 2990 4484 persecutor
3021 4412 3464 4471 Christianorum
3519 4417 3569 4471 et
3617 4415 3864 4475 Severus

2201 4495 2442 4555 Cwsares
2469 4501 2771 4570 eliguntur.

2270 4589 2376 4642 306
2407 4588 2750 4646 Constantius
2797 4599 3058 4661 augustas
3115 4593 3202 4646 vir
3250 4599 3564 4648 mansuetus
3611 4596 3673 4649 in
3725 4597 3864 4652 Bri-

2197 4680 2391 4734 tannia
2423 4679 2650 4733 Eboraci
2672 4680 2823 4734 obiit.
2857 4680 3019 4735 Paul.
3054 4680 3216 4736 Oros.
3250 4680 3310 4735 h.
3345 4697 3398 4737 a.
3435 4711 3503 4721 -—
3537 4678 3862 4741 Constanti-

434 4763 700 4819 cessiones
715 4761 1014 4832 praestitum
1038 4761 1558 4826 Romanorum,sive
1588 4761 2086 4818 Alexandrinorum
2116 4736 2162 4800 D
2191 4784 2297 4822 nus
2330 4766 2636 4822 Constantii
2666 4767 2884 4823 XXXIV
2927 4785 2996 4823 ex
3049 4769 3354 4825 concubina
3403 4771 3608 4827 Helena
3676 4773 3864 4845 ﬁlius,

437 4853 563 4925 apte
590 4849 867 4914 I'escribit,
900 4849 1038 4902 sicut
1092 4856 1143 4902 et
1189 4849 1278 4900 hic
1324 4847 1614 4920 descripta
1645 4850 1919 4906 habentur
1947 4853 2081 4924 (48).

508 4939 616 4995 299
643 4939 1017 4994 Diocletianus
1071 4938 1209 4992 victo
1269 4937 1525 5000 Aelu'lleo,
1589 4942 1719 5002 etc.,
1754 4943 1820 4993 ut
1874 4944 1939 4994 A.
1987 4958 2082 4997 an.

439 5030 568 5085 297.

508 5118 617 5173 300
663 5116 1009 5174 Constantius
1054 5115 1343 5184 sexaginta
1399 5115 1584 5171 millia
1654 5117 2088 5174 Alamannorum

437 5205 653 5264 occidit.

2195 4857 2359 4910 annis
2391 4857 2643 4925 triginta,
2677 4856 2952 4912 mensibus
2982 4857 3181 4912 decem.
3215 4859 3313 4913 Hic
3354 4859 3572 4929 primus
3603 4861 3864 4933 impera-

2197 4953 2348 4999 tor...
2381 4953 2672 5015 cteperunt,
2710 4949 2774 5000 ut
2805 4950 2874 5000 A.
2909 4963 3004 5000 an.
3039 4963 3208 5017 prato.

2266 5035 2368 5087 307
2401 5033 2722 5098 Maxentius,
2755 5034 3084 5089 Maximiani
3137 5035 3383 5090 Herculii
3425 5036 3602 5105 ﬁlius,
3663 5040 3860 5111 Augu-

2195 5125 2311 5177 stus
2340 5121 2670 5193 appellatur.
2706 5153 2773 5163 —
2818 5123 3116 5178 Marcellus
3149 5123 3321 5179 XXIX
3361 5124 3472 5196 (49)
3515 5143 3667 5199 papa
3716 5127 3863 5185 sedit

2196 5212 2362 5266 annis
2386 5213 2643 5284 quinque,
2673 5225 2866 5283 passus
2887 5220 2966 5268 est
2993 5229 3113 5268 xvu
3152 5213 3273 5270 Kal.
3303 5213 3460 5270 Febr.

2019 5361 2252 5418 NO'l‘zE.

505 5495 1022 5573 (47_)AMarcel_lin‘us
1054 5499 1287 5573 quidem
1323 5501 1431 5558 hoc
1462 5518 1616 5558 anno
1647 5501 1809 5572 obiit,
1843 5502 1935 5557 cui
1967 5521 2081 5560 non

431 5569 744 5646 Eusebius,
775 5571 875 5627 sed
907 5569 1211 5646 Marcellus
1229 5581 1358 5646 post
1379 5574 1556 5628 trium
1592 5569 1879 5630 annorum
1903 5573 2080 5631 inter-

432 5641 799 5718 pontitlgium
828 5644 1016 5718 p.308
1046 5641 1349 5718 successit.
1381 5647 1516 5716 Pag.

508 5713 617 5794 (48)
647 5713 709 5773 In
740 5715 866 5774 cod.
897 5715 1152 5775 Murensi
1196 5717 1318 5776 hac
1355 5713 1491 5774 nota
1533 5713 1716 5772 textui
1751 5713 1969 5772 inserta
1999 5713 2080 5774 le-

2192 5512 2916 5670 ?ilgtr’islsrseﬂesseps:
2933 5579 3176 5670 _e:-?98,
3215 5580 3699 5670 electrasﬂero.
3718 5591 3858 5670 post

2191 5665 2344 5706 anno
2375 5649 2479 5706 310
2511 5649 2827 5707 defunctus
2852 5668 3249 5710 successorem
3292 5649 3498 5712 habuit
3521 5649 3856 5720 Eusebium

2191 5727 2442 5798 quatuor
2463 5723 2694 5780 tantum
2722 5721 3016 5780 mensium
3050 5724 3408 5798 pontificem.
