4026 6228
200 389 267 444 77
1441 387 1910 454 CHRONICON.
1944 426 2021 437 —
2052 394 2239 455 SEC.
2290 395 2389 455 IV.
3540 400 3618 460 '18

1584 549 1815 607 CODEX
1851 550 2246 607 AUGIENSIS.

268 641 601 699 3080cciso
651 643 888 709 Severo,
925 644 1183 699 Licinius
1217 646 1406 701 Caesar
1436 646 1849 703 el‘liciturJius.
1887 652 1935 714 Α
2038 650 2143 703 323
2173 652 2591 709 Constantinus
2622 655 2735 725 (53)
2790 653 2945 709 illius
2985 655 3373 723 Constantini,
3428 659 3617 714 Caesar

204 747 237 785 a
277 747 385 803 seq.
429 764 496 773 —
547 731 823 791 Galerius
872 732 1263 791 Maximianus
1310 734 1578 791 moritur.
1623 736 1747 791 Eus.
1798 753 1853 791 a.

208 819 327 874 311.

269 908 373 964 309
400 906 681 966 Silvester
728 928 882 983 papa
922 910 1074 968 sedit
1120 912 1291 968 annis
1330 930 1439 969 xxv
1470 912 1604 985 (50).
1656 915 1763 970 Eus
1793 931 1852 971 a.

202 998 319 1054 312.
355 1030 419 1041 -
442 999 829 1056 Maximimus
850 1000 1215 1057 Christianos
1243 1001 1682 1077 prosequituret
1702 1003 1855 1076 apud

200 1086 486 1144 Tharsum
515 1088 792 1158 moritur,
827 1094 960 1146 Eas.
991 1106 1046 1146 a.
1070 1089 1197 1147 312.

269 1176 369 1231 311
405 1176 1208 1249 MaxentiusjuxtaMolvium
1237 1182 1473 1250 pontem
1508 1196 1541 1234 a
1573 1177 1854 1236 Constan-

203 1263 322 1320 tino
354 1271 668 1337 superatus
699 1266 1001 1323 occiditur.
1033 1265 1162 1323 Eus.
1196 1284 1250 1322 a.
1283 1266 1408 1322 313.

268 1355 376 1411 312
406 1355 741 1412 Persecutio
774 1356 1007 1412 tandem
1040 1361 1174 1429 post
1200 1357 1401 1411 decem
1451 1372 1639 1413 annos
1690 1356 1857 1414 finita

200 1448 307 1499 est.

231 1460 307 1500 si.

267 1533 371 1589 314
400 1532 801 1590 Diocletianus
832 1533 888 1588 in
922 1533 1137 1606 praedio
1169 1551 1275 1590 suo
1306 1534 1560 1591 moritur
1605 1539 1663 1591 et
1693 1534 1855 1594 solus

199 1622 420 1678 omium
452 1622 714 1696 privatus
743 1624 894 1679 inter
923 1624 1060 1680 deos
1091 1624 1359 1680 refertur.
1395 1625 1522 1681 Eus.
1554 1642 1605 1681 a.
1640 1625 1850 1696 317,al.

198 1728 250 1769 a.
280 1713 408 1768 313.

270 1801 378 1856 315
406 1801 647 1857 Plurimi
673 1806 1113 1875 persecutorum
1137 1806 1194 1858 et
1224 1819 1528 1876 magorum
1553 1805 1851 1861 trucidan-

199 1894 321 1946 tur.

1966 738 2235 794 efﬁcitur.
2274 771 2338 779 —
2366 740 2621 797 Licinius
2652 742 2954 797 occiditur.
2989 744 3114 799 Eus.
3148 760 3201 798 a.
3232 761 3341 815 seq.

2036 827 2139 881 324
2172 828 2289 883 Iloc
2318 832 2578 900 tempore
2608 848 2749 887 crux
2778 831 3081 887 Dominica
3111 832 3182 887 ab
3213 832 3447 901 Helena,
3466 835 3613 891 Con-

1968 914 2207 970 stantini
2243 922 2446 985 matre,
2476 918 2888 991 llierosolymis
2919 920 3204 993 reperitur
3235 922 3344 977 sub
3366 922 3615 979 Macario

1967 1004 2229 1072 ejusdem
2263 1005 2425 1061 urbis
2456 1004 2746 1079 episcopo.
2778 1012 2837 1064 S.
2871 1009 3095 1064 Paulin.
3130 1010 3382 1081 epist.11,
3430 1012 3509 1066 al.
3557 1028 3612 1067 a.

1965 1092 2089 1145 326.
2114 1124 2180 1132 —
2204 1093 2480 1150 Nazarius
2504 1096 2699 1151 rethor
2722 1097 2967 1169 insignis
2987 1097 3249 1153 habetur.
3276 1102 3401 1155 Eus.
3424 1117 3477 1154 a.
3499 1115 3612 1172 seq.

2036 1180 2141 1235 325
2188 1181 2523 1239 Vicennalia
2573 1185 2940 1240 Constantini
2991 1186 3337 1243 Nicomediae
3376 1193 3522 1258 acta,
3556 1192 3616 1245 et

1966 1270 2232 1340 sequenti
2266 1288 2416 1328 anno
2446 1272 2638 1328 Romae
2670 1274 2849 1331 edita.
2891 1275 3018 1331 Eus.
3052 1293 3106 1330 a.
3134 1276 3258 1331 327.

2034 1358 2139 1413 326
2167 1359 2477 1432 Hucusque
2509 1361 2816 1418 historiam
2861 1363 3065 1420 scribit
3112 1364 3415 1422 Eusebius.
3468 1366 3613 1423 Hinc

1964 1446 2370 1520 Hieronymus,
2403 1450 2478 1505 al.
2511 1467 2604 1507 an.
2636 1468 2745 1523 seq.

2033 1536 2155 1590 327.
2190 1537 2290 1593 28
2321 1537 2732 1595 Constantinus
2764 1540 3090 1613 Drepanam
3141 1542 3422 1615 Bithynia
3472 1544 3611 1602 civi-

1965 1628 2138 1679 tatem
2163 1625 2517 1694 instaurans,
2543 1628 2600 1682 in
2628 1628 2905 1685 honorem
2930 1630 3134 1688 matris
3153 1647 3275 1687 sua:
3292 1630 3613 1705 Helenopo-

1966 1712 2061 1766 lim
2097 1712 2426 1785 appellavit.
2461 1717 2607 1771 Hier.
2645 1735 2698 1783 a,
2730 1734 2844 1789 seq.

2029 1802 2135 1855 328
2148 1802 2342 1857 Ariani
2355 1804 2611 1877 episcOpi
2627 1806 2931 1862 ecclesiam
2951 1808 3612 1882 obtinuerunt,quorum

1962 1893 2225 1962 tempora
2256 1908 2369 1945 non
2402 1893 2770 1965 digeruntur,
2804 1895 2943 1967 quia
2974 1896 3171 1953 hostes
3202 1899 3415 1955 Christi
3458 1901 3615 1971 judi-

265 1981 376 2036 318
407 1979 661 2035 Licinius
690 1981 1055 2039 Christianos
1084 1983 1156 2037 de
1190 1981 1405 2055 palatio
1455 2000 1562 2038 suo
1603 1981 1766 2055 pellit
1793 1986 1853 2039 et
1881 2015 1929 2079 B
1962 1982 2195 2079 cantur:
2223 1981 2375 2034 Hier.
2409 1998 2501 2035 an.
2534 1998 2644 2053 seq.

192 2085 292 2125 eos
323 2069 717 2141 persequitur.
754 2070 883 2126 Eus.
918 2088 971 2125 a.
1003 2073 1130 2126 321.

263 2158 360 2215 21
400 2157 506 2213 319
527 2157 643 2213 Hoc
673 2162 934 2230 tempore
960 2159 1132 2214 Arius
1155 2158 1513 2215 Alexandriae
1545 2158 1851 2231 presbyter

193 2246 508 2303 nefandam
557 2246 908 2303 Arianorum
963 2246 1241 2304 haeresim
1283 2247 1502 2303 condit.
1552 2247 1745 2319 Epiph.
1795 2264 1847 2303 a.

191 2336 289 2391 361
305 2377 318 2390 .

261 2426 369 2480 320
402 2424 761 2482 Alexandria:
813 2425 1124 2482 ordinatur
1170 2425 1480 2498 cpiscopus
1526 2425 1851 2481 Alexander

192 2514 328 2585 (51).
359 2515 486 2569 Eus.
518 2532 574 2571 α.
615 2515 740 2571 322.

260 2603 361 2657 321
398 2602 574 2658 Arius
606 2603 931 2676 presbyter,
975 2602 1047 2658 ab
1096 2601 1342 2658 ecclesia
1375 2619 1407 2658 a
1437 2618 1545 2658 suo
1576 2602 1846 2675 episcopo

185 2691 513 2747 Alexandro
563 2692 809 2763 ejectus,
870 2691 1090 2748 multos
1143 2708 1263 2747 suae
1312 2691 1601 2764 impietati
1640 2692 1841 2749 sociat.

184 2783 314 2836 Eas.
347 2798 402 2836 a.
434 2797 543 2853 seq.

252 2872 363 2926 322
392 2869 712 2926 Concilium
741 2869 802 2925 in
822 2869 1014 2926 Niczea
1045 2872 1437 2943 congregatur
1464 2886 1702 2925 cccxvm
1722 2869 1844 2943 epi-

194 2975 512 3033 scoporum
546 2958 658 3015 sub
689 2957 965 3016 Silvestre
997 2975 1149 3032 papa
1178 2960 1313 3028 (52).

2033 2068 2137 2121 329
2164 2068 2461 2124 Juvencus
2482 2072 2782 2142 presbyter
2803 2071 3399 2147 claruit.Porphyrius
3432 2076 3610 2133 haere-

1964 2154 2113 2211 ticus
2143 2173 2177 2211 a
2220 2158 2600 2214 Constantino
2647 2161 2719 2215 de
2769 2160 2971 2216 exsilio
3024 2161 3321 2217 liberatur.
3374 2166 3522 2219 Hier.
3557 2184 3611 2222 a.

1959 2260 2068 2315 seq.

2029 2335 2135 2387 330
2164 2335 2520 2390 Alexandriae
2553 2336 2860 2392 ordinatur
2890 2338 3201 2410 episcopus
3232 2340 3612 2399 Athanasius.

1958 2422 2272 2477 Dedicatur
2298 2423 2853 2497 Constantinopolis.
2889 2427 3037 2481 Hier.
3072 2444 3104 2481 a
3136 2445 3245 2498 seq.

2027 2512 2124 2565 331
2161 2512 2357 2567 Edicto
2388 2512 2754 2569 Constantini
2788 2513 3097 2587 gentilium
3125 2516 3345 2589 templa
3376 2518 3613 2575 subver-

1956 2617 2021 2655 sa
2051 2605 2207 2655 sunt.
2246 2606 2400 2657 Hier.
2437 2620 2488 2656 (ι.
2523 2619 2635 2674 seq.

2024 2690 2132 2744 332
2158 2689 2259 2745 His
2292 2690 2653 2762 temporibus
2673 2692 2960 2749 Eusebius
2985 2693 3358 2751 Cresariensis
3389 2695 3613 2768 episco-

1956 2794 2091 2849 pus,
2122 2781 2179 2833 et
2207 2777 2303 2833 alii
2340 2779 2507 2833 multi
2541 2780 2806 2835 doctores
2841 2781 3197 2837 claruerunt.

2025 2866 2128 2921 333
2157 2866 2444 2921 Antonius
2475 2868 2799 2949 monachus
2831 2869 3031 2926 clarus
3064 2870 3334 2927 habetur.

1237 3083 1709 3142 COMPENDIUM
1749 3081 1842 3139 EX
1881 3080 2133 3138 CODICE
2173 3080 2558 3136 BERNOLDI.

251 3202 362 3258 308
391 3199 762 3256 Maximianus
792 3200 1104 3270 Herculius,
1134 3204 1268 3265 etc.,
1301 3204 1367 3255 ut
1396 3201 1461 3256 A.
1496 3216 1589 3254 an.
1624 3215 1793 3271 princ.
1872 3199 1914 3264 C
2024 3196 2121 3251 321
2160 3196 2419 3252 Silvester
2435 3214 2580 3270 papa
2608 3198 2783 3254 XXXII
2795 3198 2904 3270 (56)
2920 3198 3060 3255 sedit
3087 3214 3259 3255 annos
3290 3216 3610 3269 xxm,men-

252 3288 363 3344 309
394 3289 575 3344 Occiso
605 3288 818 3352 Severo,
850 3291 984 3353 etc.,
1016 3291 1081 3343 ut
1113 3295 1179 3343 A.
1212 3304 1306 3342 an.
1341 3305 1508 3360 praec.

256 3379 366 3433 310
397 3376 651 3432 Galerius
697 3377 1069 3433 Maximianus
1118 3377 1558 3433 Christianorum
1594 3391 1845 3448 persecu-

180 3471 290 3531 tor,
321 3465 510 3521 divina
537 3467 748 3521 ultione
773 3469 967 3532 tactus,
998 3482 1222 3538 parcere
1253 3465 1582 3521 Christianis
1609 3465 1799 3536 jussit.

254 3556 357 3610 311
405 3554 737 3610 Maximinus
784 3554 963 3609 Caesar
1003 3556 1438 3626 persecutionem
1484 3555 1753 3609 restaurat
1795 3556 1846 3607 et

179 3646 303 3716 ipse
332 3647 592 3699 moritur.

252 3733 365 3787 312
400 3736 583 3788 Petrus
603 3732 958 3790 Alexandria
980 3734 1260 3805 episcopus
1288 3732 1564 3804 martyrio
1611 3745 1843 3786 corona-

176 3830 301 3886 tur,
333 3837 434 3891 pro
462 3837 562 3892 quo
592 3822 827 3877 Achillas
855 3821 1008 3877 XVII
1047 3821 1203 3890 sedit,
1256 3820 1331 3877 al.
1382 3838 1433 3875 a.
1469 3820 1595 3877 311.
1630 3823 1847 3890 Magna

171 3912 362 3982 fames
387 3917 441 3964 et
468 3910 581 3964 lues
610 3913 666 3965 in
691 3918 1062 3983 persecutores
1091 3913 1238 3982 facta
1266 3913 1359 3965 est.

240 3997 359 4054 313
386 3999 727 4067 Persecutio,
763 4002 848 4065 ut,
882 4016 936 4054 a.
971 4015 1065 4054 an.
1100 4016 1270 4071 princ.

249 4087 358 4143 3H
393 4088 782 4144 Constantinus
818 4088 1157 4144 Maxentium
1201 4089 1359 4143 civili
1401 4087 1558 4150 bello,
1610 4086 1715 4141 Deo
1753 4101 1845 4156 ju-

172 4180 365 4239 vante,
399 4175 545 4247 apud
567 4180 785 4248 pontem
816 4178 1081 4234 Molvium
1109 4178 1257 4233 vicit.

247 4266 361 4321 315
390 4266 935 4326 MaximinusCaesar
965 4282 1091 4321 cum
1136 4280 1336 4335 magno
1385 4265 1635 4319 cruciatu
1682 4262 1841 4317 mise-

176 4354 447 4410 rabiliter
472 4356 522 4409 et
550 4353 716 4423 digne
740 4355 1001 4420 moritur,
1033 4353 1108 4409 al.
1143 4370 1195 4409 a.
1229 4353 1354 4408 313.

253 4443 366 4497 316
395 4443 600 4497 Plrimi
631 4484 646 4510 ,
678 4447 812 4508 etc.,
847 4447 912 4497 ut
940 4445 1004 4497 A.
1038 4460 1133 4498 an.
1167 4459 1255 4514 pr.

251 4530 367 4586 318
394 4531 647 4586 Licinius
679 4530 864 4588 Caesar
878 4532 1060 4603 primo
1091 4531 1259 4587 bonus
1292 4529 1730 4584 Christianorum
1758 4526 1842 4583 ul-

179 4629 293 4687 tor,
321 4636 500 4691 prava
526 4623 716 4675 contra
740 4619 1162 4675 Constantinum
1204 4618 1550 4683 machinans,
1581 4619 1631 4671 et
1654 4617 1843 4673 Chris-

176 4710 398 4764 stianos
426 4724 768 4780 persequens,
803 4711 974 4764 victus
1006 4709 1141 4764 bello
1178 4709 1393 4763 interiit
1423 4705 1558 4777 (54).
1593 4705 1845 4761 Melchia-

175 4797 276 4853 des
295 4814 446 4869 papa
470 4798 617 4853 XXXI
644 4797 782 4853 sedit
828 4800 992 4854 annis
1041 4815 1115 4863 ιγ,
1166 4797 1307 4853 obiit
1356 4813 1407 4851 ιν
1441 4795 1565 4851 ldus
1591 4795 1849 4851 Januarii

255 4976 369 5029 320
398 4976 505 5030 Hoc
550 4977 793 5048 tempore
838 4974 1190 5032 Alexandriae
1232 4973 1519 5045 presbyter
1554 4972 1718 5027 Arius
1746 4986 1848 5027 ne-

174 5063 424 5136 fandam
470 5066 728 5122 haeresim
773 5065 1109 5121 Arianorum
1160 5062 1343 5119 condit
1387 5062 1485 5118 sub
1541 5060 1851 5119 Alexandro

184 5154 445 5227 episcopo
473 5155 572 5226 qui
593 5154 823 5213 Achillae
850 5155 1122 5212 successit.

1953 3301 2035 3341 ses
2064 3302 2119 3349 x,
2154 3286 2251 3355 qui
2277 3284 2523 3341 discessit
2551 3286 2735 3357 pridie
2758 3287 2878 3343 Kal.
2910 3289 3033 3343 Jan.

2025 3374 2131 3427 322
2152 3374 2458 3429 Concilium
2488 3375 2547 3428 in
2577 3374 2766 3432 Nicena
2813 3383 3178 3444 congregatur
3222 3392 3465 3434 cccxvm
3495 3378 3609 3448 epi-

1953 3477 2240 3534 scoporum
2267 3463 2367 3517 sub
2399 3462 2657 3534 Silvestro
2684 3480 2852 3535 popa,
2886 3466 2946 3518 in
2978 3480 3082 3534 quo
3108 3465 3269 3518 Arius
3282 3465 3612 3520 condemna-

1955 3554 2066 3616 tur,
2100 3559 2151 3605 et
2177 3553 2525 3622 septuaginta
2551 3553 2795 3623 capitula
2815 3556 3246 3617 constituuntur,
3262 3555 3407 3608 sicut
3440 3552 3612 3608 .4tha-

1953 3641 2146 3696 nasius
2178 3640 2331 3706 dicit,
2366 3642 2462 3712 qui
2489 3639 2662 3695 eidem
2692 3640 2895 3712 synodo
2926 3642 3200 3713 interfuit.
3233 3641 3381 3697 Nota
3403 3640 3616 3714 margi-

1955 3728 2105 3784 nalis
2137 3726 2426 3783 Bertholdi
2460 3744 2472 3781 :
2508 3728 2644 3783 Sunt
2663 3745 2732 3783 ex
2760 3730 2938 3785 Nicaea
2954 3729 3131 3784 decies
3145 3733 3365 3801 septena
3384 3734 3611 3796 statuta,

1952 3819 2093 3873 sicut
2121 3816 2453 3871 Athanasius
2482 3818 2671 3871 scribit
2700 3817 2865 3871 simul
2894 3822 2946 3873 et
2974 3834 3114 3889 papa
3147 3817 3377 3873 Marcus.

2023 3907 2128 3979 325
2166 3906 2481 3961 Vicennalia
2512 3905 2858 3961 Constantini
2888 3906 3072 3961 Roma:
3100 3910 3248 3961 aeta.

2021 3995 2127 4049 327
2158 3994 2543 4049 Constantinus
2572 3994 2874 4059 Sarmatas,
2927 3992 3118 4049 Gothos
3166 4002 3218 4049 et
3244 3994 3450 4050 multas
3497 4009 3601 4049 na-

1951 4084 2123 4139 tiones
2153 4084 2391 4154 Romano
2419 4082 2606 4138 subdit
2634 4083 2888 4153 imperio,
2923 4082 2997 4139 al.
3033 4100 3086 4137 a.
3120 4083 3246 4138 332.

2000 4172 2127 4233 .328
2158 4172 2546 4227 Cmistantinus
2576 4173 2908 4242 Byzantium
2934 4172 3123 4229 urbem
3153 4174 3508 4244 reparavit,et
3539 4156 3611 4228 ex

1951 4277 2047 4317 suo
2102 4263 2326 4317 nomine
2384 4262 2910 4333 Constantinopolim
2967 4263 3266 4334 appellavit
3330 4267 3383 4319 et
3435 4260 3614 4319 sedem

1952 4350 2183 4405 Romani
2209 4350 2367 4421 regni
2393 4366 2516 4405 eam
2544 4365 2660 4405 esse
2690 4350 2881 4419 voluit,
2914 4349 2987 4407 a1.
3022 4369 3119 4408 an.
3153 4351 3279 4408 329.

2020 4439 2126 4493 329
2174 4438 2527 4496 Alexandria:
2574 4438 2905 4495 Athanasius
2960 4442 3240 4514 episcopus
3284 4441 3599 4509 ordinatur,

1954 4527 2027 4584 al.
2066 4544 2119 4582 a.
2153 4528 2278 4584 328.

2020 4617 2125 4672 330
2147 4618 2254 4673 Hoc
2282 4625 2521 4691 tempore
2550 4617 2672 4673 Indi
2699 4621 2750 4674 et
2770 4617 2913 4675 lberi
2931 4619 3254 4690 efﬁciuntur
3276 4617 3606 4678 Christiani.

1956 4707 2118 4761 Socr.
2153 4722 2204 4761 a.
2237 4707 2362 4761 327.

2026 4794 2125 4849 331
2159 4796 2253 4851 His
2284 4797 2611 4866 temporibus
2644 4796 2899 4851 Eusebius
2933 4796 3288 4853 Caesariensis
3323 4801 3610 4872 episcopus

1956 4891 2007 4939 et
2034 4884 2301 4939 Iuvencus
2328 4887 2486 4956 poeta
2515 4888 2565 4940 et
2592 4885 2827 4955 plurimi
2855 4885 3094 4940 doctores
3122 4885 3466 4942 claruerunt.

2027 4973 2133 5027 332
2163 4974 2431 5029 Antonius
2465 4977 2529 5028 ut
2558 4975 2621 5029 A.
2657 4991 2751 5029 an.
2787 4991 2908 5046 seq.

2031 5061 2495 5128 333(Jonstantia,
2529 5060 2874 5119 Constantini
2899 5078 3072 5131 soror,
3105 5077 3246 5117 uxor
3264 5059 3482 5123 Licinii
3510 5070 3623 5112 m0-

1961 5151 2125 5205 ritur.

1791 5272 2024 5331 NOTZE.

258 5395 386 5479 (50).
412 5393 579 5479 Initia
589 5410 659 5479 ευ.
678 5395 1060 5479 pontiﬁcatus
1073 5389 1361 5479 “Silxestri
1383 5392 1612 5479 spectat
1628 5389 1719 5479 "ad
1752 5406 1847 5446 an.

177 5469 321 5533 314,
353 5462 469 5522 duo
500 5462 803 5523 Melchiadi
832 5484 934 5523 seu
967 5464 1211 5523 Miltiadi
1234 5462 1536 5519 successit.
1568 5462 1704 5533 Pag.

280 5539 349 5596 51
405 5536 728 5596 Alexander
755 5556 853 5596 an.
885 5537 996 5595 312
1024 5534 1431 5611 pontiﬁcatum
1459 5532 1651 5607 capit.

401 5610 721 5695 Concilium
754 5610 917 5669 istud
948 5607 1217 5667 omnium
1258 5623 1546 5665 consensu
1599 5621 1651 5661 ai

280 5603 374 5669 52)
401 5610 721 5669 Concilium
754 5610 917 5669 istud
948 5603 1217 5667 omnium
1258 5603 1568 5665 eonsensu’
1599 5621 1694 5661 an.
1744 5603 1853 5659 325
1961 5617 2023 5659 se

181 5684 306 5741 fuit
361 5684 743 5742 celebratum.

258 5756 371 5845 (53)
398 5756 691 5824 Eusebius
721 5755 950 5821 rectius
978 5752 1158 5815 habet
1189 5750 1850 5813 Constantius.constan-

1989 5459 1999 5471 .
2030 5389 2192 5471 tinus
2221 5389 2378 5445 enim
2402 5387 2607 5458 junior
2629 5389 2756 5459 jam
2787 5407 2882 5445 an.
2912 5391 3017 5445 318
3045 5389 3237 5447 Cresar
3266 5392 3381 5450 fuit
3408 5402 3616 5448 renun-

1958 5463 2413 5603 tm(t5utigllnitium
2446 5526 2869 5603 persecutionis
2902 5529 3107 5587 Licinii
3136 5531 3247 5590 hoc
3282 5550 3437 5592 anno
3487 5528 3621 5598 fuit,

2095 5600 2372 5658 interitus
2408 5615 2566 5657 anno
2596 5600 2720 5656 324.

2031 5675 2147 5741 (55)
2169 5673 2520 5732 Melchiades
2553 5688 2606 5729 α.
2639 5672 2742 5730 311
2780 5670 2996 5730 electus
3026 5670 3171 5732 obiit
3201 5690 3253 5732 a.
3287 5677 3412 5734 314.

2033 5731 2144 5829 (56)
2168 5731 2301 5811 δαίω
2335 5762 2386 5807 u.
2412 5744 2520 5810 311
2549 5760 2700 5827 papa
2728 5744 2939 5809 factus.
