4026 6228
177 334 239 402 81
1459 347 1932 414 CHRONICON.
1965 379 2045 399 -
2072 347 2258 414 SIEC.
2303 351 2406 416 IV.
3555 341 3638 418 82

1586 502 1816 560 CODEX
1854 503 2252 562 AUGIENSIS.

250 615 348 704 31
403 617 521 673 356
550 616 845 675 Julianus
893 617 1434 675 Rheno-Germanos
1490 620 1645 676 vicit.
1683 623 1854 676 Amm.
1889 639 1943 704 Α
1972 626 2097 676 tum
2133 640 2166 676 a
2197 622 2434 678 Juliano
2464 622 2722 695 privatus
2754 622 2881 679 fuit.
2918 624 3082 680 Hier.
3117 641 3213 680 an.
3265 624 3387 680 365.
3427 649 3496 666 -
3544 621 3630 696 (In

195 703 454 762 Hilarius
477 707 879 764 Pictaviensis
897 713 951 763 et
973 707 1327 764 Athanasius
1349 707 1774 764 Alexandrinus
1799 712 1870 765 ab

200 795 431 849 Arianis
467 796 667 851 multa
698 797 859 852 mala
888 797 1046 868 passi
1079 803 1234 851 sunt.

271 884 375 938 3.37
410 887 579 956 Apud
611 887 952 940 Ariminum
986 887 1243 957 synodus
1283 887 1629 942 Arianorum
1665 893 1868 941 contra

207 973 382 1028 ﬁdem
414 974 565 1029 facla
594 979 706 1030 est.
734 977 881 1030 Ilier.
902 993 954 1030 (ι.
974 977 1098 1030 360.
1125 1007 1190 1015 —
1212 976 1860 1032 Paulinus'l‘rmirensis

204 1063 521 1134 episcopus
551 1064 612 1118 in
644 1064 850 1118 exsilio
885 1065 1150 1118 moritur.
1185 1067 1334 1120 Hier.
1371 1084 1420 1119 a.
1455 1069 1579 1120 339.

277 1154 390 1205 358
409 1152 682 1207 Julianus
702 1153 951 1225 Augusti
969 1169 1178 1208 nomen
1200 1161 1462 1225 usurpat.
1491 1141 1865 1209 Constantius

203 1241 269 1294 in
301 1241 551 1296 Parthos
578 1242 796 1296 bellum
829 1248 1012 1312 parat.
1047 1246 1222 1297 Amm
1259 1262 1312 1298 ιι.
1347 1247 1470 1296 366.

278 1331 397 1383 359
426 1331 802 1385 Comtantius
825 1332 1088 1386 Parthico
1112 1332 1259 1387 llCIIO
1283 1333 1530 1387 dimisso
1555 1339 1753 1387 contra
1771 1338 1863 1389 Ju—

198 1417 443 1473 lianum
479 1437 642 1474 arma
674 1420 872 1475 sumit.
908 1422 1180 1475 Ammian.

275 1509 392 1560 36!.)
423 1509 801 1564 Constantius
832 1509 1078 1564 moritur
1125 1528 1275 1565 anno
1325 1512 1510 1565 astatis
1561 1529 1679 1564 xcv.
1717 1514 1859 1566 Hier.

190 1613 253 1651 (ι.
292 1599 427 1652 362.

271 1686 988 1756 361(InmargJulianus
1010 1688 1244 1752 XXXVI,
1273 1704 1408 1742 ann.
1439 1707 1474 1754 ι,
1503 1706 1687 1744 mens.
1713 1694 1862 1758 vni.)

181 1775 487 1831 Julianus
518 1793 585 1830 ex
608 1775 941 1831 Christiano
972 1776 1182 1832 lectore
1215 1794 1481 1848 paganus
1524 1781 1713 1833 factus
1739 1797 1862 1850 pcr-

183 1866 485 1936 sequitur
514 1864 893 1920 Christianos.
918 1865 1292 1932 Athanasius,
1327 1867 1632 1934 Eusebius,
1664 1873 1719 1921 et
1743 1868 1859 1922 Lu-

180 1954 358 2009 citer
387 1955 458 2008 de
486 1953 682 2008 exsilio
714 1959 1099 2009 revertuntur.
1137 1957 1277 2009 Ilier.
1311 1973 1366 2010 a.
1397 1957 1520 2009 363.
1556 1988 1621 1995 ——
1647 1956 1856 2026 Pagani

1982 729 2155 781 marg.
2187 713 2466 768 Jovianns
2505 713 2773 780 XXXVII,
2807 730 2990 768 mens.
3025 717 3172 781 vm.)

2049 802 2150 854 361
2183 803 2268 868 (In
2300 820 2478 868 marg.
2517 802 2960 857 Valentinianus
3011 803 3303 867 XXXVIII,
3356 819 3491 857 ann.
3523 801 3626 872 x1.)

1985 889 2423 944 Valentinianus
2451 891 2677 946 Valenti
2710 892 2868 944 fratri
2903 909 3008 945 suo
3042 891 3625 962 Orientisimperium

1978 978 2156 1031 dedit.
2193 981 2337 1032 Hier.
2374 998 2426 1033 (ι.
2467 982 2588 1032 365.

2047 1069 2153 1117 365
2187 1069 2377 1120 Ιὶοιιιίι)
2415 1069 2699 1121 Damasus
2733 1087 2880 1139 papa
2930 1069 3236 1124 ordinatur
3286 1071 3420 1138 (61).
3472 1069 3620 1122 Hier.

1975 1175 2024 1210 a.
2056 1156 2475 1210 367.—\'alens
2498 1158 2567 1207 ali
2595 1158 2846 1210 Eudoxio
2874 1157 3216 1211 Arianorum
3239 1159 3510 1227 episcopo
3530 1159 3625 1210 ba-

1977 1245 2226 1316 ptizatus
2259 1244 2621 1297 tiliristinnos
2662 1246 3046 1315 persequitur.
3083 1249 3226 1300 Hier.
3266 1265 3316 1299 (ι.
3353 1248 3476 1299 363.

2045 1339 2149 1386 366
2181 1337 2514 1399 (iratiimns,
2555 1334 2944 1387 Valentiniani
2980 1335 3156 1398 lilius,
3193 1335 3508 1405 imperator
3534 1335 3622 1389 cf-

1977 1426 2185 1476 lieitur.
2221 1423 2366 1476 Vera
2401 1423 2530 1476 lana
2565 1423 2767 1492 pluvia:
2804 1423 2976 1476 mista
3009 1425 3078 1477 de
3121 1424 3375 1478 nubibus
3437 1423 3617 1478 fluxit.

1974 1514 2118 1565 Hier.
2156 1530 2208 1565 (ε.
2236 1515 2358 1565 363,

2041 1602 2144 1653 367
2177 1600 2565 1653 Athanaricus
2602 1617 2696 1654 rex
2727 1600 3046 1654 tiothorum
3090 1601 3452 1656 Christianos
3485 1617 3619 1672 per-

1972 1688 2240 1759 sequitur
2271 1691 2402 1758 (63).
2441 1689 2692 1743 llilarius
2725 1689 3036 1760 episcopus
3072 1690 3445 1744 Pictaviensis
3490 1706 3618 1745 mo-

1971 1777 2132 1830 riiur.
2160 1780 2302 1831 Hier.
2339 1796 2388 1830 a.
2424 1795 2534 1846 seq.
2570 1779 2755 1832 Nicaea
2791 1783 2950 1832 terra:
2988 1784 3146 1832 motu
3179 1779 3417 1834 corruit.
3469 1779 3616 1834 Hier.

1969 1884 2021 1920 a.
2047 1868 2169 1920 366.
2269 1938 2273 1942 .

2041 1956 2141 2010 33
2173 1957 2276 2007 368
2329 1955 2612 2009 Eusebius
2661 1955 3043 2009 Vercellensis
3116 1957 3380 2011 moritur.
3452 1957 3609 2012 Hier.

180 2043 367 2114 apud
396 2043 672 2097 Sebasten
707 2043 1041 2114 sepulcrum
1077 2044 1134 2097 S.
1167 2043 1421 2113 .Joannis
1466 2015 1859 2116 Baptistailin-
1891 2015 1938 2078 Β
1968 2060 2020 2098 a.
2053 2044 2176 2098 371.
2212 2074 2278 2082 —-
2313 2045 2424 2097 Iloc
2450 2047 2707 2114 tempore
2729 2043 3080 2113 Apollinaris
3104 2044 3412 2115 episcopus
3434 2044 3613 2100 heare-

178 2132 446 2186 vadunt

265 2221 380 2276 8‘2
413 2222 517 2274 362
547 2219 841 2286 Julianus,
883 2221 954 2274 ad
1009 2220 1224 2275 bellum
1281 2221 1616 2276 Parthicum
1669 2224 1858 2293 prol'e-

184 2315 337 2364 ctus
365 2314 419 2364 ct
445 2309 907 2364 Christianorum
945 2309 1290 2379 sanguinem
1316 2311 1427 2365 diis
1459 2311 1582 2365 suis
1623 2329 1858 2376 vovens,

181 2398 303 2453 Dei
332 2398 558 2467 judicio
591 2416 623 2452 a
653 2399 908 2469 quodam
943 2399 1107 2452 hoste
1162 2399 1389 2452 occisus
1439 2399 1658 2453 interiit
1708 2417 1858 2453 anno

181 2488 398 2541 atatis
428 2505 601 2541 xxxii.
637 2487 774 2541 Post
795 2504 968 2557 quem
997 2487 1277 2541 Jovianus
1299 2488 1616 2559 imperator
1649 2490 1858 2553 factus,

178 2593 338 2631 cum
373 2578 530 2631 omni
563 2577 816 2632 exercitu
862 2577 934 2630 ad
965 2576 1461 2632 Christianitatem
1497 2579 1859 2633 redit.Amm.

179 2684 243 2720 α.
273 2668 408 2720 363.
436 2698 500 2706 -
523 2665 842 2720 Antiochia:
866 2666 1124 2736 synodus
1146 2666 1461 2721 haeresiaca
1483 2667 1718 2721 collecta
1743 2672 1856 2722 est.

181 2757 354 2810 Hier.
389 2773 441 2809 a.
473 2756 597 2820 365,
631 2757 706 2808 al.
742 2773 792 2808 a.
825 2755 951 2809 36I.

269 2846 385 2898 363
413 2843 718 2910 Jovianus,
753 2844 810 2897 in
846 2861 992 2898 nova
1023 2844 1194 2898 domo
1230 2846 1513 2898 recubans
1541 2845 1862 2899 suffocatus

186 2934 388 2988 odore
410 2949 735 3004 prunarum
761 2937 819 2987 et
851 2931 1050 2997 calcis,
1076 2933 1350 2998 moritur;
1388 2949 1489 3004 pro
1514 2950 1627 3004 quo
1659 2933 1861 2987 Valen-

175 3022 469 3077 tinianus
493 3026 720 3093 regnat,
746 3020 845 3091 qui
865 3023 937 3075 oh
962 3021 1134 3076 ﬁdem
1153 3021 1366 3076 Christi
1383 3021 1680 3076 tribunatu
1710 3021 1860 3076 mili-

1969 2132 2080 2186 sim
2111 2132 2325 2185 condit.
2361 2134 2505 2185 Hier.
2541 2149 2593 2185 (ι.
2630 2133 2754 2185 376.

2039 2223 2144 2273 369
2175 2222 2383 2291 Magna
2418 2223 2598 2274 fames
2632 2221 2687 2273 in
2725 2221 2988 2292 Phrygia.
3028 2223 3180 2275 Hier.
3215 2239 3266 2274 (ι.
3299 2222 3422 2275 371.

2037 2311 2140 2361 376
2174 2309 2272 2363 llis
2331 2310 2539 2363 diebus
2597 2314 2725 2379 post
2779 2309 3048 2363 Auxentii
3102 2309 3300 2362 Ariani
3364 2312 3610 2364 mortem

1967 2399 2312 2452 Ambrosius
2384 2397 2690 2468 episcopus
2733 2397 3255 2452 Mediolanensimn
3311 2397 3620 2453 ordinatur

1973 2488 2107 2557 (63).
2143 2490 2292 2542 Ilier.
2327 2505 2378 2541 a.
2411 2489 2536 2540 376.

2045 2578 2144 2630 371
2178 2577 2459 2647 Didymus
2495 2574 2856 2630 Alexandriae
2890 2593 3071 2630 caicus
3116 2575 3344 2630 claruit.
3381 2577 3526 2631 Hier.
3560 2592 3617 2631 a.

1972 2667 2078 2719 373
2095 2699 2158 2704 -—
2177 2665 2623 2720 Valentinianus
2645 2665 2901 2719 Saxones
2921 2665 3070 2720 crede
3096 2665 3444 2736 perdomuit.
3469 2665 3616 2720 Hier.

1973 2773 2025 2809 (ι.
2061 2757 2196 2818 371ς
2231 2757 2501 2808 Ammiuu.
2537 2773 2588 2808 (ι.
2622 2754 2745 2807 370.

2042 2845 2147 2895 372
2180 2844 2499 2897 Eunomius
2531 2843 2886 2914 agnoscitur,
2922 2861 2954 2897 a
2981 2861 3095 2914 quo
3142 2843 3375 2898 haeresis
3424 2844 3616 2898 Euno-

1973 2932 2189 2986 miana.
2217 2934 2362 2986 Hier.
2384 2950 2434 2986 a.
2468 2933 2592 2985 373.
2615 2962 2679 2970 -
2699 2931 3326 3002 Burgundionesjuxta
3345 2931 3614 2988 Rhenum

1974 3021 2386 3075 consederunt.

1257 3164 1400 3219 COM
1413 3165 1723 3220 PENDIUM
1767 3163 2147 3234 EX;CODICE
2190 3162 2563 3218 BERNOLDI.

263 3272 400 3326 356.
436 3273 544 3325 Hoc
572 3274 808 3342 tempore
853 3271 1100 3325 Hilarius
1150 3272 1509 3326 I’ictaviensis
1553 3275 1857 3343 episcopus,
1892 3280 1933 3344 ί]

183 3370 244 3416 et
276 3362 621 3415 .-lthanasius
665 3360 1074 3415 Alecandrinus
1118 3367 1168 3415 et
1219 3375 1403 3414 omnes
1451 3360 1706 3415 catholici
1747 3364 1859 3431 epi-

186 3450 352 3519 scopi
408 3450 584 3503 multa
628 3449 695 3502 ab
743 3449 965 3503 Arion-is
1016 3449 1165 3502 mala
1209 3450 1456 3520 perpessi
1506 3453 1652 3502 sunt.
1687 3449 1860 3502 ‘llier.

200 3555 260 3593 a.
298 3555 427 3608 seq.

276 3629 391 3681 357
453 3625 606 3696 Apud
665 3627 980 3681 Ariminum
1035 3625 1275 3697 synodus
1336 3627 1438 3679 460
1494 3628 1865 3698 episcoporum

199 3718 554 3770 Arianorum
583 3719 768 3770 contra
797 3715 958 3785 ﬁdem
981 3719 1130 3786 facta
1158 3723 1258 3782 est,
1294 3714 1367 3769 al.
1404 3732 1455 3770 a.
1489 3717 1612 3770 359.

285 3804 404 3858 353
451 3806 719 3873 Julianus,
771 3806 1036 3860 bellorum
1085 3820 1331 3858 successu
1374 3806 1570 3869 elatus,
1639 3806 1869 3872 Augusti

203 3910 420 3949 nomen
455 3899 695 3964 usurpat.
731 3895 1082 3950 Constantius
1113 3896 1175 3949 in
1195 3893 1422 3951 Parthos
1457 3893 1663 3949 bellum.
1686 3903 1864 3964 parat.

200 4013 278 4024 —
314 3983 469 4037 Nota
508 3983 848 4054 marginalis
889 3981 1192 4038 Bernoldi:
1226 3985 1474 4038 Liberius
1526 4001 1666 4054 papa
1708 3984 1873 4038 XXXV

200 4072 354 4128 sedit
403 4089 577 4126 annos
629 4090 746 4127 sex.
811 4074 921 4140 Quo
971 4074 1197 4142 expulso
1273 4074 1448 4127 locum
1512 4074 1628 4142 ejus
1711 4073 1870 4126 Felia:

197 4179 360 4233 papa
392 4163 582 4216 XXXVI
619 4178 726 4216 uno
755 4178 900 4216 anno
949 4163 1248 4232 occupavit,
1294 4169 1343 4216 et
1375 4164 1574 4215 iterum
1622 4162 1871 4215 Liberius

201 4266 332 4307 sum
361 4251 478 4305 sedi
505 4252 840 4306 restituitur.
874 4250 1027 4305 Hier.
1073 4268 1122 4304 a.
1161 4268 1245 4321 pr.
1283 4282 1345 4290 —
1400 4250 1630 4304 Sanetus
1690 4255 1871 4304 autem

203 4341 376 4396 Felix
406 4341 786 4395 Constantium
835 4340 1220 4410 imperatorem
1250 4339 1569 4394 la'erclieum
1619 4355 1730 4392 esse
1777 4339 1868 4392 ιισ-

206 4431 454 4494 clarans,
486 4431 885 4500 martyri'ziatus
914 4436 995 4483 est
1025 4445 1077 4481 ιν
1105 4429 1220 4481 Kal.
1252 4430 1384 4497 Aug.
1421 4429 1553 4497 (6-1).

285 4521 394 4574 359
426 4519 794 4574 Constantius.
825 4560 836 4570 .
864 4559 875 4570 .
906 4558 919 4570 .
950 4558 962 4570 .
1023 4533 1245 4572 suuzcus
1301 4519 1551 4571 moritur.
1615 4515 1766 4570 llier.
1819 4535 1869 4569 a.

210 4588 342 4662 362.
390 4641 450 4648 -
493 4609 757 4664 Julianus
805 4608 998 4662 XXXI"!
1039 4609 1285 4676 apostata
1333 4622 1476 4660 anno
1529 4623 1657 4672 uno,
1715 4621 1872 4658 men-

210 4714 297 4752 ses
329 4707 464 4753 octo.
522 4699 620 4752 llic
669 4714 741 4751 es:
772 4696 1087 4751 Christiano
1145 4697 1344 4750 lectore
1393 4712 1640 4765 paganus
1699 4697 1874 4764 factus

207 4789 566 4859 persequitur
597 4787 968 4842 Christianos.

285 4878 391 4932 360
417 4879 654 4948 Pagani.
686 4919 696 4930 .
724 4918 736 4930 .
769 4919 779 4929 .
812 4917 823 4928 .
851 4874 1142 4940 invadunt,
1176 4878 1239 4928 ut
1270 4877 1420 4945 Aug,
1458 4890 1550 4928 an.
1587 4889 1702 4944 seq.

284 4968 384 5021 361
415 4968 677 5023 Julianus
706 4965 778 5021 ad
831 4965 1053 5020 bellum.
1085 5005 1097 5018 .
1126 5006 1146 5018 ..
1168 5006 1179 5016 .
1205 5005 1216 5016 .
1281 4979 1426 5017 anno
1474 4963 1652 5019 (etatis
1701 4980 1872 5022 xxxn,

216 5063 282 5110 ut
310 5059 452 5129 Aug.
491 5075 544 5112 a.
599 5072 726 5127 seq.
762 5085 831 5094 -—-
877 5055 1143 5109 Iovianus
1186 5051 1443 5116 XXXVIII,
1495 5068 1703 5106 menses
1753 5066 1873 5106 vui.

216 5147 316 5200 Iste
344 5150 539 5202 iterum
581 5163 713 5201 cum
771 5145 927 5199 omni
977 5143 1227 5198 exercitu
1287 5141 1354 5198 ad
1414 5140 1880 5196 Christianiti‘itcm

215 5236 392 5293 rediit.
429 5238 586 5294 llicr.
623 5254 676 5292 a.
709 5235 841 5289 364.

2045 3271 2147 3323 362
2179 3270 2422 3339 Sguodus
2455 3269 2711 3324 haeretica
2743 3270 3045 3324 .-Iutioehi;e
3096 3272 3239 3339 facta
3277 3274 3372 3325 est.
3408 3301 3475 3310 —-
3522 3273 3642 3352 J01

1973 3362 2236 3413 cianus...
2298 3361 2556 3423 moritur,
2609 3362 2672 3411 ut
2728 3361 2871 3428 Aug.
2933 3376 3025 3412 an.
3087 3376 3210 3430 seq.
3245 3389 3312 3398 -κ
3374 3361 3621 3415 Valenti-

1973 3451 2174 3502 nianus
2205 3450 2444 3502 XXXIIII
2495 3447 2741 3514 regnarit
2781 3450 2944 3500 annis
2996 3447 3264 3501 undecim.
3317 3450 3436 3515 Hic,
3486 3453 3621 3516 etc.,

1977 3543 2040 3591 ut
2072 3542 2137 3590 A.
2173 3555 2294 3607 seq.

2046 3627 2149 3680 363
2184 3628 2613 3680 Valentinianus
2651 3627 2886 3690 Valenti,
2922 3629 3002 3679 ut.
3039 3626 3104 3680 A.
3141 3643 3234 3679 an.
3271 3641 3391 3695 seq.

2049 3716 2153 3768 364
2205 3715 2394 3769 Valens
2438 3715 2505 3768 ab
2553 3715 2797 3768 Eudoxio
2857 3715 3187 3768 Arianorum
3239 3715 3484 3784 episcogo
3531 3729 3622 3768 se-

1977 3803 2170 3858 ductus
2200 3813 2251 3858 et
2285 3806 2612 3874 baptizatus,
2642 3807 2758 3873 post
2790 3806 3016 3855 mortem.
3060 3803 3251 3871 fratris
3298 3801 3622 3858 orthodoxae

1973 3895 2338 3964 persequitur.

2048 3983 2153 4035 365
2174 3981 2501 4047 Gratianus,
2545 3979 2918 4034 Valentiniani
2958 3978 3128 4046 filius,
3178 3977 3460 4031 Ambianis
3517 3977 3626 4032 im-i

1975 4076 2197 4141 perator
2225 4070 2484 4140 efficitur.
2522 4075 2668 4124 Vera
2699 4070 2854 4123 lana.
2890 4072 3022 4132 etc.,
3061 4071 3124 4121 ut
3154 4069 3217 4120 A.
3253 4083 3350 4122 an.
3393 4081 3515 4138 seq.

2051 4162 2156 4213 366
2203 4160 2585 4224 .'ltltamt)'i('us,
2639 4176 2736 4212 rea;
2796 4157 3109 4222 (lat/uirum,
3173 4155 3510 4212 Christianos
3568 4156 3630 4212 in

1979 4266 2079 4302 sua
2110 4253 2265 4316 gente
2295 4252 2656 4319 persequitur.
2717 4246 2866 4300 Ilicr.
2905 4263 2955 4300 a.
3000 4248 3124 4300 370.
3175 4247 3434 4300 Dtmzasus
3484 4263 3632 4318 papa

1981 4339 2190 4390 XXXVII
2220 4339 2358 4391 salit
2390 4341 2552 4392 annis
2585 4355 2741 4392 xvni.
3107 4353 3112 4358 ‘

2053 4429 2152 4479 367
2189 4428 2291 4479 Hoc
2341 4431 2576 4497 tempore
2637 4427 2968 4497 Apollinaris
3031 4426 3299 4479 Laodicew
3354 4426 3634 4496 episcopus

1980 4516 2140 4585 plura
2173 4517 2407 4585 scripsit,
2445 4517 2534 4569 sed
2563 4520 2747 4585 postea
2779 4515 3020 4568 hie/esi"
3044 4515 3304 4573 condidit.

2053 4606 2157 4655 363
2191 4603 2381 4673 Magna
2409 4607 2582 4674 [ames
2615 4607 2673 4658 in
2706 4603 2972 4674 Phrygia.

2054 4694 2159 4746 36‘.)
2190 4694 2282 4746 His
2312 4693 2499 4748 diebus
2522 4697 2640 4764 post
2667 4693 2950 4755 Auxentii,
2986 4697 3119 4760 etc.,
3156 4698 3220 4747 ut
3248 4695 3391 4763 Aug.
3419 4710 3471 4746 a.
3505 4708 3628 4763 seq.

2056 4783 2160 4835 370
2199 4783 2611 4837 Valentinianus
2643 4783 2882 4836 Saxones
2926 4783 2985 4836 in
3042 4784 3256 4852 regione
3299 4783 3635 4836 Francorum

1984 4871 2123 4926 caule
2145 4871 2478 4942 perdimzuit.

2057 4962 2155 5014 371
2199 4961 2651 5028 Burgundionum
2709 4961 2978 5028 octoginta
3044 4962 3158 5028 fere
3229 4957 3407 5011 millia
3464 4955 3636 5025 juxta

1990 5051 2234 5104 lthenum
2282 5050 2657 5104 consederunt.
2700 5050 2891 5102 Amm.
2927 5065 2978 5101 a.
3023 5049 3164 5114 372;
3215 5047 3368 5100 Ilier.
3423 5060 3474 5099 a.
3507 5044 3635 5099 374.

2059 5141 2165 5192 372
2195 5140 2319 5193 l’ost
2366 5140 2702 5193 Auxentium
2755 5138 3022 5190 .xlrianum
3071 5136 3350 5191 Ambrosio
3391 5131 3640 5214 ordinato

1990 5229 2156 5282 Italia
2187 5227 2255 5282 ad
2288 5231 2486 5283 rectam
2516 5228 2676 5297 ﬁdem
2705 5227 2863 5280 redit.

1833 5372 2066 5429 NO’l‘zE.

271 5503 379 5577 (6t)
411 5506 657 5558 Factum
698 5497 756 5577 id
793 5494 1012 5577 ιι..
1050 5491 1184 5570 Pag.

267 5560 378 5648 {‘62}
411 5572 764 5632 Persecutio
809 5562 1179 5648 Athanariei,
1228 5560 1327 5630 qui
1380 5561 1632 5632 primum
1669 5579 1718 5617 a.
1774 5564 1879 5618 369

201 5638 431 5726 regnare
464 5638 1322 5726 οηξρὶι.,ροδξερΐίίξιζίθξί-ο-ηηΑ
1361 5705 1426 5726 μ,
1465 5722 1528 5726 η
1587 5707 1652 5726 ,η

259 5705 1046 5798 ῗ63ῘᾸώὺὶοεῖἱ⁵οτάἱῃελιίο
1081 5705 1328 5777 pertinet
1361 5705 1429 5757 ad
1462 5722 1554 5758 an.
1587 5707 1706 5763 371.

2066 5488 2120 5554 (6
2162 5488 2175 5554 )
2211 5485 2288 5538 De
2322 5484 2427 5537 hac
2461 5482 2859 5544 damnatione,
2896 5483 2978 5535 uti
3012 5487 3066 5537 et
3096 5483 3166 5536 de
3213 5477 3645 5554 martyrio__Fe-

1996 5548 2121 5610 lieis
2159 5548 2220 5616 II,
2256 5555 2368 5608 vid.
2409 5554 2613 5620 l‘ngius
2641 5554 2697 5604 in
2733 5555 2892 5604 lirev.
2933 5555 3094 5606 Itoni.
3128 5554 3291 5606 Pent.
3327 5557 3383 5604 et
3417 5548 3643 5604 Bollan-

1995 5626 2148 5682 diani
2178 5635 2316 5680 tum.
2364 5626 2456 5678 VII
2489 5624 2646 5687 Julii,
2677 5625 2748 5677 ad
2777 5623 2929 5676 diem
2967 5641 3132 5689 xxw;
3163 5625 3230 5677 de
3265 5621 3489 5676 Liberio
3538 5638 3644 5676 au-

1995 5707 2114 5754 tem
2151 5705 2289 5753 tom.
2323 5699 2389 5752 VI
2419 5700 2602 5768 Sept.,
2634 5697 2704 5752 ad
2743 5695 2896 5750 diem
2929 5713 3085 5751 xxni.
