  <div class='ocr_page' id='page_1' title='image "/cluster/home/n/w/nwhite01/storage/ocr_20150623/143/uva.x000829790/051.png"; bbox 0 0 4026 6228; ppageno 0'>
   <div class='ocr_carea' id='block_1_1' title="bbox 405 379 3835 468">
    <p class='ocr_par' dir='ltr' id='par_1_1' title="bbox 405 379 3835 468">
     <span class='ocr_line' id='line_1_1' title="bbox 405 379 3835 468; baseline -0.004 0"><span class='ocrx_word' id='word_1_1' title='bbox 405 379 487 468; x_wconf 80' lang='lat'>87.</span> <span class='ocrx_word' id='word_1_2' title='bbox 1222 394 1634 461; x_wconf 74' lang='lat' dir='ltr'>HERMANNI</span> <span class='ocrx_word' id='word_1_3' title='bbox 1679 393 2119 459; x_wconf 74' lang='lat' dir='ltr'>CONTRACTI</span> <span class='ocrx_word' id='word_1_4' title='bbox 2164 393 2582 461; x_wconf 83' lang='lat' dir='ltr'>AUGIENSIS</span> <span class='ocrx_word' id='word_1_5' title='bbox 2630 391 3008 459; x_wconf 81' lang='lat' dir='ltr'>MONACHI.</span> <span class='ocrx_word' id='word_1_6' title='bbox 3756 388 3835 456; x_wconf 86' lang='lat'>88</span> 
     </span>
    </p>
   </div>
   <div class='ocr_carea' id='block_1_2' title="bbox 1779 554 2452 613">
    <p class='ocr_par' dir='ltr' id='par_1_2' title="bbox 1779 554 2452 613">
     <span class='ocr_line' id='line_1_2' title="bbox 1779 554 2452 613; baseline -0.003 0"><span class='ocrx_word' id='word_1_7' title='bbox 1779 554 2011 613; x_wconf 87' lang='lat' dir='ltr'><strong>CODEX</strong></span> <span class='ocrx_word' id='word_1_8' title='bbox 2051 554 2452 612; x_wconf 86' lang='lat' dir='ltr'>AUGIENSIS.</span> 
     </span>
    </p>
   </div>
   <div class='ocr_carea' id='block_1_3' title="bbox 487 619 3832 727">
    <p class='ocr_par' dir='ltr' id='par_1_3' title="bbox 487 619 3832 727">
     <span class='ocr_line' id='line_1_3' title="bbox 487 619 3832 727; baseline -0.001 -16"><span class='ocrx_word' id='word_1_9' title='bbox 487 652 592 711; x_wconf 88' lang='lat'>398</span> <span class='ocrx_word' id='word_1_10' title='bbox 620 654 867 712; x_wconf 89' lang='lat' dir='ltr'>Sanctus</span> <span class='ocrx_word' id='word_1_11' title='bbox 895 654 1238 711; x_wconf 89' lang='lat' dir='ltr'>Ambrosius</span> <span class='ocrx_word' id='word_1_12' title='bbox 1282 654 1729 711; x_wconf 84' lang='lat' dir='ltr'>Mediolanensis</span> <span class='ocrx_word' id='word_1_13' title='bbox 1777 619 2060 727; x_wconf 74' lang='lat' dir='ltr'>archiepi-</span> <span class='ocrx_word' id='word_1_14' title='bbox 2088 657 2133 723; x_wconf 82' lang='grc' dir='ltr'><strong>Α</strong></span> <span class='ocrx_word' id='word_1_15' title='bbox 2171 670 2269 709; x_wconf 90' lang='lat' dir='ltr'>ma</span> <span class='ocrx_word' id='word_1_16' title='bbox 2297 653 2357 709; x_wconf 91' lang='lat' dir='ltr'>in</span> <span class='ocrx_word' id='word_1_17' title='bbox 2390 653 2645 709; x_wconf 84' lang='lat' dir='ltr'>Ecclesia</span> <span class='ocrx_word' id='word_1_18' title='bbox 2670 652 2975 709; x_wconf 79' lang='lat' dir='ltr'>constituit</span> <span class='ocrx_word' id='word_1_19' title='bbox 3015 652 3267 719; x_wconf 88' lang='lat' dir='ltr'>decreta,</span> <span class='ocrx_word' id='word_1_20' title='bbox 3298 657 3357 708; x_wconf 91' lang='lat' dir='ltr'>et</span> <span class='ocrx_word' id='word_1_21' title='bbox 3385 651 3700 709; x_wconf 79' lang='lat' dir='ltr'>ecclesiam</span> <span class='ocrx_word' id='word_1_22' title='bbox 3729 650 3832 708; x_wconf 78' lang='lat' dir='ltr'>SS.</span> 
     </span>
    </p>
   </div>
   <div class='ocr_carea' id='block_1_4' title="bbox 418 742 2064 816">
    <p class='ocr_par' dir='ltr' id='par_1_4' title="bbox 418 742 2064 816">
     <span class='ocr_line' id='line_1_4' title="bbox 418 742 2064 816; baseline -0.001 -16"><span class='ocrx_word' id='word_1_23' title='bbox 418 758 632 816; x_wconf 88' lang='lat' dir='ltr'>scopus</span> <span class='ocrx_word' id='word_1_24' title='bbox 673 744 872 799; x_wconf 90' lang='lat' dir='ltr'>doctor</span> <span class='ocrx_word' id='word_1_25' title='bbox 926 742 1192 799; x_wconf 66' lang='lat' dir='ltr'>Ecclesia:</span> <span class='ocrx_word' id='word_1_26' title='bbox 1250 743 1557 811; x_wconf 80' lang='lat' dir='ltr'>miriﬁcus,</span> <span class='ocrx_word' id='word_1_27' title='bbox 1617 742 1689 798; x_wconf 92' lang='lat' dir='ltr'>ad</span> <span class='ocrx_word' id='word_1_28' title='bbox 1751 743 2064 798; x_wconf 86' lang='lat' dir='ltr'>Dominum</span> 
     </span>
    </p>
   </div>
   <div class='ocr_carea' id='block_1_5' title="bbox 419 830 2066 904">
    <p class='ocr_par' dir='ltr' id='par_1_5' title="bbox 419 830 2066 904">
     <span class='ocr_line' id='line_1_5' title="bbox 419 830 2066 904; baseline -0.001 -18"><span class='ocrx_word' id='word_1_29' title='bbox 419 832 711 904; x_wconf 76' lang='lat' dir='ltr'>migravit.</span> <span class='ocrx_word' id='word_1_30' title='bbox 743 832 982 886; x_wconf 79' lang='lat' dir='ltr'>Marcell.</span> <span class='ocrx_word' id='word_1_31' title='bbox 1017 863 1086 872; x_wconf 88' lang='lat'>—</span> <span class='ocrx_word' id='word_1_32' title='bbox 1115 832 1310 886; x_wconf 60' lang='lat' dir='ltr'>Romae</span> <span class='ocrx_word' id='word_1_33' title='bbox 1360 831 1707 886; x_wconf 81' lang='lat' dir='ltr'>Anastasius</span> <span class='ocrx_word' id='word_1_34' title='bbox 1764 848 1912 902; x_wconf 87' lang='lat' dir='ltr'>papa</span> <span class='ocrx_word' id='word_1_35' title='bbox 1945 830 2066 885; x_wconf 74' lang='lat' dir='ltr'><strong>XLI</strong></span> 
     </span>
    </p>
   </div>
   <div class='ocr_carea' id='block_1_6' title="bbox 419 919 2071 979">
    <p class='ocr_par' dir='ltr' id='par_1_6' title="bbox 419 919 2071 979">
     <span class='ocr_line' id='line_1_6' title="bbox 419 919 2071 979; baseline -0.001 -3"><span class='ocrx_word' id='word_1_36' title='bbox 419 920 570 979; x_wconf 88' lang='lat' dir='ltr'>sedit</span> <span class='ocrx_word' id='word_1_37' title='bbox 598 920 767 975; x_wconf 91' lang='lat' dir='ltr'>annis</span> <span class='ocrx_word' id='word_1_38' title='bbox 798 920 1044 976; x_wconf 81' lang='lat' dir='ltr'>Idecm.</span> <span class='ocrx_word' id='word_1_39' title='bbox 1070 950 1134 960; x_wconf 91' lang='lat'><strong>—</strong></span> <span class='ocrx_word' id='word_1_40' title='bbox 1167 921 1268 976; x_wconf 81' lang='lat'>88</span> <span class='ocrx_word' id='word_1_41' title='bbox 1301 920 1363 975; x_wconf 92' lang='lat' dir='ltr'>In</span> <span class='ocrx_word' id='word_1_42' title='bbox 1389 919 1581 974; x_wconf 76' lang='lat' dir='ltr'>Africa</span> <span class='ocrx_word' id='word_1_43' title='bbox 1610 919 1776 974; x_wconf 84' lang='lat' dir='ltr'>Gildo</span> <span class='ocrx_word' id='word_1_44' title='bbox 1808 936 2003 975; x_wconf 88' lang='lat' dir='ltr'>comes</span> <span class='ocrx_word' id='word_1_45' title='bbox 2036 934 2071 974; x_wconf 76' lang='grc' dir='ltr'>ιι</span> 
     </span>
    </p>
   </div>
   <div class='ocr_carea' id='block_1_7' title="bbox 417 1006 2072 1080">
    <p class='ocr_par' dir='ltr' id='par_1_7' title="bbox 417 1006 2072 1080">
     <span class='ocr_line' id='line_1_7' title="bbox 417 1006 2072 1080; baseline -0.001 -17"><span class='ocrx_word' id='word_1_46' title='bbox 417 1007 595 1063; x_wconf 76' lang='lat' dir='ltr'>fratre</span> <span class='ocrx_word' id='word_1_47' title='bbox 626 1008 956 1077; x_wconf 85' lang='lat' dir='ltr'>Mascezele,</span> <span class='ocrx_word' id='word_1_48' title='bbox 991 1008 1106 1064; x_wconf 93' lang='lat' dir='ltr'>Deo</span> <span class='ocrx_word' id='word_1_49' title='bbox 1132 1009 1395 1078; x_wconf 87' lang='lat' dir='ltr'>juvante,</span> <span class='ocrx_word' id='word_1_50' title='bbox 1446 1024 1645 1080; x_wconf 87' lang='lat' dir='ltr'>pugna</span> <span class='ocrx_word' id='word_1_51' title='bbox 1692 1006 1880 1062; x_wconf 87' lang='lat' dir='ltr'>victus</span> <span class='ocrx_word' id='word_1_52' title='bbox 1928 1008 2072 1062; x_wconf 88' lang='lat' dir='ltr'>inte-</span> 
     </span>
    </p>
   </div>
   <div class='ocr_carea' id='block_1_8' title="bbox 418 1095 995 1153">
    <p class='ocr_par' dir='ltr' id='par_1_8' title="bbox 418 1095 995 1153">
     <span class='ocr_line' id='line_1_8' title="bbox 418 1095 995 1153; baseline 0.005 -3"><span class='ocrx_word' id='word_1_53' title='bbox 418 1095 535 1151; x_wconf 90' lang='lat' dir='ltr'>riit.</span> <span class='ocrx_word' id='word_1_54' title='bbox 573 1096 811 1152; x_wconf 83' lang='lat' dir='ltr'>Marcell.</span> <span class='ocrx_word' id='word_1_55' title='bbox 842 1100 995 1153; x_wconf 64' lang='lat' dir='ltr'>Jorn.</span> 
     </span>
    </p>
   </div>
   <div class='ocr_carea' id='block_1_9' title="bbox 489 1183 2071 1256">
    <p class='ocr_par' dir='ltr' id='par_1_9' title="bbox 489 1183 2071 1256">
     <span class='ocr_line' id='line_1_9' title="bbox 489 1183 2071 1256; baseline -0.001 -18"><span class='ocrx_word' id='word_1_56' title='bbox 489 1186 594 1238; x_wconf 90' lang='lat'>399</span> <span class='ocrx_word' id='word_1_57' title='bbox 618 1184 862 1256; x_wconf 83' lang='lat' dir='ltr'>Templa</span> <span class='ocrx_word' id='word_1_58' title='bbox 891 1183 1182 1239; x_wconf 83' lang='lat' dir='ltr'>idolorum</span> <span class='ocrx_word' id='word_1_59' title='bbox 1213 1185 1385 1255; x_wconf 86' lang='lat' dir='ltr'>jussu</span> <span class='ocrx_word' id='word_1_60' title='bbox 1436 1183 1855 1255; x_wconf 87' lang='lat' dir='ltr'>imperatorum</span> <span class='ocrx_word' id='word_1_61' title='bbox 1888 1183 1947 1237; x_wconf 91' lang='lat' dir='ltr'>in</span> <span class='ocrx_word' id='word_1_62' title='bbox 1978 1183 2071 1238; x_wconf 89' lang='lat' dir='ltr'>di-</span> 
     </span>
    </p>
   </div>
   <div class='ocr_carea' id='block_1_10' title="bbox 418 1271 2070 1345">
    <p class='ocr_par' dir='ltr' id='par_1_10' title="bbox 418 1271 2070 1345">
     <span class='ocr_line' id='line_1_10' title="bbox 418 1271 2070 1345; baseline -0.001 -17"><span class='ocrx_word' id='word_1_63' title='bbox 418 1273 605 1329; x_wconf 81' lang='lat' dir='ltr'>versis</span> <span class='ocrx_word' id='word_1_64' title='bbox 636 1274 902 1345; x_wconf 87' lang='lat' dir='ltr'>partibns</span> <span class='ocrx_word' id='word_1_65' title='bbox 936 1274 1091 1327; x_wconf 82' lang='lat' dir='ltr'>orbis</span> <span class='ocrx_word' id='word_1_66' title='bbox 1123 1273 1591 1336; x_wconf 84' lang='lat' dir='ltr'>destruuntur,et</span> <span class='ocrx_word' id='word_1_67' title='bbox 1629 1272 1751 1327; x_wconf 89' lang='lat' dir='ltr'>ludi</span> <span class='ocrx_word' id='word_1_68' title='bbox 1784 1271 2070 1341; x_wconf 77' lang='lat' dir='ltr'>gladiato-</span> 
     </span>
    </p>
   </div>
   <div class='ocr_carea' id='block_1_11' title="bbox 422 1360 2072 1432">
    <p class='ocr_par' dir='ltr' id='par_1_11' title="bbox 422 1360 2072 1432">
     <span class='ocr_line' id='line_1_11' title="bbox 422 1360 2072 1432; baseline -0.002 -15"><span class='ocrx_word' id='word_1_69' title='bbox 422 1379 554 1417; x_wconf 86' lang='lat' dir='ltr'>rum</span> <span class='ocrx_word' id='word_1_70' title='bbox 587 1361 893 1416; x_wconf 87' lang='lat' dir='ltr'>tolluntur.</span> <span class='ocrx_word' id='word_1_71' title='bbox 928 1360 1066 1431; x_wconf 84' lang='lat' dir='ltr'>Aug.</span> <span class='ocrx_word' id='word_1_72' title='bbox 1109 1361 1295 1415; x_wconf 76' lang='lat' dir='ltr'>1.xvm</span> <span class='ocrx_word' id='word_1_73' title='bbox 1327 1361 1392 1414; x_wconf 86' lang='lat' dir='ltr'>de</span> <span class='ocrx_word' id='word_1_74' title='bbox 1423 1362 1718 1432; x_wconf 80' lang='lat' dir='ltr'>Civ.capite</span> <span class='ocrx_word' id='word_1_75' title='bbox 1749 1362 1849 1415; x_wconf 87' lang='lat' dir='ltr'>ult.</span> <span class='ocrx_word' id='word_1_76' title='bbox 1874 1362 2072 1415; x_wconf 84' lang='lat' dir='ltr'>Eutro-</span> 
     </span>
    </p>
   </div>
   <div class='ocr_carea' id='block_1_12' title="bbox 420 1448 2074 1521">
    <p class='ocr_par' dir='ltr' id='par_1_12' title="bbox 420 1448 2074 1521">
     <span class='ocr_line' id='line_1_12' title="bbox 420 1448 2074 1521; baseline -0.001 -17"><span class='ocrx_word' id='word_1_77' title='bbox 420 1449 556 1521; x_wconf 91' lang='lat' dir='ltr'>pius</span> <span class='ocrx_word' id='word_1_78' title='bbox 586 1448 916 1515; x_wconf 88' lang='lat' dir='ltr'>eunuchus,</span> <span class='ocrx_word' id='word_1_79' title='bbox 944 1449 1041 1520; x_wconf 83' lang='lat' dir='ltr'>qui</span> <span class='ocrx_word' id='word_1_80' title='bbox 1076 1448 1185 1505; x_wconf 92' lang='lat' dir='ltr'>hoc</span> <span class='ocrx_word' id='word_1_81' title='bbox 1231 1466 1383 1504; x_wconf 89' lang='lat' dir='ltr'>anno</span> <span class='ocrx_word' id='word_1_82' title='bbox 1432 1467 1565 1504; x_wconf 90' lang='lat' dir='ltr'>cum</span> <span class='ocrx_word' id='word_1_83' title='bbox 1618 1449 1916 1504; x_wconf 87' lang='lat' dir='ltr'>Theodoro</span> <span class='ocrx_word' id='word_1_84' title='bbox 1943 1465 2074 1505; x_wconf 90' lang='lat' dir='ltr'>con-</span> 
     </span>
    </p>
   </div>
   <div class='ocr_carea' id='block_1_13' title="bbox 422 1536 2069 1610">
    <p class='ocr_par' dir='ltr' id='par_1_13' title="bbox 422 1536 2069 1610">
     <span class='ocr_line' id='line_1_13' title="bbox 422 1536 2069 1610; baseline -0.001 -17"><span class='ocrx_word' id='word_1_85' title='bbox 422 1537 680 1593; x_wconf 81' lang='lat' dir='ltr'>sulatum</span> <span class='ocrx_word' id='word_1_86' title='bbox 713 1536 1024 1603; x_wconf 80' lang='lat' dir='ltr'>invaserat,</span> <span class='ocrx_word' id='word_1_87' title='bbox 1058 1537 1276 1594; x_wconf 90' lang='lat' dir='ltr'>honore</span> <span class='ocrx_word' id='word_1_88' title='bbox 1306 1542 1361 1593; x_wconf 86' lang='lat' dir='ltr'>et</span> <span class='ocrx_word' id='word_1_89' title='bbox 1390 1538 1509 1593; x_wconf 88' lang='lat' dir='ltr'>vita</span> <span class='ocrx_word' id='word_1_90' title='bbox 1539 1538 1798 1610; x_wconf 86' lang='lat' dir='ltr'>privatus</span> <span class='ocrx_word' id='word_1_91' title='bbox 1832 1536 2069 1592; x_wconf 83' lang='lat' dir='ltr'>interiit.</span> 
     </span>
    </p>
   </div>
   <div class='ocr_carea' id='block_1_14' title="bbox 423 1626 886 1697">
    <p class='ocr_par' dir='ltr' id='par_1_14' title="bbox 423 1626 886 1697">
     <span class='ocr_line' id='line_1_14' title="bbox 423 1626 886 1697; baseline -0.006 -15"><span class='ocrx_word' id='word_1_92' title='bbox 423 1630 613 1697; x_wconf 87' lang='lat' dir='ltr'>Prosp.</span> <span class='ocrx_word' id='word_1_93' title='bbox 648 1626 886 1681; x_wconf 86' lang='lat' dir='ltr'>Marcell.</span> 
     </span>
    </p>
   </div>
   <div class='ocr_carea' id='block_1_15' title="bbox 497 1712 2073 1786">
    <p class='ocr_par' dir='ltr' id='par_1_15' title="bbox 497 1712 2073 1786">
     <span class='ocr_line' id='line_1_15' title="bbox 497 1712 2073 1786; baseline 0 -19"><span class='ocrx_word' id='word_1_94' title='bbox 497 1715 601 1769; x_wconf 84' lang='lat'>400</span> <span class='ocrx_word' id='word_1_95' title='bbox 628 1713 796 1770; x_wconf 86' lang='lat' dir='ltr'>Gothi</span> <span class='ocrx_word' id='word_1_96' title='bbox 820 1713 1047 1769; x_wconf 84' lang='lat' dir='ltr'>Alarico</span> <span class='ocrx_word' id='word_1_97' title='bbox 1080 1719 1136 1770; x_wconf 91' lang='lat' dir='ltr'>et</span> <span class='ocrx_word' id='word_1_98' title='bbox 1195 1715 1521 1786; x_wconf 82' lang='lat' dir='ltr'>Radagaiso</span> <span class='ocrx_word' id='word_1_99' title='bbox 1582 1713 1816 1785; x_wconf 77' lang='lat' dir='ltr'>regibus</span> <span class='ocrx_word' id='word_1_100' title='bbox 1849 1712 2073 1769; x_wconf 83' lang='lat' dir='ltr'>Italiam</span> 
     </span>
    </p>
   </div>
   <div class='ocr_carea' id='block_1_16' title="bbox 424 1802 2075 1875">
    <p class='ocr_par' dir='ltr' id='par_1_16' title="bbox 424 1802 2075 1875">
     <span class='ocr_line' id='line_1_16' title="bbox 424 1802 2075 1875; baseline -0.001 -18"><span class='ocrx_word' id='word_1_101' title='bbox 424 1802 825 1875; x_wconf 84' lang='lat' dir='ltr'>ingredientes</span> <span class='ocrx_word' id='word_1_102' title='bbox 856 1803 1384 1875; x_wconf 84' lang='lat' dir='ltr'>devastant.Prosp.</span> <span class='ocrx_word' id='word_1_103' title='bbox 1417 1804 1561 1857; x_wconf 90' lang='lat' dir='ltr'>Cass.</span> <span class='ocrx_word' id='word_1_104' title='bbox 1597 1803 1785 1858; x_wconf 89' lang='lat' dir='ltr'>——Iloc</span> <span class='ocrx_word' id='word_1_105' title='bbox 1816 1807 2075 1874; x_wconf 87' lang='lat' dir='ltr'>tempore</span> 
     </span>
    </p>
   </div>
   <div class='ocr_carea' id='block_1_17' title="bbox 426 1889 2075 1962">
    <p class='ocr_par' dir='ltr' id='par_1_17' title="bbox 426 1889 2075 1962">
     <span class='ocr_line' id='line_1_17' title="bbox 426 1889 2075 1962; baseline -0.001 -16"><span class='ocrx_word' id='word_1_106' title='bbox 426 1891 774 1947; x_wconf 85' lang='lat' dir='ltr'>Anastasius</span> <span class='ocrx_word' id='word_1_107' title='bbox 806 1908 958 1962; x_wconf 87' lang='lat' dir='ltr'>papa</span> <span class='ocrx_word' id='word_1_108' title='bbox 990 1908 1094 1947; x_wconf 90' lang='lat' dir='ltr'>sua</span> <span class='ocrx_word' id='word_1_109' title='bbox 1125 1892 1301 1946; x_wconf 88' lang='lat' dir='ltr'>etiam</span> <span class='ocrx_word' id='word_1_110' title='bbox 1349 1892 1581 1946; x_wconf 90' lang='lat' dir='ltr'>decreta</span> <span class='ocrx_word' id='word_1_111' title='bbox 1635 1891 1959 1957; x_wconf 84' lang='lat' dir='ltr'>constituit,</span> <span class='ocrx_word' id='word_1_112' title='bbox 1989 1889 2075 1944; x_wconf 90' lang='lat' dir='ltr'>in-</span> 
     </span>
    </p>
   </div>
   <div class='ocr_carea' id='block_1_18' title="bbox 2175 741 3841 814">
    <p class='ocr_par' dir='ltr' id='par_1_18' title="bbox 2175 741 3841 814">
     <span class='ocr_line' id='line_1_18' title="bbox 2175 741 3841 814; baseline -0.001 -16"><span class='ocrx_word' id='word_1_113' title='bbox 2175 743 2417 799; x_wconf 88' lang='lat' dir='ltr'>Protasii</span> <span class='ocrx_word' id='word_1_114' title='bbox 2449 748 2504 798; x_wconf 90' lang='lat' dir='ltr'>et</span> <span class='ocrx_word' id='word_1_115' title='bbox 2534 742 2789 799; x_wconf 90' lang='lat' dir='ltr'>Gervasii</span> <span class='ocrx_word' id='word_1_116' title='bbox 2821 746 3149 814; x_wconf 86' lang='lat' dir='ltr'>martyrum</span> <span class='ocrx_word' id='word_1_117' title='bbox 3202 741 3398 797; x_wconf 65' lang='lat' dir='ltr'>Rome</span> <span class='ocrx_word' id='word_1_118' title='bbox 3427 745 3841 811; x_wconf 85' lang='lat' dir='ltr'>constructam</span> 
     </span>
    </p>
   </div>
   <div class='ocr_carea' id='block_1_19' title="bbox 2176 830 3832 900">
    <p class='ocr_par' dir='ltr' id='par_1_19' title="bbox 2176 830 3832 900">
     <span class='ocr_line' id='line_1_19' title="bbox 2176 830 3832 900; baseline -0.001 -14"><span class='ocrx_word' id='word_1_119' title='bbox 2176 831 2485 900; x_wconf 84' lang='lat' dir='ltr'>dedicavit,</span> <span class='ocrx_word' id='word_1_120' title='bbox 2520 836 2576 887; x_wconf 91' lang='lat' dir='ltr'>et</span> <span class='ocrx_word' id='word_1_121' title='bbox 2603 830 2841 886; x_wconf 87' lang='lat' dir='ltr'>titulum</span> <span class='ocrx_word' id='word_1_122' title='bbox 2875 831 2933 886; x_wconf 90' lang='lat' dir='ltr'>in</span> <span class='ocrx_word' id='word_1_123' title='bbox 2966 832 3117 887; x_wconf 87' lang='lat' dir='ltr'>Urbe</span> <span class='ocrx_word' id='word_1_124' title='bbox 3150 830 3474 886; x_wconf 90' lang='lat' dir='ltr'>constituit.</span> <span class='ocrx_word' id='word_1_125' title='bbox 3501 830 3832 885; x_wconf 86' lang='lat' dir='ltr'>Anast.Bed.</span> 
     </span>
    </p>
   </div>
   <div class='ocr_carea' id='block_1_20' title="bbox 2247 917 3834 990">
    <p class='ocr_par' dir='ltr' id='par_1_20' title="bbox 2247 917 3834 990">
     <span class='ocr_line' id='line_1_20' title="bbox 2247 917 3834 990; baseline 0.001 -17"><span class='ocrx_word' id='word_1_126' title='bbox 2247 920 2353 974; x_wconf 85' lang='lat'>405</span> <span class='ocrx_word' id='word_1_127' title='bbox 2382 918 2658 975; x_wconf 80' lang='lat' dir='ltr'>Romanis</span> <span class='ocrx_word' id='word_1_128' title='bbox 2689 920 2834 975; x_wconf 88' lang='lat' dir='ltr'>duce</span> <span class='ocrx_word' id='word_1_129' title='bbox 2869 918 3145 974; x_wconf 89' lang='lat' dir='ltr'>Stilicone</span> <span class='ocrx_word' id='word_1_130' title='bbox 3178 918 3240 973; x_wconf 92' lang='lat' dir='ltr'>in</span> <span class='ocrx_word' id='word_1_131' title='bbox 3271 917 3532 974; x_wconf 87' lang='lat' dir='ltr'>Thuscia</span> <span class='ocrx_word' id='word_1_132' title='bbox 3562 935 3834 990; x_wconf 90' lang='lat' dir='ltr'>pugnan-</span> 
     </span>
    </p>
   </div>
   <div class='ocr_carea' id='block_1_21' title="bbox 2178 1005 3837 1080">
    <p class='ocr_par' dir='ltr' id='par_1_21' title="bbox 2178 1005 3837 1080">
     <span class='ocr_line' id='line_1_21' title="bbox 2178 1005 3837 1080; baseline 0 -19"><span class='ocrx_word' id='word_1_133' title='bbox 2178 1006 2336 1062; x_wconf 86' lang='lat' dir='ltr'>tibus</span> <span class='ocrx_word' id='word_1_134' title='bbox 2368 1007 2739 1080; x_wconf 81' lang='lat' dir='ltr'>Radagaistis</span> <span class='ocrx_word' id='word_1_135' title='bbox 2771 1008 2882 1079; x_wconf 98' lang='grc'>(81)</span> <span class='ocrx_word' id='word_1_136' title='bbox 2915 1023 3048 1063; x_wconf 88' lang='lat' dir='ltr'>cum</span> <span class='ocrx_word' id='word_1_137' title='bbox 3079 1023 3145 1061; x_wconf 86' lang='lat' dir='ltr'>cc</span> <span class='ocrx_word' id='word_1_138' title='bbox 3176 1005 3465 1062; x_wconf 90' lang='lat' dir='ltr'>militibus</span> <span class='ocrx_word' id='word_1_139' title='bbox 3508 1006 3837 1063; x_wconf 84' lang='lat' dir='ltr'>Gothorum</span> 
     </span>
    </p>
   </div>
   <div class='ocr_carea' id='block_1_22' title="bbox 2178 1094 3835 1167">
    <p class='ocr_par' dir='ltr' id='par_1_22' title="bbox 2178 1094 3835 1167">
     <span class='ocr_line' id='line_1_22' title="bbox 2178 1094 3835 1167; baseline -0.001 -16"><span class='ocrx_word' id='word_1_140' title='bbox 2178 1096 2330 1151; x_wconf 82' lang='lat' dir='ltr'>facili</span> <span class='ocrx_word' id='word_1_141' title='bbox 2364 1096 2623 1164; x_wconf 85' lang='lat' dir='ltr'>victoria,</span> <span class='ocrx_word' id='word_1_142' title='bbox 2658 1096 2772 1152; x_wconf 92' lang='lat' dir='ltr'>Deo</span> <span class='ocrx_word' id='word_1_143' title='bbox 2819 1096 3093 1162; x_wconf 83' lang='lat' dir='ltr'>donante,</span> <span class='ocrx_word' id='word_1_144' title='bbox 3124 1094 3311 1150; x_wconf 90' lang='lat' dir='ltr'>victus</span> <span class='ocrx_word' id='word_1_145' title='bbox 3370 1097 3427 1150; x_wconf 88' lang='lat' dir='ltr'>et</span> <span class='ocrx_word' id='word_1_146' title='bbox 3483 1099 3694 1167; x_wconf 90' lang='lat' dir='ltr'>captus</span> <span class='ocrx_word' id='word_1_147' title='bbox 3726 1100 3835 1151; x_wconf 87' lang='lat' dir='ltr'>est.</span> 
     </span>
    </p>
   </div>
   <div class='ocr_carea' id='block_1_23' title="bbox 2178 1186 2645 1257">
    <p class='ocr_par' dir='ltr' id='par_1_23' title="bbox 2178 1186 2645 1257">
     <span class='ocr_line' id='line_1_23' title="bbox 2178 1186 2645 1257; baseline -0.002 -18"><span class='ocrx_word' id='word_1_148' title='bbox 2178 1186 2418 1240; x_wconf 85' lang='lat' dir='ltr'>Marcell.</span> <span class='ocrx_word' id='word_1_149' title='bbox 2455 1191 2645 1257; x_wconf 78' lang='lat' dir='ltr'>I’rosp.</span> 
     </span>
    </p>
   </div>
   <div class='ocr_carea' id='block_1_24' title="bbox 2250 1270 3834 1343">
    <p class='ocr_par' dir='ltr' id='par_1_24' title="bbox 2250 1270 3834 1343">
     <span class='ocr_line' id='line_1_24' title="bbox 2250 1270 3834 1343; baseline -0.001 -15"><span class='ocrx_word' id='word_1_150' title='bbox 2250 1275 2352 1329; x_wconf 86' lang='lat'>406</span> <span class='ocrx_word' id='word_1_151' title='bbox 2374 1273 2667 1338; x_wconf 88' lang='lat' dir='ltr'>Wandali,</span> <span class='ocrx_word' id='word_1_152' title='bbox 2698 1273 2870 1328; x_wconf 86' lang='lat' dir='ltr'>Suevi</span> <span class='ocrx_word' id='word_1_153' title='bbox 2926 1277 2984 1328; x_wconf 89' lang='lat' dir='ltr'>et</span> <span class='ocrx_word' id='word_1_154' title='bbox 3039 1271 3208 1328; x_wconf 88' lang='lat' dir='ltr'>Alani</span> <span class='ocrx_word' id='word_1_155' title='bbox 3256 1273 3499 1343; x_wconf 83' lang='lat' dir='ltr'>trajecta</span> <span class='ocrx_word' id='word_1_156' title='bbox 3532 1270 3739 1328; x_wconf 84' lang='lat' dir='ltr'>Rheno</span> <span class='ocrx_word' id='word_1_157' title='bbox 3774 1290 3834 1327; x_wconf 86' lang='grc' dir='ltr'>ιιι</span> 
     </span>
    </p>
   </div>
   <div class='ocr_carea' id='block_1_25' title="bbox 2179 1359 3834 1432">
    <p class='ocr_par' dir='ltr' id='par_1_25' title="bbox 2179 1359 3834 1432">
     <span class='ocr_line' id='line_1_25' title="bbox 2179 1359 3834 1432; baseline -0.003 -14"><span class='ocrx_word' id='word_1_158' title='bbox 2179 1363 2299 1418; x_wconf 88' lang='lat' dir='ltr'>Cal.</span> <span class='ocrx_word' id='word_1_159' title='bbox 2332 1362 2597 1419; x_wconf 87' lang='lat' dir='ltr'>Januarii</span> <span class='ocrx_word' id='word_1_160' title='bbox 2631 1365 2744 1432; x_wconf 81' lang='lat'>(82)</span> <span class='ocrx_word' id='word_1_161' title='bbox 2777 1360 2994 1418; x_wconf 87' lang='lat' dir='ltr'>Gallias</span> <span class='ocrx_word' id='word_1_162' title='bbox 3025 1360 3317 1417; x_wconf 86' lang='lat' dir='ltr'>hostiliter</span> <span class='ocrx_word' id='word_1_163' title='bbox 3348 1359 3834 1432; x_wconf 87' lang='lat' dir='ltr'>ingressi.Chron.</span> 
     </span>
    </p>
   </div>
   <div class='ocr_carea' id='block_1_26' title="bbox 2181 1450 2335 1507">
    <p class='ocr_par' dir='ltr' id='par_1_26' title="bbox 2181 1450 2335 1507">
     <span class='ocr_line' id='line_1_26' title="bbox 2181 1450 2335 1507; baseline -0.013 0"><span class='ocrx_word' id='word_1_164' title='bbox 2181 1450 2335 1507; x_wconf 67' lang='lat' dir='ltr'>Gothi</span> 
     </span>
    </p>
   </div>
   <div class='ocr_carea' id='block_1_27' title="bbox 2250 1535 3893 1621">
    <p class='ocr_par' dir='ltr' id='par_1_27' title="bbox 2250 1535 3893 1621">
     <span class='ocr_line' id='line_1_27' title="bbox 2250 1535 3893 1621; baseline -0.002 -25"><span class='ocrx_word' id='word_1_165' title='bbox 2250 1541 2355 1596; x_wconf 86' lang='lat'>407</span> <span class='ocrx_word' id='word_1_166' title='bbox 2386 1541 2804 1596; x_wconf 85' lang='lat' dir='ltr'>Constantinus</span> <span class='ocrx_word' id='word_1_167' title='bbox 2833 1539 2891 1594; x_wconf 93' lang='lat' dir='ltr'>in</span> <span class='ocrx_word' id='word_1_168' title='bbox 2924 1537 3247 1605; x_wconf 87' lang='lat' dir='ltr'>Britannia,</span> <span class='ocrx_word' id='word_1_169' title='bbox 3271 1535 3578 1611; x_wconf 73' lang='lat' dir='ltr'>tyrannide</span> <span class='ocrx_word' id='word_1_170' title='bbox 3607 1537 3840 1607; x_wconf 83' lang='lat' dir='ltr'>invasa,</span> <span class='ocrx_word' id='word_1_171' title='bbox 3870 1599 3893 1621; x_wconf 44' lang='grc' dir='ltr'><strong>θ</strong></span> 
     </span>
    </p>
   </div>
   <div class='ocr_carea' id='block_1_28' title="bbox 2182 1628 2998 1701">
    <p class='ocr_par' dir='ltr' id='par_1_28' title="bbox 2182 1628 2998 1701">
     <span class='ocr_line' id='line_1_28' title="bbox 2182 1628 2998 1701; baseline -0.002 -16"><span class='ocrx_word' id='word_1_172' title='bbox 2182 1630 2253 1685; x_wconf 90' lang='lat' dir='ltr'>ad</span> <span class='ocrx_word' id='word_1_173' title='bbox 2287 1629 2505 1685; x_wconf 89' lang='lat' dir='ltr'>Gallias</span> <span class='ocrx_word' id='word_1_174' title='bbox 2538 1628 2769 1685; x_wconf 88' lang='lat' dir='ltr'>transit.</span> <span class='ocrx_word' id='word_1_175' title='bbox 2802 1630 2998 1701; x_wconf 84' lang='lat' dir='ltr'>Prosp.</span> 
     </span>
    </p>
   </div>
   <div class='ocr_carea' id='block_1_29' title="bbox 2254 1714 3840 1790">
    <p class='ocr_par' dir='ltr' id='par_1_29' title="bbox 2254 1714 3840 1790">
     <span class='ocr_line' id='line_1_29' title="bbox 2254 1714 3840 1790; baseline -0.001 -18"><span class='ocrx_word' id='word_1_176' title='bbox 2254 1719 2357 1773; x_wconf 92' lang='lat'>408</span> <span class='ocrx_word' id='word_1_177' title='bbox 2386 1718 2670 1773; x_wconf 90' lang='lat' dir='ltr'>Arcadius</span> <span class='ocrx_word' id='word_1_178' title='bbox 2703 1717 3021 1790; x_wconf 89' lang='lat' dir='ltr'>imperator</span> <span class='ocrx_word' id='word_1_179' title='bbox 3042 1714 3543 1788; x_wconf 86' lang='lat' dir='ltr'>Constantinopoli</span> <span class='ocrx_word' id='word_1_180' title='bbox 3566 1715 3840 1783; x_wconf 87' lang='lat' dir='ltr'>moritur,</span> 
     </span>
    </p>
   </div>
   <div class='ocr_carea' id='block_1_30' title="bbox 2181 1802 3834 1878">
    <p class='ocr_par' dir='ltr' id='par_1_30' title="bbox 2181 1802 3834 1878">
     <span class='ocr_line' id='line_1_30' title="bbox 2181 1802 3834 1878; baseline -0.002 -17"><span class='ocrx_word' id='word_1_181' title='bbox 2181 1805 2380 1861; x_wconf 90' lang='lat' dir='ltr'>relicto</span> <span class='ocrx_word' id='word_1_182' title='bbox 2415 1823 2517 1878; x_wconf 87' lang='lat' dir='ltr'>pro</span> <span class='ocrx_word' id='word_1_183' title='bbox 2549 1822 2612 1861; x_wconf 88' lang='lat' dir='ltr'>se</span> <span class='ocrx_word' id='word_1_184' title='bbox 2638 1805 2756 1861; x_wconf 85' lang='lat' dir='ltr'>ﬁlio</span> <span class='ocrx_word' id='word_1_185' title='bbox 2786 1804 3135 1873; x_wconf 87' lang='lat' dir='ltr'>Theodosio,</span> <span class='ocrx_word' id='word_1_186' title='bbox 3170 1821 3304 1860; x_wconf 91' lang='lat' dir='ltr'>cum</span> <span class='ocrx_word' id='word_1_187' title='bbox 3336 1820 3452 1876; x_wconf 82' lang='lat' dir='ltr'>quo</span> <span class='ocrx_word' id='word_1_188' title='bbox 3484 1802 3697 1859; x_wconf 88' lang='lat' dir='ltr'>dehinc</span> <span class='ocrx_word' id='word_1_189' title='bbox 3729 1821 3834 1875; x_wconf 88' lang='lat' dir='ltr'>pa-</span> 
     </span>
    </p>
   </div>
   <div class='ocr_carea' id='block_1_31' title="bbox 2180 1892 3841 1965">
    <p class='ocr_par' dir='ltr' id='par_1_31' title="bbox 2180 1892 3841 1965">
     <span class='ocr_line' id='line_1_31' title="bbox 2180 1892 3841 1965; baseline -0.001 -16"><span class='ocrx_word' id='word_1_190' title='bbox 2180 1899 2349 1950; x_wconf 91' lang='lat' dir='ltr'>truus</span> <span class='ocrx_word' id='word_1_191' title='bbox 2382 1894 2671 1951; x_wconf 88' lang='lat' dir='ltr'>Honorius</span> <span class='ocrx_word' id='word_1_192' title='bbox 2703 1910 2888 1949; x_wconf 90' lang='lat' dir='ltr'>annos</span> <span class='ocrx_word' id='word_1_193' title='bbox 2916 1910 2988 1950; x_wconf 87' lang='lat' dir='ltr'>xv</span> <span class='ocrx_word' id='word_1_194' title='bbox 3032 1893 3311 1965; x_wconf 85' lang='lat' dir='ltr'>regnavit.</span> <span class='ocrx_word' id='word_1_195' title='bbox 3363 1892 3510 1948; x_wconf 88' lang='lat' dir='ltr'>Cass.</span> <span class='ocrx_word' id='word_1_196' title='bbox 3543 1894 3740 1964; x_wconf 86' lang='lat' dir='ltr'>Prosp.</span> <span class='ocrx_word' id='word_1_197' title='bbox 3774 1924 3841 1932; x_wconf 95' lang='lat'><strong>—</strong></span> 
     </span>
    </p>
   </div>
   <div class='ocr_carea' id='block_1_32' title="bbox 425 1978 3843 2089">
    <p class='ocr_par' dir='ltr' id='par_1_32' title="bbox 425 1978 3843 2089">
     <span class='ocr_line' id='line_1_32' title="bbox 425 1978 3843 2089; baseline 0.001 -54"><span class='ocrx_word' id='word_1_198' title='bbox 425 1985 629 2089; x_wconf 57' lang='lat' dir='ltr'>vento:</span> <span class='ocrx_word' id='word_1_199' title='bbox 664 1980 720 2035; x_wconf 94' lang='lat' dir='ltr'>in</span> <span class='ocrx_word' id='word_1_200' title='bbox 749 1980 897 2079; x_wconf 74' lang='lat' dir='ltr'>Urbe</span> <span class='ocrx_word' id='word_1_201' title='bbox 928 1980 1278 2089; x_wconf 65' lang='lat' dir='ltr'>Mapichasos</span> <span class='ocrx_word' id='word_1_202' title='bbox 1308 1980 1623 2089; x_wconf 51' lang='lat' dir='ltr'>dam‘navit,</span> <span class='ocrx_word' id='word_1_203' title='bbox 1657 1985 1713 2078; x_wconf 70' lang='lat' dir='ltr'>et</span> <span class='ocrx_word' id='word_1_204' title='bbox 1743 1978 2071 2044; x_wconf 88' lang='lat' dir='ltr'>basilicam,</span> <span class='ocrx_word' id='word_1_205' title='bbox 2105 2023 2154 2089; x_wconf 78' lang='grc' dir='ltr'><strong>Β</strong></span> <span class='ocrx_word' id='word_1_206' title='bbox 2185 1982 2384 2039; x_wconf 86' lang='lat' dir='ltr'>Stilico</span> <span class='ocrx_word' id='word_1_207' title='bbox 2416 1983 2531 2038; x_wconf 88' lang='lat' dir='ltr'>dux</span> <span class='ocrx_word' id='word_1_208' title='bbox 2564 1983 2730 2083; x_wconf 77' lang='lat' dir='ltr'>fortis</span> <span class='ocrx_word' id='word_1_209' title='bbox 2764 1999 2882 2038; x_wconf 88' lang='lat' dir='ltr'>una</span> <span class='ocrx_word' id='word_1_210' title='bbox 2912 1998 3047 2037; x_wconf 90' lang='lat' dir='ltr'>cum</span> <span class='ocrx_word' id='word_1_211' title='bbox 3080 1981 3200 2037; x_wconf 83' lang='lat' dir='ltr'>ﬁlio</span> <span class='ocrx_word' id='word_1_212' title='bbox 3231 1979 3514 2038; x_wconf 86' lang='lat' dir='ltr'>Eucherio</span> <span class='ocrx_word' id='word_1_213' title='bbox 3544 1982 3619 2036; x_wconf 90' lang='lat' dir='ltr'>ab</span> <span class='ocrx_word' id='word_1_214' title='bbox 3653 1981 3843 2037; x_wconf 77' lang='lat' dir='ltr'>[Iono-</span> 
     </span>
    </p>
   </div>
   <div class='ocr_carea' id='block_1_33' title="bbox 427 2067 2077 2140">
    <p class='ocr_par' dir='ltr' id='par_1_33' title="bbox 427 2067 2077 2140">
     <span class='ocr_line' id='line_1_33' title="bbox 427 2067 2077 2140; baseline -0.002 -16"><span class='ocrx_word' id='word_1_215' title='bbox 427 2086 554 2140; x_wconf 67' lang='lat' dir='ltr'>qua&#39;:</span> <span class='ocrx_word' id='word_1_216' title='bbox 585 2067 991 2125; x_wconf 89' lang='lat' dir='ltr'>Crescentiana</span> <span class='ocrx_word' id='word_1_217' title='bbox 1021 2069 1254 2135; x_wconf 89' lang='lat' dir='ltr'>dicitur,</span> <span class='ocrx_word' id='word_1_218' title='bbox 1286 2069 1379 2125; x_wconf 89' lang='lat' dir='ltr'>via</span> <span class='ocrx_word' id='word_1_219' title='bbox 1426 2068 1788 2124; x_wconf 88' lang='lat' dir='ltr'>Mamurtina</span> <span class='ocrx_word' id='word_1_220' title='bbox 1818 2071 2077 2123; x_wconf 91' lang='lat' dir='ltr'>constru-</span> 
     </span>
    </p>
   </div>
   <div class='ocr_carea' id='block_1_34' title="bbox 426 2158 765 2213">
    <p class='ocr_par' dir='ltr' id='par_1_34' title="bbox 426 2158 765 2213">
     <span class='ocr_line' id='line_1_34' title="bbox 426 2158 765 2213; baseline -0.006 0"><span class='ocrx_word' id='word_1_221' title='bbox 426 2158 529 2213; x_wconf 72' lang='lat' dir='ltr'>xit.</span> <span class='ocrx_word' id='word_1_222' title='bbox 567 2161 765 2212; x_wconf 71' lang='lat' dir='ltr'>.lnast.</span> 
     </span>
    </p>
   </div>
   <div class='ocr_carea' id='block_1_35' title="bbox 495 2242 2075 2319">
    <p class='ocr_par' dir='ltr' id='par_1_35' title="bbox 495 2242 2075 2319">
     <span class='ocr_line' id='line_1_35' title="bbox 495 2242 2075 2319; baseline -0.001 -19"><span class='ocrx_word' id='word_1_223' title='bbox 495 2247 591 2301; x_wconf 81' lang='lat'>401</span> <span class='ocrx_word' id='word_1_224' title='bbox 625 2246 883 2302; x_wconf 90' lang='lat' dir='ltr'>Joannes</span> <span class='ocrx_word' id='word_1_225' title='bbox 915 2246 1596 2319; x_wconf 89' lang='lat' dir='ltr'>Constantinopolitanus</span> <span class='ocrx_word' id='word_1_226' title='bbox 1626 2250 1682 2300; x_wconf 86' lang='lat' dir='ltr'>et</span> <span class='ocrx_word' id='word_1_227' title='bbox 1708 2242 2075 2315; x_wconf 88' lang='lat' dir='ltr'>Theophilus</span> 
     </span>
    </p>
   </div>
   <div class='ocr_carea' id='block_1_36' title="bbox 424 2332 2074 2408">
    <p class='ocr_par' dir='ltr' id='par_1_36' title="bbox 424 2332 2074 2408">
     <span class='ocr_line' id='line_1_36' title="bbox 424 2332 2074 2408; baseline -0.002 -17"><span class='ocrx_word' id='word_1_228' title='bbox 424 2334 681 2408; x_wconf 85' lang='lat' dir='ltr'>episcopi</span> <span class='ocrx_word' id='word_1_229' title='bbox 715 2334 1027 2391; x_wconf 90' lang='lat' dir='ltr'>clarissimi</span> <span class='ocrx_word' id='word_1_230' title='bbox 1059 2334 1368 2401; x_wconf 86' lang='lat' dir='ltr'>habentur,</span> <span class='ocrx_word' id='word_1_231' title='bbox 1399 2334 1498 2389; x_wconf 82' lang='lat' dir='ltr'>sed</span> <span class='ocrx_word' id='word_1_232' title='bbox 1540 2334 1684 2388; x_wconf 86' lang='lat' dir='ltr'>adeo</span> <span class='ocrx_word' id='word_1_233' title='bbox 1716 2332 1866 2388; x_wconf 89' lang='lat' dir='ltr'>inter</span> <span class='ocrx_word' id='word_1_234' title='bbox 1896 2349 1959 2387; x_wconf 90' lang='lat' dir='ltr'>se</span> <span class='ocrx_word' id='word_1_235' title='bbox 1988 2333 2074 2387; x_wconf 91' lang='lat' dir='ltr'>di-</span> 
     </span>
    </p>
   </div>
   <div class='ocr_carea' id='block_1_37' title="bbox 424 2421 2076 2494">
    <p class='ocr_par' dir='ltr' id='par_1_37' title="bbox 424 2421 2076 2494">
     <span class='ocr_line' id='line_1_37' title="bbox 424 2421 2076 2494; baseline -0.001 -15"><span class='ocrx_word' id='word_1_236' title='bbox 424 2425 753 2490; x_wconf 85' lang='lat' dir='ltr'>scordes,ut</span> <span class='ocrx_word' id='word_1_237' title='bbox 784 2422 1085 2477; x_wconf 88' lang='lat' dir='ltr'>molimine</span> <span class='ocrx_word' id='word_1_238' title='bbox 1114 2422 1415 2494; x_wconf 89' lang='lat' dir='ltr'>Theophili</span> <span class='ocrx_word' id='word_1_239' title='bbox 1449 2423 1703 2478; x_wconf 84' lang='lat' dir='ltr'>Joannes</span> <span class='ocrx_word' id='word_1_240' title='bbox 1736 2422 1796 2476; x_wconf 91' lang='lat' dir='ltr'>in</span> <span class='ocrx_word' id='word_1_241' title='bbox 1831 2421 2076 2477; x_wconf 80' lang='lat' dir='ltr'>Pontum</span> 
     </span>
    </p>
   </div>
   <div class='ocr_carea' id='block_1_38' title="bbox 428 2511 1302 2583">
    <p class='ocr_par' dir='ltr' id='par_1_38' title="bbox 428 2511 1302 2583">
     <span class='ocr_line' id='line_1_38' title="bbox 428 2511 1302 2583; baseline -0.001 -16"><span class='ocrx_word' id='word_1_242' title='bbox 428 2511 633 2567; x_wconf 80' lang='lat' dir='ltr'>exsilio</span> <span class='ocrx_word' id='word_1_243' title='bbox 667 2512 955 2583; x_wconf 84' lang='lat' dir='ltr'>relegatus</span> <span class='ocrx_word' id='word_1_244' title='bbox 987 2513 1082 2566; x_wconf 87' lang='lat' dir='ltr'>sit.</span> <span class='ocrx_word' id='word_1_245' title='bbox 1115 2512 1302 2582; x_wconf 84' lang='lat' dir='ltr'>Prosp.</span> 
     </span>
    </p>
   </div>
   <div class='ocr_carea' id='block_1_39' title="bbox 502 2598 2076 2667">
    <p class='ocr_par' dir='ltr' id='par_1_39' title="bbox 502 2598 2076 2667">
     <span class='ocr_line' id='line_1_39' title="bbox 502 2598 2076 2667; baseline -0.001 -14"><span class='ocrx_word' id='word_1_246' title='bbox 502 2601 608 2654; x_wconf 81' lang='lat'>402</span> <span class='ocrx_word' id='word_1_247' title='bbox 636 2598 926 2654; x_wconf 78' lang='lat' dir='ltr'>Pollentiae</span> <span class='ocrx_word' id='word_1_248' title='bbox 960 2599 1230 2667; x_wconf 80' lang='lat' dir='ltr'>Romani,</span> <span class='ocrx_word' id='word_1_249' title='bbox 1255 2599 1529 2655; x_wconf 88' lang='lat' dir='ltr'>Stilicone</span> <span class='ocrx_word' id='word_1_250' title='bbox 1562 2600 1705 2654; x_wconf 91' lang='lat' dir='ltr'>duce</span> <span class='ocrx_word' id='word_1_251' title='bbox 1736 2602 1939 2653; x_wconf 87' lang='lat' dir='ltr'>contra</span> <span class='ocrx_word' id='word_1_252' title='bbox 1970 2599 2076 2653; x_wconf 91' lang='lat' dir='ltr'>Go-</span> 
     </span>
    </p>
   </div>
   <div class='ocr_carea' id='block_1_40' title="bbox 430 2686 2076 2761">
    <p class='ocr_par' dir='ltr' id='par_1_40' title="bbox 430 2686 2076 2761">
     <span class='ocr_line' id='line_1_40' title="bbox 430 2686 2076 2761; baseline -0.001 -18"><span class='ocrx_word' id='word_1_253' title='bbox 430 2686 565 2743; x_wconf 87' lang='lat' dir='ltr'>thos</span> <span class='ocrx_word' id='word_1_254' title='bbox 593 2688 753 2759; x_wconf 89' lang='lat' dir='ltr'>gravi</span> <span class='ocrx_word' id='word_1_255' title='bbox 787 2693 1170 2758; x_wconf 89' lang='lat' dir='ltr'>utrorumque</span> <span class='ocrx_word' id='word_1_256' title='bbox 1223 2688 1385 2743; x_wconf 87' lang='lat' dir='ltr'>clade</span> <span class='ocrx_word' id='word_1_257' title='bbox 1440 2693 1792 2761; x_wconf 82' lang='lat' dir='ltr'>pugnantes,</span> <span class='ocrx_word' id='word_1_258' title='bbox 1840 2687 2076 2742; x_wconf 86' lang='lat' dir='ltr'>tandem</span> 
     </span>
    </p>
   </div>
   <div class='ocr_carea' id='block_1_41' title="bbox 428 2775 2076 2848">
    <p class='ocr_par' dir='ltr' id='par_1_41' title="bbox 428 2775 2076 2848">
     <span class='ocr_line' id='line_1_41' title="bbox 428 2775 2076 2848; baseline 0.001 -18"><span class='ocrx_word' id='word_1_259' title='bbox 428 2775 563 2831; x_wconf 90' lang='lat' dir='ltr'>victi</span> <span class='ocrx_word' id='word_1_260' title='bbox 594 2782 759 2848; x_wconf 88' lang='lat' dir='ltr'>terga</span> <span class='ocrx_word' id='word_1_261' title='bbox 786 2780 1020 2831; x_wconf 88' lang='lat' dir='ltr'>vertunt</span> <span class='ocrx_word' id='word_1_262' title='bbox 1049 2778 1181 2848; x_wconf 91' lang='lat'>(80).</span> <span class='ocrx_word' id='word_1_263' title='bbox 1213 2780 1363 2833; x_wconf 78' lang='lat' dir='ltr'>Cass.</span> <span class='ocrx_word' id='word_1_264' title='bbox 1397 2779 1548 2834; x_wconf 87' lang='lat' dir='ltr'>Jorn.</span> <span class='ocrx_word' id='word_1_265' title='bbox 1601 2776 1751 2832; x_wconf 87' lang='lat' dir='ltr'>Oros.</span> <span class='ocrx_word' id='word_1_266' title='bbox 1785 2808 1852 2817; x_wconf 90' lang='lat'>-—</span> <span class='ocrx_word' id='word_1_267' title='bbox 1882 2776 2076 2832; x_wconf 70' lang='lat' dir='ltr'>Ilomze</span> 
     </span>
    </p>
   </div>
   <div class='ocr_carea' id='block_1_42' title="bbox 431 2862 1692 2936">
    <p class='ocr_par' dir='ltr' id='par_1_42' title="bbox 431 2862 1692 2936">
     <span class='ocr_line' id='line_1_42' title="bbox 431 2862 1692 2936; baseline -0.001 -16"><span class='ocrx_word' id='word_1_268' title='bbox 431 2862 810 2920; x_wconf 88' lang='lat' dir='ltr'>Innocentius</span> <span class='ocrx_word' id='word_1_269' title='bbox 839 2881 990 2936; x_wconf 89' lang='lat' dir='ltr'>papa</span> <span class='ocrx_word' id='word_1_270' title='bbox 1018 2865 1165 2920; x_wconf 82' lang='lat' dir='ltr'>XLII</span> <span class='ocrx_word' id='word_1_271' title='bbox 1197 2866 1346 2920; x_wconf 87' lang='lat' dir='ltr'>sedit</span> <span class='ocrx_word' id='word_1_272' title='bbox 1375 2865 1547 2921; x_wconf 87' lang='lat' dir='ltr'>annis</span> <span class='ocrx_word' id='word_1_273' title='bbox 1577 2883 1692 2920; x_wconf 71' lang='lat' dir='ltr'>xxv.</span> 
     </span>
    </p>
   </div>
   <div class='ocr_carea' id='block_1_43' title="bbox 502 2952 2079 3024">
    <p class='ocr_par' dir='ltr' id='par_1_43' title="bbox 502 2952 2079 3024">
     <span class='ocr_line' id='line_1_43' title="bbox 502 2952 2079 3024; baseline 0 -17"><span class='ocrx_word' id='word_1_274' title='bbox 502 2953 607 3008; x_wconf 86' lang='lat'>403</span> <span class='ocrx_word' id='word_1_275' title='bbox 637 2952 975 3024; x_wconf 72' lang='lat' dir='ltr'>Carthagini</span> <span class='ocrx_word' id='word_1_276' title='bbox 1002 2953 1313 3009; x_wconf 87' lang='lat' dir='ltr'>concilium</span> <span class='ocrx_word' id='word_1_277' title='bbox 1346 2960 1549 3010; x_wconf 86' lang='lat' dir='ltr'>contra</span> <span class='ocrx_word' id='word_1_278' title='bbox 1596 2954 1930 3010; x_wconf 85' lang='lat' dir='ltr'>Donatistas</span> <span class='ocrx_word' id='word_1_279' title='bbox 1980 2952 2079 3008; x_wconf 87' lang='lat' dir='ltr'>ha-</span> 
     </span>
    </p>
   </div>
   <div class='ocr_carea' id='block_1_44' title="bbox 430 3043 643 3098">
    <p class='ocr_par' dir='ltr' id='par_1_44' title="bbox 430 3043 643 3098">
     <span class='ocr_line' id='line_1_44' title="bbox 430 3043 643 3098; baseline 0 0"><span class='ocrx_word' id='word_1_280' title='bbox 430 3043 643 3098; x_wconf 86' lang='lat' dir='ltr'>bitum.</span> 
     </span>
    </p>
   </div>
   <div class='ocr_carea' id='block_1_45' title="bbox 506 3130 2079 3204">
    <p class='ocr_par' dir='ltr' id='par_1_45' title="bbox 506 3130 2079 3204">
     <span class='ocr_line' id='line_1_45' title="bbox 506 3130 2079 3204; baseline -0.001 -17"><span class='ocrx_word' id='word_1_281' title='bbox 506 3132 605 3187; x_wconf 73' lang='lat'>39</span> <span class='ocrx_word' id='word_1_282' title='bbox 635 3131 740 3186; x_wconf 77' lang='grc'>404</span> <span class='ocrx_word' id='word_1_283' title='bbox 768 3130 867 3185; x_wconf 90' lang='lat' dir='ltr'>llis</span> <span class='ocrx_word' id='word_1_284' title='bbox 896 3131 1265 3203; x_wconf 87' lang='lat' dir='ltr'>temporibus</span> <span class='ocrx_word' id='word_1_285' title='bbox 1296 3132 1668 3188; x_wconf 87' lang='lat' dir='ltr'>Innocentius</span> <span class='ocrx_word' id='word_1_286' title='bbox 1717 3150 1868 3204; x_wconf 89' lang='lat' dir='ltr'>papa</span> <span class='ocrx_word' id='word_1_287' title='bbox 1898 3130 2079 3204; x_wconf 89' lang='lat' dir='ltr'>pluri-</span> 
     </span>
    </p>
   </div>
   <div class='ocr_carea' id='block_1_46' title="bbox 2186 2070 3367 2144">
    <p class='ocr_par' dir='ltr' id='par_1_46' title="bbox 2186 2070 3367 2144">
     <span class='ocr_line' id='line_1_46' title="bbox 2186 2070 3367 2144; baseline -0.002 -17"><span class='ocrx_word' id='word_1_288' title='bbox 2186 2072 2270 2128; x_wconf 87' lang='lat' dir='ltr'>rio</span> <span class='ocrx_word' id='word_1_289' title='bbox 2301 2074 2563 2144; x_wconf 87' lang='lat' dir='ltr'>Augusto</span> <span class='ocrx_word' id='word_1_290' title='bbox 2595 2070 2900 2127; x_wconf 89' lang='lat' dir='ltr'>occiditur.</span> <span class='ocrx_word' id='word_1_291' title='bbox 2936 2072 3086 2128; x_wconf 86' lang='lat' dir='ltr'>Oros.</span> <span class='ocrx_word' id='word_1_292' title='bbox 3121 2071 3367 2128; x_wconf 78' lang='lat' dir='ltr'>Marcell.</span> 
     </span>
    </p>
   </div>
   <div class='ocr_carea' id='block_1_47' title="bbox 2256 2157 3842 2229">
    <p class='ocr_par' dir='ltr' id='par_1_47' title="bbox 2256 2157 3842 2229">
     <span class='ocr_line' id='line_1_47' title="bbox 2256 2157 3842 2229; baseline -0.001 -14"><span class='ocrx_word' id='word_1_293' title='bbox 2256 2161 2355 2215; x_wconf 84' lang='lat'>409</span> <span class='ocrx_word' id='word_1_294' title='bbox 2387 2159 2682 2227; x_wconf 88' lang='lat' dir='ltr'>Wandali,</span> <span class='ocrx_word' id='word_1_295' title='bbox 2715 2158 2881 2214; x_wconf 88' lang='lat' dir='ltr'>Alani</span> <span class='ocrx_word' id='word_1_296' title='bbox 2938 2163 2996 2215; x_wconf 90' lang='lat' dir='ltr'>et</span> <span class='ocrx_word' id='word_1_297' title='bbox 3050 2159 3219 2214; x_wconf 87' lang='lat' dir='ltr'>Suevi</span> <span class='ocrx_word' id='word_1_298' title='bbox 3278 2158 3338 2213; x_wconf 91' lang='lat' dir='ltr'>in</span> <span class='ocrx_word' id='word_1_299' title='bbox 3396 2158 3490 2214; x_wconf 90' lang='lat' dir='ltr'>die</span> <span class='ocrx_word' id='word_1_300' title='bbox 3548 2157 3675 2214; x_wconf 90' lang='lat' dir='ltr'>Oct.</span> <span class='ocrx_word' id='word_1_301' title='bbox 3727 2159 3842 2229; x_wconf 88' lang='lat'>(83)</span> 
     </span>
    </p>
   </div>
   <div class='ocr_carea' id='block_1_48' title="bbox 2184 2246 3842 2321">
    <p class='ocr_par' dir='ltr' id='par_1_48' title="bbox 2184 2246 3842 2321">
     <span class='ocr_line' id='line_1_48' title="bbox 2184 2246 3842 2321; baseline 0 -18"><span class='ocrx_word' id='word_1_302' title='bbox 2184 2247 2495 2321; x_wconf 86' lang='lat' dir='ltr'>Hispanias</span> <span class='ocrx_word' id='word_1_303' title='bbox 2525 2251 2833 2320; x_wconf 87' lang='lat' dir='ltr'>occupant.</span> <span class='ocrx_word' id='word_1_304' title='bbox 2852 2246 2990 2303; x_wconf 85' lang='lat' dir='ltr'>Idat.</span> <span class='ocrx_word' id='word_1_305' title='bbox 3021 2246 3269 2315; x_wconf 86' lang='lat' dir='ltr'>Attalus,</span> <span class='ocrx_word' id='word_1_306' title='bbox 3293 2247 3613 2320; x_wconf 87' lang='lat' dir='ltr'>imperator</span> <span class='ocrx_word' id='word_1_307' title='bbox 3642 2247 3842 2303; x_wconf 60' lang='lat' dir='ltr'>Roma;</span> 
     </span>
    </p>
   </div>
   <div class='ocr_carea' id='block_1_49' title="bbox 2184 2336 3841 2411">
    <p class='ocr_par' dir='ltr' id='par_1_49' title="bbox 2184 2336 3841 2411">
     <span class='ocr_line' id='line_1_49' title="bbox 2184 2336 3841 2411; baseline -0.002 -14"><span class='ocrx_word' id='word_1_308' title='bbox 2184 2354 2284 2410; x_wconf 74' lang='lat' dir='ltr'>per</span> <span class='ocrx_word' id='word_1_309' title='bbox 2314 2337 2682 2411; x_wconf 75' lang='lat' dir='ltr'>tyrannidem</span> <span class='ocrx_word' id='word_1_310' title='bbox 2738 2338 2926 2393; x_wconf 85' lang='lat' dir='ltr'>factus</span> <span class='ocrx_word' id='word_1_311' title='bbox 2974 2340 3030 2393; x_wconf 90' lang='lat' dir='ltr'>et</span> <span class='ocrx_word' id='word_1_312' title='bbox 3061 2353 3196 2393; x_wconf 84' lang='lat' dir='ltr'>mox</span> <span class='ocrx_word' id='word_1_313' title='bbox 3244 2336 3474 2409; x_wconf 88' lang='lat' dir='ltr'>pulsus,</span> <span class='ocrx_word' id='word_1_314' title='bbox 3507 2336 3716 2392; x_wconf 86' lang='lat' dir='ltr'>Gothis</span> <span class='ocrx_word' id='word_1_315' title='bbox 3746 2355 3841 2394; x_wconf 89' lang='lat' dir='ltr'>co-</span> 
     </span>
    </p>
   </div>
   <div class='ocr_carea' id='block_1_50' title="bbox 2186 2426 2600 2499">
    <p class='ocr_par' dir='ltr' id='par_1_50' title="bbox 2186 2426 2600 2499">
     <span class='ocr_line' id='line_1_50' title="bbox 2186 2426 2600 2499; baseline 0.005 -18"><span class='ocrx_word' id='word_1_316' title='bbox 2186 2426 2374 2482; x_wconf 69' lang='lat' dir='ltr'>hzesit.</span> <span class='ocrx_word' id='word_1_317' title='bbox 2408 2433 2600 2499; x_wconf 83' lang='lat' dir='ltr'>Prosp.</span> 
     </span>
    </p>
   </div>
   <div class='ocr_carea' id='block_1_51' title="bbox 2256 2513 3844 2572">
    <p class='ocr_par' dir='ltr' id='par_1_51' title="bbox 2256 2513 3844 2572">
     <span class='ocr_line' id='line_1_51' title="bbox 2256 2513 3844 2572; baseline -0.001 -1"><span class='ocrx_word' id='word_1_318' title='bbox 2256 2517 2358 2571; x_wconf 66' lang='lat'>40</span> <span class='ocrx_word' id='word_1_319' title='bbox 2390 2516 2493 2570; x_wconf 91' lang='grc'>410</span> <span class='ocrx_word' id='word_1_320' title='bbox 2522 2515 2788 2572; x_wconf 86' lang='lat' dir='ltr'>Alaricus</span> <span class='ocrx_word' id='word_1_321' title='bbox 2818 2532 2917 2571; x_wconf 84' lang='lat' dir='ltr'>rex</span> <span class='ocrx_word' id='word_1_322' title='bbox 2965 2513 3286 2572; x_wconf 85' lang='lat' dir='ltr'>Gothorum</span> <span class='ocrx_word' id='word_1_323' title='bbox 3319 2513 3563 2569; x_wconf 80' lang='lat' dir='ltr'>Romam</span> <span class='ocrx_word' id='word_1_324' title='bbox 3610 2513 3844 2571; x_wconf 88' lang='lat' dir='ltr'>obsedit</span> 
     </span>
    </p>
   </div>
   <div class='ocr_carea' id='block_1_52' title="bbox 2186 2601 3841 2676">
    <p class='ocr_par' dir='ltr' id='par_1_52' title="bbox 2186 2601 3841 2676">
     <span class='ocr_line' id='line_1_52' title="bbox 2186 2601 3841 2676; baseline 0.002 -18"><span class='ocrx_word' id='word_1_325' title='bbox 2186 2603 2523 2676; x_wconf 88' lang='lat' dir='ltr'>multasque</span> <span class='ocrx_word' id='word_1_326' title='bbox 2553 2604 2738 2660; x_wconf 81' lang='lat' dir='ltr'>caedes</span> <span class='ocrx_word' id='word_1_327' title='bbox 2759 2604 2836 2659; x_wconf 91' lang='lat' dir='ltr'>ibi</span> <span class='ocrx_word' id='word_1_328' title='bbox 2869 2608 2927 2659; x_wconf 91' lang='lat' dir='ltr'>et</span> <span class='ocrx_word' id='word_1_329' title='bbox 2947 2605 3171 2676; x_wconf 78' lang='lat' dir='ltr'>praedas</span> <span class='ocrx_word' id='word_1_330' title='bbox 3195 2601 3582 2670; x_wconf 84' lang='lat' dir='ltr'>faciens,locis</span> <span class='ocrx_word' id='word_1_331' title='bbox 3604 2607 3841 2661; x_wconf 87' lang='lat' dir='ltr'>tantum</span> 
     </span>
    </p>
   </div>
   <div class='ocr_carea' id='block_1_53' title="bbox 2187 2691 3841 2765">
    <p class='ocr_par' dir='ltr' id='par_1_53' title="bbox 2187 2691 3841 2765">
     <span class='ocr_line' id='line_1_53' title="bbox 2187 2691 3841 2765; baseline -0.001 -16"><span class='ocrx_word' id='word_1_332' title='bbox 2187 2693 2371 2749; x_wconf 87' lang='lat' dir='ltr'>sacris</span> <span class='ocrx_word' id='word_1_333' title='bbox 2406 2698 2463 2748; x_wconf 88' lang='lat' dir='ltr'>et</span> <span class='ocrx_word' id='word_1_334' title='bbox 2492 2694 2564 2748; x_wconf 92' lang='lat' dir='ltr'>ad</span> <span class='ocrx_word' id='word_1_335' title='bbox 2598 2710 2665 2748; x_wconf 89' lang='lat' dir='ltr'>ea</span> <span class='ocrx_word' id='word_1_336' title='bbox 2696 2692 2982 2765; x_wconf 83' lang='lat' dir='ltr'>profugis,</span> <span class='ocrx_word' id='word_1_337' title='bbox 3016 2691 3156 2765; x_wconf 87' lang='lat' dir='ltr'>quia</span> <span class='ocrx_word' id='word_1_338' title='bbox 3186 2692 3555 2747; x_wconf 86' lang='lat' dir='ltr'>Christianus</span> <span class='ocrx_word' id='word_1_339' title='bbox 3584 2696 3841 2765; x_wconf 85' lang='lat' dir='ltr'>erat,pe-</span> 
     </span>
    </p>
   </div>
   <div class='ocr_carea' id='block_1_54' title="bbox 2187 2778 3843 2853">
    <p class='ocr_par' dir='ltr' id='par_1_54' title="bbox 2187 2778 3843 2853">
     <span class='ocr_line' id='line_1_54' title="bbox 2187 2778 3843 2853; baseline 0.001 -17"><span class='ocrx_word' id='word_1_340' title='bbox 2187 2782 2370 2853; x_wconf 89' lang='lat' dir='ltr'>percit</span> <span class='ocrx_word' id='word_1_341' title='bbox 2400 2798 2551 2837; x_wconf 90' lang='lat' dir='ltr'>anno</span> <span class='ocrx_word' id='word_1_342' title='bbox 2583 2782 2654 2837; x_wconf 92' lang='lat' dir='ltr'>ab</span> <span class='ocrx_word' id='word_1_343' title='bbox 2674 2781 2825 2837; x_wconf 86' lang='lat' dir='ltr'>Urbe</span> <span class='ocrx_word' id='word_1_344' title='bbox 2855 2780 3088 2837; x_wconf 89' lang='lat' dir='ltr'>condita</span> <span class='ocrx_word' id='word_1_345' title='bbox 3118 2779 3407 2836; x_wconf 87' lang='lat' dir='ltr'>MCLXIV.</span> <span class='ocrx_word' id='word_1_346' title='bbox 3442 2778 3723 2849; x_wconf 87' lang='lat' dir='ltr'>Placidia,</span> <span class='ocrx_word' id='word_1_347' title='bbox 3757 2797 3843 2837; x_wconf 86' lang='lat' dir='ltr'>so-</span> 
     </span>
    </p>
   </div>
   <div class='ocr_carea' id='block_1_55' title="bbox 2187 2868 3837 2943">
    <p class='ocr_par' dir='ltr' id='par_1_55' title="bbox 2187 2868 3837 2943">
     <span class='ocr_line' id='line_1_55' title="bbox 2187 2868 3837 2943; baseline 0 -18"><span class='ocrx_word' id='word_1_348' title='bbox 2187 2887 2284 2926; x_wconf 91' lang='lat' dir='ltr'>ror</span> <span class='ocrx_word' id='word_1_349' title='bbox 2311 2869 2547 2926; x_wconf 86' lang='lat' dir='ltr'>Honorii</span> <span class='ocrx_word' id='word_1_350' title='bbox 2580 2871 2852 2943; x_wconf 86' lang='lat' dir='ltr'>Augusti,</span> <span class='ocrx_word' id='word_1_351' title='bbox 2887 2887 2920 2925; x_wconf 92' lang='lat' dir='ltr'>a</span> <span class='ocrx_word' id='word_1_352' title='bbox 2949 2869 3154 2925; x_wconf 90' lang='lat' dir='ltr'>Gothis</span> <span class='ocrx_word' id='word_1_353' title='bbox 3185 2868 3242 2925; x_wconf 91' lang='lat' dir='ltr'>in</span> <span class='ocrx_word' id='word_1_354' title='bbox 3303 2868 3453 2925; x_wconf 89' lang='lat' dir='ltr'>Urbe</span> <span class='ocrx_word' id='word_1_355' title='bbox 3500 2868 3657 2925; x_wconf 87' lang='lat' dir='ltr'>inter</span> <span class='ocrx_word' id='word_1_356' title='bbox 3690 2868 3837 2926; x_wconf 89' lang='lat' dir='ltr'>alios</span> 
     </span>
    </p>
   </div>
   <div class='ocr_carea' id='block_1_56' title="bbox 2187 2957 3838 3031">
    <p class='ocr_par' dir='ltr' id='par_1_56' title="bbox 2187 2957 3838 3031">
     <span class='ocr_line' id='line_1_56' title="bbox 2187 2957 3838 3031; baseline 0.001 -18"><span class='ocrx_word' id='word_1_357' title='bbox 2187 2963 2378 3030; x_wconf 88' lang='lat' dir='ltr'>capta.</span> <span class='ocrx_word' id='word_1_358' title='bbox 2411 2959 2549 3014; x_wconf 87' lang='lat' dir='ltr'>Idat.</span> <span class='ocrx_word' id='word_1_359' title='bbox 2582 2959 2899 3014; x_wconf 90' lang='lat' dir='ltr'>Gothorum</span> <span class='ocrx_word' id='word_1_360' title='bbox 2929 2975 3065 3030; x_wconf 88' lang='lat' dir='ltr'>pars</span> <span class='ocrx_word' id='word_1_361' title='bbox 3097 2957 3404 3014; x_wconf 79' lang='lat' dir='ltr'>Venetiam</span> <span class='ocrx_word' id='word_1_362' title='bbox 3435 2962 3673 3029; x_wconf 86' lang='lat' dir='ltr'>captam</span> <span class='ocrx_word' id='word_1_363' title='bbox 3705 2975 3838 3031; x_wconf 88' lang='lat' dir='ltr'>pos-</span> 
     </span>
    </p>
   </div>
   <div class='ocr_carea' id='block_1_57' title="bbox 2188 3046 3842 3120">
    <p class='ocr_par' dir='ltr' id='par_1_57' title="bbox 2188 3046 3842 3120">
     <span class='ocr_line' id='line_1_57' title="bbox 2188 3046 3842 3120; baseline 0.001 -17"><span class='ocrx_word' id='word_1_364' title='bbox 2188 3047 2361 3115; x_wconf 87' lang='lat' dir='ltr'>sedit,</span> <span class='ocrx_word' id='word_1_365' title='bbox 2391 3046 2493 3119; x_wconf 90' lang='lat' dir='ltr'>qui</span> <span class='ocrx_word' id='word_1_366' title='bbox 2525 3051 2726 3120; x_wconf 88' lang='lat' dir='ltr'>postea</span> <span class='ocrx_word' id='word_1_367' title='bbox 2756 3046 3088 3118; x_wconf 84' lang='lat' dir='ltr'>Ostrogothi</span> <span class='ocrx_word' id='word_1_368' title='bbox 3117 3046 3302 3103; x_wconf 76' lang='lat' dir='ltr'>vocati</span> <span class='ocrx_word' id='word_1_369' title='bbox 3355 3051 3412 3102; x_wconf 89' lang='lat' dir='ltr'>et</span> <span class='ocrx_word' id='word_1_370' title='bbox 3453 3062 3590 3102; x_wconf 91' lang='lat' dir='ltr'>cum</span> <span class='ocrx_word' id='word_1_371' title='bbox 3622 3046 3842 3105; x_wconf 79' lang='lat' dir='ltr'>Roma-</span> 
     </span>
    </p>
   </div>
   <div class='ocr_carea' id='block_1_58' title="bbox 2188 3135 3299 3192">
    <p class='ocr_par' dir='ltr' id='par_1_58' title="bbox 2188 3135 3299 3192">
     <span class='ocr_line' id='line_1_58' title="bbox 2188 3135 3299 3192; baseline 0 -2"><span class='ocrx_word' id='word_1_372' title='bbox 2188 3135 2282 3192; x_wconf 91' lang='lat' dir='ltr'>nis</span> <span class='ocrx_word' id='word_1_373' title='bbox 2312 3135 2683 3191; x_wconf 74' lang='lat' dir='ltr'>confwderati</span> <span class='ocrx_word' id='word_1_374' title='bbox 2715 3141 2873 3191; x_wconf 86' lang='lat' dir='ltr'>sunt.</span> <span class='ocrx_word' id='word_1_375' title='bbox 2902 3137 3053 3192; x_wconf 86' lang='lat' dir='ltr'>Jorn.</span> <span class='ocrx_word' id='word_1_376' title='bbox 3089 3153 3143 3191; x_wconf 85' lang='grc' dir='ltr'><em>α.</em></span> <span class='ocrx_word' id='word_1_377' title='bbox 3176 3135 3299 3190; x_wconf 87' lang='grc'>409.</span> 
     </span>
    </p>
   </div>
   <div class='ocr_carea' id='block_1_59' title="bbox 1486 3229 2788 3290">
    <p class='ocr_par' dir='ltr' id='par_1_59' title="bbox 1486 3229 2788 3290">
     <span class='ocr_line' id='line_1_59' title="bbox 1486 3229 2788 3290; baseline 0.002 -3"><span class='ocrx_word' id='word_1_378' title='bbox 1486 3230 1952 3287; x_wconf 70' lang='lat' dir='ltr'>COMPENDIUM</span> <span class='ocrx_word' id='word_1_379' title='bbox 1991 3229 2082 3284; x_wconf 86' lang='lat' dir='ltr'>EX</span> <span class='ocrx_word' id='word_1_380' title='bbox 2121 3233 2373 3290; x_wconf 85' lang='lat' dir='ltr'>CODICE</span> <span class='ocrx_word' id='word_1_381' title='bbox 2413 3233 2788 3290; x_wconf 82' lang='lat' dir='ltr'>BERNOLDI.</span> 
     </span>
    </p>
   </div>
   <div class='ocr_carea' id='block_1_60' title="bbox 498 3317 2143 3393">
    <p class='ocr_par' dir='ltr' id='par_1_60' title="bbox 498 3317 2143 3393">
     <span class='ocr_line' id='line_1_60' title="bbox 498 3317 2143 3393; baseline 0.001 -21"><span class='ocrx_word' id='word_1_382' title='bbox 498 3317 604 3372; x_wconf 90' lang='lat'>398</span> <span class='ocrx_word' id='word_1_383' title='bbox 633 3318 867 3373; x_wconf 84' lang='lat' dir='ltr'>Sanctus</span> <span class='ocrx_word' id='word_1_384' title='bbox 896 3319 1209 3374; x_wconf 81' lang='lat' dir='ltr'>Ambrosius</span> <span class='ocrx_word' id='word_1_385' title='bbox 1256 3320 1677 3376; x_wconf 81' lang='lat' dir='ltr'>Mediolanensis</span> <span class='ocrx_word' id='word_1_386' title='bbox 1708 3319 2070 3390; x_wconf 84' lang='lat' dir='ltr'>archicpisco-</span> <span class='ocrx_word' id='word_1_387' title='bbox 2100 3327 2143 3393; x_wconf 71' lang='grc' dir='ltr'><strong>ρ</strong></span> 
     </span>
    </p>
   </div>
   <div class='ocr_carea' id='block_1_61' title="bbox 425 3406 2071 3479">
    <p class='ocr_par' dir='ltr' id='par_1_61' title="bbox 425 3406 2071 3479">
     <span class='ocr_line' id='line_1_61' title="bbox 425 3406 2071 3479; baseline -0.001 -18"><span class='ocrx_word' id='word_1_388' title='bbox 425 3422 553 3478; x_wconf 85' lang='lat' dir='ltr'>pus,</span> <span class='ocrx_word' id='word_1_389' title='bbox 584 3406 768 3463; x_wconf 86' lang='lat' dir='ltr'>doctor</span> <span class='ocrx_word' id='word_1_390' title='bbox 793 3410 1058 3479; x_wconf 85' lang='lat' dir='ltr'>egregius,</span> <span class='ocrx_word' id='word_1_391' title='bbox 1089 3410 1350 3479; x_wconf 79' lang='lat' dir='ltr'>migravit</span> <span class='ocrx_word' id='word_1_392' title='bbox 1404 3411 1480 3463; x_wconf 80' lang='lat' dir='ltr'>ad</span> <span class='ocrx_word' id='word_1_393' title='bbox 1541 3411 1831 3465; x_wconf 86' lang='lat' dir='ltr'>Dominum</span> <span class='ocrx_word' id='word_1_394' title='bbox 1873 3425 1908 3461; x_wconf 81' lang='grc' dir='ltr'><strong>ν</strong></span> <span class='ocrx_word' id='word_1_395' title='bbox 1940 3407 2071 3462; x_wconf 82' lang='lat' dir='ltr'>Kal.</span> 
     </span>
    </p>
   </div>
   <div class='ocr_carea' id='block_1_62' title="bbox 425 3494 2075 3569">
    <p class='ocr_par' dir='ltr' id='par_1_62' title="bbox 425 3494 2075 3569">
     <span class='ocr_line' id='line_1_62' title="bbox 425 3494 2075 3569; baseline 0 -19"><span class='ocrx_word' id='word_1_396' title='bbox 425 3494 561 3552; x_wconf 82' lang='lat' dir='ltr'>Maii</span> <span class='ocrx_word' id='word_1_397' title='bbox 587 3496 722 3568; x_wconf 89' lang='lat'>(84).</span> <span class='ocrx_word' id='word_1_398' title='bbox 756 3526 823 3536; x_wconf 86' lang='lat'>—-</span> <span class='ocrx_word' id='word_1_399' title='bbox 854 3498 1037 3553; x_wconf 62' lang='lat' dir='ltr'>Romw</span> <span class='ocrx_word' id='word_1_400' title='bbox 1065 3497 1403 3562; x_wconf 77' lang='lat' dir='ltr'>Anastasius,</span> <span class='ocrx_word' id='word_1_401' title='bbox 1437 3502 1642 3567; x_wconf 89' lang='lat' dir='ltr'>etc.,ut</span> <span class='ocrx_word' id='word_1_402' title='bbox 1670 3500 1820 3569; x_wconf 84' lang='lat' dir='ltr'>Aug.</span> <span class='ocrx_word' id='word_1_403' title='bbox 1848 3494 2075 3550; x_wconf 83' lang='lat' dir='ltr'>—Gildo</span> 
     </span>
    </p>
   </div>
   <div class='ocr_carea' id='block_1_63' title="bbox 425 3572 1258 3656">
    <p class='ocr_par' dir='ltr' id='par_1_63' title="bbox 425 3572 1258 3656">
     <span class='ocr_line' id='line_1_63' title="bbox 425 3572 1258 3656; baseline 0 -16"><span class='ocrx_word' id='word_1_404' title='bbox 425 3572 597 3642; x_wconf 80' lang='lat' dir='ltr'>comes</span> <span class='ocrx_word' id='word_1_405' title='bbox 611 3600 800 3656; x_wconf 87' lang='lat' dir='ltr'>pugna</span> <span class='ocrx_word' id='word_1_406' title='bbox 828 3587 996 3640; x_wconf 81' lang='lat' dir='ltr'>victus</span> <span class='ocrx_word' id='word_1_407' title='bbox 1028 3587 1258 3643; x_wconf 77' lang='lat' dir='ltr'>interiit.</span> 
     </span>
    </p>
   </div>
   <div class='ocr_carea' id='block_1_64' title="bbox 497 3672 2077 3746">
    <p class='ocr_par' dir='ltr' id='par_1_64' title="bbox 497 3672 2077 3746">
     <span class='ocr_line' id='line_1_64' title="bbox 497 3672 2077 3746; baseline 0.001 -19"><span class='ocrx_word' id='word_1_408' title='bbox 497 3672 603 3727; x_wconf 86' lang='lat'>399</span> <span class='ocrx_word' id='word_1_409' title='bbox 634 3673 847 3744; x_wconf 80' lang='lat' dir='ltr'>Templa</span> <span class='ocrx_word' id='word_1_410' title='bbox 896 3673 1167 3729; x_wconf 82' lang='lat' dir='ltr'>idolorum</span> <span class='ocrx_word' id='word_1_411' title='bbox 1211 3674 1589 3742; x_wconf 79' lang='lat' dir='ltr'>destruantur,</span> <span class='ocrx_word' id='word_1_412' title='bbox 1618 3684 1668 3731; x_wconf 87' lang='lat' dir='ltr'>et</span> <span class='ocrx_word' id='word_1_413' title='bbox 1721 3675 1841 3730; x_wconf 89' lang='lat' dir='ltr'>ludi</span> <span class='ocrx_word' id='word_1_414' title='bbox 1868 3673 2077 3746; x_wconf 87' lang='lat' dir='ltr'>gladia-</span> 
     </span>
    </p>
   </div>
   <div class='ocr_carea' id='block_1_65' title="bbox 422 3762 926 3818">
    <p class='ocr_par' dir='ltr' id='par_1_65' title="bbox 422 3762 926 3818">
     <span class='ocr_line' id='line_1_65' title="bbox 422 3762 926 3818; baseline 0.002 -1"><span class='ocrx_word' id='word_1_415' title='bbox 422 3765 605 3818; x_wconf 88' lang='lat' dir='ltr'>torum</span> <span class='ocrx_word' id='word_1_416' title='bbox 635 3762 926 3818; x_wconf 84' lang='lat' dir='ltr'>tolluntur.</span> 
     </span>
    </p>
   </div>
   <div class='ocr_carea' id='block_1_66' title="bbox 494 3850 2069 3926">
    <p class='ocr_par' dir='ltr' id='par_1_66' title="bbox 494 3850 2069 3926">
     <span class='ocr_line' id='line_1_66' title="bbox 494 3850 2069 3926; baseline 0.004 -21"><span class='ocrx_word' id='word_1_417' title='bbox 494 3852 600 3905; x_wconf 91' lang='grc'>400</span> <span class='ocrx_word' id='word_1_418' title='bbox 630 3850 788 3906; x_wconf 80' lang='lat' dir='ltr'>Gothi</span> <span class='ocrx_word' id='word_1_419' title='bbox 816 3851 1042 3907; x_wconf 85' lang='lat' dir='ltr'>Italiam</span> <span class='ocrx_word' id='word_1_420' title='bbox 1073 3853 1378 3909; x_wconf 71' lang='lat' dir='ltr'>demutant.</span> <span class='ocrx_word' id='word_1_421' title='bbox 1416 3856 1523 3909; x_wconf 90' lang='lat' dir='ltr'>IIoc</span> <span class='ocrx_word' id='word_1_422' title='bbox 1569 3862 1808 3926; x_wconf 79' lang='lat' dir='ltr'>tempore</span> <span class='ocrx_word' id='word_1_423' title='bbox 1838 3856 2069 3912; x_wconf 79' lang='lat' dir='ltr'>Anasta-</span> 
     </span>
    </p>
   </div>
   <div class='ocr_carea' id='block_1_67' title="bbox 418 3941 2074 4012">
    <p class='ocr_par' dir='ltr' id='par_1_67' title="bbox 418 3941 2074 4012">
     <span class='ocr_line' id='line_1_67' title="bbox 418 3941 2074 4012; baseline 0.005 -19"><span class='ocrx_word' id='word_1_424' title='bbox 418 3941 534 3995; x_wconf 83' lang='lat' dir='ltr'>sius</span> <span class='ocrx_word' id='word_1_425' title='bbox 558 3956 705 4012; x_wconf 87' lang='lat' dir='ltr'>papa</span> <span class='ocrx_word' id='word_1_426' title='bbox 734 3957 835 3997; x_wconf 87' lang='lat' dir='ltr'>sua</span> <span class='ocrx_word' id='word_1_427' title='bbox 866 3941 1081 3997; x_wconf 87' lang='lat' dir='ltr'>decreta</span> <span class='ocrx_word' id='word_1_428' title='bbox 1108 3944 1410 4011; x_wconf 82' lang='lat' dir='ltr'>constituit,</span> <span class='ocrx_word' id='word_1_429' title='bbox 1444 3946 1494 3996; x_wconf 82' lang='lat' dir='ltr'>et</span> <span class='ocrx_word' id='word_1_430' title='bbox 1552 3945 1801 3998; x_wconf 85' lang='lat' dir='ltr'>inventos</span> <span class='ocrx_word' id='word_1_431' title='bbox 1844 3950 1906 3998; x_wconf 83' lang='lat' dir='ltr'>in</span> <span class='ocrx_word' id='word_1_432' title='bbox 1938 3945 2074 4001; x_wconf 85' lang='lat' dir='ltr'>Urbe</span> 
     </span>
    </p>
   </div>
   <div class='ocr_carea' id='block_1_68' title="bbox 418 4029 2074 4104">
    <p class='ocr_par' dir='ltr' id='par_1_68' title="bbox 418 4029 2074 4104">
     <span class='ocr_line' id='line_1_68' title="bbox 418 4029 2074 4104; baseline 0.004 -21"><span class='ocrx_word' id='word_1_433' title='bbox 418 4029 743 4087; x_wconf 63' lang='lat' dir='ltr'>Manichaeos</span> <span class='ocrx_word' id='word_1_434' title='bbox 770 4030 1072 4086; x_wconf 87' lang='lat' dir='ltr'>damnavit.</span> <span class='ocrx_word' id='word_1_435' title='bbox 1106 4035 1347 4104; x_wconf 84' lang='lat' dir='ltr'>Corpora</span> <span class='ocrx_word' id='word_1_436' title='bbox 1390 4032 1786 4103; x_wconf 81' lang='lat' dir='ltr'>prophetarum</span> <span class='ocrx_word' id='word_1_437' title='bbox 1820 4034 2074 4090; x_wconf 85' lang='lat' dir='ltr'>llabacuc</span> 
     </span>
    </p>
   </div>
   <div class='ocr_carea' id='block_1_69' title="bbox 420 4117 1594 4192">
    <p class='ocr_par' dir='ltr' id='par_1_69' title="bbox 420 4117 1594 4192">
     <span class='ocr_line' id='line_1_69' title="bbox 420 4117 1594 4192; baseline 0 -18"><span class='ocrx_word' id='word_1_438' title='bbox 420 4124 473 4174; x_wconf 82' lang='lat' dir='ltr'>et</span> <span class='ocrx_word' id='word_1_439' title='bbox 503 4117 754 4175; x_wconf 63' lang='lat' dir='ltr'>Hic/iane</span> <span class='ocrx_word' id='word_1_440' title='bbox 784 4136 820 4173; x_wconf 89' lang='lat' dir='ltr'>a</span> <span class='ocrx_word' id='word_1_441' title='bbox 849 4122 1089 4175; x_wconf 89' lang='lat' dir='ltr'>Domino</span> <span class='ocrx_word' id='word_1_442' title='bbox 1118 4121 1433 4175; x_wconf 80' lang='lat' dir='ltr'>revelantur</span> <span class='ocrx_word' id='word_1_443' title='bbox 1464 4121 1594 4192; x_wconf 87' lang='lat'>(85).</span> 
     </span>
    </p>
   </div>
   <div class='ocr_carea' id='block_1_70' title="bbox 493 4207 2075 4280">
    <p class='ocr_par' dir='ltr' id='par_1_70' title="bbox 493 4207 2075 4280">
     <span class='ocr_line' id='line_1_70' title="bbox 493 4207 2075 4280; baseline 0.004 -19"><span class='ocrx_word' id='word_1_444' title='bbox 493 4207 595 4261; x_wconf 81' lang='lat'>401</span> <span class='ocrx_word' id='word_1_445' title='bbox 625 4208 923 4263; x_wconf 77' lang='lat' dir='ltr'>Joannes...</span> <span class='ocrx_word' id='word_1_446' title='bbox 978 4209 1295 4279; x_wconf 85' lang='lat' dir='ltr'>Theophilus</span> <span class='ocrx_word' id='word_1_447' title='bbox 1343 4209 1641 4263; x_wconf 84' lang='lat' dir='ltr'>clarissimi</span> <span class='ocrx_word' id='word_1_448' title='bbox 1665 4209 1951 4280; x_wconf 84' lang='lat' dir='ltr'>habentur,</span> <span class='ocrx_word' id='word_1_449' title='bbox 1982 4212 2075 4269; x_wconf 87' lang='lat' dir='ltr'>sed</span> 
     </span>
    </p>
   </div>
   <div class='ocr_carea' id='block_1_71' title="bbox 421 4292 1424 4366">
    <p class='ocr_par' dir='ltr' id='par_1_71' title="bbox 421 4292 1424 4366">
     <span class='ocr_line' id='line_1_71' title="bbox 421 4292 1424 4366; baseline 0.001 -16"><span class='ocrx_word' id='word_1_450' title='bbox 421 4292 553 4350; x_wconf 88' lang='lat' dir='ltr'>adeo</span> <span class='ocrx_word' id='word_1_451' title='bbox 581 4293 868 4364; x_wconf 74' lang='lat' dir='ltr'>discordes,</span> <span class='ocrx_word' id='word_1_452' title='bbox 900 4304 979 4364; x_wconf 89' lang='lat' dir='ltr'>ut,</span> <span class='ocrx_word' id='word_1_453' title='bbox 1012 4307 1145 4363; x_wconf 86' lang='lat' dir='ltr'>elc.,</span> <span class='ocrx_word' id='word_1_454' title='bbox 1178 4301 1245 4351; x_wconf 82' lang='lat' dir='ltr'>ut</span> <span class='ocrx_word' id='word_1_455' title='bbox 1271 4298 1424 4366; x_wconf 87' lang='lat' dir='ltr'>Aug.</span> 
     </span>
    </p>
   </div>
   <div class='ocr_carea' id='block_1_72' title="bbox 2252 3321 3565 3393">
    <p class='ocr_par' dir='ltr' id='par_1_72' title="bbox 2252 3321 3565 3393">
     <span class='ocr_line' id='line_1_72' title="bbox 2252 3321 3565 3393; baseline 0.002 -18"><span class='ocrx_word' id='word_1_456' title='bbox 2252 3323 2355 3377; x_wconf 86' lang='lat'>403</span> <span class='ocrx_word' id='word_1_457' title='bbox 2388 3322 2781 3393; x_wconf 77' lang='lat' dir='ltr'>Carthagini...</span> <span class='ocrx_word' id='word_1_458' title='bbox 2814 3322 3064 3378; x_wconf 86' lang='lat' dir='ltr'>habetur.</span> <span class='ocrx_word' id='word_1_459' title='bbox 3098 3322 3236 3379; x_wconf 90' lang='lat' dir='ltr'>Cod.</span> <span class='ocrx_word' id='word_1_460' title='bbox 3269 3321 3409 3378; x_wconf 88' lang='lat' dir='ltr'>eccl.</span> <span class='ocrx_word' id='word_1_461' title='bbox 3442 3322 3565 3377; x_wconf 79' lang='lat' dir='ltr'>Afr.</span> 
     </span>
    </p>
   </div>
   <div class='ocr_carea' id='block_1_73' title="bbox 2254 3429 3838 3502">
    <p class='ocr_par' dir='ltr' id='par_1_73' title="bbox 2254 3429 3838 3502">
     <span class='ocr_line' id='line_1_73' title="bbox 2254 3429 3838 3502; baseline 0.003 -19"><span class='ocrx_word' id='word_1_462' title='bbox 2254 3429 2357 3483; x_wconf 82' lang='lat'>404</span> <span class='ocrx_word' id='word_1_463' title='bbox 2388 3431 2482 3485; x_wconf 85' lang='lat' dir='ltr'>His</span> <span class='ocrx_word' id='word_1_464' title='bbox 2512 3431 2842 3501; x_wconf 84' lang='lat' dir='ltr'>temporibus</span> <span class='ocrx_word' id='word_1_465' title='bbox 2870 3431 3217 3487; x_wconf 77' lang='lat' dir='ltr'>Innocentius</span> <span class='ocrx_word' id='word_1_466' title='bbox 3262 3446 3412 3502; x_wconf 86' lang='lat' dir='ltr'>papa</span> <span class='ocrx_word' id='word_1_467' title='bbox 3442 3430 3623 3487; x_wconf 86' lang='lat' dir='ltr'>multa</span> <span class='ocrx_word' id='word_1_468' title='bbox 3649 3430 3838 3487; x_wconf 81' lang='lat' dir='ltr'>decre-</span> 
     </span>
    </p>
   </div>
   <div class='ocr_carea' id='block_1_74' title="bbox 2181 3518 3835 3593">
    <p class='ocr_par' dir='ltr' id='par_1_74' title="bbox 2181 3518 3835 3593">
     <span class='ocr_line' id='line_1_74' title="bbox 2181 3518 3835 3593; baseline 0.002 -22"><span class='ocrx_word' id='word_1_469' title='bbox 2181 3520 2238 3572; x_wconf 87' lang='lat' dir='ltr'>ta</span> <span class='ocrx_word' id='word_1_470' title='bbox 2264 3520 2413 3588; x_wconf 78' lang='lat' dir='ltr'>fecit.</span> <span class='ocrx_word' id='word_1_471' title='bbox 2448 3518 2668 3574; x_wconf 85' lang='lat' dir='ltr'>Orosius</span> <span class='ocrx_word' id='word_1_472' title='bbox 2694 3518 2979 3591; x_wconf 81' lang='lat' dir='ltr'>presbyter</span> <span class='ocrx_word' id='word_1_473' title='bbox 3024 3520 3205 3575; x_wconf 84' lang='lat' dir='ltr'>clarus</span> <span class='ocrx_word' id='word_1_474' title='bbox 3253 3518 3506 3575; x_wconf 84' lang='lat' dir='ltr'>habetur.</span> <span class='ocrx_word' id='word_1_475' title='bbox 3542 3519 3751 3593; x_wconf 85' lang='lat' dir='ltr'>Prosp.</span> <span class='ocrx_word' id='word_1_476' title='bbox 3782 3538 3835 3577; x_wconf 88' lang='lat' dir='ltr'>a.</span> 
     </span>
    </p>
   </div>
   <div class='ocr_carea' id='block_1_75' title="bbox 2183 3608 2308 3661">
    <p class='ocr_par' dir='ltr' id='par_1_75' title="bbox 2183 3608 2308 3661">
     <span class='ocr_line' id='line_1_75' title="bbox 2183 3608 2308 3661; baseline 0 0"><span class='ocrx_word' id='word_1_477' title='bbox 2183 3608 2308 3661; x_wconf 86' lang='lat'>396.</span> 
     </span>
    </p>
   </div>
   <div class='ocr_carea' id='block_1_76' title="bbox 2254 3694 3838 3766">
    <p class='ocr_par' dir='ltr' id='par_1_76' title="bbox 2254 3694 3838 3766">
     <span class='ocr_line' id='line_1_76' title="bbox 2254 3694 3838 3766; baseline 0.003 -17"><span class='ocrx_word' id='word_1_478' title='bbox 2254 3695 2361 3750; x_wconf 76' lang='lat'>405</span> <span class='ocrx_word' id='word_1_479' title='bbox 2391 3696 2497 3750; x_wconf 83' lang='lat' dir='ltr'>Hoc</span> <span class='ocrx_word' id='word_1_480' title='bbox 2529 3704 2767 3766; x_wconf 89' lang='lat' dir='ltr'>tempore</span> <span class='ocrx_word' id='word_1_481' title='bbox 2793 3694 3137 3765; x_wconf 83' lang='lat' dir='ltr'>Radagaisus</span> <span class='ocrx_word' id='word_1_482' title='bbox 3184 3711 3310 3751; x_wconf 85' lang='lat' dir='ltr'>cum</span> <span class='ocrx_word' id='word_1_483' title='bbox 3355 3710 3423 3750; x_wconf 87' lang='lat' dir='ltr'>cc</span> <span class='ocrx_word' id='word_1_484' title='bbox 3452 3695 3709 3753; x_wconf 84' lang='lat' dir='ltr'>millibus</span> <span class='ocrx_word' id='word_1_485' title='bbox 3738 3696 3838 3753; x_wconf 82' lang='lat' dir='ltr'>Go-</span> 
     </span>
    </p>
   </div>
   <div class='ocr_carea' id='block_1_77' title="bbox 2184 3783 3167 3854">
    <p class='ocr_par' dir='ltr' id='par_1_77' title="bbox 2184 3783 3167 3854">
     <span class='ocr_line' id='line_1_77' title="bbox 2184 3783 3167 3854; baseline 0.001 -17"><span class='ocrx_word' id='word_1_486' title='bbox 2184 3783 2423 3854; x_wconf 86' lang='lat' dir='ltr'>thorum,</span> <span class='ocrx_word' id='word_1_487' title='bbox 2449 3785 2553 3839; x_wconf 90' lang='lat' dir='ltr'>Deo</span> <span class='ocrx_word' id='word_1_488' title='bbox 2583 3783 2837 3852; x_wconf 82' lang='lat' dir='ltr'>donante,</span> <span class='ocrx_word' id='word_1_489' title='bbox 2869 3787 2943 3839; x_wconf 85' lang='lat' dir='ltr'>est</span> <span class='ocrx_word' id='word_1_490' title='bbox 2972 3785 3167 3839; x_wconf 85' lang='lat' dir='ltr'>victus.</span> 
     </span>
    </p>
   </div>
   <div class='ocr_carea' id='block_1_78' title="bbox 2254 3890 3173 3959">
    <p class='ocr_par' dir='ltr' id='par_1_78' title="bbox 2254 3890 3173 3959">
     <span class='ocr_line' id='line_1_78' title="bbox 2254 3890 3173 3959; baseline 0 -14"><span class='ocrx_word' id='word_1_491' title='bbox 2254 3892 2360 3946; x_wconf 81' lang='lat'>406</span> <span class='ocrx_word' id='word_1_492' title='bbox 2391 3890 2731 3946; x_wconf 81' lang='lat' dir='ltr'>Wandali...</span> <span class='ocrx_word' id='word_1_493' title='bbox 2757 3891 2998 3959; x_wconf 84' lang='lat' dir='ltr'>ingressi</span> <span class='ocrx_word' id='word_1_494' title='bbox 3024 3894 3173 3945; x_wconf 84' lang='lat' dir='ltr'>sunt.</span> 
     </span>
    </p>
   </div>
   <div class='ocr_carea' id='block_1_79' title="bbox 2254 3995 3843 4068">
    <p class='ocr_par' dir='ltr' id='par_1_79' title="bbox 2254 3995 3843 4068">
     <span class='ocr_line' id='line_1_79' title="bbox 2254 3995 3843 4068; baseline 0.002 -18"><span class='ocrx_word' id='word_1_495' title='bbox 2254 3998 2357 4051; x_wconf 93' lang='lat'>407</span> <span class='ocrx_word' id='word_1_496' title='bbox 2383 3998 2731 4053; x_wconf 83' lang='lat' dir='ltr'>Innocentius</span> <span class='ocrx_word' id='word_1_497' title='bbox 2784 4013 2930 4068; x_wconf 87' lang='lat' dir='ltr'>papa</span> <span class='ocrx_word' id='word_1_498' title='bbox 2972 3995 3267 4051; x_wconf 79' lang='lat' dir='ltr'>Arcadium</span> <span class='ocrx_word' id='word_1_499' title='bbox 3311 3997 3706 4068; x_wconf 78' lang='lat' dir='ltr'>imperatorem</span> <span class='ocrx_word' id='word_1_500' title='bbox 3747 4015 3843 4054; x_wconf 74' lang='lat' dir='ltr'>ex-</span> 
     </span>
    </p>
   </div>
   <div class='ocr_carea' id='block_1_80' title="bbox 2181 4085 3847 4157">
    <p class='ocr_par' dir='ltr' id='par_1_80' title="bbox 2181 4085 3847 4157">
     <span class='ocr_line' id='line_1_80' title="bbox 2181 4085 3847 4157; baseline 0.002 -17"><span class='ocrx_word' id='word_1_501' title='bbox 2181 4087 2567 4157; x_wconf 84' lang='lat' dir='ltr'>communicat,</span> <span class='ocrx_word' id='word_1_502' title='bbox 2600 4086 2695 4156; x_wconf 87' lang='lat' dir='ltr'>qui</span> <span class='ocrx_word' id='word_1_503' title='bbox 2741 4086 3009 4140; x_wconf 82' lang='lat' dir='ltr'>consensit</span> <span class='ocrx_word' id='word_1_504' title='bbox 3058 4094 3118 4141; x_wconf 86' lang='lat' dir='ltr'>ut</span> <span class='ocrx_word' id='word_1_505' title='bbox 3180 4085 3548 4156; x_wconf 74' lang='lat' dir='ltr'>expelleretur</span> <span class='ocrx_word' id='word_1_506' title='bbox 3600 4088 3847 4143; x_wconf 82' lang='lat' dir='ltr'>Joannes</span> 
     </span>
    </p>
   </div>
   <div class='ocr_carea' id='block_1_81' title="bbox 2185 4172 2764 4246">
    <p class='ocr_par' dir='ltr' id='par_1_81' title="bbox 2185 4172 2764 4246">
     <span class='ocr_line' id='line_1_81' title="bbox 2185 4172 2764 4246; baseline 0.002 -18"><span class='ocrx_word' id='word_1_507' title='bbox 2185 4172 2595 4246; x_wconf 82' lang='lat' dir='ltr'>Chrysostomus</span> <span class='ocrx_word' id='word_1_508' title='bbox 2630 4175 2764 4245; x_wconf 89' lang='lat'>(87).</span> 
     </span>
    </p>
   </div>
   <div class='ocr_carea' id='block_1_82' title="bbox 2254 4280 3847 4351">
    <p class='ocr_par' dir='ltr' id='par_1_82' title="bbox 2254 4280 3847 4351">
     <span class='ocr_line' id='line_1_82' title="bbox 2254 4280 3847 4351; baseline 0.003 -18"><span class='ocrx_word' id='word_1_509' title='bbox 2254 4281 2357 4333; x_wconf 83' lang='grc'>408</span> <span class='ocrx_word' id='word_1_510' title='bbox 2385 4280 2711 4335; x_wconf 85' lang='lat' dir='ltr'>Arcadius...</span> <span class='ocrx_word' id='word_1_511' title='bbox 2746 4281 2908 4336; x_wconf 87' lang='lat' dir='ltr'>annis</span> <span class='ocrx_word' id='word_1_512' title='bbox 2947 4296 3020 4335; x_wconf 83' lang='lat' dir='ltr'>xv</span> <span class='ocrx_word' id='word_1_513' title='bbox 3067 4281 3340 4351; x_wconf 82' lang='lat' dir='ltr'>regnavit.</span> <span class='ocrx_word' id='word_1_514' title='bbox 3389 4310 3459 4321; x_wconf 61' lang='grc' dir='ltr'>-η</span> <span class='ocrx_word' id='word_1_515' title='bbox 3496 4281 3697 4337; x_wconf 88' lang='lat' dir='ltr'>Stilico</span> <span class='ocrx_word' id='word_1_516' title='bbox 3726 4283 3847 4338; x_wconf 73' lang='lat' dir='ltr'>dua:</span> 
     </span>
    </p>
   </div>
   <div class='ocr_carea' id='block_1_83' title="bbox 494 4369 3191 4444">
    <p class='ocr_par' dir='ltr' id='par_1_83' title="bbox 494 4369 3191 4444">
     <span class='ocr_line' id='line_1_83' title="bbox 494 4369 3191 4444; baseline 0.001 -8"><span class='ocrx_word' id='word_1_517' title='bbox 494 4382 598 4437; x_wconf 84' lang='lat'>402</span> <span class='ocrx_word' id='word_1_518' title='bbox 628 4382 785 4439; x_wconf 86' lang='lat' dir='ltr'>Gothi</span> <span class='ocrx_word' id='word_1_519' title='bbox 811 4385 1131 4440; x_wconf 87' lang='lat' dir='ltr'>Stiliconem</span> <span class='ocrx_word' id='word_1_520' title='bbox 1158 4384 1350 4438; x_wconf 85' lang='lat' dir='ltr'>ducem</span> <span class='ocrx_word' id='word_1_521' title='bbox 1398 4400 1526 4438; x_wconf 86' lang='lat' dir='ltr'>cum</span> <span class='ocrx_word' id='word_1_522' title='bbox 1560 4385 1800 4441; x_wconf 84' lang='lat' dir='ltr'>Romano</span> <span class='ocrx_word' id='word_1_523' title='bbox 1829 4390 2075 4444; x_wconf 66' lang='lat' dir='ltr'>exercitu</span> <span class='ocrx_word' id='word_1_524' title='bbox 2181 4371 2341 4440; x_wconf 76' lang='grc' dir='ltr'>Ῐονίτδ</span> <span class='ocrx_word' id='word_1_525' title='bbox 2370 4371 2439 4424; x_wconf 69' lang='grc' dir='ltr'>αθ</span> <span class='ocrx_word' id='word_1_526' title='bbox 2469 4370 2705 4425; x_wconf 59' lang='lat' dir='ltr'>Honorio</span> <span class='ocrx_word' id='word_1_527' title='bbox 2736 4370 2873 4440; x_wconf 71' lang='grc' dir='ltr'>Αῖιθέ</span> <span class='ocrx_word' id='word_1_528' title='bbox 2906 4369 3191 4424; x_wconf 53' lang='lat' dir='ltr'>“dditur-</span> 
     </span>
    </p>
   </div>
   <div class='ocr_carea' id='block_1_84' title="bbox 418 4472 2069 4549">
    <p class='ocr_par' dir='ltr' id='par_1_84' title="bbox 418 4472 2069 4549">
     <span class='ocr_line' id='line_1_84' title="bbox 418 4472 2069 4549; baseline 0.004 -23"><span class='ocrx_word' id='word_1_529' title='bbox 418 4475 766 4543; x_wconf 79' lang='lat' dir='ltr'>[ugaverunt.</span> <span class='ocrx_word' id='word_1_530' title='bbox 800 4475 1145 4529; x_wconf 85' lang='lat' dir='ltr'>Innocentius</span> <span class='ocrx_word' id='word_1_531' title='bbox 1183 4488 1329 4544; x_wconf 87' lang='lat' dir='ltr'>papa</span> <span class='ocrx_word' id='word_1_532' title='bbox 1376 4473 1508 4526; x_wconf 76' lang='lat' dir='ltr'>XLII</span> <span class='ocrx_word' id='word_1_533' title='bbox 1540 4472 1683 4527; x_wconf 84' lang='lat' dir='ltr'>sedit</span> <span class='ocrx_word' id='word_1_534' title='bbox 1711 4491 1785 4528; x_wconf 87' lang='lat' dir='ltr'>an</span> <span class='ocrx_word' id='word_1_535' title='bbox 1812 4492 1908 4529; x_wconf 71' lang='lat' dir='ltr'>xxv</span> <span class='ocrx_word' id='word_1_536' title='bbox 1936 4478 2069 4549; x_wconf 86' lang='lat'>(86),</span> 
     </span>
    </p>
   </div>
   <div class='ocr_carea' id='block_1_85' title="bbox 419 4561 1963 4635">
    <p class='ocr_par' dir='ltr' id='par_1_85' title="bbox 419 4561 1963 4635">
     <span class='ocr_line' id='line_1_85' title="bbox 419 4561 1963 4635; baseline 0.001 -17"><span class='ocrx_word' id='word_1_537' title='bbox 419 4563 518 4635; x_wconf 82' lang='lat' dir='ltr'>qui</span> <span class='ocrx_word' id='word_1_538' title='bbox 544 4578 657 4619; x_wconf 85' lang='lat' dir='ltr'>Lvu</span> <span class='ocrx_word' id='word_1_539' title='bbox 681 4563 928 4635; x_wconf 84' lang='lat' dir='ltr'>capitula</span> <span class='ocrx_word' id='word_1_540' title='bbox 955 4562 1249 4619; x_wconf 85' lang='lat' dir='ltr'>decretalia</span> <span class='ocrx_word' id='word_1_541' title='bbox 1274 4561 1513 4631; x_wconf 80' lang='lat' dir='ltr'>scripsit.</span> <span class='ocrx_word' id='word_1_542' title='bbox 1550 4561 1752 4632; x_wconf 89' lang='lat' dir='ltr'>Prosp.</span> <span class='ocrx_word' id='word_1_543' title='bbox 1786 4562 1963 4619; x_wconf 89' lang='lat' dir='ltr'>Marc.</span> 
     </span>
    </p>
   </div>
   <div class='ocr_carea' id='block_1_86' title="bbox 2254 4473 3844 4547">
    <p class='ocr_par' dir='ltr' id='par_1_86' title="bbox 2254 4473 3844 4547">
     <span class='ocr_line' id='line_1_86' title="bbox 2254 4473 3844 4547; baseline 0.001 -17"><span class='ocrx_word' id='word_1_544' title='bbox 2254 4476 2357 4530; x_wconf 81' lang='grc'>409</span> <span class='ocrx_word' id='word_1_545' title='bbox 2396 4474 2663 4540; x_wconf 86' lang='lat' dir='ltr'>Wandali,</span> <span class='ocrx_word' id='word_1_546' title='bbox 2696 4474 2879 4542; x_wconf 80' lang='lat' dir='ltr'>Alani,</span> <span class='ocrx_word' id='word_1_547' title='bbox 2914 4475 3078 4530; x_wconf 82' lang='lat' dir='ltr'>Saevi</span> <span class='ocrx_word' id='word_1_548' title='bbox 3104 4476 3262 4530; x_wconf 87' lang='lat' dir='ltr'>tertio</span> <span class='ocrx_word' id='word_1_549' title='bbox 3284 4473 3373 4530; x_wconf 86' lang='lat' dir='ltr'>die</span> <span class='ocrx_word' id='word_1_550' title='bbox 3402 4474 3671 4547; x_wconf 84' lang='lat' dir='ltr'>Octobris,</span> <span class='ocrx_word' id='word_1_551' title='bbox 3703 4479 3844 4543; x_wconf 89' lang='lat' dir='ltr'>etc.,</span> 
     </span>
    </p>
   </div>
   <div class='ocr_carea' id='block_1_87' title="bbox 2184 4569 2432 4635">
    <p class='ocr_par' dir='ltr' id='par_1_87' title="bbox 2184 4569 2432 4635">
     <span class='ocr_line' id='line_1_87' title="bbox 2184 4569 2432 4635; baseline -0.004 -16"><span class='ocrx_word' id='word_1_552' title='bbox 2184 4569 2251 4620; x_wconf 92' lang='lat' dir='ltr'>ut</span> <span class='ocrx_word' id='word_1_553' title='bbox 2278 4570 2432 4635; x_wconf 88' lang='lat' dir='ltr'>Aug.</span> 
     </span>
    </p>
   </div>
   <div class='ocr_carea' id='block_1_88' title="bbox 2011 4662 2243 4720">
    <p class='ocr_par' dir='ltr' id='par_1_88' title="bbox 2011 4662 2243 4720">
     <span class='ocr_line' id='line_1_88' title="bbox 2011 4662 2243 4720; baseline 0 -2"><span class='ocrx_word' id='word_1_554' title='bbox 2011 4662 2243 4720; x_wconf 70' lang='grc' dir='ltr'>ΝΟΤᾸΞ.</span> 
     </span>
    </p>
   </div>
   <div class='ocr_carea' id='block_1_89' title="bbox 491 4746 2140 4830">
    <p class='ocr_par' dir='ltr' id='par_1_89' title="bbox 491 4746 2140 4830">
     <span class='ocr_line' id='line_1_89' title="bbox 491 4746 2140 4830; baseline 0.004 -29"><span class='ocrx_word' id='word_1_555' title='bbox 491 4747 601 4830; x_wconf 83' lang='grc'>(80)</span> <span class='ocrx_word' id='word_1_556' title='bbox 630 4747 987 4830; x_wconf 71' lang='lat' dir='ltr'>Claudianus</span> <span class='ocrx_word' id='word_1_557' title='bbox 1009 4746 1103 4830; x_wconf 57' lang='lat' dir='ltr'>&quot;de</span> <span class='ocrx_word' id='word_1_558' title='bbox 1119 4750 1317 4830; x_wconf 47' lang='lat' dir='ltr'>“septo</span> <span class='ocrx_word' id='word_1_559' title='bbox 1366 4746 1675 4830; x_wconf 50' lang='lat' dir='ltr'>consulatu</span> <span class='ocrx_word' id='word_1_560' title='bbox 1706 4748 2064 4830; x_wconf 37' lang='lat' dir='ltr'>.HonoriiLet</span> <span class='ocrx_word' id='word_1_561' title='bbox 2092 4759 2140 4822; x_wconf 76' lang='grc' dir='ltr'>ι)</span> 
     </span>
    </p>
   </div>
   <div class='ocr_carea' id='block_1_90' title="bbox 418 4815 2063 4882">
    <p class='ocr_par' dir='ltr' id='par_1_90' title="bbox 418 4815 2063 4882">
     <span class='ocr_line' id='line_1_90' title="bbox 418 4815 2063 4882; baseline 0.001 -7"><span class='ocrx_word' id='word_1_562' title='bbox 418 4815 645 4875; x_wconf 82' lang='lat' dir='ltr'>Clarius</span> <span class='ocrx_word' id='word_1_563' title='bbox 674 4817 711 4872; x_wconf 93' lang='lat' dir='ltr'>l.</span> <span class='ocrx_word' id='word_1_564' title='bbox 748 4835 800 4873; x_wconf 84' lang='lat' dir='ltr'>IV</span> <span class='ocrx_word' id='word_1_565' title='bbox 830 4819 900 4873; x_wconf 90' lang='lat' dir='ltr'>de</span> <span class='ocrx_word' id='word_1_566' title='bbox 932 4815 1084 4872; x_wconf 89' lang='lat' dir='ltr'>bello</span> <span class='ocrx_word' id='word_1_567' title='bbox 1116 4816 1332 4882; x_wconf 90' lang='lat' dir='ltr'>Getico,</span> <span class='ocrx_word' id='word_1_568' title='bbox 1368 4815 1586 4871; x_wconf 87' lang='lat' dir='ltr'>Gothos</span> <span class='ocrx_word' id='word_1_569' title='bbox 1639 4818 1819 4875; x_wconf 76' lang='lat' dir='ltr'>fuisse</span> <span class='ocrx_word' id='word_1_570' title='bbox 1850 4838 1883 4875; x_wconf 91' lang='lat' dir='ltr'>a</span> <span class='ocrx_word' id='word_1_571' title='bbox 1912 4815 2063 4876; x_wconf 85' lang='lat' dir='ltr'>Stili-</span> 
     </span>
    </p>
   </div>
   <div class='ocr_carea' id='block_1_91' title="bbox 2243 4748 3844 4821">
    <p class='ocr_par' dir='ltr' id='par_1_91' title="bbox 2243 4748 3844 4821">
     <span class='ocr_line' id='line_1_91' title="bbox 2243 4748 3844 4821; baseline 0.002 -16"><span class='ocrx_word' id='word_1_572' title='bbox 2243 4750 2354 4821; x_wconf 86' lang='lat'>(84)</span> <span class='ocrx_word' id='word_1_573' title='bbox 2386 4748 2663 4821; x_wconf 74' lang='lat' dir='ltr'>Marcell.,</span> <span class='ocrx_word' id='word_1_574' title='bbox 2695 4765 2768 4821; x_wconf 81' lang='lat' dir='ltr'>xv</span> <span class='ocrx_word' id='word_1_575' title='bbox 2810 4749 2929 4821; x_wconf 79' lang='lat' dir='ltr'>Kal.</span> <span class='ocrx_word' id='word_1_576' title='bbox 2979 4748 3151 4821; x_wconf 78' lang='lat' dir='ltr'>Maii;</span> <span class='ocrx_word' id='word_1_577' title='bbox 3177 4748 3279 4805; x_wconf 87' lang='lat' dir='ltr'>sed</span> <span class='ocrx_word' id='word_1_578' title='bbox 3329 4748 3442 4819; x_wconf 77' lang='lat' dir='ltr'>leg.</span> <span class='ocrx_word' id='word_1_579' title='bbox 3471 4748 3658 4820; x_wconf 85' lang='lat' dir='ltr'>pridie</span> <span class='ocrx_word' id='word_1_580' title='bbox 3685 4754 3844 4808; x_wconf 83' lang='lat' dir='ltr'>Non.</span> 
     </span>
    </p>
   </div>
   <div class='ocr_carea' id='block_1_92' title="bbox 2173 4819 3840 4894">
    <p class='ocr_par' dir='ltr' id='par_1_92' title="bbox 2173 4819 3840 4894">
     <span class='ocr_line' id='line_1_92' title="bbox 2173 4819 3840 4894; baseline 0.001 -18"><span class='ocrx_word' id='word_1_581' title='bbox 2173 4819 2419 4894; x_wconf 76' lang='lat' dir='ltr'>Aprilis;</span> <span class='ocrx_word' id='word_1_582' title='bbox 2452 4819 2707 4894; x_wconf 74' lang='lat' dir='ltr'>qui_dies</span> <span class='ocrx_word' id='word_1_583' title='bbox 2740 4819 2851 4894; x_wconf 85' lang='lat' dir='ltr'>i_&#39;u_i_t</span> <span class='ocrx_word' id='word_1_584' title='bbox 2893 4819 3229 4894; x_wconf 33' lang='lat' dir='ltr'>ASabbatum</span> <span class='ocrx_word' id='word_1_585' title='bbox 3290 4819 3561 4876; x_wconf 87' lang='lat' dir='ltr'>sanctum</span> <span class='ocrx_word' id='word_1_586' title='bbox 3620 4821 3680 4876; x_wconf 91' lang='lat' dir='ltr'>in</span> <span class='ocrx_word' id='word_1_587' title='bbox 3710 4839 3840 4894; x_wconf 77' lang='lat' dir='ltr'>quo</span> 
     </span>
    </p>
   </div>
   <div class='ocr_carea' id='block_1_93' title="bbox 417 4887 3847 4975">
    <p class='ocr_par' dir='ltr' id='par_1_93' title="bbox 417 4887 3847 4975">
     <span class='ocr_line' id='line_1_93' title="bbox 417 4887 3847 4975; baseline 0.001 -31"><span class='ocrx_word' id='word_1_588' title='bbox 417 4907 568 4975; x_wconf 58' lang='lat' dir='ltr'>eone</span> <span class='ocrx_word' id='word_1_589' title='bbox 592 4889 1136 4975; x_wconf 32' lang='lat' dir='ltr'>t&#39;ulgatos’sleribunt.</span> <span class='ocrx_word' id='word_1_590' title='bbox 1170 4888 1345 4975; x_wconf 62' lang='lat' dir='ltr'>Facta</span> <span class='ocrx_word' id='word_1_591' title='bbox 1376 4892 1465 4941; x_wconf 89' lang='lat' dir='ltr'>est</span> <span class='ocrx_word' id='word_1_592' title='bbox 1493 4890 1840 4975; x_wconf 42' lang='lat' dir='ltr'>autem‘hfnc</span> <span class='ocrx_word' id='word_1_593' title='bbox 1871 4909 2068 4975; x_wconf 66' lang='lat' dir='ltr'>pugna</span> <span class='ocrx_word' id='word_1_594' title='bbox 2169 4887 2339 4975; x_wconf 67' lang='lat' dir='ltr'>juxta</span> <span class='ocrx_word' id='word_1_595' title='bbox 2371 4887 2681 4972; x_wconf 73' lang='lat' dir='ltr'>Paulinum</span> <span class='ocrx_word' id='word_1_596' title='bbox 2713 4889 2857 4946; x_wconf 88' lang='lat' dir='ltr'>obiit</span> <span class='ocrx_word' id='word_1_597' title='bbox 2886 4890 3321 4975; x_wconf 46' lang='lat' dir='ltr'>SAmbrosi&#39;us,</span> <span class='ocrx_word' id='word_1_598' title='bbox 3347 4907 3477 4975; x_wconf 57' lang='lat' dir='ltr'>qgaa</span> <span class='ocrx_word' id='word_1_599' title='bbox 3507 4896 3648 4975; x_wconf 63' lang='lat' dir='ltr'>nota</span> <span class='ocrx_word' id='word_1_600' title='bbox 3673 4887 3847 4975; x_wconf 68' lang='lat' dir='ltr'>etfre-</span> 
     </span>
    </p>
   </div>
   <div class='ocr_carea' id='block_1_94' title="bbox 415 4959 3315 5089">
    <p class='ocr_par' dir='ltr' id='par_1_94' title="bbox 415 4959 3315 5089">
     <span class='ocr_line' id='line_1_94' title="bbox 415 4959 3315 5082; baseline 0 -65"><span class='ocrx_word' id='word_1_601' title='bbox 415 4964 486 5017; x_wconf 88' lang='lat'>29</span> <span class='ocrx_word' id='word_1_602' title='bbox 516 4959 685 5015; x_wconf 51' lang='lat' dir='ltr'>Mart.</span> <span class='ocrx_word' id='word_1_603' title='bbox 718 4977 769 5015; x_wconf 89' lang='lat' dir='ltr'>a.</span> <span class='ocrx_word' id='word_1_604' title='bbox 802 4961 928 5026; x_wconf 88' lang='lat'>403,</span> <span class='ocrx_word' id='word_1_605' title='bbox 962 4960 1230 5082; x_wconf 45' lang='lat' dir='ltr'>iiuamvis</span> <span class='ocrx_word' id='word_1_606' title='bbox 1263 4959 1509 5030; x_wconf 88' lang='lat' dir='ltr'>Prosper</span> <span class='ocrx_word' id='word_1_607' title='bbox 1562 4964 1618 5014; x_wconf 87' lang='lat' dir='ltr'>et</span> <span class='ocrx_word' id='word_1_608' title='bbox 1660 4959 1758 5016; x_wconf 88' lang='lat' dir='ltr'>alii</span> <span class='ocrx_word' id='word_1_609' title='bbox 1802 4959 2069 5020; x_wconf 50' lang='lat' dir='ltr'>no&#39;nn&#39;ulli</span> <span class='ocrx_word' id='word_1_610' title='bbox 2170 4959 2312 5019; x_wconf 74' lang='lat' dir='ltr'>nica</span> <span class='ocrx_word' id='word_1_611' title='bbox 2341 4978 2562 5018; x_wconf 89' lang='lat' dir='ltr'>annum</span> <span class='ocrx_word' id='word_1_612' title='bbox 2594 4962 2846 5035; x_wconf 89' lang='lat' dir='ltr'>priorem</span> <span class='ocrx_word' id='word_1_613' title='bbox 2906 4962 3148 5019; x_wconf 87' lang='lat' dir='ltr'>indicat.</span> <span class='ocrx_word' id='word_1_614' title='bbox 3200 4961 3315 5018; x_wconf 84' lang='lat' dir='ltr'>Vid.</span> 
     </span>
     <span class='ocr_line' id='line_1_95' title="bbox 417 5032 2514 5089; baseline -0.003 0"><span class='ocrx_word' id='word_1_615' title='bbox 417 5049 546 5089; x_wconf 90' lang='lat' dir='ltr'>eam</span> <span class='ocrx_word' id='word_1_616' title='bbox 578 5032 687 5086; x_wconf 88' lang='lat' dir='ltr'>hoc</span> <span class='ocrx_word' id='word_1_617' title='bbox 718 5046 871 5085; x_wconf 88' lang='lat' dir='ltr'>anno</span> <span class='ocrx_word' id='word_1_618' title='bbox 905 5044 964 5083; x_wconf 92' lang='lat' dir='ltr'>re</span> <span class='ocrx_word' id='word_1_619' title='bbox 993 5034 1177 5084; x_wconf 89' lang='lat' dir='ltr'>erant.</span> <span class='ocrx_word' id='word_1_620' title='bbox 2176 5036 2306 5089; x_wconf 80' lang='lat' dir='ltr'>edit.</span> <span class='ocrx_word' id='word_1_621' title='bbox 2338 5034 2514 5089; x_wconf 82' lang='lat' dir='ltr'>Maur.</span> 
     </span>
    </p>
   </div>
   <div class='ocr_carea' id='block_1_95' title="bbox 2176 5050 2514 5090">
    <p class='ocr_par' dir='ltr' id='par_1_95' title="bbox 2176 5050 2514 5090">
     <span class='ocr_line' id='line_1_96' title="bbox 2176 5050 2514 5090; baseline -0.006 0"><span class='ocrx_word' id='word_1_622' title='bbox 2176 5050 2306 5090; x_wconf 76' lang='lat' dir='ltr'>ean.</span> <span class='ocrx_word' id='word_1_623' title='bbox 2338 5050 2514 5089; x_wconf 73' lang='lat' dir='ltr'>amur.</span> 
     </span>
    </p>
   </div>
   <div class='ocr_carea' id='block_1_96' title="bbox 417 5032 1177 5089">
    <p class='ocr_par' dir='ltr' id='par_1_96' title="bbox 417 5032 1177 5089">
     <span class='ocr_line' id='line_1_97' title="bbox 417 5032 1177 5089; baseline -0.008 0"><span class='ocrx_word' id='word_1_624' title='bbox 417 5049 546 5089; x_wconf 90' lang='lat' dir='ltr'>eam</span> <span class='ocrx_word' id='word_1_625' title='bbox 578 5032 687 5086; x_wconf 88' lang='lat' dir='ltr'>hoc</span> <span class='ocrx_word' id='word_1_626' title='bbox 718 5046 871 5085; x_wconf 88' lang='lat' dir='ltr'>anno</span> <span class='ocrx_word' id='word_1_627' title='bbox 905 5032 1177 5084; x_wconf 77' lang='lat' dir='ltr'>referant.</span> 
     </span>
    </p>
   </div>
   <div class='ocr_carea' id='block_1_97' title="bbox 489 5099 2067 5173">
    <p class='ocr_par' dir='ltr' id='par_1_97' title="bbox 489 5099 2067 5173">
     <span class='ocr_line' id='line_1_98' title="bbox 489 5099 2067 5173; baseline 0.003 -16"><span class='ocrx_word' id='word_1_628' title='bbox 489 5103 602 5173; x_wconf 79' lang='lat' dir='ltr'>(8t)</span> <span class='ocrx_word' id='word_1_629' title='bbox 633 5100 1016 5173; x_wconf 81' lang='lat' dir='ltr'>Restituenda</span> <span class='ocrx_word' id='word_1_630' title='bbox 1041 5104 1136 5173; x_wconf 4' lang='lat' dir='ltr'>(est</span> <span class='ocrx_word' id='word_1_631' title='bbox 1164 5116 1233 5173; x_wconf 86' lang='lat' dir='ltr'>ex_</span> <span class='ocrx_word' id='word_1_632' title='bbox 1282 5099 1552 5156; x_wconf 84' lang='lat' dir='ltr'>Bavarico</span> <span class='ocrx_word' id='word_1_633' title='bbox 1604 5101 1912 5173; x_wconf 88' lang='lat' dir='ltr'>depravata</span> <span class='ocrx_word' id='word_1_634' title='bbox 1939 5106 2067 5161; x_wconf 80' lang='lat' dir='ltr'>Au-</span> 
     </span>
    </p>
   </div>
   <div class='ocr_carea' id='block_1_98' title="bbox 3405 4963 3844 5037">
    <p class='ocr_par' dir='ltr' id='par_1_98' title="bbox 3405 4963 3844 5037">
     <span class='ocr_line' id='line_1_99' title="bbox 3405 4963 3844 5037; baseline 0.005 -20"><span class='ocrx_word' id='word_1_635' title='bbox 3405 4965 3488 5018; x_wconf 75' lang='lat' dir='ltr'>itu</span> <span class='ocrx_word' id='word_1_636' title='bbox 3516 4966 3558 5018; x_wconf 85' lang='lat' dir='ltr'>t.</span> <span class='ocrx_word' id='word_1_637' title='bbox 3592 4965 3647 5020; x_wconf 88' lang='lat' dir='ltr'>II</span> <span class='ocrx_word' id='word_1_638' title='bbox 3673 4963 3844 5037; x_wconf 84' lang='lat' dir='ltr'>0pp.,</span> 
     </span>
    </p>
   </div>
   <div class='ocr_carea' id='block_1_99' title="bbox 2249 5101 3841 5176">
    <p class='ocr_par' dir='ltr' id='par_1_99' title="bbox 2249 5101 3841 5176">
     <span class='ocr_line' id='line_1_100' title="bbox 2249 5101 3841 5176; baseline 0.001 -16"><span class='ocrx_word' id='word_1_639' title='bbox 2249 5106 2361 5176; x_wconf 88' lang='lat'>(85)</span> <span class='ocrx_word' id='word_1_640' title='bbox 2391 5105 2561 5176; x_wconf 84' lang='lat' dir='ltr'>Teste</span> <span class='ocrx_word' id='word_1_641' title='bbox 2588 5104 2929 5176; x_wconf 24' lang='lat' dir='ltr'>Siozomeno,</span> <span class='ocrx_word' id='word_1_642' title='bbox 2961 5103 3109 5176; x_wconf 86' lang='lat' dir='ltr'>Hist.</span> <span class='ocrx_word' id='word_1_643' title='bbox 3140 5103 3183 5160; x_wconf 92' lang='lat'>1.</span> <span class='ocrx_word' id='word_1_644' title='bbox 3214 5120 3315 5171; x_wconf 83' lang='lat' dir='ltr'>vn,</span> <span class='ocrx_word' id='word_1_645' title='bbox 3350 5120 3479 5176; x_wconf 89' lang='lat' dir='ltr'>cap.</span> <span class='ocrx_word' id='word_1_646' title='bbox 3514 5101 3655 5173; x_wconf 88' lang='lat' dir='ltr'>ult.,</span> <span class='ocrx_word' id='word_1_647' title='bbox 3687 5121 3841 5162; x_wconf 81' lang='lat' dir='ltr'>con-</span> 
     </span>
    </p>
   </div>
   <div class='ocr_carea' id='block_1_100' title="bbox 419 5171 1850 5249">
    <p class='ocr_par' dir='ltr' id='par_1_100' title="bbox 419 5171 1850 5249">
     <span class='ocr_line' id='line_1_101' title="bbox 419 5171 1850 5249; baseline 0.002 -22"><span class='ocrx_word' id='word_1_648' title='bbox 419 5171 886 5249; x_wconf 77' lang='lat' dir='ltr'>giensis_codicis</span> <span class='ocrx_word' id='word_1_649' title='bbox 919 5171 1088 5249; x_wconf 77' lang='lat' dir='ltr'>lectio</span> <span class='ocrx_word' id='word_1_650' title='bbox 1119 5171 1462 5249; x_wconf 62' lang='lat' dir='ltr'>Radagaisus</span> <span class='ocrx_word' id='word_1_651' title='bbox 1493 5177 1549 5227; x_wconf 89' lang='lat' dir='ltr'>et</span> <span class='ocrx_word' id='word_1_652' title='bbox 1576 5171 1850 5249; x_wconf 71' lang='lat' dir='ltr'>millibus.</span> 
     </span>
    </p>
   </div>
   <div class='ocr_carea' id='block_1_101' title="bbox 495 5242 2063 5319">
    <p class='ocr_par' dir='ltr' id='par_1_101' title="bbox 495 5242 2063 5319">
     <span class='ocr_line' id='line_1_102' title="bbox 495 5242 2063 5319; baseline 0.005 -24"><span class='ocrx_word' id='word_1_653' title='bbox 495 5247 625 5319; x_wconf 71' lang='lat'>(82)</span> <span class='ocrx_word' id='word_1_654' title='bbox 641 5246 892 5319; x_wconf 85' lang='lat' dir='ltr'>Prosper</span> <span class='ocrx_word' id='word_1_655' title='bbox 914 5242 1100 5319; x_wconf 72' lang='lat' dir='ltr'>pridie</span> <span class='ocrx_word' id='word_1_656' title='bbox 1154 5244 1270 5297; x_wconf 83' lang='lat' dir='ltr'>Kal.</span> <span class='ocrx_word' id='word_1_657' title='bbox 1304 5247 1437 5300; x_wconf 85' lang='lat' dir='ltr'>Jun.</span> <span class='ocrx_word' id='word_1_658' title='bbox 1472 5248 1528 5299; x_wconf 85' lang='lat' dir='ltr'>et</span> <span class='ocrx_word' id='word_1_659' title='bbox 1575 5245 1794 5303; x_wconf 87' lang='lat' dir='ltr'>Suevos</span> <span class='ocrx_word' id='word_1_660' title='bbox 1825 5247 2063 5303; x_wconf 85' lang='lat' dir='ltr'>omittit.</span> 
     </span>
    </p>
   </div>
   <div class='ocr_carea' id='block_1_102' title="bbox 422 5313 1193 5388">
    <p class='ocr_par' dir='ltr' id='par_1_102' title="bbox 422 5313 1193 5388">
     <span class='ocr_line' id='line_1_103' title="bbox 422 5313 1193 5388; baseline -0.003 -18"><span class='ocrx_word' id='word_1_661' title='bbox 422 5314 666 5388; x_wconf 71' lang='lat' dir='ltr'>perinde</span> <span class='ocrx_word' id='word_1_662' title='bbox 697 5327 762 5365; x_wconf 92' lang='lat' dir='ltr'>ac</span> <span class='ocrx_word' id='word_1_663' title='bbox 793 5313 1193 5388; x_wconf 68' lang='lat' dir='ltr'>Cassiodorus.</span> 
     </span>
    </p>
   </div>
   <div class='ocr_carea' id='block_1_103' title="bbox 492 5382 2063 5508">
    <p class='ocr_par' dir='ltr' id='par_1_103' title="bbox 492 5382 2063 5508">
     <span class='ocr_line' id='line_1_104' title="bbox 492 5382 2063 5508; baseline 0.004 -71"><span class='ocrx_word' id='word_1_664' title='bbox 492 5384 604 5455; x_wconf 89' lang='lat'>(83)</span> <span class='ocrx_word' id='word_1_665' title='bbox 640 5382 700 5435; x_wconf 92' lang='lat' dir='ltr'>In</span> <span class='ocrx_word' id='word_1_666' title='bbox 733 5383 928 5461; x_wconf 80' lang='lat' dir='ltr'>codice</span> <span class='ocrx_word' id='word_1_667' title='bbox 986 5400 1087 5508; x_wconf 77' lang='lat' dir='ltr'>pro</span> <span class='ocrx_word' id='word_1_668' title='bbox 1145 5388 1204 5440; x_wconf 82' lang='lat' dir='ltr'>in</span> <span class='ocrx_word' id='word_1_669' title='bbox 1257 5384 1568 5508; x_wconf 54' lang='lat' dir='ltr'>lcglendum</span> <span class='ocrx_word' id='word_1_670' title='bbox 1622 5386 1851 5443; x_wconf 90' lang='lat' dir='ltr'>videtur</span> <span class='ocrx_word' id='word_1_671' title='bbox 1881 5405 1965 5451; x_wconf 80' lang='grc' dir='ltr'>ιιι,</span> <span class='ocrx_word' id='word_1_672' title='bbox 1999 5394 2063 5443; x_wconf 89' lang='lat' dir='ltr'>ut</span> 
     </span>
     <span class='ocr_line' id='line_1_105' title="bbox 492 5451 2058 5508; baseline -0.001 1"><span class='ocrx_word' id='word_1_673' title='bbox 492 5455 621 5508; x_wconf 86' lang='lat' dir='ltr'>dem</span> <span class='ocrx_word' id='word_1_674' title='bbox 652 5451 820 5507; x_wconf 78' lang='lat' dir='ltr'>lectio</span> <span class='ocrx_word' id='word_1_675' title='bbox 863 5462 1118 5508; x_wconf 77' lang='lat' dir='ltr'>Drmeat.</span> <span class='ocrx_word' id='word_1_676' title='bbox 1153 5475 1277 5508; x_wconf 75' lang='lat' dir='ltr'>nuzn</span> <span class='ocrx_word' id='word_1_677' title='bbox 1374 5459 1579 5508; x_wconf 82' lang='lat' dir='ltr'>abetur</span> <span class='ocrx_word' id='word_1_678' title='bbox 1637 5458 1694 5508; x_wconf 93' lang='lat' dir='ltr'>in</span> <span class='ocrx_word' id='word_1_679' title='bbox 1753 5458 2058 5508; x_wconf 82' lang='lat' dir='ltr'>Bernnldo-</span> 
     </span>
    </p>
   </div>
   <div class='ocr_carea' id='block_1_104' title="bbox 419 5451 2058 5533">
    <p class='ocr_par' dir='ltr' id='par_1_104' title="bbox 419 5451 2058 5533">
     <span class='ocr_line' id='line_1_106' title="bbox 419 5451 2058 5533; baseline 0.002 -23"><span class='ocrx_word' id='word_1_680' title='bbox 419 5451 621 5510; x_wconf 84' lang='lat' dir='ltr'>eadem</span> <span class='ocrx_word' id='word_1_681' title='bbox 652 5451 820 5533; x_wconf 73' lang='lat' dir='ltr'>lectio</span> <span class='ocrx_word' id='word_1_682' title='bbox 863 5451 1118 5533; x_wconf 80' lang='lat' dir='ltr'>prodeat,</span> <span class='ocrx_word' id='word_1_683' title='bbox 1153 5475 1287 5533; x_wconf 70' lang='lat' dir='ltr'>quae</span> <span class='ocrx_word' id='word_1_684' title='bbox 1314 5451 1579 5511; x_wconf 70' lang='lat' dir='ltr'>habetur</span> <span class='ocrx_word' id='word_1_685' title='bbox 1753 5458 2058 5533; x_wconf 81' lang='lat' dir='ltr'>Bernoldo,</span> 
     </span>
    </p>
   </div>
   <div class='ocr_carea' id='block_1_105' title="bbox 420 5527 2063 5600">
    <p class='ocr_par' dir='ltr' id='par_1_105' title="bbox 420 5527 2063 5600">
     <span class='ocr_line' id='line_1_107' title="bbox 420 5527 2063 5600; baseline 0.002 -21"><span class='ocrx_word' id='word_1_686' title='bbox 420 5541 619 5597; x_wconf 70' lang='lat' dir='ltr'>quazvo</span> <span class='ocrx_word' id='word_1_687' title='bbox 649 5539 716 5600; x_wconf 79' lang='lat' dir='ltr'>ex</span> <span class='ocrx_word' id='word_1_688' title='bbox 746 5527 872 5600; x_wconf 84' lang='lat' dir='ltr'>ipso</span> <span class='ocrx_word' id='word_1_689' title='bbox 907 5527 1083 5581; x_wconf 83' lang='lat' dir='ltr'>[datio</span> <span class='ocrx_word' id='word_1_690' title='bbox 1115 5527 1372 5600; x_wconf 82' lang='lat' dir='ltr'>genuina</span> <span class='ocrx_word' id='word_1_691' title='bbox 1403 5529 1617 5600; x_wconf 76' lang='lat' dir='ltr'>est,qui</span> <span class='ocrx_word' id='word_1_692' title='bbox 1645 5530 1791 5583; x_wconf 82' lang='lat' dir='ltr'>hanc</span> <span class='ocrx_word' id='word_1_693' title='bbox 1816 5530 2063 5600; x_wconf 85' lang='lat' dir='ltr'>invasio-</span> 
     </span>
    </p>
   </div>
   <div class='ocr_carea' id='block_1_106' title="bbox 418 5595 2054 5671">
    <p class='ocr_par' dir='ltr' id='par_1_106' title="bbox 418 5595 2054 5671">
     <span class='ocr_line' id='line_1_108' title="bbox 418 5595 2054 5671; baseline 0.002 -20"><span class='ocrx_word' id='word_1_694' title='bbox 418 5595 551 5651; x_wconf 79' lang='lat' dir='ltr'>nem</span> <span class='ocrx_word' id='word_1_695' title='bbox 573 5595 717 5671; x_wconf 52' lang='lat' dir='ltr'>lenia</span> <span class='ocrx_word' id='word_1_696' title='bbox 747 5599 903 5671; x_wconf 65' lang='lat' dir='ltr'>tertia</span> <span class='ocrx_word' id='word_1_697' title='bbox 953 5595 1162 5656; x_wconf 73' lang='lat' dir='ltr'>factum</span> <span class='ocrx_word' id='word_1_698' title='bbox 1207 5600 1431 5666; x_wconf 84' lang='lat' dir='ltr'>scribit,</span> <span class='ocrx_word' id='word_1_699' title='bbox 1466 5595 1659 5671; x_wconf 68' lang='lat' dir='ltr'>qualis</span> <span class='ocrx_word' id='word_1_700' title='bbox 1710 5616 1812 5671; x_wconf 88' lang='lat' dir='ltr'>nec</span> <span class='ocrx_word' id='word_1_701' title='bbox 1844 5618 1899 5654; x_wconf 84' lang='grc' dir='ltr'>ιν</span> <span class='ocrx_word' id='word_1_702' title='bbox 1934 5599 2054 5655; x_wconf 82' lang='lat' dir='ltr'>Kal.</span> 
     </span>
    </p>
   </div>
   <div class='ocr_carea' id='block_1_107' title="bbox 421 5664 2061 5742">
    <p class='ocr_par' dir='ltr' id='par_1_107' title="bbox 421 5664 2061 5742">
     <span class='ocr_line' id='line_1_109' title="bbox 421 5664 2061 5742; baseline 0.005 -25"><span class='ocrx_word' id='word_1_703' title='bbox 421 5683 526 5742; x_wconf 74' lang='lat' dir='ltr'>nec</span> <span class='ocrx_word' id='word_1_704' title='bbox 561 5682 619 5742; x_wconf 75' lang='grc' dir='ltr'>ιιι</span> <span class='ocrx_word' id='word_1_705' title='bbox 650 5664 712 5719; x_wconf 90' lang='lat' dir='ltr'>Id</span> <span class='ocrx_word' id='word_1_706' title='bbox 744 5666 864 5722; x_wconf 85' lang='lat' dir='ltr'>Oct.</span> <span class='ocrx_word' id='word_1_707' title='bbox 897 5671 967 5725; x_wconf 89' lang='lat' dir='ltr'>ab</span> <span class='ocrx_word' id='word_1_708' title='bbox 1019 5671 1146 5742; x_wconf 87' lang='lat' dir='ltr'>ipso</span> <span class='ocrx_word' id='word_1_709' title='bbox 1203 5664 1501 5740; x_wconf 63' lang='lat' dir='ltr'>assignati&#39;</span> <span class='ocrx_word' id='word_1_710' title='bbox 1535 5671 1694 5724; x_wconf 81' lang='lat' dir='ltr'>fuere</span> <span class='ocrx_word' id='word_1_711' title='bbox 1746 5670 1853 5742; x_wconf 85' lang='lat' dir='ltr'>hoc</span> <span class='ocrx_word' id='word_1_712' title='bbox 1909 5688 2061 5725; x_wconf 86' lang='lat' dir='ltr'>anno</span> 
     </span>
    </p>
   </div>
   <div class='ocr_carea' id='block_1_108' title="bbox 420 5736 1825 5811">
    <p class='ocr_par' dir='ltr' id='par_1_108' title="bbox 420 5736 1825 5811">
     <span class='ocr_line' id='line_1_110' title="bbox 420 5736 1825 5811; baseline 0.001 -19"><span class='ocrx_word' id='word_1_713' title='bbox 420 5739 558 5804; x_wconf 88' lang='lat'>409;</span> <span class='ocrx_word' id='word_1_714' title='bbox 591 5736 735 5794; x_wconf 84' lang='lat' dir='ltr'>bene</span> <span class='ocrx_word' id='word_1_715' title='bbox 765 5755 896 5796; x_wconf 86' lang='lat' dir='ltr'>vero</span> <span class='ocrx_word' id='word_1_716' title='bbox 927 5736 1098 5798; x_wconf 80' lang='lat' dir='ltr'>tertia</span> <span class='ocrx_word' id='word_1_717' title='bbox 1129 5743 1253 5798; x_wconf 86' lang='lat' dir='ltr'>dies</span> <span class='ocrx_word' id='word_1_718' title='bbox 1285 5736 1550 5811; x_wconf 55' lang='lat' dir='ltr'>ejusdem</span> <span class='ocrx_word' id='word_1_719' title='bbox 1585 5741 1825 5794; x_wconf 87' lang='lat' dir='ltr'>mensis.</span> 
     </span>
    </p>
   </div>
   <div class='ocr_carea' id='block_1_109' title="bbox 2175 5174 3844 5249">
    <p class='ocr_par' dir='ltr' id='par_1_109' title="bbox 2175 5174 3844 5249">
     <span class='ocr_line' id='line_1_111' title="bbox 2175 5174 3844 5249; baseline 0.002 -19"><span class='ocrx_word' id='word_1_720' title='bbox 2175 5174 2307 5247; x_wconf 52' lang='lat' dir='ltr'>tig&#39;it</span> <span class='ocrx_word' id='word_1_721' title='bbox 2337 5174 2445 5231; x_wconf 87' lang='lat' dir='ltr'>hoc</span> <span class='ocrx_word' id='word_1_722' title='bbox 2476 5174 2587 5249; x_wconf 79' lang='lat' dir='ltr'>sub</span> <span class='ocrx_word' id='word_1_723' title='bbox 2606 5174 2932 5249; x_wconf 71' lang='lat' dir='ltr'>Theodosio</span> <span class='ocrx_word' id='word_1_724' title='bbox 2947 5174 3520 5249; x_wconf 80' lang='lat' dir='ltr'>Seniore,perperam</span> <span class='ocrx_word' id='word_1_725' title='bbox 3552 5175 3705 5233; x_wconf 82' lang='lat' dir='ltr'>adeo</span> <span class='ocrx_word' id='word_1_726' title='bbox 3724 5176 3844 5233; x_wconf 84' lang='lat' dir='ltr'>hoc</span> 
     </span>
    </p>
   </div>
   <div class='ocr_carea' id='block_1_110' title="bbox 2175 5244 3506 5316">
    <p class='ocr_par' dir='ltr' id='par_1_110' title="bbox 2175 5244 3506 5316">
     <span class='ocr_line' id='line_1_112' title="bbox 2175 5244 3506 5316; baseline 0.001 -14"><span class='ocrx_word' id='word_1_727' title='bbox 2175 5244 2327 5303; x_wconf 77' lang='lat' dir='ltr'>anno</span> <span class='ocrx_word' id='word_1_728' title='bbox 2357 5244 2614 5302; x_wconf 80' lang='lat' dir='ltr'>notatur.</span> <span class='ocrx_word' id='word_1_729' title='bbox 2655 5244 2770 5301; x_wconf 80' lang='lat' dir='ltr'>Vid.</span> <span class='ocrx_word' id='word_1_730' title='bbox 2805 5246 3082 5314; x_wconf 87' lang='lat' dir='ltr'>Bolland.,</span> <span class='ocrx_word' id='word_1_731' title='bbox 3118 5247 3185 5302; x_wconf 89' lang='grc'>15</span> <span class='ocrx_word' id='word_1_732' title='bbox 3212 5244 3362 5316; x_wconf 50' lang='lat' dir='ltr'>Jan},</span> <span class='ocrx_word' id='word_1_733' title='bbox 3384 5251 3428 5302; x_wconf 91' lang='lat' dir='ltr'>t.</span> <span class='ocrx_word' id='word_1_734' title='bbox 3463 5248 3506 5303; x_wconf 91' lang='lat' dir='ltr'>I.</span> 
     </span>
    </p>
   </div>
   <div class='ocr_carea' id='block_1_111' title="bbox 2246 5317 3832 5390">
    <p class='ocr_par' dir='ltr' id='par_1_111' title="bbox 2246 5317 3832 5390">
     <span class='ocr_line' id='line_1_113' title="bbox 2246 5317 3832 5390; baseline 0.001 -17"><span class='ocrx_word' id='word_1_735' title='bbox 2246 5319 2358 5390; x_wconf 83' lang='lat'>(86)</span> <span class='ocrx_word' id='word_1_736' title='bbox 2388 5318 2601 5388; x_wconf 88' lang='lat' dir='ltr'>Pagius</span> <span class='ocrx_word' id='word_1_737' title='bbox 2655 5317 2972 5390; x_wconf 78' lang='lat' dir='ltr'>Innocentii</span> <span class='ocrx_word' id='word_1_738' title='bbox 3033 5317 3464 5375; x_wconf 85' lang='lat' dir='ltr'>ordinationem</span> <span class='ocrx_word' id='word_1_739' title='bbox 3525 5318 3599 5374; x_wconf 87' lang='lat' dir='ltr'>ad</span> <span class='ocrx_word' id='word_1_740' title='bbox 3662 5319 3725 5377; x_wconf 88' lang='lat' dir='ltr'>d.</span> <span class='ocrx_word' id='word_1_741' title='bbox 3764 5320 3832 5375; x_wconf 82' lang='grc'>21</span> 
     </span>
    </p>
   </div>
   <div class='ocr_carea' id='block_1_112' title="bbox 2173 5387 2811 5458">
    <p class='ocr_par' dir='ltr' id='par_1_112' title="bbox 2173 5387 2811 5458">
     <span class='ocr_line' id='line_1_114' title="bbox 2173 5387 2811 5458; baseline -0.003 -13"><span class='ocrx_word' id='word_1_742' title='bbox 2173 5387 2307 5446; x_wconf 87' lang='lat' dir='ltr'>Dec.</span> <span class='ocrx_word' id='word_1_743' title='bbox 2342 5406 2436 5444; x_wconf 89' lang='lat' dir='ltr'>an.</span> <span class='ocrx_word' id='word_1_744' title='bbox 2466 5387 2562 5444; x_wconf 78' lang='grc'>401</span> <span class='ocrx_word' id='word_1_745' title='bbox 2594 5387 2811 5458; x_wconf 85' lang='lat' dir='ltr'>rejicit.</span> 
     </span>
    </p>
   </div>
   <div class='ocr_carea' id='block_1_113' title="bbox 2244 5456 3835 5531">
    <p class='ocr_par' dir='ltr' id='par_1_113' title="bbox 2244 5456 3835 5531">
     <span class='ocr_line' id='line_1_115' title="bbox 2244 5456 3835 5531; baseline 0.002 -18"><span class='ocrx_word' id='word_1_746' title='bbox 2244 5461 2355 5531; x_wconf 87' lang='lat'>(87)</span> <span class='ocrx_word' id='word_1_747' title='bbox 2387 5456 2992 5531; x_wconf 26' lang='lat' dir='ltr'>Epistola‘lnnocentii</span> <span class='ocrx_word' id='word_1_748' title='bbox 3012 5457 3453 5531; x_wconf 10' lang='lat' dir='ltr'>iadyEudoxiam,</span> <span class='ocrx_word' id='word_1_749' title='bbox 3474 5463 3532 5515; x_wconf 90' lang='lat' dir='ltr'>et</span> <span class='ocrx_word' id='word_1_750' title='bbox 3563 5461 3699 5516; x_wconf 64' lang='lat' dir='ltr'>dua:</span> <span class='ocrx_word' id='word_1_751' title='bbox 3730 5462 3835 5518; x_wconf 81' lang='lat' dir='ltr'>Ar-</span> 
     </span>
    </p>
   </div>
   <div class='ocr_carea' id='block_1_114' title="bbox 2173 5528 3837 5602">
    <p class='ocr_par' dir='ltr' id='par_1_114' title="bbox 2173 5528 3837 5602">
     <span class='ocr_line' id='line_1_116' title="bbox 2173 5528 3837 5602; baseline 0.002 -17"><span class='ocrx_word' id='word_1_752' title='bbox 2173 5528 2321 5585; x_wconf 87' lang='lat' dir='ltr'>cadii</span> <span class='ocrx_word' id='word_1_753' title='bbox 2340 5528 2884 5602; x_wconf 45' lang='lat' dir='ltr'>ad—Innocentium,</span> <span class='ocrx_word' id='word_1_754' title='bbox 2909 5530 3063 5584; x_wconf 84' lang='lat' dir='ltr'>unde</span> <span class='ocrx_word' id='word_1_755' title='bbox 3093 5530 3215 5585; x_wconf 65' lang='lat' dir='ltr'>haec</span> <span class='ocrx_word' id='word_1_756' title='bbox 3245 5529 3446 5602; x_wconf 73' lang='lat' dir='ltr'>hausit</span> <span class='ocrx_word' id='word_1_757' title='bbox 3476 5531 3837 5602; x_wconf 86' lang='lat' dir='ltr'>Bernoldus,</span> 
     </span>
    </p>
   </div>
   <div class='ocr_carea' id='block_1_115' title="bbox 2172 5599 3840 5671">
    <p class='ocr_par' dir='ltr' id='par_1_115' title="bbox 2172 5599 3840 5671">
     <span class='ocr_line' id='line_1_117' title="bbox 2172 5599 3840 5671; baseline 0.003 -15"><span class='ocrx_word' id='word_1_758' title='bbox 2172 5602 2243 5656; x_wconf 90' lang='lat' dir='ltr'>ab</span> <span class='ocrx_word' id='word_1_759' title='bbox 2274 5601 2520 5657; x_wconf 89' lang='lat' dir='ltr'>eruditis</span> <span class='ocrx_word' id='word_1_760' title='bbox 2552 5599 2764 5671; x_wconf 73' lang='lat' dir='ltr'>spuria:</span> <span class='ocrx_word' id='word_1_761' title='bbox 2806 5605 3138 5656; x_wconf 85' lang='lat' dir='ltr'>censentur.</span> <span class='ocrx_word' id='word_1_762' title='bbox 3188 5600 3318 5655; x_wconf 84' lang='lat' dir='ltr'>Vid.</span> <span class='ocrx_word' id='word_1_763' title='bbox 3356 5602 3575 5671; x_wconf 81' lang='lat' dir='ltr'>Pagius</span> <span class='ocrx_word' id='word_1_764' title='bbox 3605 5604 3669 5659; x_wconf 87' lang='lat' dir='ltr'>in</span> <span class='ocrx_word' id='word_1_765' title='bbox 3702 5599 3840 5661; x_wconf 80' lang='lat' dir='ltr'>Vita</span> 
     </span>
    </p>
   </div>
   <div class='ocr_carea' id='block_1_116' title="bbox 2171 5670 3706 5744">
    <p class='ocr_par' dir='ltr' id='par_1_116' title="bbox 2171 5670 3706 5744">
     <span class='ocr_line' id='line_1_118' title="bbox 2171 5670 3706 5744; baseline 0.004 -18"><span class='ocrx_word' id='word_1_766' title='bbox 2171 5671 2349 5742; x_wconf 86' lang='lat' dir='ltr'>hujus</span> <span class='ocrx_word' id='word_1_767' title='bbox 2380 5670 2674 5744; x_wconf 77' lang='lat' dir='ltr'>pontificis</span> <span class='ocrx_word' id='word_1_768' title='bbox 2704 5671 2866 5728; x_wconf 86' lang='lat' dir='ltr'>Brcv.</span> <span class='ocrx_word' id='word_1_769' title='bbox 2901 5671 3061 5727; x_wconf 76' lang='lat' dir='ltr'>Rom.</span> <span class='ocrx_word' id='word_1_770' title='bbox 3099 5671 3329 5744; x_wconf 82' lang='lat' dir='ltr'>pontif.,</span> <span class='ocrx_word' id='word_1_771' title='bbox 3363 5677 3405 5729; x_wconf 91' lang='lat' dir='ltr'>t.</span> <span class='ocrx_word' id='word_1_772' title='bbox 3438 5670 3483 5743; x_wconf 79' lang='lat' dir='ltr'>I,</span> <span class='ocrx_word' id='word_1_773' title='bbox 3518 5692 3576 5730; x_wconf 90' lang='lat' dir='ltr'>n.</span> <span class='ocrx_word' id='word_1_774' title='bbox 3610 5677 3706 5732; x_wconf 84' lang='lat'>28.</span> 
     </span>
    </p>
   </div>
  </div>
