4026 6228
254 364 343 431 89
1524 362 1994 433 CHRONICON.
2029 400 2105 416 -—
2141 365 2331 432 SJEC.
2377 366 2449 431 ν.
3612 361 3694 429 90

1656 527 1888 586 ΟΟΒΕΧ
1924 525 2325 585 AUGIENSIS.

344 626 445 686 411
479 626 924 686 Constantinus
945 630 1229 702 tyrannus
1258 626 1412 702 apud
1425 626 1721 686 Arelatum
1743 628 1931 684 victus
1960 627 2015 695 Α
2041 625 2380 682 vulneratus
2411 623 2651 691 interiit,
2683 627 2740 681 et
2759 639 2862 697 pro
2886 638 2953 680 eo
2975 620 3189 679 Wallia
3205 621 3432 696 regium
3476 637 3689 680 nomen

278 719 352 776 ab
381 718 634 774 Honorio
663 720 881 791 captus
902 722 1011 784 est,
1045 716 1321 790 filiusque
1358 718 1485 789 ejus
1532 718 1819 773 Constans
1868 717 1929 771 in

276 807 559 880 Hispania
587 824 623 863 a
654 806 936 863 Gerontio
958 805 1169 862 comite
1187 802 1549 879 p'eremptus,
1564 810 1622 861 et
1640 805 1933 861 Maximus

277 896 352 953 ab
396 912 462 952 eo
501 895 562 952 in
613 912 867 967 regnum
918 894 1149 950 levatus
1196 898 1304 951 est.
1350 896 1540 966 Prosp.
1592 893 1830 950 Marcell.
1864 925 1933 934 —-

276 983 659 1042 Constantius
690 984 810 1039 dux
831 984 905 1039 ab
935 983 1188 1039 Honorio
1210 984 1566 1039 constitutus
1590 982 1932 1039 est.A1arico

276 1090 417 1146 rege
435 1073 761 1128 Gothorum
785 1077 1016 1127 mortuo
1034 1071 1305 1127 Atault‘us
1326 1072 1734 1144 successit,qui
1758 1071 1934 1128 Placi-

277 1162 444 1217 diam
473 1161 767 1233 captivam
797 1175 1036 1215 uxorem
1066 1159 1305 1231 accepit.
1331 1159 1693 1226 Pestilentia,
1725 1160 1929 1223 fames,

277 1249 510 1316 bestiae,
543 1253 602 1304 et
628 1248 859 1321 gladius
879 1248 1222 1304 barbaricus
1253 1248 1536 1305 miserum
1558 1247 1673 1304 late
1702 1251 1935 1305 vastant

276 1343 340 1395 et
357 1338 764 1409 comprimunt
779 1338 997 1393 orbem.
1039 1338 1136 1393 Zos
1163 1336 1326 1403 Idat,.
1360 1338 1436 1392 al.
1469 1354 1523 1392 a.
1555 1337 1683 1392 414.

350 1427 462 1482 412
491 1426 746 1483 Maximo
770 1426 830 1481 in
856 1426 1133 1499 Hispania
1161 1442 1340 1499 regno
1383 1425 1576 1482 ablato
1632 1426 1748 1481 vita
1797 1443 1931 1481 con-

277 1530 449 1571 cessa
497 1518 607 1570 est.
646 1513 973 1569 Gothorum
1022 1531 1161 1586 pars
1211 1514 1468 1570 maxima
1512 1530 1647 1586 rege
1697 1513 1932 1569 Ataulfo

275 1602 502 1660 Gallias
521 1602 811 1675 ingressa.
847 1608 1039 1674 Prosp.
1062 1635 1133 1644 —
1162 1602 1343 1659 Heros
1373 1603 1432 1657 S.
1469 1602 1705 1659 Martini
1765 1601 1935 1658 disci-

271 1690 476 1764 pulus.
496 1691 858 1747 Arelatensis
887 1690 1198 1763 episcopus
1220 1691 1778 1760 sanctus,innocens
1794 1690 1929 1746 sede

277 1795 396 1837 sua
421 1779 633 1851 pulsus
659 1783 834 1847 est,et
857 1796 960 1851 pro
979 1796 1047 1835 eo
1071 1779 1373 1836 Patroclus
1393 1780 1716 1835 ordinatus.
1741 1785 1932 1851 Prosp.

275 1867 631 1923 —-Wandali
651 1872 710 1923 et
735 1868 907 1923 Saevi
938 1868 1292 1934 Galleciam,
1345 1869 1512 1925 Alani
1572 1868 1936 1924 Lusitaniam

281 1959 347 2013 et
365 1956 883 2029 Carthaginensem
915 1957 1489 2030 provincias,Si1ingi
1521 1958 1761 2013 Btsticas
1810 1974 1936 2013 sor-

273 2045 535 2102 tiuntur.
567 2046 705 2101 Idat.
737 2062 792 2101 a.
816 2046 942 2103 411.
1720 2048 1735 2059 ’

346 2134 456 2189 413
485 2132 1060 2205 Herodianus,hujus
1099 2134 1240 2190 anni
1297 2150 1431 2190 cum
1473 2134 1649 2189 Lucio
1704 2133 1933 2202 consul,

271 2238 564 2279 novarum
591 2238 789 2278 rerum
819 2222 880 2278 in
904 2223 1100 2279 Africa
1118 2240 1277 2291 reus,
1318 2222 1539 2278 honore
1567 2228 1626 2278 et
1670 2222 1790 2278 vita
1819 2222 1934 2295 pri-

272 2316 470 2368 vatur.
498 2314 694 2383 Prosp.
727 2313 820 2368 sed
839 2313 1118 2368 consulem
1140 2320 1296 2368 vocat
1318 2312 1733 2368 Heraclianum.
1796 2312 1936 2367 Bur-

275 2400 610 2475 gundiones
627 2404 858 2473 partem
877 2399 1075 2456 Galliae
1097 2400 1299 2456 Rheno
1313 2400 1651 2473 contiguam
1677 2399 1939 2455 obtinue-

276 2491 423 2544 runt
460 2489 595 2560 (83).
629 2495 821 2560 Prosp.
855 2488 1097 2545 Jovinus
1153 2492 1210 2545 et
1266 2488 1649 2545 Sebastianus
1703 2490 1935 2557 fratres,

276 2574 482 2635 Gallias
512 2577 1062 2649 tyranui,Narbonae
1085 2578 1157 2633 ab
1179 2578 1432 2633 Honorio
1454 2578 1741 2649 perempti
1774 2581 1931 2633 sunt.

272 2667 473 2737 Prosp.
506 2665 641 2722 Idat.
677 2697 744 2707 -—
782 2664 885 2721 His
933 2665 1292 2739 temporibus
1321 2665 1591 2738 Pelagius
1621 2667 1798 2734 Brito,
1840 2668 1936 2721 ad-

274 2753 609 2810 nitentibus
622 2753 889 2810 Ccelestio
904 2754 1002 2810 etJ
1010 2754 1485 2823 uliano,liberum
1504 2759 1552 2812 4
1565 2760 1593 2811 Ι
1626 2756 1934 2811 arbitrium

278 2842 419 2915 plus
432 2842 600 2914 justo
629 2841 936 2909 extollens,
958 2848 1018 2899 et
1051 2843 1350 2899 hominem
1409 2844 1535 2900 sine
1589 2845 1789 2917 gratias
1836 2845 1936 2899 Dei

273 2930 498 2988 auxilio
530 2932 766 3004 proprio
797 2930 933 2987 nisu
964 2932 1285 3003 perfectum
1301 2932 1428 2988 fieri
1445 2948 1618 3004 posse
1639 2949 1927 3000 asserens,

273 3019 457 3075 ﬁdem
477 3019 750 3076 Ecclesiae
779 3020 998 3075 turbat.
1022 3021 1165 3091 Ejus
1199 3020 1469 3077 haeresim
1490 3021 1550 3076 S.
1575 3022 1937 3094 Augustinus

267 3106 661 3180 singulariter
682 3124 808 3181 pra:
821 3107 1046 3164 caeteris
1074 3112 1450 3181 expugnat,et
1474 3126 1625 3183 papa
1654 3111 1940 3167 Innocen-

272 3196 400 3253 tius
423 3213 564 3252 cum
586 3197 717 3253 aliis
734 3196 1022 3253 haereticis
1060 3199 1434 3254 condemnat.
1468 3200 1658 3271 Prosp.

348 3287 476 3342 414.
509 3285 747 3342 Attalus
776 3286 985 3342 Gothis
1015 3286 1354 3344 auctoribus
1382 3288 1443 3343 in
1472 3288 1659 3344 Gallia
1677 3293 1938 3361 tyranni-

272 3376 415 3431 dem
445 3375 683 3431 invasit.
708 3376 898 3447 Prosp.

349 3465 459 3520 415
487 3464 661 3521 Gothi
690 3462 1005 3536 Hispanias
1048 3468 1275 3537 petunt,
1337 3481 1589 3538 quorum
1666 3468 1938 3539 praesidio

276 3552 516 3609 Attalus
543 3553 888 3621 destitutus,
912 3569 947 3608 θ.
971 3553 1249 3610 Rdmanis
1278 3558 1485 3627 captus
1514 3559 1604 3611 est
1629 3557 1762 3628 (89),
1796 3557 1937 3612 Illar-

278 3643 410 3698 cell.
430 3673 503 3682 —-—
523 3642 792 3699 Ataulfus
822 3657 927 3698 rex
943 3642 1271 3699 Gothorum
1301 3660 1336 3700 a
1365 3644 1622 3716 quodam
1643 3645 1937 3702 sociorum

2039 715 2270 771 invasit.
2302 717 2585 786 Prosp.—-
2634 711 3055 785 Hierosolymis
3110 728 3351 783 corpora
3410 712 3512 769 SS.
3563 712 3688 768 Ste-

2043 803 2217 876 phani
2234 800 3036 875 protomartyris,Gamalielis
3051 800 3416 857 etNicodemi
3432 800 3688 856 Luciano

2042 892 2384 965 presbytero
2416 891 2696 946 divinitus
2721 889 2987 955 revelata,
3013 890 3409 957 inveniuntur,
3441 895 3499 946 et
3521 891 3691 945 innu-

2043 981 2222 1036 meris
2249 979 2552 1034 miraculis
2582 978 3003 1051 gloriﬁcantur.
3037 979 3173 1033 Mat.

2113 1096 2216 1151 416
2240 1094 2470 1162 Wallia,
2497 1112 2595 1150 rex
2636 1093 2981 1162 Gothorum,
3015 1109 3218 1165 pacem
3270 1092 3533 1166 cupiens,
3606 1093 3689 1148 vi-

2042 1185 2219 1240 duam
2277 1183 2482 1239 Ataulfi
2556 1183 2867 1238 Placidiam
2922 1181 3082 1237 fratri
3124 1181 3374 1237 Honorio
3429 1187 3691 1255 Augusto

2040 1274 2460 1344 reddidit.Ejus
2477 1272 2843 1345 nuptiasdux
2854 1271 3233 1326 Constantius
3250 1271 3687 1342 promeruil(90)

2041 1366 2232 1433 Prosp.
2288 1362 2524 1417 Marcell.
2588 1392 2653 1401 —
2705 1364 2897 1416 Romae
2968 1359 3234 1415 Zosimus
3292 1376 3442 1431 papa
3514 1360 3691 1415 XLIII

2044 1450 2190 1505 sedit
2222 1450 2393 1505 annis
2433 1450 2641 1515 tribus,
2675 1449 2775 1521 qui
2798 1466 2906 1504 sua
2939 1448 3114 1504 etiam
3147 1448 3217 1503 ad
3272 1446 3535 1503 Ecclesia:
3573 1452 3692 1504 sta‘

2044 1543 2172 1594 tum
2196 1539 2425 1595 decreta
2447 1537 2859 1611 promulgavit.
2894 1538 3106 1603 Anast.,
3138 1537 3214 1599 al.
3248 1554 3302 1591 a.
3350 1537 3475 1592 417.

2116 1654 2219 1708 417
2249 1654 2540 1710 Honorius
2569 1655 2869 1725 Augustus
2901 1654 3146 1708 Romam
3170 1651 3565 1725 triumphams
3603 1652 3692 1709 in-

2044 1743 2329 1815 greditur,
2357 1742 2550 1799 Attalo
2582 1760 2820 1798 currum
2852 1742 2980 1813 ejus
3002 1742 3364 1814 prmcedente
3394 1746 3451 1797 et
3474 1746 3605 1813 post
3635 1740 3692 1796 in

2044 1830 2313 1887 exsilium
2356 1832 2557 1888 misso.
2578 1838 2771 1903 Prosp.
2804 1862 2873 1872 ——
2902 1831 3154 1895 Quaestio
3192 1835 3251 1886 et
3285 1830 3575 1886 dissensio
3625 1830 3695 1885 de

2044 1918 2223 1990 hujus
2254 1920 2390 1975 anni
2432 1921 2654 1976 Pascha
2711 1920 2821 1992 (91)
2873 1921 3058 1976 oritur
3111 1920 3223 1975 sub
3256 1919 3486 1975 Zosimo
3546 1935 3697 1991 papa

1964 2013 2012 2078 B
2043 2009 2322 2065 Romano.
2360 2010 2461 2066 42
2494 2009 2869 2064 Constantius
2892 2006 3264 2063 Fredibalum
3296 2024 3491 2080 regem
3514 2007 3694 2062 Wan-

2044 2096 2315 2153 dalorum
2340 2097 2464 2154 sine
2485 2096 2633 2153 bello
2665 2102 2787 2153 arte
2807 2102 3044 2171 captum
3077 2096 3328 2152 Honorio
3352 2094 3693 2168 imperatori

2048 2186 2229 2243 misit.
2254 2187 2391 2244 Idal.
2414 2204 2469 2243 a.
2502 2187 2626 2243 415.

2118 2294 2222 2348 418
2252 2293 2587 2366 Carthagini
2614 2292 2859 2349 concilio
2890 2293 3301 2365 episcoporum
3330 2308 3515 2348 ccxvu
3572 2290 3694 2345 col-

2046 2382 2195 2439 lecto
2215 2388 2272 2438 et
2301 2400 2335 2439 a
2357 2383 2585 2439 Zosimo
2609 2400 2760 2455 papa
2786 2384 3148 2447 conﬁrmato,
3184 2380 3454 2453 Pelagius
3480 2378 3698 2452 aliique

2047 2469 2302 2527 haeretici
2335 2472 2714 2528 damnantur.
2756 2473 2948 2543 Prosp.
2980 2501 3050 2511 ——-
3098 2469 3348 2542 Eclipsis
3407 2469 3548 2525 solis
3602 2486 3697 2524 xxv

2045 2559 2171 2617 Kal.
2201 2561 2453 2635 Augusti
2476 2560 2586 2634 (92)
2610 2560 2843 2627 facta,et
2880 2564 3105 2616 cometa
3146 2558 3362 2615 abhinc
3406 2558 3686 2630 usquead

2045 2666 2306 2706 mensem
2335 2651 2739 2722 Septembrem
2768 2649 2913 2705 visa.
2944 2649 3182 2715 Harrell,
3206 2680 3273 2688 -κ
3296 2649 3498 2720 Pugna
3544 2648 3697 2704 inter

2045 2738 2437 2795 Gundericum
2468 2739 2892 2795 Wandalorum
2941 2751 3139 2811 regem
3169 2741 3227 2793 et
3283 2736 3695 2794 Ermenricum

2047 2827 2170 2901 [al.,
2212 2829 2641 2900 Hermericum]
2702 2828 3025 2885 Suevorum
3086 2843 3281 2901 regem
3338 2828 3507 2883 facta.
3556 2826 3693 2883 Idat.

2049 2934 2102 2973 a.
2135 2934 2246 2990 seq.

2118 3024 2224 3079 419
2252 3024 2543 3080 Honorius
2588 3026 2883 3097 Augustus
2929 3023 3338 3080 Constantium
3386 3025 3594 3081 ducem
3632 3023 3693 3080 in

2049 3113 2410 3170 consortium
2430 3112 2659 3186 imperii
2694 3113 2963 3170 assumit.
2999 3113 3138 3170 Idat.
3160 3131 3214 3169 η.
3258 3114 3379 3170 421.
3414 3145 3480 3155 --
3504 3115 3697 3169 Roma:

2052 3202 2382 3259 Bonifacius
2409 3220 2559 3276 papa
2585 3204 2751 3258 XLIV
2778 3204 2929 3259 sedit
2955 3204 3127 3260 annis
3164 3221 3237 3269 1v,
3268 3221 3401 3258 cum
3460 3220 3573 3275 quo
3625 3204 3697 3259 ab

2051 3290 2181 3347 aliis
2213 3308 2362 3363 papa
2392 3292 2695 3347 ordinatur
2718 3290 3000 3348 Eulalius.
3042 3295 3165 3359 Quo
3192 3293 3266 3347 ab
3295 3291 3574 3366 Augustis
3604 3293 3699 3347 de-

1965 3385 2007 3451 C
2039 3381 2216 3452 jecto,
2249 3380 2582 3437 Bonifacius
2600 3383 2659 3437 in
2683 3382 2817 3437 sede
2837 3383 3104 3437 firmatus
3127 3398 3236 3437 sua
3262 3380 3439 3437 etiam
3468 3382 3700 3436 decreta

2049 3470 2371 3538 constituit,
2400 3475 2458 3525 et
2482 3470 2787 3526 ecclesiam
2818 3472 2877 3526 S.
2904 3471 3216 3527 Felicitatis
3246 3475 3304 3526 et
3362 3472 3420 3525 S.
3475 3469 3698 3525 Silvani

2048 3558 2108 3614 in
2132 3558 2282 3615 Urbe
2318 3560 2642 3615 construxit
2698 3560 2811 3631 (93)
2861 3562 3046 3616 Anast.
3082 3561 3269 3632 Prosp.
3306 3589 3373 3599 —-
3419 3559 3698 3614 Constan-

2046 3648 2167 3704 tius
2188 3647 2508 3720 imperator
2538 3664 2739 3721 pacem
2770 3664 2906 3704 cum
2942 3648 3155 3705 Wallia
3185 3663 3318 3721 rege
3375 3646 3697 3704 Gothorum

1335 3741 1811 3799 COMPENDIUM
1850 3744 1943 3800 EX
1980 3745 2232 3803 CODICE
2275 3746 2657 3802 BERNOLDI.

364 3826 475 3883 410
494 3826 734 3884 Alaricus
766 3845 868 3884 rex
893 3828 1187 3887 Gothorum
1242 3832 1469 3887 Romam.
1522 3832 1727 3888 obsedit
1754 3841 1805 3889 et
1855 3835 1934 3888 ir-

277 3917 461 3989 rupit,
482 3931 628 3972 anno
655 3918 721 3973 ab
753 3919 892 3976 Urbe
911 3916 1133 3975 condita
1157 3918 1456 3985 MCLXIV,
1489 3923 1538 3976 et
1594 3923 1727 3994 quia
1776 3922 1934 3978 Chri-

274 4004 504 4063 stianus
534 4007 807 4073 erat,loois
834 4009 1063 4064 sacratis
1085 4016 1137 4065 et
1183 4009 1257 4066 ab
1307 4025 1373 4065 ea
1416 4010 1667 4094 profugis
1719 4017 1935 4066 tantum

267 4098 545 4170 peperat.

352 4211 455 4266 411
484 4211 824 4279 Pestilentia,
854 4216 1029 4282 [ames
1048 4221 1099 4269 et
1124 4214 1342 4284 gladius
1400 4214 1721 4272 barbaricus
1771 4218 1934 4272 mise-

273 4316 412 4356 rum
442 4300 551 4355 late
577 4299 865 4357 devastant
894 4302 1105 4358 orbem.

352 4405 467 4461 412
490 4404 811 4462 ’Goihorum-
852 4411 1106 4465 maxima
1138 4426 1270 4482 pars
1297 4409 1499 4467 Gallias
1542 4413 1812 4483 ingressa.
1865 4444 1934 4453 —

273 4496 515 4551 Heras...
548 4494 855 4567 ordinatur,
888 4502 955 4553 ut
980 4500 1130 4571 Aug.

353 4600 461 4656 413
486 4601 584 4656 His
636 4604 970 4675 temporibus
1015 4604 1292 4678 Pelagius,
1352 4610 1487 4675 etc.,
1543 4610 1609 4663 ut
1656 4612 1803 4681 Aug.
1866 4637 1934 4649 —-

271 4689 765 4762 Burgundiones...
797 4693 1171 4764 obtinuerunt,
1207 4697 1272 4752 ut
1290 4699 1440 4768 Aug.

242 4780 255 4787 “
351 4778 460 4834 414
492 4776 567 4835 Ut
590 4781 738 4854 Aug.

350 4895 459 4951 415
489 4894 710 4953 Gothi...
734 4907 813 4954 est
838 4906 1051 4971 captus,
1076 4904 1144 4956 ut
1162 4904 1314 4974 Aug.
1375 4933 1441 4944 —
1501 4903 1740 4975 Corpora
1988 4888 2000 4898 ’

2118 3836 2509 3907 Hierosolymis
2532 3837 2752 3891 inventa
2779 3844 2923 3892 sunt.

2119 3925 2223 3978 416
2257 3925 2438 3980 Romae
2466 3925 2713 3979 Zosimus
2755 3925 2867 3997 (94)
2919 3942 3067 3999 papa
3123 3924 3283 3979 XLIII
3337 3924 3477 3980 sedit
3529 3926 3691 3979 annis

2048 4013 2243 4081 tribus,
2276 4016 2375 4085 qui
2411 4015 2580 4069 etiam
2636 4031 2738 4069 sua
2796 4015 2867 4070 ad
2923 4016 3179 4072 Ecclesiae
3235 4017 3437 4068 statum
3486 4012 3697 4069 decreta

2041 4104 2413 4175 promulgavit
2451 4104 2617 4159 Ysicio
2648 4105 2891 4176 episcopo
2922 4106 3033 4162 sub
3047 4110 3281 4177 quatuor
3307 4101 3586 4174 capitulis.

2117 4193 2222 4246 417
2263 4193 2598 4249 Honorius...
2655 4200 2706 4249 et
2757 4195 2815 4248 in
2858 4195 3125 4251 exsilium
3176 4196 3364 4265 postea
3408 4194 3596 4249 misso.
3629 4225 3698 4234 —

2044 4282 2349 4349 Quaestio...
2380 4281 2479 4337 sub
2507 4283 2719 4338 Zosimo
2744 4289 2984 4355 papa,ut
3015 4290 3162 4356 Aug.

2118 4371 2222 4425 418
2263 4369 2652 4442 Carthagini...
2684 4370 3045 4443 damnantur,
3069 4377 3135 4430 ut
3172 4374 3318 4444 Aug.
3362 4404 3420 4415 —-
3470 4373 3700 4445 Eolipsis

1966 4464 2014 4528 ι)
2043 4459 2177 4515 solis
2196 4476 2291 4514 xxv
2318 4458 2434 4515 Kal.
2469 4461 2700 4529 Augusti
2726 4464 2877 4529 facta
2904 4468 3003 4520 est.

2118 4549 2220 4604 419
2249 4550 2528 4606 Honorius
2556 4550 2691 4621 Aug.
2729 4550 3109 4609 Constantium
3162 4552 3353 4621 ducem
3403 4559 3702 4609 consortem

2041 4639 2178 4710 facit
2210 4639 2451 4710 imperii.
2487 4639 2664 4695 Romae
2693 4639 3011 4712 Boni/actus
3034 4658 3180 4714 papa
3210 4642 3365 4698 XLIV
3403 4641 3542 4699 sedit
3595 4658 3700 4697 an-

2042 4730 2132 4785 nis
2161 4737 2419 4800 quatuor,
2449 4731 2547 4800 qui
2596 4730 2762 4784 etiam
2816 4740 3052 4801 quatuor
3106 4732 3321 4786 decreta
3366 4733 3539 4802 fecit:
3576 4747 3705 4801 cum

2043 4833 2147 4890 quo
2174 4818 2243 4873 ab
2271 4817 2402 4873 aliis
2422 4833 2570 4889 papa
2597 4817 2889 4876 ordinatur
2918 4820 3192 4887 Eulalius,
3238 4821 3335 4890 qui
3392 4823 3576 4876 tamen
3631 4820 3701 4875 ab

2041 4910 2280 4977 Augusto
2308 4907 2621 4979 deponitur.

1870 5004 2101 5061 NOT/E.

274 5152 289 5170 ,
317 5169 326 5170 7
494 5080 576 5141 Ex
594 5082 1015 5169 Olympiodoro
1035 5085 1159 5170 hac
1179 5086 1668 5170 Burgundiqgugn
1690 5090 1938 5170 irruptio

271 5151 787 5297 gigigqrmaniam'
827 5158 1085 5230 primam
1135 5158 1264 5230 jam
1301 5151 1418 5216 Van.
1460 5162 1559 5217 411
1605 5162 1756 5221 facta
1815 5151 1932 5220 col-

329 5294 466 5368 '(89)
493 5297 922 5374 Philostorgius
950 5299 1011 5356 id
1039 5299 1257 5358 rectius
1279 5302 1351 5358 ad
1411 5318 1631 5360 annum
1683 5320 1931 5379 sequen-

272 5369 397 5423 tem
424 5369 611 5426 refert.

274 5412 725 5572 Lgilgrlétwhoc
785 5442 1245 5517 Olympiodorus
1294 5442 1550 5516 primum
1596 5463 1747 5504 anno
1804 5465 1931 5522 seq.

339 5552 747 5661 Elyllosimus
780 5604 854 5645 ex
900 5583 1244 5668 Marcellino
1292 5586 1574 5713 primum,
1645 5606 1797 5645 anno
1842 5607 1931 5646 se-

342 5666 470 5716 ente
490 5661 585 5716 die
606 5664 676 5716 18
703 5662 912 5716 Mart..
940 5660 1279 5715 Innocentio
1336 5674 1386 5713 ie
1402 5659 1467 5713 12
1488 5660 1753 5716 eiusdem
1777 5678 1934 5716 men-

269 5660 470 5731 quente
490 5661 585 5719 die
606 5664 676 5719 18
703 5662 912 5726 Mart,
940 5660 1279 5715 Innocentio
1292 5660 1386 5713 die
1402 5660 1467 5713 12
1488 5660 1753 5730 ejusdem
1777 5678 1933 5717 men-

260 5731 336 5794 sis
364 5734 637 5796 defuncto
668 5729 1099 5798 successit,cui
1127 5743 1283 5786 unus
1321 5729 1601 5787 duntaxat
1630 5732 1933 5804 regiminis

2048 5109 2241 5164 annus
2271 5108 2405 5149 cum
2460 5108 2669 5150 novem
2719 5092 3022 5150 mensibus
3069 5091 3431 5164 totidemque
3489 5090 3696 5164 diebus

2042 5163 2341 5236 tribuitur.
2377 5164 2610 5221 Ysicius
2639 5178 2772 5222 vero
2830 5165 2927 5221 hic
2974 5161 3352 5236 nominatusg‘
3376 5161 3696 5236 Hesychius

2042 5239 2131 5319 est
2151 5234 2888 5319 Sal'qnitanusnepiscopus.
2911 5236 3043 5292 Vid.
3069 5233 3282 5293 Labbei
3314 5233 3695 5293 Collect.con-

2042 5307 2138 5363 cil.
2174 5312 2214 5362 t.
2241 5307 2312 5370 II,
2336 5324 2393 5377 p.
2431 5307 2607 5362 1556(
2756 5307 2775 5311 “

2114 5378 2228 5450 (92)
2252 5377 2473 5450 Idatius
2502 5377 2653 5450 male
2671 5378 2756 5450 ad
2801 5397 3020 5435 annum
3045 5380 3147 5434 417
3178 5393 3293 5450 quo
3322 5378 3393 5433 19
3418 5376 3698 5450 Jul._erat

2044 5448 2404 5522 feria‘vLsed
2429 5449 2600 5522 juxta
2622 5448 2948 5522 Chronicon
2970 5448 3426 5507 Alexandrinum
3458 5448 3692 5522 eclipsis

2044 5518 2414 5575 acciditferia
2436 5518 2705 5590 vx,igitur
2724 5519 2843 5590 hoc
2872 5540 3023 5578 anno
3048 5524 3170 5578 418.

2253 5589 2580 5665 Bonifacius
2609 5589 2914 5665 ordinatus
2937 5599 3025 5648 est
3068 5593 3280 5665 11.7418,
3306 5592 3399 5665 die
3433 5592 3530 5665 29,Δ
3555 5592 3688 5665 Dec.

2136 5661 2227 5737 94)
2261 5660 2386 5716 Vid.
2419 5659 2759 5737 Paschasini
2784 5663 3038 5737 episcopi
3064 5659 3404 5737 iLilybetani
3444 5660 3692 5737 epistola

2045 5732 2131 5789 ad
2152 5733 2401 5791 Leonem
2424 5750 2634 5808 papam
2657 5732 2939 5805 inter'huj
2952 5732 3018 5791 us
3049 5732 3237 5809 Opera
3257 5737 3328 5792 ad
3361 5752 3455 5793 an.
3478 5732 3603 5793 443.
