4026 6228
350 321 419 387 91
1150 321 1578 403 insanam]
1626 319 2014 387 comam

2120 321 2526 388 AUGIENSIS
2570 319 2953 388 MONAGHI.
3692 315 3769 383 92

1729 481 1959 539 CODEX
1996 480 2401 542 AUGIENSIS.

352 598 569 668 firmat,
589 597 727 655 data
756 596 807 654 ei
837 613 971 654 cum
994 596 1214 671 aliquot
1244 598 1490 654 urbibus
1524 598 1595 655 ad
1656 598 1993 654 inhabitan-
2025 605 2081 668 Α
2110 563 2474 657 Gundericns
2499 617 2595 658 rex
2616 597 3039 657 Wandalorum
3070 597 3173 655 Dei
3195 594 3419 670 judicio
3440 611 3761 670 percussus

350 688 492 744 dum
516 686 828 759 Aquitania
858 687 1134 745 secunda.
1167 694 1360 759 Prosp.
1392 687 1528 743 Idat.

424 778 545 831 420.
587 774 792 832 Wallia
815 792 946 847 rege
978 775 1297 832 Gothorum
1332 780 1560 831 mortuo
1597 775 1991 832 Theodericus

350 865 651 922 successit.
686 865 811 920 Isid.
847 882 899 919 a.
965 865 1088 918 419.
1114 897 1179 904 -
1239 864 1575 920 Bethlehem
1606 865 1993 936 Hieronymus

346 955 666 1026 presbyter,
687 954 889 1008 doctor
919 957 977 1008 et
1010 953 1296 1025 interpres
1328 953 1806 1025 incomparabilis
1837 955 1988 1008 Scri-

346 1046 652 1114 pturarum
675 1060 826 1096 anno
854 1040 1038 1097 artatis
1070 1058 1159 1096 xei
1195 1041 1355 1097 obiit.
1389 1044 1578 1112 Prosp.
1616 1042 1741 1097 Bed.
1769 1073 1833 1082 —
1862 1041 1992 1096 Ala-

343 1131 401 1185 ni
433 1130 682 1186 aGothis
714 1131 856 1185 adeo
877 1131 1028 1185 caede
1060 1130 1264 1185 domiti
1298 1136 1379 1197 ut,
1414 1131 1571 1202 regio
1605 1131 1840 1186 nomine
1891 1148 1987 1185 nc-

335 1218 545 1292 glecto,
592 1219 922 1274 Gunderico
983 1218 1099 1290 regi
1148 1219 1574 1274 Wandalorum
1615 1234 1677 1274 se
1739 1218 1989 1274 tuendos

341 1309 775 1369 submitterent.
812 1308 1122 1377 Greg.Tur.,
1160 1309 1369 1363 (dum.
1405 1309 1526 1363 418.

410 1399 510 1453 43
545 1396 637 1453 421
669 1397 1044 1452 Constantius
1070 1397 1383 1467 imperator
1408 1398 1686 1451 Ravenna:
1714 1396 1981 1451 movitur.

342 1484 738 1555 ldat.Prospcr.
792 1484 1015 1540 Bellum
1072 1485 1221 1540 inter
1285 1485 1599 1541 Wandalos
1658 1492 1713 1540 et
1765 1486 1985 1540 Gothos

346 1573 553 1629 oritur.
587 1572 724 1628 Idat.

417 1663 524 1716 422
554 1662 847 1717 Exercitus
878 1665 1078 1717 contra
1106 1660 1431 1717 Wandalos
1462 1663 1606 1718 duce
1636 1660 1868 1717 Castino
1918 1661 1987 1715 ad

349 1749 657 1822 Hispanias
689 1749 891 1806 Gothis
908 1749 1189 1805 auxilium
1214 1750 1464 1805 mittitur
1488 1768 1500 1817 ;
1535 1768 1568 1804 a
1595 1767 1709 1822 quo
1734 1750 1992 1805 oﬁ'ensus

345 1837 699 1907 Bonifacius,
737 1837 1180 1906 virbellicosus,
1206 1840 1482 1894 secedens
1504 1838 1573 1893 ad
1620 1838 1873 1894 Africam
1931 1853 1993 1893 se

347 1927 616 1983 contulit.
651 1926 919 1983 Wandali
955 1943 1085 1982 vero
1134 1928 1204 1982 ad
1263 1927 1727 1999 desperationem
1785 1926 1991 1995 coacti,

343 2016 577 2072 Castino
611 2016 841 2071 incaute
864 2032 1106 2071 manum
1139 2023 1498 2084 eonserente,
1524 2016 1770 2072 victores
1802 2013 1993 2071 effecti

344 2111 502 2161 sunt.
537 2106 726 2176 Prosp.
755 2105 887 2160 Μαι.

415 2196 519 2249 423
567 2193 821 2250 Placidia
863 2196 1149 2266 Augusta,
1212 2212 1245 2249 a
1276 2194 1453 2249 lratre
1494 2193 1743 2249 Honorio
1798 2192 1992 2265 pulsa,

342 2300 478 2340 cum
492 2283 609 2339 ﬁlio
625 2283 1030 2339 Valentiniano
1053 2284 1125 2338 ad
1149 2282 1545 2339 Theodosium
1578 2286 1914 2355 Augustum
1930 2281 1993 2337 in

343 2373 637 2429 Orientem
670 2372 1079 2444 proﬁciscitur.
1113 2374 1304 2443 Prosp.
1331 2403 1397 2412 —
1422 2372 1616 2427 Romae
1647 2371 1995 2426 leestinus

345 2478 498 2534 papa
526 2461 667 2516 XLV
697 2461 847 2516 sedit
871 2461 1042 2515 annis
1077 2476 1303 2528 novem,
1331 2461 1431 2531 qui
1480 2459 1736 2532 plurima
1790 2461 1849 2516 in
1899 2461 1997 2515 Ec-

346 2549 524 2606 clesia
554 2548 687 2603 fecit
718 2553 963 2615 statuta,
998 2553 1054 2603 et
1083 2548 1387 2604 basilicam
1417 2548 1559 2604 Julii
1591 2549 1650 2604 in
1674 2549 1825 2605 Urbe
1856 2565 1991 2605 con-

347 2641 633 2694 structam
668 2637 974 2691 dedicavit.
1012 2638 1195 2692 Anast.
1224 2635 1471 2692 Marcell.
1495 2638 1622 2694 mel.
1681 2655 1714 2693 a
1748 2638 1867 2693 421.
1931 2667 1997 2679 -

345 2725 638 2784 Honorius
685 2725 1009 2797 imperator
1033 2726 1364 2782 Occidentis
1396 2726 1680 2782 Ravennae
1724 2727 1992 2794 moritur,

348 2819 406 2872 et
433 2818 689 2871 Joannes
708 2818 993 2887 tyrannus
1024 2832 1269 2887 regnum
1291 2816 1420 2887 ejus
1444 2821 1708 2887 occupat.
1730 2816 1994 2872 Theodo-

348 2903 472 2961 sius
512 2903 829 2976 imperator
848 2902 1097 2959 Orientis
1128 2908 1258 2976 post
1277 2908 1525 2961 mortem
1556 2905 1748 2977 patrui
1780 2905 1997 2961 suiHo-

349 2991 499 3049 norii
529 2992 793 3064 regnavit
822 3009 1007 3047 annos
1026 3010 1177 3047 xxvx.
1215 2998 1506 3064 I’rosp.an.
1540 3010 1717 3048 xxvu.

418 3083 523 3137 424
543 3081 907 3137 Theodosius
933 3081 1403 3138 Valentinianum
1433 3083 1624 3137 amita:
1658 3101 1775 3138 sua:
1810 3082 1992 3139 Placi-

351 3170 458 3227 dia
485 3170 672 3227 ﬁlium
694 3170 978 3227 Caesarem
1004 3171 1246 3239 faciens,
1278 3172 1346 3227 ad
1372 3187 1620 3244 regnum
1664 3172 1996 3228 Occidentis

351 3277 487 3317 cum
518 3264 703 3317 matre
748 3260 1169 3333 possidendum
1191 3260 1454 3316 remittit.
1487 3265 1682 3333 Prosp.
1738 3260 1894 3343 Cass.
1929 3291 1997 3302 —

2026 1973 2073 2036 B

2102 689 2368 755 moritur,
2389 690 2558 764 eique
2581 689 2910 747 Geisericus
2933 688 3054 760 [al.,
3079 684 3448 758 Gensericus]
3473 692 3768 759 tyrannus

2103 779 2476 850 Arianusque
2501 776 2807 834 haereticus
2825 782 2882 833 et
2900 775 3322 833 catholicorum
3350 776 3607 832 crudelis
3637 793 3766 848 per-

2102 873 2334 946 secutor
2356 868 2660 923 successit.
2696 867 2832 922 Idat.
2866 884 2919 922 a.
2949 866 3075 921 428.

2171 960 2275 1012 44
2310 955 2836 1011 427Βυοίΐειείυεὶη
2878 954 3073 1010 Africa
3094 952 3323 1026 pollens
3355 953 3537 1010 duces
3579 970 3761 1025 quos-

2101 1044 2233 1100 dam
2261 1048 2463 1100 contra
2483 1061 2544 1100 se
2561 1045 2908 1099 dimicantes
2928 1042 3140 1099 occidit
3164 1061 3177 1109 ;
3197 1045 3402 1097 contra
3425 1058 3603 1113 quem
3625 1059 3761 1097 evo-

2102 1133 2247 1189 catis
2278 1133 2542 1189 barbaris
2575 1150 2735 1188 mare
2766 1132 2837 1187 ad
2868 1131 2926 1187 id
2958 1136 3190 1203 tempus
3212 1131 3478 1203 ignotum
3493 1131 3764 1202 pervium

2097 1222 2364 1278 efﬁcitur.
2402 1222 2562 1277 Unde
2592 1238 2736 1294 gens
2762 1222 2941 1277 eﬁ‘era
2974 1218 3417 1288 Wandalorum,
3445 1220 3517 1274 de
3552 1219 3764 1291 Hispa-

2098 1309 2214 1366 niis
2244 1309 2528 1367 exclusaa
2558 1310 2782 1374 Gothis,
2817 1311 2963 1365 rfeto
3007 1309 3249 1380 traiecto
3279 1308 3536 1363 Africam
3596 1308 3768 1362 inva-

2097 1399 2262 1466 dens,
2297 1398 2513 1471 gladio.
2548 1399 2741 1470 praeda
2757 1403 2815 1454 et
2832 1398 2967 1470 igne
2991 1396 3413 1453 miserabiliter
3434 1395 3758 1452 debaccha-

2099 1488 2522 1552 tur,interfecto
2544 1489 2706 1558 prius
2724 1485 3097 1558 Ermengario
3119 1486 3319 1557 [Idalio
3334 1484 3767 1556 Hormigarius]

2104 1593 2241 1650 rege
2272 1578 2615 1645 Suevorum,
2656 1581 2967 1649 postquam
3001 1575 3060 1630 in
3097 1572 3381 1646 Hispania
3434 1591 3531 1628 xix
3591 1573 3768 1630 annis

2100 1665 2438 1722 debacchati
2468 1670 2626 1722 sunt.
2660 1665 2916 1734 Idat.,al.
2939 1680 2993 1719 a.
3024 1664 3151 1718 429.

2171 1756 2277 1809 428
2306 1754 2629 1821 Nestorius,
2680 1753 2991 1826 episcopus
3044 1749 3765 1822 Constantinopolitanus,

2100 1844 2247 1899 duas
2278 1843 2339 1898 in
2373 1842 2600 1898 Christo
2633 1857 2912 1914 personas
2964 1840 3290 1913 praedicans
3338 1839 3766 1913 hominemque

2102 1948 2317 2004 purum
2339 1948 2408 1987 ex
2436 1930 2675 2002 Virgine
2708 1935 2910 1986 natum
2940 1928 3213 1984 deitatem
3236 1932 3442 2001 postea
3465 1929 3769 2001 accepisse

2103 2020 2428 2087 afﬁrmans,
2462 2037 2496 2075 a
2524 2017 2734 2091 Cyrillo
2765 2017 3155 2074 Alexandrino
3202 2017 3477 2089 episcopo
3509 2021 3566 2073 et
3610 2034 3769 2089 papa

2101 2107 2408 2165 Ccslestino
2434 2107 2720 2163 haereseos
2761 2105 3048 2179 arguitur.
3089 2107 3279 2176 Prosp.
3308 2137 3375 2145 —
3424 2104 3627 2161 Aetius
3657 2121 3755 2161 co-

2104 2214 2229 2253 mes
2252 2198 2572 2265 Romanus,
2623 2194 2825 2252 multis
2875 2196 3231 2251 Francorum
3288 2194 3473 2261 cassis,
3523 2199 3758 2267 partem

2103 2285 2445 2351 Galliarum,
2460 2300 2639 2357 quam
2663 2299 2965 2357 pervasam
2979 2282 3759 2356 tenuerant,recepit.Prosp.

2104 2374 2245 2430 ldat.

2175 2465 2279 2518 429
2309 2461 2512 2519 Aetius
2544 2462 2825 2535 magister
2856 2460 3113 2517 militum
3142 2465 3200 2516 et
3252 2461 3536 2533 patricius
3563 2460 3759 2518 factus

2103 2558 2212 2610 est.
2247 2557 2515 2624 Prosp.—
2544 2550 2822 2624 Agricola
2842 2548 3151 2606 haereticus
3181 2549 3580 2623 Pelagianista
3639 2549 3767 2606 Bri-

2104 2641 2336 2698 tannias
2366 2657 2472 2696 suo
2494 2639 2681 2695 inﬁcit
2700 2655 2927 2707 errore;
2954 2639 3108 2695 unde
3127 2642 3184 2693 S.
3209 2638 3537 2694 Germanus
3563 2638 3768 2696 Antis-

2107 2729 2464 2786 siodorensis
2493 2729 2825 2801 episcopus,
2844 2744 2880 2783 a
2909 2726 3216 2784 leestino
3242 2744 3393 2799 papa
3414 2726 3514 2783 illo
3536 2727 3766 2784 missus

2105 2818 2374 2875 haeresim
2399 2817 2756 2891 expugnavit
2781 2815 3174 2889 plurimisque
3206 2814 3383 2872 saluti
3402 2815 3532 2872 fuit.
3563 2818 3765 2890 Prosp.

2111 2907 2240 2963 Bed.
2273 2908 2403 2963 hist.
2437 2905 2594 2977 Angl.

2176 2996 2357 3052 4308.
2407 2994 2772 3067 Augustinus
2821 2992 3212 3066 Hipponensis
3260 2992 3595 3065 episcopus,
3654 2995 3763 3051 Ec—

2105 3084 2294 3142 clesiae
2356 3082 2572 3140 Christi
2629 3087 2687 3138 et
2722 3079 3021 3138 catholicae
3080 3080 3215 3137 ﬁdei
3263 3087 3669 3154 propugnator
3703 3087 3764 3140 et

2107 3174 2379 3232 defensor
2421 3170 2863 3239 invictissimus,
2898 3170 2957 3226 in
2980 3169 3213 3227 civitate
3258 3186 3366 3226 sua
3404 3187 3438 3227 a
3491 3171 3763 3230 barbaris

2105 3265 2556 3329 obsessus,cum
2576 3262 2726 3315 inter
2755 3260 2916 3332 ipsas
2931 3258 3259 3317 obsidionis
3282 3260 3592 3332 angustias
3659 3279 3765 3334 pro

346 3350 604 3405 Joannes
636 3354 917 3421 tyrannus
946 3347 1199 3405 Africam
1222 3352 1423 3403 contra
1482 3340 1847 3403 Bonifaciutn
1895 3364 1993 3419 ΡΘ·
2025 3340 2068 3408 C
2105 3351 2361 3410 Ecclesia
2377 3350 2664 3406 sollicitus
2694 3347 2918 3405 Juliani
2950 3348 3197 3421 argutiis
3254 3365 3358 3421 pro
3411 3349 3606 3422 gratia
3650 3351 3757 3408 Dei

351 3437 461 3494 tiit.
519 3437 656 3493 ldat.

422 3528 523 3582 425
552 3525 999 3582 Valentinianus
1030 3542 1164 3582 cum
1213 3530 1398 3582 matre
1439 3529 1725 3581 Joannem
1785 3544 1820 3581 a
1868 3526 1992 3582 suis

350 3616 699 3673 exstinctum
731 3614 1042 3688 oppressit,
1076 3633 1323 3688 regnum
1369 3615 1701 3671 Occidentis
1754 3614 1991 3687 recepit,

349 3706 653 3762 Castinum
682 3704 895 3761 Joanni
928 3704 1213 3761 faventem
1247 3703 1448 3760 exsilio
1479 3703 1800 3769 damnavit,
1832 3703 1995 3759 Aetio

347 3793 610 3867 patricio,
641 3794 779 3866 quia
823 3794 1065 3850 Hunnos
1090 3798 1358 3850 evocatos
1396 3793 1602 3849 reverti
1638 3793 1871 3862 fecerat,
1897 3809 1999 3849 ve-

348 3884 508 3941 niam
538 3884 713 3940 dedit.
774 3886 963 3956 Prosp.
1020 3884 1261 3939 Marcell.

2103 3456 2454 3514 oppugnans
2471 3437 2890 3511 respondisset,
2913 3436 3043 3510 ipsa
3062 3436 3162 3493 Dei
3185 3437 3394 3510 gratia,
3416 3454 3489 3494 ne
3520 3438 3760 3495 ruinam

2106 3546 2348 3587 suorum
2372 3525 2976 3594 videret,subtractus,
3008 3542 3043 3580 ν
3083 3524 3207 3581 Kal.
3266 3525 3426 3598 Sept.
3488 3526 3767 3599 migravit

2106 3620 2179 3681 ad
2208 3617 2525 3675 Dominum
2557 3632 2710 3671 anno
2740 3613 2927 3670 etatis
2973 3630 3162 3683 LXXVI,
3205 3613 3578 3688 episcopatus
3628 3634 3765 3673 vero

2107 3726 2209 3765 seu
2232 3706 2668 3780 presbyteratus
2697 3720 2790 3768 XL,
2811 3705 3004 3776 Prosp.
3031 3703 3166 3759 Bed.
3198 3704 3316 3759 chr.

2180 3796 2276 3852 431
2311 3793 2506 3851 Tertia
2553 3792 2815 3866 synodus
2844 3791 3193 3848 universalis
3233 3809 3301 3849 cc
3347 3791 3761 3866 episcoporum

2108 3885 2266 3959 apud
2296 3882 2593 3956 Ephesum
2622 3885 3009 3955 congregatur
3049 3881 3159 3938 sub
3217 3880 3526 3939 Ccelestino
3584 3899 3761 3957 papa,

418 3975 523 4030 426
553 3973 852 4030 Patroclus
893 3973 1250 4030 Arelatensis
1298 3973 1610 4046 episcopus
1670 3990 1703 4028 a
1764 3973 2002 4029 tribuno
2112 3974 2213 4031 ubi
2244 3974 2396 4030 inter
2425 3970 2571 4028 alias
2606 3970 2858 4027 haereses
2914 3970 3218 4028 Nestorius
3261 3986 3396 4028 cum
3437 3975 3598 4029 secta.
3654 3989 3766 4029 sua

349 4063 604 4135 quodam
635 4064 882 4120 barbaro
911 4062 1193 4138 innqcens
1215 4062 1543 4118 trucidatus
1572 4066 1678 4118 est.
1710 4069 1902 4135 Prosp.
1936 4097 2003 4105 ——
2114 4064 2450 4119 damnatur.

1166 4253 1181 4265 ,
1400 4195 1878 4252 COMPENDIUM
1917 4198 2009 4254 EX
2046 4196 2303 4256 CODICE
2342 4192 2725 4251 BERNOLDI.

422 4294 527 4349 420
556 4292 879 4349 Bethlchem
906 4295 1268 4365 Hieronymus
1296 4294 1606 4366 presbyter,
1636 4295 1889 4364 egregius
1920 4297 2003 4352 in-
2034 4301 2081 4365 D
2185 4295 2290 4351 426
2316 4293 2670 4350 Patroclus...
2704 4290 3035 4360 trucidatur,
3067 4293 3135 4346 ut
3162 4294 3313 4364 Aug.

351 4393 581 4453 terpres,
606 4399 752 4439 anno
779 4385 961 4440 aetatis
989 4399 1081 4438 xc:
1112 4384 1246 4439 obiit
1278 4384 1409 4455 (95).

423 4472 521 4527 421
548 4471 901 4529 Constantius
930 4473 1065 4543 imp.
1098 4473 1375 4529 Ravennae
1422 4472 1684 4526 moritur.

427 4561 530 4616 423
570 4560 754 4617 Romae
798 4559 1113 4617 Caelestinus
1136 4626 1141 4631 .
1163 4576 1308 4632 papa
1355 4559 1493 4615 XLV
1534 4558 1676 4614 sedit
1705 4561 1870 4614 annis
1926 4577 2003 4627 Ix,

350 4652 449 4723 qui
466 4665 587 4704 χιιι
624 4649 869 4715 capitula
890 4649 1189 4705 decretalia
1210 4650 1473 4720 eipscopis
1496 4648 1809 4704 Galliarum
1864 4652 2005 4705 scri-

346 4740 479 4814 psit.
500 4769 570 4780 —-
597 4738 852 4794 Placidia
886 4743 1136 4809 Augusta
1156 4755 1189 4792 a
1217 4740 1394 4809 fratre
1414 4738 1648 4793 Honorio
1701 4738 1885 4808 pulsa,
1933 4738 2005 4793 ad

356 4828 709 4888 Theodosium
736 4830 796 4883 in
824 4827 1099 4885 Orientem
1108 4827 1494 4898 proﬁciscitur.
1529 4827 1800 4881 Honorius
1831 4828 2004 4898 impe-

2180 4385 2287 4439 427
2299 4383 2687 4453 Bonifacius...
2696 4381 2954 4453 pervium
2971 4380 3307 4451 efﬁcitur,ut
3332 4381 3484 4452 Aug.
3522 4381 3773 4447 ;cmtera

2121 4474 2305 4617 (ie/81;;
2311 4476 2680 4618 t1.Vestorius...
2705 4560 2986 4629 arguitur,
3009 4562 3076 4615 ut
3100 4559 3249 4632 Aug.

2186 4651 2290 4705 429
2316 4648 2641 4720 Agricola...
2674 4647 2853 4718 inﬁcit
2881 4662 3088 4703 errore.

2183 4740 2291 4800 [130
2317 4742 2377 4795 S.
2406 4738 2743 4807 Augustinus
2772 4735 3135 4808 Hipponensis
3163 4736 3464 4806 episcopus,
3515 4735 3577 4788 in
3633 4735 3775 4790 civi-

2115 4832 2223 4884 tate
2250 4843 2349 4883 sua
2378 4843 2412 4880 a
2465 4825 2713 4881 barbaris
2767 4824 3029 4891 obsessus,
3085 4839 3212 4879 cum
3266 4824 3419 4893 intra
3472 4823 3621 4893 ipsas
3666 4839 3773 4878 an-

352 4924 511 4976 rator
542 4918 838 4975 Occidentis
861 4918 1115 4983 moritur,
1145 4921 1197 4971 ct
1219 4917 1462 4971 Joannes
1480 4919 1752 4985 tyrannus
1775 4931 2008 4984 regnum
2113 4918 2320 4986 gustias
2377 4914 2676 4970 obsidionis
2726 4928 2832 4985 pro
2886 4912 3130 4971 Ecclesia
3199 4911 3468 4968 sollicitus
3550 4910 3779 4968 Juliani

355 5012 473 5081 ejus
500 5010 798 5079 occupavit.

428 5101 529 5153 424
565 5097 952 5153 Theodosius...
978 5096 1231 5150 remittit.
1265 5096 1330 5148 ut
1360 5096 1510 5165 Aug.

2116 5006 2352 5074 argutiis
2366 5019 2466 5075 pro
2493 5005 2678 5074 gratia
2707 5002 2805 5058 Dei
2826 5018 3105 5074 pugnans,
3141 5004 3274 5069 etc.,
3332 5003 3399 5054 ut
3429 5000 3580 5072 Aug.

2185 5094 2284 5149 431
2323 5093 2502 5149 Tertia
2530 5089 2838 5165 synodus...
2869 5090 3201 5157 damnatur,
3220 5096 3272 5145 et
3325 5087 3620 5144 duodecim
3679 5103 3778 5143 ca-

428 5188 537 5243 425
560 5187 971 5243 Vatentinianus
985 5201 1109 5241 cum
1168 5188 1344 5240 matre
1391 5184 1656 5240 Joannem
1704 5190 2006 5254 tyrannum
2111 5184 2233 5256 pila
2260 5189 2456 5239 contra
2483 5180 2736 5238 eumdem
2753 5179 3093 5235 scribuntur.

358 5280 638 5334 Ravennae
665 5276 948 5347 oppressit.

1945 5370 2178 5439 ΝΟΤιΕ.

434 5472 549 5544 (95)
578 5470 656 5525 De
688 5473 851 5526 aetate
873 5471 929 5527 S.
965 5470 1298 5544 Hieronymi
1317 5470 1652 5544 discrepant
1673 5468 2011 5544 scriptores,

2122 5472 2314 5523 terum
2337 5465 2409 5523 ad
2429 5464 2587 5521 hunc
2611 5479 2836 5520 annum
2855 5466 3105 5534 Prosper
3120 5458 3180 5515 in
3201 5457 3539 5534 Chronico_a
3557 5457 3782 5534 Eithmo

407 5528 689 5599 nosinter
719 5543 1002 5599 Baronius
1024 5544 1083 5599 in
1116 5528 1262 5599 Hist.
1296 5528 1527 5598 ecclos.‘
1555 5540 1626 5597 ad
1659 5556 1754 5595 an.
1794 5528 1916 5594 ’472
1959 5528 2015 5596 et
2121 5538 2277 5595 edito
2307 5541 2536 5594 revocat
2565 5534 2802 5591 initium
2833 5528 3389 5606 regni—Francorum
3420 5530 3532 5587 sub
3556 5528 3781 5588 Phara-

407 5562 514 5599 UOS
543 5562 689 5597 Inter
719 5562 1002 5599 Duronius
1024 5562 1083 5599 lll
1116 5562 1262 5599 lltst.
1296 5562 1500 5598 CCCIOS.
1555 5562 1626 5597 au
1659 5562 1754 5595 an.
1811 5562 1916 5594 alia
1959 5562 2015 5596 ει
2121 5562 2277 5595 Βαιιυ
2307 5562 2536 5594 Γυνυυω.
2565 5562 2802 5591 ιιιιιιυιιι
2833 5562 2974 5606 ιύδυ

363 5562 470 5670 220
491 5614 540 5669 ei
575 5613 946 5671 solummodo
980 5633 1207 5671 axxvm.
1259 5615 1525 5671 Fleurius
1582 5628 1738 5683 vero,
1798 5611 2013 5683 Pagius
2124 5610 2345 5666 mundo
2366 5609 2557 5682 primo
2588 5622 2791 5663 eorum
2823 5621 2978 5679 rege.

366 5684 585 5758 aliique
610 5686 832 5759 passim
856 5705 923 5744 xc
955 5687 1183 5745 circiter
1211 5686 1341 5743 vitae
1373 5700 1560 5743 annos
1591 5682 2014 5739 tribuuntﬁCae-
