4026 6228
1487 340 1865 417 CHRONICC

1995 380 2072 399 -
2101 348 2289 417 SEO.
2337 349 2411 417 ν.
3551 338 3632 404 94

1591 509 1826 570 CODEX
1862 509 2263 571 AUGIENSIS.

191 634 295 695 II
323 632 643 693 Palladius
675 634 756 693 ad
786 634 1013 705 Scotos,
1041 633 1273 692 Christo
1311 634 1632 703 credentes,
1660 654 1694 693 a
1748 637 1868 694 Coe-
1907 638 1961 704 Α
1991 638 2432 695 auxiliatoribus
2462 635 3171 710 geritur.Geisericus,rex
3189 632 3631 701 Wandalorum,

196 724 410 783 lestino
434 741 594 799 papa
622 725 867 797 primus
895 724 1205 798 episcopus
1238 724 1490 781 mittitur
1518 726 1653 797 (96).
1675 728 1862 797 Prosp.

199 815 375 871 Beda.
401 814 529 871 hist.
564 814 732 885 Angt.

280 905 386 960 432
413 905 615 959 Romae
646 902 854 973 Xistus
885 918 1036 975 papa
1065 902 1225 958 XLVI
1257 902 1407 958 sedit
1427 903 1599 958 annis
1617 919 1719 958 VIII
1742 901 1864 974 ;qui

208 999 521 1049 accusatus
533 1009 567 1047 a
578 991 767 1047 Basso
784 990 1343 1063 quodam,ventilata
1362 991 1419 1046 in
1437 991 1657 1063 synodo
1669 1008 1867 1055 causa,

207 1081 285 1138 ab
310 1080 604 1154 episcopis
638 1097 724 1136 LVI
757 1084 1041 1153 purgatus
1073 1084 1130 1135 et
1151 1080 1368 1135 Bassus
1416 1080 1731 1136 damnatus
1760 1084 1871 1138 est.

209 1170 555 1227 Bonifacius
582 1170 656 1225 de
691 1168 881 1225 Africa
908 1184 1175 1223 reversus
1206 1173 1263 1224 et
1301 1168 1583 1241 magister
1615 1168 1868 1223 militum

207 1258 437 1325 factus,
470 1273 607 1313 cum
641 1257 806 1313 Aetio
836 1256 1117 1329 pugnavit
1144 1262 1202 1312 et
1228 1256 1386 1321 vicit,
1409 1262 1467 1313 ct
1495 1262 1625 1328 post
1656 1274 1872 1329 paucos

207 1347 349 1403 dies
381 1347 588 1402 morbo
618 1348 965 1419 absumptus
996 1351 1108 1401 est.
1158 1345 1361 1402 Actius
1403 1362 1537 1401 vero
1596 1346 1871 1402 inimicos

206 1435 453 1509 fugiens
481 1434 803 1492 Dalmatiae
836 1433 1279 1506 Pannoniasque
1325 1434 1492 1506 petiit
1537 1438 1595 1489 et
1641 1435 1874 1490 Hunnoo

204 1540 349 1580 rum
377 1523 595 1580 auxilio
633 1524 887 1596 gratiam
918 1523 1249 1595 principum
1308 1522 1734 1595 pristinamque
1784 1524 1872 1577 di-

207 1613 503 1687 gnitatem
533 1611 774 1684 recepit.
809 1614 997 1684 Prosp.
1028 1612 1268 1667 Marcell.

282 1703 394 1757 433
423 1701 876 1774 Burgundiones
901 1701 973 1756 ab
1002 1701 1164 1756 Aetio
1180 1716 1379 1773 pugna
1397 1700 1533 1756 victi
1559 1704 1715 1755 sunt.
1734 1699 1873 1755 ldat.

209 1808 270 1847 a.
306 1792 439 1846 436.
475 1820 546 1830 -
600 1789 720 1845 Hoc
775 1794 1037 1862 tempore
1092 1788 1295 1845 Xistus
1361 1806 1513 1862 papa
1567 1788 1874 1845 ecclesiam

210 1884 444 1936 sanctis
471 1878 687 1943 Maria,
718 1894 844 1951 quas
878 1877 1088 1933 Liberii
1122 1878 1447 1943 dicebatur,
1482 1882 1537 1933 et
1567 1877 1873 1933 ecclesiam

206 1967 413 2024 sancti
444 1966 738 2023 Laurentii
768 1966 829 2021 in
862 1966 1012 2022 Urbe
1052 1966 1395 2032 construxit,
1449 1966 1874 2022 confessionem

207 2055 414 2112 sancti
467 2054 620 2110 Petri
669 2054 931 2126 itemque
971 2053 1158 2110 sancti
1208 2053 1504 2110 Laurentii
1547 2053 1872 2110 adornavit.

204 2143 674 2199 Valentinianus
722 2158 955 2215 quoque
1014 2147 1316 2215 Augustus
1373 2142 1561 2198 multa
1611 2141 1876 2198 ecclesiis

206 2234 377 2290 dona
405 2233 571 2289 dedit
593 2236 652 2288 et
679 2231 1103 2289 confessionem
1118 2231 1303 2287 sancti
1342 2231 1497 2288 Pauli
1523 2231 1871 2287 construxit.

203 2322 427 2380 Petrus
457 2322 637 2378 etiam
668 2320 981 2394 episcopus
1029 2325 1242 2377 sanctae
1290 2320 1522 2377 Sabinas
1563 2320 1873 2376 ecclesiam

205 2411 380 2469 fecit.
412 2410 579 2466 Beda.
606 2410 731 2465 chr.
768 2410 955 2465 Anast.

288 2501 402 2554 434
430 2498 708 2555 Wandali
730 2499 858 2570 jam
892 2514 1046 2554 nono
1083 2515 1238 2554 anno
1287 2499 1544 2553 Africam
1593 2498 1882 2554 infestan-

207 2592 338 2655 tes,
368 2592 609 2660 pactum
642 2604 677 2642 a
706 2587 991 2644 Romanis
1022 2586 1342 2659 postulant.
1380 2592 1569 2658 Prosp.

283 2678 406 2732 435
436 2677 551 2732 Pax
583 2692 723 2731 cum
755 2674 1058 2732 Wandalis
1090 2676 1264 2742 facta,
1296 2675 1434 2731 data
1463 2674 1549 2730 eis
1590 2675 1661 2730 ad
1717 2674 1883 2731 habi-

203 2765 477 2822 tandum
545 2764 750 2819 Africae
819 2764 1083 2836 portione
1150 2763 1355 2819 Aetius
1414 2763 1880 2819 Gundicharium

206 2870 425 2928 regem
477 2852 968 2925 Burgundionum
1017 2851 1167 2908 bello
1190 2852 1466 2921 obtinuit,
1498 2852 1882 2925 supplicanti-

210 2959 345 3015 qne
372 2957 579 3015 pacem
612 2939 1048 3012 concessit,qua
1078 2945 1275 2996 tamen
1308 2957 1424 2996 non
1446 2941 1545 2995 diu
1568 2941 1790 3013 potitus
1811 2941 1884 2996 ab

210 3032 464 3088 Hunnie
495 3046 629 3086 cum
661 3034 835 3102 gente
864 3046 975 3085 sua
1007 3035 1346 3101 peremptus
1373 3034 1481 3085 est.
1516 3034 1706 3101 Prosp.

289 3121 406 3176 436
436 3118 609 3175 Gothi
641 3134 846 3190 pacem
878 3120 1184 3174 turbantes
1212 3117 1366 3174 inter
1407 3118 1523 3173 alia
1554 3118 1709 3173 mala
1750 3119 1886 3174 Nar-

203 3209 447 3266 bonam
477 3208 782 3264 obsessam
809 3205 963 3262 fame
982 3213 1294 3279 premunt;
1328 3208 1429 3262 sed
1463 3207 1716 3263 Litorius
1769 3208 1888 3262 dux

205 3297 532 3353 Romanus
562 3295 1005 3368 superveniens,
1036 3302 1092 3350 et
1121 3294 1321 3351 hostes
1347 3295 1401 3350 vi
1425 3294 1641 3367 repulit
1662 3301 1719 3351 et
1745 3296 1885 3351 civi-

205 3390 406 3442 tatem
436 3386 679 3441 advecto
702 3384 1000 3440 frumento
1033 3383 1186 3439 fame
1213 3383 1499 3440 liberavit.
1532 3385 1719 3457 Prosp.

286 3476 397 3531 437
451 3473 680 3531 Bellum
739 3489 774 3528 a
818 3472 1097 3529 Romanis
1144 3478 1347 3529 contra
1372 3472 1591 3529 Gothos
1651 3472 1876 3529 llunnis

1974 726 2244 794 Arianae,
2279 725 2599 783 catholicos
2630 726 2688 781 in
2721 725 2913 780 Africa
2936 738 3314 796 persequens,
3340 722 3626 793 quosdam

1977 819 2080 873 46
2104 816 2373 871 Ecclesiis
2393 816 2516 871 suis
2546 814 3081 885 pepulit,quosdam
3104 812 3306 866 exsilio
3328 810 3624 865 damnavit

1979 906 2266 978 quosdam
2302 906 2477 959 etiam
2512 903 2688 959 variis
2713 903 2898 974 pcsnis
2925 901 3147 956 affectis
3170 900 3449 970 martyrio
3475 913 3635 954 coro-

1982 995 2159 1049 navit.
2196 994 2431 1048 Barbari
2465 992 2769 1065 piraticam
2802 1005 3069 1046 exercere
3100 988 3341 1060 agressi.
3366 990 3634 1058 Prosp.—-

1976 1081 2421 1138 Valentinianus
2434 1083 2753 1153 Augustus,
2774 1080 2846 1134 ad
2876 1078 3270 1133 Theodosium
3294 1079 3624 1148 Augustum

1979 1170 2357 1227 avuuculisui
2381 1168 2568 1224 lilium
2592 1165 3159 1238 ConstantinOpolim
3184 1163 3633 1228 veniens,liliam

1980 1261 2108 1330 ejus
2166 1258 2389 1330 accepit
2438 1274 2696 1312 uxorem.
2749 1262 2941 1325 Prosp.
2991 1284 3059 1296 —
3111 1253 3483 1308 Ei'meuricus
3536 1268 3633 1305 rex

1980 1349 2325 1411 Suevorum,
2360 1347 2562 1401 morbo
2585 1362 2925 1417 Oppressus,
2962 1341 3256 1398 Richilam
3292 1340 3481 1395 ﬁlium
3535 1357 3636 1411 pro

1980 1453 2043 1493 se
2075 1453 2269 1507 regem
2303 1434 2627 1490 constituit.
2661 1433 2798 1489 litat.
2831 1449 2884 1487 a.
2918 1432 3042 1485 438.

2052 1526 2157 1579 438
2185 1524 2355 1579 Gothi
2390 1522 2673 1578 Richilam
2703 1537 2893 1594 regem
2916 1521 3259 1583 Suevorum,
3294 1534 3493 1591 pugna
3524 1517 3636 1573 vic-

1981 1617 2131 1679 tum,
2162 1612 2457 1668 thesauris
2489 1610 2901 1683 spoliaverunt.
2936 1608 3072 1664 Mat.

2054 1703 2156 1756 439
2184 1701 2455 1757 Julianus
2486 1698 2848 1754 Atelenensis
2878 1698 3187 1770 cpiscopus
3239 1694 3628 1769 Pclagianista

1976 1788 2734 1863 jactantissimus,ecclesim
2766 1786 3162 1843 communioni
3186 1785 3489 1857 subripere
3512 1786 3623 1857 (07)

1984 1882 2241 1945 tentans,
2274 1895 2306 1933 a
2335 1878 2496 1933 Xisto
2537 1893 2687 1949 papa
2733 1877 2925 1931 denuo
2983 1875 3317 1930 damnatur.
3384 1873 3630 1929 Romani

1988 1968 2213 2023 liunnis
2244 1966 2689 2023 auxiliatoribus
2721 1966 3029 2021 adversum
3080 1964 3301 2021 Gothos
3353 1969 3410 2019 et
3442 1981 3632 2037 regem

1981 2056 2410 2112 Theodericum
2444 2055 2699 2110 infausta
2730 2070 2927 2126 pugna
2956 2052 3280 2125 confligunt
3326 2053 3384 2107 in
3418 2053 3627 2117 Gallia,

1984 2150 2041 2202 et
2060 2144 2310 2201 Litorius
2343 2145 2459 2199 dux
2492 2144 2791 2199 Romanus
2822 2141 3181 2206 vulneratur,
3201 2144 3258 2196 et
3286 2145 3421 2213 post
3449 2141 3522 2195 ab
3553 2141 3639 2196 eis

1985 2234 2213 2308 capitur
2243 2238 2299 2289 et
2329 2233 2634 2289 occiditur.
2671 2231 2893 2298 Quibus
2923 2235 3118 2285 tamen
3151 2246 3264 2284 non
3288 2229 3473 2284 multo
3497 2233 3630 2299 post

1986 2322 2328 2396 suppliciter
2347 2321 2679 2395 petentibus
2706 2336 2816 2393 pax
2836 2334 2968 2373 cum
2990 2318 3073 2373 eis
3105 2334 3139 2372 a
3159 2318 3439 2373 Romanis
3459 2321 3626 2388 pacta

1987 2416 2097 2468 est.
2132 2414 2397 2483 Prosp.—
2430 2415 2564 2483 Ipso
2596 2425 2749 2463 anno
2780 2407 2941 2462 Aetio
2969 2411 3025 2461 ct
3054 2408 3166 2478 (98)
3199 2405 3477 2461 Romanis
3497 2422 3637 2460 con-

1987 2504 2077 2557 tra
2109 2500 2330 2556 Gothos
2379 2500 2621 2568 intento,
2670 2495 2998 2552 Geisericus
3049 2512 3147 2550 rex
3184 2493 3633 2559 Wandalorum,

1990 2590 2089 2662 qui
2124 2589 2277 2645 ﬁdus
2306 2592 2361 2645 et
2391 2587 2616 2643 amicus
2650 2586 2892 2641 Romani
2926 2583 3122 2657 populi
3156 2582 3633 2656 putabatur,dolo

1994 2679 2107 2736 sub
2139 2678 2330 2750 specie
2361 2677 2545 2749 pacis,
2578 2693 2674 2731 xxv
2711 2674 2837 2729 Kal.
2870 2673 3150 2729 Novemb.
3186 2713 3200 2737 ,
3227 2672 3636 2743 Carthaginem

1991 2768 2163 2840 cepit,
2227 2766 2378 2822 cives
2427 2770 2484 2821 et
2533 2765 2787 2821 maxime
2835 2761 3061 2819 nobiles
3108 2761 3441 2829 trucidavit,
3499 2777 3640 2833 opes

1996 2873 2201 2912 omnes
2225 2854 2469 2929 diripuit
2498 2852 2900 2911 sacerdotibus
2930 2851 3097 2908 caesis
3125 2857 3182 2907 et
3207 2851 3415 2924 pulsis,
3449 2849 3637 2907 eccle-

1994 2946 2115 3003 sias
2144 2945 2203 3001 in
2236 2961 2382 3001 usus
2429 2960 2672 3000 suorum
2714 2942 2907 3010 vertit,
2958 2940 3275 3013 omniaque
3327 2939 3523 2995 divina
3579 2946 3639 2994 et

1994 3034 2255 3089 humana
2278 3036 2416 3105 jura
2439 3032 2720 3099 confudit,
2740 3031 2936 3103 ibique
2964 3046 3160 3085 xxxvn
3190 3029 3365 3085 annis
3396 3046 3640 3101 regnum

1995 3122 2268 3187 obtinuit,
2304 3122 2413 3177 sub
2443 3138 2558 3192 quo
2586 3119 2822 3192 plurimi
2852 3124 3191 3173 sanctorum
3238 3118 3516 3189 martyrio
3567 3119 3641 3173 ob

1994 3210 2170 3264 fidem
2202 3208 2539 3264 catholicam
2583 3207 2839 3263 coronati
2873 3212 3031 3261 sunt.
3066 3208 3256 3277 Prosp.

2067 3301 2159 3353 47
2199 3299 2303 3352 440
2336 3298 2528 3353 Romae
2562 3297 2835 3351 defuncte
2867 3295 3058 3361 Xisto,
3091 3295 3223 3360 Leo,
3258 3296 3343 3348 vir
3372 3294 3640 3349 doctrina

1912 3369 1956 3436 C
1995 3385 2247 3457 insignis
2278 3391 2335 3441 et
2364 3386 2650 3446 moribus.
2687 3401 2836 3456 papa
2864 3383 3082 3447 XLVII,
3116 3383 3268 3437 sedit
3299 3384 3471 3438 annis
3502 3400 3643 3450 xxn,

1988 3476 2085 3547 qui
2103 3475 2358 3547 plurima
2370 3476 2440 3529 ad
2459 3474 2771 3530 utilitatem
2788 3472 3053 3528 Ecclesia:
3067 3471 3400 3527 sublimiter
3411 3472 3649 3542 scripsit

1277 3640 1750 3698 COMPENDIUM
1792 3642 1882 3699 EX
1922 3641 2176 3699 GODICE
2224 3642 2602 3699 BERNOLDI.

296 3794 409 3849 432
436 3793 620 3850 Rom
640 3794 820 3848 Xistus
843 3809 993 3867 papa
1015 3794 1165 3850 XLVI
1192 3793 1332 3850 sedit
1363 3794 1527 3849 annis
1556 3810 1680 3848 vm.

293 3882 404 3938 433
440 3881 848 3938 Valentinianus
897 3883 1036 3955 Aug.
1094 3884 1271 3939 multa
1328 3884 1568 3939 ecclesiis
1607 3882 1751 3938 dona
1778 3883 1876 3939 de-

220 3971 405 4117 ἀάλὲνᾶ
443 4060 700 4119 Wandali
714 4063 836 4134 jam
862 4075 1057 4118 novem
1101 4077 1275 4117 annos
1317 4061 1584 4133 Africam,
1628 4063 1762 4128 etc.,
1810 4063 1879 4115 ut

217 4150 400 4295 Au{$3.5
421 4245 547 4296 Pax
574 4255 703 4295 cum
737 4238 1020 4295 Wandatis
1044 4240 1215 4310 facta.

288 4328 397 4384 436
427 4328 587 4385 Gothi
609 4328 919 4384 Narbonem
952 4327 1226 4383 obsessam
1251 4328 1407 4398 fame
1430 4329 1707 4398 premunt.

284 4417 393 4472 437
426 4418 646 4473 Bellum
676 4434 712 4472 α
742 4417 1003 4473 Romanis
1031 4419 1221 4471 contra
1252 4414 1445 4471 Gothos
1474 4416 1705 4484 geritur.

283 4505 393 4561 438
421 4507 515 4562 His
541 4507 876 4578 temporibus
926 4504 979 4560 S.
1039 4507 1289 4577 Prosper,
1341 4505 1620 4575 Regiensis
1663 4505 1868 4576 episco-

209 4610 336 4667 pus,
366 4598 561 4651 contra
590 4595 801 4651 librum
827 4594 1077 4650 Cassiani
1106 4593 1172 4649 de
1201 4595 1543 4650 Protectione
1591 4592 1691 4649 Dei
1734 4595 1870 4651 scri-

1984 3796 2115 3866 psit,
2144 3798 2203 3849 in
2232 3811 2333 3866 quo
2356 3794 2602 3849 currulem
2626 3794 2860 3849 liberum
2878 3792 3176 3848 arbitrium
3196 3793 3364 3849 nimis
3377 3792 3643 3849 extulisse

1983 3882 2240 3954 probavit
2257 3883 2392 3952 (99),
2426 3880 2683 3937 Marcell.

2092 3972 2161 4026 39
2188 3971 2446 4028 Julianus
2477 3971 2805 4026 Arelatensis
2836 3969 2985 4040 (100)
3031 3970 3342 4041 episcopus,
3392 3970 3647 4041 Pelagia-

1985 4060 2134 4115 nista
2180 4060 2635 4131 jactantissimus,
2696 4058 2956 4114 Ecclesiae
3010 4058 3397 4115 communioni
3450 4059 3643 4113 subre-

1977 4164 2116 4221 pere
2198 4153 2414 4204 tentans
2447 4192 2460 4217 ,
2547 4166 2582 4203 a
2656 4148 2798 4202 Xisto
2842 4163 2994 4219 papa
3050 4146 3233 4204 denuo
3326 4147 3644 4204 damnatur.

1983 4238 2188 4310 Prosp.

2054 4327 2161 4382 440
2191 4327 2376 4385 Romae
2402 4327 2660 4400 defuncto
2690 4326 2855 4385 Xislo.
2898 4328 3020 4394 Leo,
3047 4326 3139 4382 vir
3167 4326 3425 4385 doctrina
3450 4334 3501 4383 et
3528 4344 3645 4382 m0-

1978 4416 2135 4470 ribus
2174 4417 2430 4488 insignis,
2460 4434 2607 4489 papa
2638 4416 2826 4472 LXVII
2854 4416 2995 4472 sedit
3021 4418 3188 4473 annis
3237 4435 3380 4487 xxu,
3413 4418 3513 4491 qui
3536 4417 3647 4472 Eu-

1980 4504 2300 4576 tychianam
2357 4510 2407 4561 et
2466 4506 2853 4562 Nestorianam
2894 4507 3123 4561 haereses
3173 4508 3553 4567 condemnavit
3599 4513 3652 4562 ct

1978 4610 2109 4648 xmx
2135 4592 2351 4651 decreta
2385 4596 2737 4668 conscripsit.

1819 4772 2052 4830 ΝΟΤιΕ.

282 4914 389 4988 (96)
419 4915 579 4988 Beda
610 4914 1044 4988 hist._Angl._l._
1071 4930 1110 4983 1,
1146 4930 1196 4970 c.
1231 4915 1317 4988 l3,
1361 4914 1419 4970 id
1468 4930 1621 4970 anno
1669 4905 1869 4971 octa'Vo

215 4985 512 5044 Theodosii
536 4985 807 5058 Junioris
834 4985 1097 5058 ascribit,
1148 4986 1300 5058 quod
1332 5002 1384 5058 pa
1448 4991 1641 5058 morte
1686 4988 1869 5058 patris

216 5058 440 5116 Honorii
468 5057 965 5131 intelligendum._
986 5055 1098 5111 Alii
1129 5055 1450 5131 palladium
1484 5057 1557 5113 ad
1580 5055 1868 5131 Hibernos

217 5131 452 5189 missum
493 5128 697 5187 fuisse
716 5129 1101 5185 contendunt.
1134 5128 1279 5194 ’Qua
1342 5128 1413 5184 de
1467 5145 1528 5184 re
1583 5128 1636 5185 lc
1680 5131 1870 5186 endus

218 5202 476 5261 Usserius
497 5203 575 5259 de
597 5202 868 5259 Britann.
902 5199 1056 5256 Eccl.
1090 5199 1452 5261 primordiis.
1486 5217 1613 5261 cap.
1642 5147 1869 5261 g6.alii-

221 5216 476 5262 Desertus
497 5216 575 5259 de
597 5216 868 5259 britann.
903 5216 1056 5256 ωοοι.
1089 5216 1452 5272 primordiis,
1486 5217 1613 5274 cap.
1645 5216 1840 5271 "nam

210 5293 309 5351 que
340 5277 671 5351 scriptores
701 5271 962 5351 Anglici.
1055 5343 1070 5351 _

262 5351 372 5424 (97)
403 5343 738 5424 canisiana
767 5343 950 5402 editio
978 5343 1292 5414 subrepere.

260 5418 956 5500 (ρξιὶΡιιοςειιεεοειεηῖ-
1016 5485 1051 5500 η
1137 5488 1178 5500 ..
1444 5485 1485 5500 ..
1572 5485 1583 5496 .
1706 5486 1718 5497 .
1813 5486 1825 5497 .

254 5485 369 5572 (99}
394 5485 821 5554 Confunditur
868 5486 966 5544 hic
1016 5485 1076 5542 S.
1136 5488 1388 5559 Prosper
1444 5485 1773 5569 Regiensis.
1810 5486 1870 5542 in

255 5568 527 5612 τηιηηιίη
565 5564 901 5612 ηηίεοουιιε
932 5575 1068 5612 cum
1102 5557 1162 5612 S.
1196 5557 1477 5612 Prosuere
1498 5558 1867 5612 Aquitanica.

189 5563 533 5631 Lo'mb'ardia
565 5564 901 5639 cpiscopus
932 5575 1068 5615 cum
1196 5563 1477 5640 Prospero
1498 5563 1867 5640 Aquitanico,

186 5645 270 5721 qui
302 5643 640 5719 episcopus
677 5648 1023 5721 numquam
1056 5628 1520 5721 fu1t,ncuyu'squc
1534 5628 1702 5721 jli‘be’r
1742 5646 1872 5721 cqu-

182 5699 660 5780 ti'a'ésissiaﬁum
696 5699 900 5767 exstat
924 5703 988 5760 in
1022 5700 1151 5772 ejus
1184 5699 1471 5772 Operibus
1490 5700 1872 5757 cdit.Vencta

1983 4915 2487 4990 l74_lis_Vid._i_bid.
2520 4916 2705 4989 preti,
2736 4935 2794 4990 p.
2827 4937 2943 4976 xxx.

2010 5058 2021 5068 .
2054 4987 2201 5058 (100)
2232 4986 2614 5073 gallustiinrc
2644 4986 2768 5044 erat
2796 4989 3152 5073 Arelatensis
3187 4992 3501 5073 episcopus
3528 4989 3636 5044 Ju-

1984 5057 2202 5135 lianus.
2235 5059 2829 5135 N_ev_issimi_0perum
2875 5064 2933 5118 S.
2969 5057 3240 5135 Prospcri
3265 5057 3516 5135 editores
3550 5079 3641 5117 re-

1984 5134 2213 5256 genunt
2264 5130 2641 5201 Eclaneusis,‘
2680 5132 2764 5187 uti
2823 5150 2956 5189 cum
3011 5130 3244 5205 quoque
3274 5138 3439 5191 vocat
3463 5132 3635 5188 Card.

2036 5200 2253 5256 orisius
2281 5201 2340 5256 in
2368 5219 2474 5256 sua
2499 5202 2907 5256 Pelagianismi
2930 5203 3635 5256 Historia.Vid.Baronius

2036 5201 2253 5276 orisius
2281 5201 2474 5276 insua
2499 5202 2907 5276 Pelagianismi
2930 5201 3636 5276 His—toria‘.Vid.Baronius

1983 5272 2409 5349 ad_a_nuosj39
2439 5277 2494 5349 et
2526 5272 2661 5349 lii-{1;
2684 5291 2790 5332 nec
2828 5293 2946 5332 non
2995 5274 3274 5349 Ughellus
3309 5274 3455 5349 Italy:
3505 5278 3634 5332 Sac.

1979 5349 2023 5400 t.
2056 5342 2166 5415 V1,;
2186 5360 2243 5414 p.
2275 5343 2407 5415 302.
2434 5345 2748 5415 Prazplacet
2781 5352 2980 5403 tamen
3027 5342 3197 5404 lEctio
3248 5346 3463 5403 codicis
3510 5349 3634 5402 Au-

1982 5413 2228 5540 Fiensis,
2260 5418 2325 5468 ut
2356 5413 2448 5468 hic
2478 5413 2843 5496 intelligatur
2871 5418 3498 5485 Atellancnsis,vctcris
3521 5419 3623 5474 sci-

2004 5489 2118 5540 lcet
2149 5501 2207 5539 ιη
2239 5483 2558 5540 Campania
2587 5486 2771 5540 Felice
2801 5489 2957 5540 sedis
2982 5489 3330 5540 enisconalis
3363 5488 3623 5540 antistes.

2004 5483 2118 5562 icct
2149 5483 2558 5562 inpampania
2587 5483 2771 5562 Felice
2801 5489 2957 5562 sedis
2982 5483 3330 5562 episcopalis
3361 5488 3632 5562 antistes,

1982 5558 2152 5632 cuius
2179 5555 2402 5632 aliquot
2433 5555 2715 5632 prwsules
2740 5558 2969 5632 exhibet
3008 5555 3161 5616 idem
3185 5555 3542 5632 Ughclluspl.
3576 5555 3628 5617 ο.

1980 5634 2035 5702 t_._
2057 5627 2123 5693 X,
2156 5644 2212 5698 p.
2247 5626 2335 5693 46,
2369 5627 2584 5702 quibus
2615 5635 2670 5684 ct
2702 5628 2796 5702 hic
2827 5630 3100 5687 Julianus
3146 5626 3293 5702 posl.
3328 5632 3387 5687 S.
3435 5630 3631 5702 Elphi-

1982 5699 2147 5756 dium
2180 5700 2663 5758 annumerandus
2696 5701 2942 5757 videtur.
