  <div class='ocr_page' id='page_1' title='image "/cluster/home/n/w/nwhite01/storage/ocr_20150623/143/uva.x000829790/057.png"; bbox 0 0 4026 6228; ppageno 0'>
   <div class='ocr_carea' id='block_1_1' title="bbox 444 334 558 394">
    <p class='ocr_par' dir='ltr' id='par_1_1' title="bbox 444 334 558 394">
     <span class='ocr_line' id='line_1_1' title="bbox 444 334 558 394; baseline 0.018 -2"><span class='ocrx_word' id='word_1_1' title='bbox 444 334 558 394; x_wconf 78' lang='grc'>103</span> 
     </span>
    </p>
   </div>
   <div class='ocr_carea' id='block_1_2' title="bbox 1248 324 3034 393">
    <p class='ocr_par' dir='ltr' id='par_1_2' title="bbox 1248 324 3034 393">
     <span class='ocr_line' id='line_1_2' title="bbox 1248 324 3034 393; baseline -0.003 0"><span class='ocrx_word' id='word_1_2' title='bbox 1248 334 1660 393; x_wconf 82' lang='lat' dir='ltr'>HERMANNI</span> <span class='ocrx_word' id='word_1_3' title='bbox 1706 326 2148 392; x_wconf 75' lang='lat' dir='ltr'>CONTRACTI</span> <span class='ocrx_word' id='word_1_4' title='bbox 2196 330 2612 391; x_wconf 83' lang='lat' dir='ltr'>AUGIENSIS</span> <span class='ocrx_word' id='word_1_5' title='bbox 2658 324 3034 390; x_wconf 84' lang='lat' dir='ltr'>MONACHI.</span> 
     </span>
    </p>
   </div>
   <div class='ocr_carea' id='block_1_3' title="bbox 3741 330 3853 391">
    <p class='ocr_par' dir='ltr' id='par_1_3' title="bbox 3741 330 3853 391">
     <span class='ocr_line' id='line_1_3' title="bbox 3741 330 3853 391; baseline 0 -1"><span class='ocrx_word' id='word_1_6' title='bbox 3741 330 3853 391; x_wconf 79' lang='grc'>104</span> 
     </span>
    </p>
   </div>
   <div class='ocr_carea' id='block_1_4' title="bbox 1808 513 2475 571">
    <p class='ocr_par' dir='ltr' id='par_1_4' title="bbox 1808 513 2475 571">
     <span class='ocr_line' id='line_1_4' title="bbox 1808 513 2475 571; baseline -0.003 -1"><span class='ocrx_word' id='word_1_7' title='bbox 1808 514 2038 571; x_wconf 86' lang='lat' dir='ltr'>CODEX</span> <span class='ocrx_word' id='word_1_8' title='bbox 2076 513 2475 569; x_wconf 76' lang='lat' dir='ltr'>AUGIENSIS.</span> 
     </span>
    </p>
   </div>
   <div class='ocr_carea' id='block_1_5' title="bbox 512 663 3852 741">
    <p class='ocr_par' dir='ltr' id='par_1_5' title="bbox 512 663 3852 741">
     <span class='ocr_line' id='line_1_5' title="bbox 512 663 3852 741; baseline -0.001 -15"><span class='ocrx_word' id='word_1_9' title='bbox 512 672 617 726; x_wconf 85' lang='grc'>488</span> <span class='ocrx_word' id='word_1_10' title='bbox 655 671 1049 726; x_wconf 88' lang='lat' dir='ltr'>Theodericus</span> <span class='ocrx_word' id='word_1_11' title='bbox 1104 686 1201 723; x_wconf 82' lang='lat' dir='ltr'>rex</span> <span class='ocrx_word' id='word_1_12' title='bbox 1250 669 1736 741; x_wconf 84' lang='lat' dir='ltr'>Ostrogothorum</span> <span class='ocrx_word' id='word_1_13' title='bbox 1791 666 2082 739; x_wconf 88' lang='lat' dir='ltr'>permissu</span> <span class='ocrx_word' id='word_1_14' title='bbox 2113 664 2169 731; x_wconf 81' lang='grc' dir='ltr'><strong>Α</strong></span> <span class='ocrx_word' id='word_1_15' title='bbox 2203 665 2329 735; x_wconf 87' lang='lat' dir='ltr'>[pse</span> <span class='ocrx_word' id='word_1_16' title='bbox 2360 664 2647 720; x_wconf 84' lang='lat' dir='ltr'>dedicavit</span> <span class='ocrx_word' id='word_1_17' title='bbox 2684 663 2991 721; x_wconf 87' lang='lat' dir='ltr'>ecclesiam</span> <span class='ocrx_word' id='word_1_18' title='bbox 3044 665 3101 721; x_wconf 92' lang='lat' dir='ltr'>S.</span> <span class='ocrx_word' id='word_1_19' title='bbox 3155 663 3490 737; x_wconf 72' lang='lat' dir='ltr'>Euphemiaa</span> <span class='ocrx_word' id='word_1_20' title='bbox 3539 666 3852 733; x_wconf 77' lang='lat' dir='ltr'>Tiburtina</span> 
     </span>
    </p>
   </div>
   <div class='ocr_carea' id='block_1_6' title="bbox 437 756 2085 831">
    <p class='ocr_par' dir='ltr' id='par_1_6' title="bbox 437 756 2085 831">
     <span class='ocr_line' id='line_1_6' title="bbox 437 756 2085 831; baseline -0.003 -17"><span class='ocrx_word' id='word_1_21' title='bbox 437 759 684 815; x_wconf 84' lang='lat' dir='ltr'>Zenonis</span> <span class='ocrx_word' id='word_1_22' title='bbox 713 759 957 831; x_wconf 81' lang='lat' dir='ltr'>Augusti</span> <span class='ocrx_word' id='word_1_23' title='bbox 993 757 1214 813; x_wconf 78' lang='lat' dir='ltr'>Italiam</span> <span class='ocrx_word' id='word_1_24' title='bbox 1250 758 1434 829; x_wconf 84' lang='lat' dir='ltr'>petiit,</span> <span class='ocrx_word' id='word_1_25' title='bbox 1468 756 1561 813; x_wconf 90' lang='lat' dir='ltr'>cui</span> <span class='ocrx_word' id='word_1_26' title='bbox 1608 756 1763 829; x_wconf 91' lang='lat' dir='ltr'>apud</span> <span class='ocrx_word' id='word_1_27' title='bbox 1792 756 2085 811; x_wconf 89' lang='lat' dir='ltr'>Isoncium</span> 
     </span>
    </p>
   </div>
   <div class='ocr_carea' id='block_1_7' title="bbox 437 845 2088 903">
    <p class='ocr_par' dir='ltr' id='par_1_7' title="bbox 437 845 2088 903">
     <span class='ocr_line' id='line_1_7' title="bbox 437 845 2088 903; baseline -0.003 0"><span class='ocrx_word' id='word_1_28' title='bbox 437 848 696 903; x_wconf 91' lang='lat' dir='ltr'>Odoacer</span> <span class='ocrx_word' id='word_1_29' title='bbox 726 864 1039 903; x_wconf 83' lang='lat' dir='ltr'>occurrens</span> <span class='ocrx_word' id='word_1_30' title='bbox 1094 845 1247 902; x_wconf 93' lang='lat' dir='ltr'>bello</span> <span class='ocrx_word' id='word_1_31' title='bbox 1280 846 1541 902; x_wconf 83' lang='lat' dir='ltr'>conﬂixit</span> <span class='ocrx_word' id='word_1_32' title='bbox 1597 849 1654 901; x_wconf 90' lang='lat' dir='ltr'>et</span> <span class='ocrx_word' id='word_1_33' title='bbox 1682 846 1870 901; x_wconf 88' lang='lat' dir='ltr'>victus</span> <span class='ocrx_word' id='word_1_34' title='bbox 1912 845 2088 899; x_wconf 86' lang='lat' dir='ltr'>aufu-</span> 
     </span>
    </p>
   </div>
   <div class='ocr_carea' id='block_1_8' title="bbox 436 934 2083 1008">
    <p class='ocr_par' dir='ltr' id='par_1_8' title="bbox 436 934 2083 1008">
     <span class='ocr_line' id='line_1_8' title="bbox 436 934 2083 1008; baseline -0.002 -17"><span class='ocrx_word' id='word_1_35' title='bbox 436 937 522 1008; x_wconf 85' lang='lat' dir='ltr'>git</span> <span class='ocrx_word' id='word_1_36' title='bbox 549 954 561 1003; x_wconf 92' lang='lat'><strong>;</strong></span> <span class='ocrx_word' id='word_1_37' title='bbox 585 940 642 991; x_wconf 88' lang='lat' dir='ltr'>et</span> <span class='ocrx_word' id='word_1_38' title='bbox 688 937 897 991; x_wconf 85' lang='lat' dir='ltr'>iterum</span> <span class='ocrx_word' id='word_1_39' title='bbox 924 935 1243 991; x_wconf 81' lang='lat' dir='ltr'>recollectis</span> <span class='ocrx_word' id='word_1_40' title='bbox 1274 934 1496 990; x_wconf 87' lang='lat' dir='ltr'>viribus</span> <span class='ocrx_word' id='word_1_41' title='bbox 1525 935 1765 989; x_wconf 74' lang='lat' dir='ltr'>Veronae</span> <span class='ocrx_word' id='word_1_42' title='bbox 1797 934 1918 989; x_wconf 91' lang='lat' dir='ltr'>acie</span> <span class='ocrx_word' id='word_1_43' title='bbox 1948 949 2083 988; x_wconf 92' lang='lat' dir='ltr'>con-</span> 
     </span>
    </p>
   </div>
   <div class='ocr_carea' id='block_1_9' title="bbox 434 1024 2082 1097">
    <p class='ocr_par' dir='ltr' id='par_1_9' title="bbox 434 1024 2082 1097">
     <span class='ocr_line' id='line_1_9' title="bbox 434 1024 2082 1097; baseline -0.001 -18"><span class='ocrx_word' id='word_1_44' title='bbox 434 1041 695 1097; x_wconf 83' lang='lat' dir='ltr'>gressus,</span> <span class='ocrx_word' id='word_1_45' title='bbox 728 1027 919 1081; x_wconf 90' lang='lat' dir='ltr'>denuo</span> <span class='ocrx_word' id='word_1_46' title='bbox 965 1025 1153 1081; x_wconf 91' lang='lat' dir='ltr'>victus</span> <span class='ocrx_word' id='word_1_47' title='bbox 1194 1028 1251 1080; x_wconf 90' lang='lat' dir='ltr'>et</span> <span class='ocrx_word' id='word_1_48' title='bbox 1282 1024 1517 1096; x_wconf 85' lang='lat' dir='ltr'>fugatus</span> <span class='ocrx_word' id='word_1_49' title='bbox 1549 1027 1656 1078; x_wconf 89' lang='lat' dir='ltr'>est.</span> <span class='ocrx_word' id='word_1_50' title='bbox 1699 1025 1849 1079; x_wconf 89' lang='lat' dir='ltr'>Jorn.</span> <span class='ocrx_word' id='word_1_51' title='bbox 1883 1039 1937 1077; x_wconf 86' lang='grc' dir='ltr'><strong>α.</strong></span> <span class='ocrx_word' id='word_1_52' title='bbox 1970 1038 2082 1092; x_wconf 87' lang='lat' dir='ltr'>seq.</span> 
     </span>
    </p>
   </div>
   <div class='ocr_carea' id='block_1_10' title="bbox 436 1114 2081 1259">
    <p class='ocr_par' dir='ltr' id='par_1_10' title="bbox 436 1114 2081 1259">
     <span class='ocr_line' id='line_1_10' title="bbox 436 1114 2081 1259; baseline -0.002 -3"><span class='ocrx_word' id='word_1_53' title='bbox 436 1114 1036 1258; x_wconf 44' lang='lat' dir='ltr'>Mzrggs&#39;l‘heodoricus</span> <span class='ocrx_word' id='word_1_54' title='bbox 1067 1203 1138 1257; x_wconf 93' lang='lat' dir='ltr'>ad</span> <span class='ocrx_word' id='word_1_55' title='bbox 1187 1201 1431 1259; x_wconf 87' lang='lat' dir='ltr'>ﬂuvium</span> <span class='ocrx_word' id='word_1_56' title='bbox 1457 1201 1724 1255; x_wconf 83' lang='lat' dir='ltr'>Adduam</span> <span class='ocrx_word' id='word_1_57' title='bbox 1756 1199 2081 1255; x_wconf 85' lang='lat' dir='ltr'>Odoacrum</span> 
     </span>
    </p>
   </div>
   <div class='ocr_carea' id='block_1_11' title="bbox 432 1289 2083 1361">
    <p class='ocr_par' dir='ltr' id='par_1_11' title="bbox 432 1289 2083 1361">
     <span class='ocr_line' id='line_1_11' title="bbox 432 1289 2083 1361; baseline -0.004 -14"><span class='ocrx_word' id='word_1_58' title='bbox 432 1291 600 1347; x_wconf 89' lang='lat' dir='ltr'>tertio</span> <span class='ocrx_word' id='word_1_59' title='bbox 633 1292 951 1347; x_wconf 90' lang='lat' dir='ltr'>certamine</span> <span class='ocrx_word' id='word_1_60' title='bbox 979 1290 1115 1346; x_wconf 85' lang='lat' dir='ltr'>vicit</span> <span class='ocrx_word' id='word_1_61' title='bbox 1170 1292 1604 1361; x_wconf 79' lang='lat' dir='ltr'>fugientemque</span> <span class='ocrx_word' id='word_1_62' title='bbox 1669 1289 1825 1361; x_wconf 91' lang='lat' dir='ltr'>apud</span> <span class='ocrx_word' id='word_1_63' title='bbox 1858 1289 2083 1343; x_wconf 85' lang='lat' dir='ltr'>Raven-</span> 
     </span>
    </p>
   </div>
   <div class='ocr_carea' id='block_1_12' title="bbox 432 1378 2082 1450">
    <p class='ocr_par' dir='ltr' id='par_1_12' title="bbox 432 1378 2082 1450">
     <span class='ocr_line' id='line_1_12' title="bbox 432 1378 2082 1450; baseline -0.002 -15"><span class='ocrx_word' id='word_1_64' title='bbox 432 1396 571 1435; x_wconf 88' lang='lat' dir='ltr'>nam</span> <span class='ocrx_word' id='word_1_65' title='bbox 602 1380 851 1435; x_wconf 87' lang='lat' dir='ltr'>obsedit.</span> <span class='ocrx_word' id='word_1_66' title='bbox 904 1382 1056 1435; x_wconf 87' lang='lat' dir='ltr'>Jorn.</span> <span class='ocrx_word' id='word_1_67' title='bbox 1089 1397 1141 1435; x_wconf 86' lang='grc' dir='ltr'><strong>α.</strong></span> <span class='ocrx_word' id='word_1_68' title='bbox 1194 1396 1302 1450; x_wconf 87' lang='lat' dir='ltr'>seq.</span> <span class='ocrx_word' id='word_1_69' title='bbox 1335 1380 1469 1434; x_wconf 73' lang='lat' dir='ltr'>Mar.</span> <span class='ocrx_word' id='word_1_70' title='bbox 1503 1411 1570 1417; x_wconf 97' lang='lat'><strong>—</strong></span> <span class='ocrx_word' id='word_1_71' title='bbox 1618 1378 1942 1433; x_wconf 88' lang='lat' dir='ltr'>Ludovicus</span> <span class='ocrx_word' id='word_1_72' title='bbox 1983 1393 2082 1431; x_wconf 87' lang='lat' dir='ltr'><strong>rex</strong></span> 
     </span>
    </p>
   </div>
   <div class='ocr_carea' id='block_1_13' title="bbox 433 1466 2078 1541">
    <p class='ocr_par' dir='ltr' id='par_1_13' title="bbox 433 1466 2078 1541">
     <span class='ocr_line' id='line_1_13' title="bbox 433 1466 2078 1541; baseline -0.002 -18"><span class='ocrx_word' id='word_1_73' title='bbox 433 1469 811 1533; x_wconf 87' lang='lat' dir='ltr'>Francorum,</span> <span class='ocrx_word' id='word_1_74' title='bbox 842 1469 1172 1541; x_wconf 81' lang='lat' dir='ltr'>Thuringos</span> <span class='ocrx_word' id='word_1_75' title='bbox 1204 1473 1426 1540; x_wconf 88' lang='lat' dir='ltr'>petens,</span> <span class='ocrx_word' id='word_1_76' title='bbox 1460 1467 1619 1540; x_wconf 81' lang='lat' dir='ltr'>gravi</span> <span class='ocrx_word' id='word_1_77' title='bbox 1651 1484 1750 1523; x_wconf 91' lang='lat' dir='ltr'>eos</span> <span class='ocrx_word' id='word_1_78' title='bbox 1771 1466 1923 1521; x_wconf 68' lang='lat' dir='ltr'>caede</span> <span class='ocrx_word' id='word_1_79' title='bbox 1948 1481 2078 1537; x_wconf 87' lang='lat' dir='ltr'>pro-</span> 
     </span>
    </p>
   </div>
   <div class='ocr_carea' id='block_1_14' title="bbox 430 1554 2075 1629">
    <p class='ocr_par' dir='ltr' id='par_1_14' title="bbox 430 1554 2075 1629">
     <span class='ocr_line' id='line_1_14' title="bbox 430 1554 2075 1629; baseline -0.002 -16"><span class='ocrx_word' id='word_1_80' title='bbox 430 1558 925 1629; x_wconf 86' lang='lat' dir='ltr'>stravitipsosque</span> <span class='ocrx_word' id='word_1_81' title='bbox 948 1574 1080 1614; x_wconf 90' lang='lat' dir='ltr'>cum</span> <span class='ocrx_word' id='word_1_82' title='bbox 1100 1562 1254 1613; x_wconf 88' lang='lat' dir='ltr'>terra</span> <span class='ocrx_word' id='word_1_83' title='bbox 1274 1574 1475 1612; x_wconf 91' lang='lat' dir='ltr'>eorum</span> <span class='ocrx_word' id='word_1_84' title='bbox 1500 1557 1610 1612; x_wconf 89' lang='lat' dir='ltr'>sibi</span> <span class='ocrx_word' id='word_1_85' title='bbox 1634 1554 2075 1626; x_wconf 85' lang='lat' dir='ltr'>subjecit.Greg.</span> 
     </span>
    </p>
   </div>
   <div class='ocr_carea' id='block_1_15' title="bbox 436 1647 810 1702">
    <p class='ocr_par' dir='ltr' id='par_1_15' title="bbox 436 1647 810 1702">
     <span class='ocr_line' id='line_1_15' title="bbox 436 1647 810 1702; baseline 0 -1"><span class='ocrx_word' id='word_1_86' title='bbox 436 1648 566 1701; x_wconf 83' lang='lat' dir='ltr'>Tur.</span> <span class='ocrx_word' id='word_1_87' title='bbox 599 1663 652 1702; x_wconf 89' lang='lat' dir='ltr'>a.</span> <span class='ocrx_word' id='word_1_88' title='bbox 685 1647 810 1701; x_wconf 78' lang='grc'>491.</span> 
     </span>
    </p>
   </div>
   <div class='ocr_carea' id='block_1_16' title="bbox 501 1730 2074 1803">
    <p class='ocr_par' dir='ltr' id='par_1_16' title="bbox 501 1730 2074 1803">
     <span class='ocr_line' id='line_1_16' title="bbox 501 1730 2074 1803; baseline -0.002 -14"><span class='ocrx_word' id='word_1_89' title='bbox 501 1736 606 1789; x_wconf 84' lang='grc'>490</span> <span class='ocrx_word' id='word_1_90' title='bbox 637 1735 913 1803; x_wconf 80' lang='lat' dir='ltr'>Odoacar,</span> <span class='ocrx_word' id='word_1_91' title='bbox 974 1740 1146 1791; x_wconf 88' lang='lat' dir='ltr'>noctu</span> <span class='ocrx_word' id='word_1_92' title='bbox 1195 1752 1230 1790; x_wconf 89' lang='lat' dir='ltr'>a</span> <span class='ocrx_word' id='word_1_93' title='bbox 1298 1735 1570 1790; x_wconf 79' lang='lat' dir='ltr'>Ravenna</span> <span class='ocrx_word' id='word_1_94' title='bbox 1642 1750 1776 1789; x_wconf 89' lang='lat' dir='ltr'>cum</span> <span class='ocrx_word' id='word_1_95' title='bbox 1843 1730 2074 1788; x_wconf 81' lang='lat' dir='ltr'>Herulis</span> 
     </span>
    </p>
   </div>
   <div class='ocr_carea' id='block_1_17' title="bbox 430 1820 2077 1895">
    <p class='ocr_par' dir='ltr' id='par_1_17' title="bbox 430 1820 2077 1895">
     <span class='ocr_line' id='line_1_17' title="bbox 430 1820 2077 1895; baseline -0.002 -16"><span class='ocrx_word' id='word_1_96' title='bbox 430 1841 723 1895; x_wconf 79' lang='lat' dir='ltr'>egressus,</span> <span class='ocrx_word' id='word_1_97' title='bbox 756 1824 1016 1879; x_wconf 90' lang='lat' dir='ltr'>collectis</span> <span class='ocrx_word' id='word_1_98' title='bbox 1046 1825 1271 1879; x_wconf 90' lang='lat' dir='ltr'>viribus</span> <span class='ocrx_word' id='word_1_99' title='bbox 1302 1828 1506 1893; x_wconf 83' lang='lat' dir='ltr'>quarto</span> <span class='ocrx_word' id='word_1_100' title='bbox 1548 1839 1682 1877; x_wconf 78' lang='lat' dir='ltr'>eum</span> <span class='ocrx_word' id='word_1_101' title='bbox 1716 1820 2077 1877; x_wconf 88' lang='lat' dir='ltr'>Theoderico</span> 
     </span>
    </p>
   </div>
   <div class='ocr_carea' id='block_1_18' title="bbox 430 1909 2072 1981">
    <p class='ocr_par' dir='ltr' id='par_1_18' title="bbox 430 1909 2072 1981">
     <span class='ocr_line' id='line_1_18' title="bbox 430 1909 2072 1981; baseline -0.002 -15"><span class='ocrx_word' id='word_1_102' title='bbox 430 1912 709 1979; x_wconf 64' lang='lat' dir='ltr'>conflixit,</span> <span class='ocrx_word' id='word_1_103' title='bbox 743 1916 799 1966; x_wconf 86' lang='lat' dir='ltr'>et</span> <span class='ocrx_word' id='word_1_104' title='bbox 828 1912 1029 1967; x_wconf 90' lang='lat' dir='ltr'>itidem</span> <span class='ocrx_word' id='word_1_105' title='bbox 1055 1912 1239 1966; x_wconf 86' lang='lat' dir='ltr'>victus</span> <span class='ocrx_word' id='word_1_106' title='bbox 1262 1912 1332 1966; x_wconf 90' lang='lat' dir='ltr'>ab</span> <span class='ocrx_word' id='word_1_107' title='bbox 1359 1928 1425 1966; x_wconf 92' lang='lat' dir='ltr'>eo</span> <span class='ocrx_word' id='word_1_108' title='bbox 1447 1915 1770 1981; x_wconf 88' lang='lat' dir='ltr'>captusque</span> <span class='ocrx_word' id='word_1_109' title='bbox 1793 1914 1882 1964; x_wconf 89' lang='lat' dir='ltr'>est</span> <span class='ocrx_word' id='word_1_110' title='bbox 1905 1909 2072 1980; x_wconf 88' lang='grc'>(124).</span> 
     </span>
    </p>
   </div>
   <div class='ocr_carea' id='block_1_19' title="bbox 433 1999 2154 2097">
    <p class='ocr_par' dir='ltr' id='par_1_19' title="bbox 433 1999 2154 2097">
     <span class='ocr_line' id='line_1_19' title="bbox 433 1999 2154 2097; baseline -0.002 -44"><span class='ocrx_word' id='word_1_111' title='bbox 433 1999 598 2055; x_wconf 76' lang='lat' dir='ltr'>Citati</span> <span class='ocrx_word' id='word_1_112' title='bbox 648 2000 716 2055; x_wconf 85' lang='lat' dir='ltr'>ad</span> <span class='ocrx_word' id='word_1_113' title='bbox 746 2018 799 2054; x_wconf 88' lang='lat' dir='ltr'>a.</span> <span class='ocrx_word' id='word_1_114' title='bbox 849 2016 960 2070; x_wconf 88' lang='lat' dir='ltr'>seq.</span> <span class='ocrx_word' id='word_1_115' title='bbox 1019 2032 1084 2041; x_wconf 91' lang='lat'><strong><em>—</em></strong></span> <span class='ocrx_word' id='word_1_116' title='bbox 1118 2001 1247 2071; x_wconf 87' lang='lat' dir='ltr'>lpso</span> <span class='ocrx_word' id='word_1_117' title='bbox 1290 2016 1442 2053; x_wconf 85' lang='lat' dir='ltr'>anno</span> <span class='ocrx_word' id='word_1_118' title='bbox 1474 1999 1945 2054; x_wconf 82' lang='lat' dir='ltr'>Gundamundus</span> <span class='ocrx_word' id='word_1_119' title='bbox 1978 2013 2076 2051; x_wconf 88' lang='lat' dir='ltr'>rex</span> <span class='ocrx_word' id='word_1_120' title='bbox 2107 2032 2154 2097; x_wconf 78' lang='grc' dir='ltr'><strong>Β</strong></span> 
     </span>
    </p>
   </div>
   <div class='ocr_carea' id='block_1_20' title="bbox 427 2087 2073 2159">
    <p class='ocr_par' dir='ltr' id='par_1_20' title="bbox 427 2087 2073 2159">
     <span class='ocr_line' id='line_1_20' title="bbox 427 2087 2073 2159; baseline -0.001 -16"><span class='ocrx_word' id='word_1_121' title='bbox 427 2088 845 2144; x_wconf 80' lang='lat' dir='ltr'>Wandalorum</span> <span class='ocrx_word' id='word_1_122' title='bbox 871 2105 1071 2159; x_wconf 88' lang='lat' dir='ltr'>pacem</span> <span class='ocrx_word' id='word_1_123' title='bbox 1101 2105 1234 2143; x_wconf 85' lang='lat' dir='ltr'>cum</span> <span class='ocrx_word' id='word_1_124' title='bbox 1264 2089 1542 2143; x_wconf 78' lang='lat' dir='ltr'>Romanis</span> <span class='ocrx_word' id='word_1_125' title='bbox 1566 2087 1718 2142; x_wconf 83' lang='lat' dir='ltr'>fecit.</span> <span class='ocrx_word' id='word_1_126' title='bbox 1751 2087 2073 2142; x_wconf 86' lang='lat' dir='ltr'>Constanti-</span> 
     </span>
    </p>
   </div>
   <div class='ocr_carea' id='block_1_21' title="bbox 428 2177 2077 2249">
    <p class='ocr_par' dir='ltr' id='par_1_21' title="bbox 428 2177 2077 2249">
     <span class='ocr_line' id='line_1_21' title="bbox 428 2177 2077 2249; baseline -0.001 -18"><span class='ocrx_word' id='word_1_127' title='bbox 428 2177 621 2248; x_wconf 89' lang='lat' dir='ltr'>n0poli</span> <span class='ocrx_word' id='word_1_128' title='bbox 652 2178 842 2233; x_wconf 87' lang='lat' dir='ltr'>Zenon</span> <span class='ocrx_word' id='word_1_129' title='bbox 888 2177 1205 2249; x_wconf 82' lang='lat' dir='ltr'>imperator</span> <span class='ocrx_word' id='word_1_130' title='bbox 1236 2178 1524 2244; x_wconf 87' lang='lat' dir='ltr'>moritur;</span> <span class='ocrx_word' id='word_1_131' title='bbox 1560 2182 1692 2248; x_wconf 87' lang='lat' dir='ltr'>post</span> <span class='ocrx_word' id='word_1_132' title='bbox 1721 2193 1895 2248; x_wconf 86' lang='lat' dir='ltr'>quem</span> <span class='ocrx_word' id='word_1_133' title='bbox 1924 2178 2077 2231; x_wconf 86' lang='lat' dir='ltr'>Ana-</span> 
     </span>
    </p>
   </div>
   <div class='ocr_carea' id='block_1_22' title="bbox 424 2265 2075 2339">
    <p class='ocr_par' dir='ltr' id='par_1_22' title="bbox 424 2265 2075 2339">
     <span class='ocr_line' id='line_1_22' title="bbox 424 2265 2075 2339; baseline -0.001 -18"><span class='ocrx_word' id='word_1_134' title='bbox 424 2266 641 2322; x_wconf 88' lang='lat' dir='ltr'>stasius</span> <span class='ocrx_word' id='word_1_135' title='bbox 673 2265 986 2339; x_wconf 86' lang='lat' dir='ltr'>imperium</span> <span class='ocrx_word' id='word_1_136' title='bbox 1018 2266 1271 2321; x_wconf 87' lang='lat' dir='ltr'>Orientis</span> <span class='ocrx_word' id='word_1_137' title='bbox 1303 2283 1480 2320; x_wconf 80' lang='lat' dir='ltr'>xxvm</span> <span class='ocrx_word' id='word_1_138' title='bbox 1513 2265 1683 2320; x_wconf 89' lang='lat' dir='ltr'>annis</span> <span class='ocrx_word' id='word_1_139' title='bbox 1707 2265 1914 2320; x_wconf 87' lang='lat' dir='ltr'>tenuit.</span> <span class='ocrx_word' id='word_1_140' title='bbox 1949 2266 2075 2320; x_wconf 84' lang='lat' dir='ltr'>Cas-</span> 
     </span>
    </p>
   </div>
   <div class='ocr_carea' id='block_1_23' title="bbox 422 2353 2074 2425">
    <p class='ocr_par' dir='ltr' id='par_1_23' title="bbox 422 2353 2074 2425">
     <span class='ocr_line' id='line_1_23' title="bbox 422 2353 2074 2425; baseline 0 -16"><span class='ocrx_word' id='word_1_141' title='bbox 422 2355 560 2409; x_wconf 87' lang='lat' dir='ltr'>siod.</span> <span class='ocrx_word' id='word_1_142' title='bbox 593 2372 646 2409; x_wconf 92' lang='lat' dir='ltr'>a.</span> <span class='ocrx_word' id='word_1_143' title='bbox 678 2371 784 2425; x_wconf 88' lang='lat' dir='ltr'>seq.</span> <span class='ocrx_word' id='word_1_144' title='bbox 838 2387 906 2394; x_wconf 89' lang='lat'><strong><em>—</em></strong></span> <span class='ocrx_word' id='word_1_145' title='bbox 930 2355 1048 2409; x_wconf 83' lang='lat' dir='ltr'>lloc</span> <span class='ocrx_word' id='word_1_146' title='bbox 1069 2360 1330 2425; x_wconf 86' lang='lat' dir='ltr'>tempore</span> <span class='ocrx_word' id='word_1_147' title='bbox 1357 2353 1677 2408; x_wconf 81' lang='lat' dir='ltr'>Ludovicus</span> <span class='ocrx_word' id='word_1_148' title='bbox 1699 2370 1798 2408; x_wconf 85' lang='lat' dir='ltr'>rex</span> <span class='ocrx_word' id='word_1_149' title='bbox 1828 2355 2074 2409; x_wconf 88' lang='lat' dir='ltr'>Franco-</span> 
     </span>
    </p>
   </div>
   <div class='ocr_carea' id='block_1_24' title="bbox 425 2441 2076 2513">
    <p class='ocr_par' dir='ltr' id='par_1_24' title="bbox 425 2441 2076 2513">
     <span class='ocr_line' id='line_1_24' title="bbox 425 2441 2076 2513; baseline -0.001 -15"><span class='ocrx_word' id='word_1_150' title='bbox 425 2460 555 2498; x_wconf 90' lang='lat' dir='ltr'>rum</span> <span class='ocrx_word' id='word_1_151' title='bbox 614 2444 1035 2498; x_wconf 84' lang='lat' dir='ltr'>intercurrente</span> <span class='ocrx_word' id='word_1_152' title='bbox 1090 2442 1401 2497; x_wconf 87' lang='lat' dir='ltr'>Aureliano</span> <span class='ocrx_word' id='word_1_153' title='bbox 1459 2441 1647 2513; x_wconf 79' lang='lat' dir='ltr'>legato</span> <span class='ocrx_word' id='word_1_154' title='bbox 1688 2459 1795 2498; x_wconf 90' lang='lat' dir='ltr'>suo</span> <span class='ocrx_word' id='word_1_155' title='bbox 1826 2443 1897 2498; x_wconf 88' lang='lat' dir='ltr'>de</span> <span class='ocrx_word' id='word_1_156' title='bbox 1930 2448 2076 2497; x_wconf 82' lang='lat' dir='ltr'>Bur-</span> 
     </span>
    </p>
   </div>
   <div class='ocr_carea' id='block_1_25' title="bbox 426 2529 2072 2603">
    <p class='ocr_par' dir='ltr' id='par_1_25' title="bbox 426 2529 2072 2603">
     <span class='ocr_line' id='line_1_25' title="bbox 426 2529 2072 2603; baseline 0.001 -18"><span class='ocrx_word' id='word_1_157' title='bbox 426 2531 645 2603; x_wconf 89' lang='lat' dir='ltr'>gundia</span> <span class='ocrx_word' id='word_1_158' title='bbox 668 2530 1086 2585; x_wconf 88' lang='lat' dir='ltr'>Hruodhildem</span> <span class='ocrx_word' id='word_1_159' title='bbox 1106 2531 1225 2601; x_wconf 90' lang='lat' dir='ltr'>[al.,</span> <span class='ocrx_word' id='word_1_160' title='bbox 1258 2529 1607 2585; x_wconf 86' lang='lat' dir='ltr'>Chlotildem</span> <span class='ocrx_word' id='word_1_161' title='bbox 1623 2547 1718 2585; x_wconf 87' lang='lat' dir='ltr'>seu</span> <span class='ocrx_word' id='word_1_162' title='bbox 1738 2531 2072 2602; x_wconf 77' lang='lat' dir='ltr'>Crotildem)</span> 
     </span>
    </p>
   </div>
   <div class='ocr_carea' id='block_1_26' title="bbox 428 2618 2071 2691">
    <p class='ocr_par' dir='ltr' id='par_1_26' title="bbox 428 2618 2071 2691">
     <span class='ocr_line' id='line_1_26' title="bbox 428 2618 2071 2691; baseline 0 -17"><span class='ocrx_word' id='word_1_163' title='bbox 428 2636 665 2675; x_wconf 82' lang='lat' dir='ltr'>uxorem</span> <span class='ocrx_word' id='word_1_164' title='bbox 726 2618 1119 2675; x_wconf 84' lang='lat' dir='ltr'>Christianam</span> <span class='ocrx_word' id='word_1_165' title='bbox 1177 2619 1417 2691; x_wconf 86' lang='lat' dir='ltr'>accepit,</span> <span class='ocrx_word' id='word_1_166' title='bbox 1480 2618 1660 2673; x_wconf 84' lang='lat' dir='ltr'>ﬁliam</span> <span class='ocrx_word' id='word_1_167' title='bbox 1702 2619 1923 2674; x_wconf 89' lang='lat' dir='ltr'>scilicet</span> <span class='ocrx_word' id='word_1_168' title='bbox 1952 2620 2071 2674; x_wconf 86' lang='lat' dir='ltr'>Hil-</span> 
     </span>
    </p>
   </div>
   <div class='ocr_carea' id='block_1_27' title="bbox 424 2708 2070 2780">
    <p class='ocr_par' dir='ltr' id='par_1_27' title="bbox 424 2708 2070 2780">
     <span class='ocr_line' id='line_1_27' title="bbox 424 2708 2070 2780; baseline 0.001 -17"><span class='ocrx_word' id='word_1_169' title='bbox 424 2708 603 2780; x_wconf 84' lang='lat' dir='ltr'>periei</span> <span class='ocrx_word' id='word_1_170' title='bbox 636 2709 805 2780; x_wconf 78' lang='lat'>(125),</span> <span class='ocrx_word' id='word_1_171' title='bbox 842 2725 1017 2779; x_wconf 89' lang='lat' dir='ltr'>quem</span> <span class='ocrx_word' id='word_1_172' title='bbox 1077 2709 1256 2763; x_wconf 81' lang='lat' dir='ltr'>frater</span> <span class='ocrx_word' id='word_1_173' title='bbox 1310 2724 1455 2763; x_wconf 89' lang='lat' dir='ltr'>suus</span> <span class='ocrx_word' id='word_1_174' title='bbox 1486 2709 1905 2765; x_wconf 87' lang='lat' dir='ltr'>Gundobaldus</span> <span class='ocrx_word' id='word_1_175' title='bbox 1937 2727 2070 2765; x_wconf 90' lang='lat' dir='ltr'>cum</span> 
     </span>
    </p>
   </div>
   <div class='ocr_carea' id='block_1_28' title="bbox 423 2797 1894 2867">
    <p class='ocr_par' dir='ltr' id='par_1_28' title="bbox 423 2797 1894 2867">
     <span class='ocr_line' id='line_1_28' title="bbox 423 2797 1894 2867; baseline -0.001 -14"><span class='ocrx_word' id='word_1_176' title='bbox 423 2814 601 2853; x_wconf 85' lang='lat' dir='ltr'>uxore</span> <span class='ocrx_word' id='word_1_177' title='bbox 632 2803 690 2853; x_wconf 91' lang='lat' dir='ltr'>et</span> <span class='ocrx_word' id='word_1_178' title='bbox 716 2797 854 2852; x_wconf 80' lang='lat' dir='ltr'>[iliis</span> <span class='ocrx_word' id='word_1_179' title='bbox 886 2797 1295 2853; x_wconf 86' lang='lat' dir='ltr'>trucidaverat.</span> <span class='ocrx_word' id='word_1_180' title='bbox 1331 2797 1484 2867; x_wconf 88' lang='lat' dir='ltr'>Greg.</span> <span class='ocrx_word' id='word_1_181' title='bbox 1524 2799 1647 2853; x_wconf 85' lang='lat' dir='ltr'>Tur.</span> <span class='ocrx_word' id='word_1_182' title='bbox 1680 2815 1731 2853; x_wconf 81' lang='grc' dir='ltr'>(ι.</span> <span class='ocrx_word' id='word_1_183' title='bbox 1772 2799 1894 2852; x_wconf 88' lang='grc'>493.</span> 
     </span>
    </p>
   </div>
   <div class='ocr_carea' id='block_1_29' title="bbox 2198 752 3849 826">
    <p class='ocr_par' dir='ltr' id='par_1_29' title="bbox 2198 752 3849 826">
     <span class='ocr_line' id='line_1_29' title="bbox 2198 752 3849 826; baseline 0.002 -17"><span class='ocrx_word' id='word_1_184' title='bbox 2198 754 2362 818; x_wconf 89' lang='lat' dir='ltr'>urbe,</span> <span class='ocrx_word' id='word_1_185' title='bbox 2395 753 2657 826; x_wconf 87' lang='lat' dir='ltr'>aliasque</span> <span class='ocrx_word' id='word_1_186' title='bbox 2688 752 2962 809; x_wconf 86' lang='lat' dir='ltr'>basilicas</span> <span class='ocrx_word' id='word_1_187' title='bbox 2984 757 3322 810; x_wconf 82' lang='lat' dir='ltr'>sanctorum</span> <span class='ocrx_word' id='word_1_188' title='bbox 3352 755 3654 825; x_wconf 88' lang='lat' dir='ltr'>Nicandri,</span> <span class='ocrx_word' id='word_1_189' title='bbox 3678 756 3849 813; x_wconf 84' lang='lat' dir='ltr'>Eleu-</span> 
     </span>
    </p>
   </div>
   <div class='ocr_carea' id='block_1_30' title="bbox 2192 843 3845 911">
    <p class='ocr_par' dir='ltr' id='par_1_30' title="bbox 2192 843 3845 911">
     <span class='ocr_line' id='line_1_30' title="bbox 2192 843 3845 911; baseline 0.002 -12"><span class='ocrx_word' id='word_1_190' title='bbox 2192 843 2386 911; x_wconf 91' lang='lat' dir='ltr'>therii,</span> <span class='ocrx_word' id='word_1_191' title='bbox 2418 848 2476 899; x_wconf 90' lang='lat' dir='ltr'>et</span> <span class='ocrx_word' id='word_1_192' title='bbox 2507 844 2565 900; x_wconf 90' lang='lat' dir='ltr'>S.</span> <span class='ocrx_word' id='word_1_193' title='bbox 2602 844 2805 899; x_wconf 74' lang='lat' dir='ltr'>Andra:</span> <span class='ocrx_word' id='word_1_194' title='bbox 2834 844 2925 900; x_wconf 90' lang='lat' dir='ltr'>via</span> <span class='ocrx_word' id='word_1_195' title='bbox 2954 844 3258 900; x_wconf 81' lang='lat' dir='ltr'>Lavicana.</span> <span class='ocrx_word' id='word_1_196' title='bbox 3291 844 3449 901; x_wconf 87' lang='lat' dir='ltr'>Fecit</span> <span class='ocrx_word' id='word_1_197' title='bbox 3472 846 3652 902; x_wconf 86' lang='lat' dir='ltr'>etiam</span> <span class='ocrx_word' id='word_1_198' title='bbox 3685 846 3845 903; x_wconf 86' lang='lat' dir='ltr'>basi-</span> 
     </span>
    </p>
   </div>
   <div class='ocr_carea' id='block_1_31' title="bbox 2195 932 3590 991">
    <p class='ocr_par' dir='ltr' id='par_1_31' title="bbox 2195 932 3590 991">
     <span class='ocr_line' id='line_1_31' title="bbox 2195 932 3590 991; baseline 0.002 -4"><span class='ocrx_word' id='word_1_199' title='bbox 2195 933 2367 989; x_wconf 85' lang='lat' dir='ltr'>licam</span> <span class='ocrx_word' id='word_1_200' title='bbox 2398 937 2612 988; x_wconf 72' lang='lat' dir='ltr'>sanctze</span> <span class='ocrx_word' id='word_1_201' title='bbox 2645 932 2962 988; x_wconf 60' lang='lat' dir='ltr'>Mariarvia</span> <span class='ocrx_word' id='word_1_202' title='bbox 2993 932 3364 989; x_wconf 88' lang='lat' dir='ltr'>Laurentina.</span> <span class='ocrx_word' id='word_1_203' title='bbox 3398 938 3590 991; x_wconf 78' lang='lat' dir='ltr'>Anast.</span> 
     </span>
    </p>
   </div>
   <div class='ocr_carea' id='block_1_32' title="bbox 2265 1021 3847 1097">
    <p class='ocr_par' dir='ltr' id='par_1_32' title="bbox 2265 1021 3847 1097">
     <span class='ocr_line' id='line_1_32' title="bbox 2265 1021 3847 1097; baseline 0.004 -21"><span class='ocrx_word' id='word_1_204' title='bbox 2265 1023 2368 1076; x_wconf 88' lang='grc'>493</span> <span class='ocrx_word' id='word_1_205' title='bbox 2400 1021 2501 1078; x_wconf 87' lang='lat' dir='ltr'>His</span> <span class='ocrx_word' id='word_1_206' title='bbox 2532 1021 2896 1094; x_wconf 83' lang='lat' dir='ltr'>temporibus</span> <span class='ocrx_word' id='word_1_207' title='bbox 2929 1021 2987 1076; x_wconf 93' lang='lat' dir='ltr'>in</span> <span class='ocrx_word' id='word_1_208' title='bbox 3035 1022 3228 1078; x_wconf 83' lang='lat' dir='ltr'>Africa</span> <span class='ocrx_word' id='word_1_209' title='bbox 3257 1022 3464 1079; x_wconf 87' lang='lat' dir='ltr'>beatus</span> <span class='ocrx_word' id='word_1_210' title='bbox 3495 1022 3847 1097; x_wconf 76' lang='lat' dir='ltr'>Fulgentius</span> 
     </span>
    </p>
   </div>
   <div class='ocr_carea' id='block_1_33' title="bbox 2192 1111 3846 1183">
    <p class='ocr_par' dir='ltr' id='par_1_33' title="bbox 2192 1111 3846 1183">
     <span class='ocr_line' id='line_1_33' title="bbox 2192 1111 3846 1183; baseline 0.004 -17"><span class='ocrx_word' id='word_1_211' title='bbox 2192 1111 2523 1183; x_wconf 89' lang='lat' dir='ltr'>episcopus,</span> <span class='ocrx_word' id='word_1_212' title='bbox 2557 1111 2659 1182; x_wconf 87' lang='lat' dir='ltr'>qui</span> <span class='ocrx_word' id='word_1_213' title='bbox 2691 1112 3054 1183; x_wconf 82' lang='lat' dir='ltr'>Ruspensem</span> <span class='ocrx_word' id='word_1_214' title='bbox 3085 1129 3216 1167; x_wconf 71' lang='lat' dir='ltr'>xxv:</span> <span class='ocrx_word' id='word_1_215' title='bbox 3248 1112 3419 1170; x_wconf 81' lang='lat' dir='ltr'>annis</span> <span class='ocrx_word' id='word_1_216' title='bbox 3469 1114 3619 1170; x_wconf 86' lang='lat' dir='ltr'>rexit</span> <span class='ocrx_word' id='word_1_217' title='bbox 3650 1113 3846 1172; x_wconf 71' lang='lat' dir='ltr'>Eccle-</span> 
     </span>
    </p>
   </div>
   <div class='ocr_carea' id='block_1_34' title="bbox 2192 1199 3845 1274">
    <p class='ocr_par' dir='ltr' id='par_1_34' title="bbox 2192 1199 3845 1274">
     <span class='ocr_line' id='line_1_34' title="bbox 2192 1199 3845 1274; baseline 0.002 -19"><span class='ocrx_word' id='word_1_218' title='bbox 2192 1199 2362 1265; x_wconf 89' lang='lat' dir='ltr'>siam,</span> <span class='ocrx_word' id='word_1_219' title='bbox 2431 1200 2715 1268; x_wconf 82' lang='lat' dir='ltr'>doctrina,</span> <span class='ocrx_word' id='word_1_220' title='bbox 2748 1204 2804 1255; x_wconf 90' lang='lat' dir='ltr'>et</span> <span class='ocrx_word' id='word_1_221' title='bbox 2833 1199 3064 1256; x_wconf 86' lang='lat' dir='ltr'>actibus</span> <span class='ocrx_word' id='word_1_222' title='bbox 3117 1200 3311 1257; x_wconf 86' lang='lat' dir='ltr'>clarus</span> <span class='ocrx_word' id='word_1_223' title='bbox 3364 1199 3620 1269; x_wconf 66' lang='lat' dir='ltr'>effulsit;</span> <span class='ocrx_word' id='word_1_224' title='bbox 3657 1201 3845 1274; x_wconf 82' lang='lat' dir='ltr'>quiet</span> 
     </span>
    </p>
   </div>
   <div class='ocr_carea' id='block_1_35' title="bbox 2189 1287 3846 1361">
    <p class='ocr_par' dir='ltr' id='par_1_35' title="bbox 2189 1287 3846 1361">
     <span class='ocr_line' id='line_1_35' title="bbox 2189 1287 3846 1361; baseline 0.002 -18"><span class='ocrx_word' id='word_1_225' title='bbox 2189 1289 2316 1361; x_wconf 90' lang='lat' dir='ltr'>ipse</span> <span class='ocrx_word' id='word_1_226' title='bbox 2342 1287 2598 1361; x_wconf 89' lang='lat' dir='ltr'>plurima</span> <span class='ocrx_word' id='word_1_227' title='bbox 2626 1289 2777 1344; x_wconf 89' lang='lat' dir='ltr'>inter</span> <span class='ocrx_word' id='word_1_228' title='bbox 2796 1288 2943 1345; x_wconf 90' lang='lat' dir='ltr'>alios</span> <span class='ocrx_word' id='word_1_229' title='bbox 2973 1288 3291 1346; x_wconf 86' lang='lat' dir='ltr'>catholicos</span> <span class='ocrx_word' id='word_1_230' title='bbox 3322 1289 3496 1358; x_wconf 89' lang='lat' dir='ltr'>mala,</span> <span class='ocrx_word' id='word_1_231' title='bbox 3528 1294 3590 1347; x_wconf 90' lang='lat' dir='ltr'>et</span> <span class='ocrx_word' id='word_1_232' title='bbox 3633 1291 3846 1347; x_wconf 86' lang='lat' dir='ltr'>exsilia</span> 
     </span>
    </p>
   </div>
   <div class='ocr_carea' id='block_1_36' title="bbox 2187 1378 3843 1450">
    <p class='ocr_par' dir='ltr' id='par_1_36' title="bbox 2187 1378 3843 1450">
     <span class='ocr_line' id='line_1_36' title="bbox 2187 1378 3843 1450; baseline 0.002 -17"><span class='ocrx_word' id='word_1_233' title='bbox 2187 1393 2503 1450; x_wconf 88' lang='lat' dir='ltr'>perpessus</span> <span class='ocrx_word' id='word_1_234' title='bbox 2559 1381 2668 1433; x_wconf 91' lang='lat' dir='ltr'>est.</span> <span class='ocrx_word' id='word_1_235' title='bbox 2708 1379 2883 1433; x_wconf 78' lang='lat' dir='ltr'>Victor</span> <span class='ocrx_word' id='word_1_236' title='bbox 2930 1379 3031 1433; x_wconf 82' lang='lat' dir='ltr'>Vit.</span> <span class='ocrx_word' id='word_1_237' title='bbox 3062 1378 3194 1433; x_wconf 85' lang='lat' dir='ltr'>Isid.</span> <span class='ocrx_word' id='word_1_238' title='bbox 3245 1409 3313 1419; x_wconf 87' lang='lat'>—-</span> <span class='ocrx_word' id='word_1_239' title='bbox 3341 1379 3456 1433; x_wconf 84' lang='lat' dir='ltr'>Hac</span> <span class='ocrx_word' id='word_1_240' title='bbox 3480 1378 3660 1435; x_wconf 84' lang='lat' dir='ltr'>etiam</span> <span class='ocrx_word' id='word_1_241' title='bbox 3690 1382 3843 1436; x_wconf 80' lang='lat' dir='ltr'>tem-</span> 
     </span>
    </p>
   </div>
   <div class='ocr_carea' id='block_1_37' title="bbox 2190 1465 3841 1541">
    <p class='ocr_par' dir='ltr' id='par_1_37' title="bbox 2190 1465 3841 1541">
     <span class='ocr_line' id='line_1_37' title="bbox 2190 1465 3841 1541; baseline 0.002 -20"><span class='ocrx_word' id='word_1_242' title='bbox 2190 1470 2411 1538; x_wconf 83' lang='lat' dir='ltr'>pestate</span> <span class='ocrx_word' id='word_1_243' title='bbox 2442 1465 2767 1523; x_wconf 84' lang='lat' dir='ltr'>Ludovicus</span> <span class='ocrx_word' id='word_1_244' title='bbox 2786 1483 2883 1522; x_wconf 87' lang='lat' dir='ltr'>rex</span> <span class='ocrx_word' id='word_1_245' title='bbox 2906 1467 3262 1523; x_wconf 85' lang='lat' dir='ltr'>Francorum</span> <span class='ocrx_word' id='word_1_246' title='bbox 3289 1466 3507 1524; x_wconf 86' lang='lat' dir='ltr'>Gallias</span> <span class='ocrx_word' id='word_1_247' title='bbox 3523 1483 3712 1541; x_wconf 84' lang='lat' dir='ltr'>usque</span> <span class='ocrx_word' id='word_1_248' title='bbox 3740 1472 3841 1525; x_wconf 78' lang='lat' dir='ltr'>Be-</span> 
     </span>
    </p>
   </div>
   <div class='ocr_carea' id='block_1_38' title="bbox 2188 1552 3841 1631">
    <p class='ocr_par' dir='ltr' id='par_1_38' title="bbox 2188 1552 3841 1631">
     <span class='ocr_line' id='line_1_38' title="bbox 2188 1552 3841 1631; baseline 0.002 -21"><span class='ocrx_word' id='word_1_249' title='bbox 2188 1571 2464 1627; x_wconf 88' lang='lat' dir='ltr'>quanam,</span> <span class='ocrx_word' id='word_1_250' title='bbox 2491 1560 2548 1611; x_wconf 90' lang='lat' dir='ltr'>et</span> <span class='ocrx_word' id='word_1_251' title='bbox 2568 1556 2778 1612; x_wconf 91' lang='lat' dir='ltr'>deinde</span> <span class='ocrx_word' id='word_1_252' title='bbox 2809 1572 2995 1628; x_wconf 89' lang='lat' dir='ltr'>usque</span> <span class='ocrx_word' id='word_1_253' title='bbox 3018 1552 3273 1628; x_wconf 83' lang='lat' dir='ltr'>Ligerim</span> <span class='ocrx_word' id='word_1_254' title='bbox 3296 1556 3503 1613; x_wconf 83' lang='lat' dir='ltr'>ﬂuvios</span> <span class='ocrx_word' id='word_1_255' title='bbox 3521 1572 3629 1614; x_wconf 78' lang='lat' dir='ltr'>suo</span> <span class='ocrx_word' id='word_1_256' title='bbox 3660 1574 3841 1631; x_wconf 82' lang='lat' dir='ltr'>regno</span> 
     </span>
    </p>
   </div>
   <div class='ocr_carea' id='block_1_39' title="bbox 2186 1644 3843 1715">
    <p class='ocr_par' dir='ltr' id='par_1_39' title="bbox 2186 1644 3843 1715">
     <span class='ocr_line' id='line_1_39' title="bbox 2186 1644 3843 1715; baseline 0.003 -16"><span class='ocrx_word' id='word_1_257' title='bbox 2186 1644 2438 1715; x_wconf 85' lang='lat' dir='ltr'>subegit.</span> <span class='ocrx_word' id='word_1_258' title='bbox 2473 1645 2636 1700; x_wconf 88' lang='lat' dir='ltr'>Hunc</span> <span class='ocrx_word' id='word_1_259' title='bbox 2669 1644 2856 1700; x_wconf 88' lang='lat' dir='ltr'>multa</span> <span class='ocrx_word' id='word_1_260' title='bbox 2889 1644 3171 1700; x_wconf 89' lang='lat' dir='ltr'>instantia</span> <span class='ocrx_word' id='word_1_261' title='bbox 3199 1644 3517 1701; x_wconf 89' lang='lat' dir='ltr'>Chrodhild</span> <span class='ocrx_word' id='word_1_262' title='bbox 3549 1662 3696 1703; x_wconf 83' lang='lat' dir='ltr'>uxor</span> <span class='ocrx_word' id='word_1_263' title='bbox 3722 1663 3843 1707; x_wconf 75' lang='lat' dir='ltr'>sua</span> 
     </span>
    </p>
   </div>
   <div class='ocr_carea' id='block_1_40' title="bbox 2187 1733 3727 1809">
    <p class='ocr_par' dir='ltr' id='par_1_40' title="bbox 2187 1733 3727 1809">
     <span class='ocr_line' id='line_1_40' title="bbox 2187 1733 3727 1809; baseline 0.003 -22"><span class='ocrx_word' id='word_1_264' title='bbox 2187 1734 2257 1787; x_wconf 86' lang='lat' dir='ltr'>ad</span> <span class='ocrx_word' id='word_1_265' title='bbox 2293 1734 2469 1789; x_wconf 83' lang='lat' dir='ltr'>ﬁdem</span> <span class='ocrx_word' id='word_1_266' title='bbox 2500 1734 2715 1790; x_wconf 85' lang='lat' dir='ltr'>Christi</span> <span class='ocrx_word' id='word_1_267' title='bbox 2745 1734 3104 1789; x_wconf 88' lang='lat' dir='ltr'>cohortatur.</span> <span class='ocrx_word' id='word_1_268' title='bbox 3142 1733 3297 1805; x_wconf 87' lang='lat' dir='ltr'>Greg.</span> <span class='ocrx_word' id='word_1_269' title='bbox 3332 1736 3456 1790; x_wconf 87' lang='lat' dir='ltr'>Tur.</span> <span class='ocrx_word' id='word_1_270' title='bbox 3486 1753 3583 1791; x_wconf 89' lang='lat' dir='ltr'>an.</span> <span class='ocrx_word' id='word_1_271' title='bbox 3613 1752 3727 1809; x_wconf 84' lang='lat' dir='ltr'>seq.</span> 
     </span>
    </p>
   </div>
   <div class='ocr_carea' id='block_1_41' title="bbox 2257 1822 3839 1896">
    <p class='ocr_par' dir='ltr' id='par_1_41' title="bbox 2257 1822 3839 1896">
     <span class='ocr_line' id='line_1_41' title="bbox 2257 1822 3839 1896; baseline 0.005 -21"><span class='ocrx_word' id='word_1_272' title='bbox 2257 1823 2357 1877; x_wconf 84' lang='grc'>494</span> <span class='ocrx_word' id='word_1_273' title='bbox 2377 1823 2769 1878; x_wconf 81' lang='lat' dir='ltr'>Gundamund</span> <span class='ocrx_word' id='word_1_274' title='bbox 2779 1839 2849 1877; x_wconf 89' lang='lat' dir='ltr'>us</span> <span class='ocrx_word' id='word_1_275' title='bbox 2862 1838 2959 1878; x_wconf 88' lang='lat' dir='ltr'>rex</span> <span class='ocrx_word' id='word_1_276' title='bbox 2981 1822 3427 1890; x_wconf 84' lang='lat' dir='ltr'>Wandalorum,</span> <span class='ocrx_word' id='word_1_277' title='bbox 3451 1827 3839 1896; x_wconf 75' lang='lat' dir='ltr'>persuadente</span> 
     </span>
    </p>
   </div>
   <div class='ocr_carea' id='block_1_42' title="bbox 2184 1909 3837 1983">
    <p class='ocr_par' dir='ltr' id='par_1_42' title="bbox 2184 1909 3837 1983">
     <span class='ocr_line' id='line_1_42' title="bbox 2184 1909 3837 1983; baseline 0.004 -19"><span class='ocrx_word' id='word_1_278' title='bbox 2184 1909 2441 1982; x_wconf 87' lang='lat' dir='ltr'>Eugenio</span> <span class='ocrx_word' id='word_1_279' title='bbox 2465 1910 2922 1983; x_wconf 83' lang='lat' dir='ltr'>archiepiscopo,</span> <span class='ocrx_word' id='word_1_280' title='bbox 2947 1911 3182 1966; x_wconf 74' lang='lat' dir='ltr'>tandem</span> <span class='ocrx_word' id='word_1_281' title='bbox 3206 1915 3336 1983; x_wconf 89' lang='lat' dir='ltr'>post</span> <span class='ocrx_word' id='word_1_282' title='bbox 3354 1929 3391 1967; x_wconf 87' lang='lat' dir='ltr'>x</span> <span class='ocrx_word' id='word_1_283' title='bbox 3419 1928 3606 1969; x_wconf 87' lang='lat' dir='ltr'>annos</span> <span class='ocrx_word' id='word_1_284' title='bbox 3631 1930 3837 1971; x_wconf 85' lang='lat' dir='ltr'>omnes</span> 
     </span>
    </p>
   </div>
   <div class='ocr_carea' id='block_1_43' title="bbox 2185 1996 3830 2070">
    <p class='ocr_par' dir='ltr' id='par_1_43' title="bbox 2185 1996 3830 2070">
     <span class='ocr_line' id='line_1_43' title="bbox 2185 1996 3830 2070; baseline 0.005 -19"><span class='ocrx_word' id='word_1_285' title='bbox 2185 1996 2500 2053; x_wconf 89' lang='lat' dir='ltr'>catholicos</span> <span class='ocrx_word' id='word_1_286' title='bbox 2552 1998 2857 2070; x_wconf 87' lang='lat' dir='ltr'>episcopos</span> <span class='ocrx_word' id='word_1_287' title='bbox 2913 1999 2984 2054; x_wconf 91' lang='lat' dir='ltr'>de</span> <span class='ocrx_word' id='word_1_288' title='bbox 3038 1997 3242 2055; x_wconf 86' lang='lat' dir='ltr'>exsilio</span> <span class='ocrx_word' id='word_1_289' title='bbox 3302 2000 3587 2057; x_wconf 84' lang='lat' dir='ltr'>revocavit</span> <span class='ocrx_word' id='word_1_290' title='bbox 3636 2006 3700 2058; x_wconf 89' lang='lat' dir='ltr'>et</span> <span class='ocrx_word' id='word_1_291' title='bbox 3728 2003 3830 2059; x_wconf 84' lang='lat' dir='ltr'>diu</span> 
     </span>
    </p>
   </div>
   <div class='ocr_carea' id='block_1_44' title="bbox 2187 2085 3832 2164">
    <p class='ocr_par' dir='ltr' id='par_1_44' title="bbox 2187 2085 3832 2164">
     <span class='ocr_line' id='line_1_44' title="bbox 2187 2085 3832 2164; baseline 0.004 -23"><span class='ocrx_word' id='word_1_292' title='bbox 2187 2085 2418 2142; x_wconf 88' lang='lat' dir='ltr'>clausas</span> <span class='ocrx_word' id='word_1_293' title='bbox 2468 2086 2744 2142; x_wconf 89' lang='lat' dir='ltr'>ecclesias</span> <span class='ocrx_word' id='word_1_294' title='bbox 2797 2103 2936 2159; x_wconf 88' lang='lat' dir='ltr'>pace</span> <span class='ocrx_word' id='word_1_295' title='bbox 2966 2087 3192 2143; x_wconf 89' lang='lat' dir='ltr'>reddita</span> <span class='ocrx_word' id='word_1_296' title='bbox 3221 2090 3470 2161; x_wconf 90' lang='lat' dir='ltr'>aperuit.</span> <span class='ocrx_word' id='word_1_297' title='bbox 3514 2092 3743 2164; x_wconf 83' lang='lat' dir='ltr'>Praecp.</span> <span class='ocrx_word' id='word_1_298' title='bbox 3776 2110 3832 2148; x_wconf 91' lang='lat' dir='ltr'>a.</span> 
     </span>
    </p>
   </div>
   <div class='ocr_carea' id='block_1_45' title="bbox 2154 2176 3830 2245">
    <p class='ocr_par' dir='ltr' id='par_1_45' title="bbox 2154 2176 3830 2245">
     <span class='ocr_line' id='line_1_45' title="bbox 2154 2176 3830 2245; baseline 0.004 -16"><span class='ocrx_word' id='word_1_299' title='bbox 2154 2192 2295 2245; x_wconf 62' lang='lat' dir='ltr'>&#39;seq.</span> <span class='ocrx_word' id='word_1_300' title='bbox 2331 2206 2395 2217; x_wconf 89' lang='lat'>—-</span> <span class='ocrx_word' id='word_1_301' title='bbox 2441 2176 2767 2231; x_wconf 88' lang='lat' dir='ltr'>Ludovicus</span> <span class='ocrx_word' id='word_1_302' title='bbox 2799 2193 2898 2231; x_wconf 90' lang='lat' dir='ltr'>rex</span> <span class='ocrx_word' id='word_1_303' title='bbox 2929 2176 3285 2232; x_wconf 90' lang='lat' dir='ltr'>Francorum</span> <span class='ocrx_word' id='word_1_304' title='bbox 3319 2182 3523 2234; x_wconf 88' lang='lat' dir='ltr'>contra</span> <span class='ocrx_word' id='word_1_305' title='bbox 3553 2178 3830 2237; x_wconf 82' lang='lat' dir='ltr'>Alaman-</span> 
     </span>
    </p>
   </div>
   <div class='ocr_carea' id='block_1_46' title="bbox 2187 2265 3833 2339">
    <p class='ocr_par' dir='ltr' id='par_1_46' title="bbox 2187 2265 3833 2339">
     <span class='ocr_line' id='line_1_46' title="bbox 2187 2265 3833 2339; baseline 0.004 -20"><span class='ocrx_word' id='word_1_306' title='bbox 2187 2281 2293 2320; x_wconf 91' lang='lat' dir='ltr'>nos</span> <span class='ocrx_word' id='word_1_307' title='bbox 2345 2281 2636 2337; x_wconf 87' lang='lat' dir='ltr'>pugnans,</span> <span class='ocrx_word' id='word_1_308' title='bbox 2688 2281 2823 2320; x_wconf 89' lang='lat' dir='ltr'>cum</span> <span class='ocrx_word' id='word_1_309' title='bbox 2874 2266 3163 2321; x_wconf 87' lang='lat' dir='ltr'>exercitus</span> <span class='ocrx_word' id='word_1_310' title='bbox 3200 2269 3329 2338; x_wconf 89' lang='lat' dir='ltr'>ejus</span> <span class='ocrx_word' id='word_1_311' title='bbox 3380 2265 3833 2339; x_wconf 81' lang='lat' dir='ltr'>periclitaretur,</span> 
     </span>
    </p>
   </div>
   <div class='ocr_carea' id='block_1_47' title="bbox 2186 2353 3832 2430">
    <p class='ocr_par' dir='ltr' id='par_1_47' title="bbox 2186 2353 3832 2430">
     <span class='ocr_line' id='line_1_47' title="bbox 2186 2353 3832 2430; baseline 0.003 -22"><span class='ocrx_word' id='word_1_312' title='bbox 2186 2353 2368 2409; x_wconf 89' lang='lat' dir='ltr'>Deum</span> <span class='ocrx_word' id='word_1_313' title='bbox 2400 2353 2527 2409; x_wconf 75' lang='lat' dir='ltr'>cmli</span> <span class='ocrx_word' id='word_1_314' title='bbox 2558 2353 2855 2419; x_wconf 88' lang='lat' dir='ltr'>invocans,</span> <span class='ocrx_word' id='word_1_315' title='bbox 2879 2358 2936 2409; x_wconf 89' lang='lat' dir='ltr'>et</span> <span class='ocrx_word' id='word_1_316' title='bbox 2957 2354 3130 2409; x_wconf 80' lang='lat' dir='ltr'>ﬁdem</span> <span class='ocrx_word' id='word_1_317' title='bbox 3154 2371 3320 2411; x_wconf 88' lang='lat' dir='ltr'>suam</span> <span class='ocrx_word' id='word_1_318' title='bbox 3345 2354 3576 2413; x_wconf 88' lang='lat' dir='ltr'>Christo</span> <span class='ocrx_word' id='word_1_319' title='bbox 3596 2373 3832 2430; x_wconf 85' lang='lat' dir='ltr'>vovens,</span> 
     </span>
    </p>
   </div>
   <div class='ocr_carea' id='block_1_48' title="bbox 2184 2441 3828 2519">
    <p class='ocr_par' dir='ltr' id='par_1_48' title="bbox 2184 2441 3828 2519">
     <span class='ocr_line' id='line_1_48' title="bbox 2184 2441 3828 2519; baseline 0.005 -23"><span class='ocrx_word' id='word_1_320' title='bbox 2184 2442 2310 2513; x_wconf 91' lang='lat' dir='ltr'>ipso</span> <span class='ocrx_word' id='word_1_321' title='bbox 2334 2444 2578 2513; x_wconf 89' lang='lat' dir='ltr'>juvante</span> <span class='ocrx_word' id='word_1_322' title='bbox 2633 2442 2816 2498; x_wconf 88' lang='lat' dir='ltr'>victor</span> <span class='ocrx_word' id='word_1_323' title='bbox 2871 2441 3229 2499; x_wconf 80' lang='lat' dir='ltr'>Alamannos</span> <span class='ocrx_word' id='word_1_324' title='bbox 3260 2445 3614 2517; x_wconf 79' lang='lat' dir='ltr'>subjugavit.</span> <span class='ocrx_word' id='word_1_325' title='bbox 3673 2445 3828 2519; x_wconf 68' lang='grc' dir='ltr'>(ἶνες.</span> 
     </span>
    </p>
   </div>
   <div class='ocr_carea' id='block_1_49' title="bbox 2185 2531 2733 2599">
    <p class='ocr_par' dir='ltr' id='par_1_49' title="bbox 2185 2531 2733 2599">
     <span class='ocr_line' id='line_1_49' title="bbox 2185 2531 2733 2599; baseline 0 -14"><span class='ocrx_word' id='word_1_326' title='bbox 2185 2531 2306 2585; x_wconf 86' lang='lat' dir='ltr'>Tur.</span> <span class='ocrx_word' id='word_1_327' title='bbox 2337 2547 2390 2586; x_wconf 92' lang='lat' dir='ltr'>a.</span> <span class='ocrx_word' id='word_1_328' title='bbox 2434 2531 2557 2585; x_wconf 73' lang='lat'>496.</span> <span class='ocrx_word' id='word_1_329' title='bbox 2720 2588 2733 2599; x_wconf 63' lang='grc'><em>,</em></span> 
     </span>
    </p>
   </div>
   <div class='ocr_carea' id='block_1_50' title="bbox 2253 2619 3828 2686">
    <p class='ocr_par' dir='ltr' id='par_1_50' title="bbox 2253 2619 3828 2686">
     <span class='ocr_line' id='line_1_50' title="bbox 2253 2619 3828 2686; baseline 0.005 -13"><span class='ocrx_word' id='word_1_330' title='bbox 2253 2620 2358 2674; x_wconf 84' lang='grc'>495</span> <span class='ocrx_word' id='word_1_331' title='bbox 2392 2619 2733 2686; x_wconf 88' lang='lat' dir='ltr'>Ludovicus,</span> <span class='ocrx_word' id='word_1_332' title='bbox 2758 2636 2861 2675; x_wconf 91' lang='lat' dir='ltr'>seu</span> <span class='ocrx_word' id='word_1_333' title='bbox 2895 2619 3217 2676; x_wconf 89' lang='lat' dir='ltr'>Clodovens</span> <span class='ocrx_word' id='word_1_334' title='bbox 3246 2636 3342 2676; x_wconf 87' lang='lat' dir='ltr'>rex</span> <span class='ocrx_word' id='word_1_335' title='bbox 3367 2622 3723 2680; x_wconf 83' lang='lat' dir='ltr'>Francorum</span> <span class='ocrx_word' id='word_1_336' title='bbox 3744 2624 3828 2681; x_wconf 85' lang='lat' dir='ltr'>in-</span> 
     </span>
    </p>
   </div>
   <div class='ocr_carea' id='block_1_51' title="bbox 2180 2708 3827 2783">
    <p class='ocr_par' dir='ltr' id='par_1_51' title="bbox 2180 2708 3827 2783">
     <span class='ocr_line' id='line_1_51' title="bbox 2180 2708 3827 2783; baseline 0.005 -20"><span class='ocrx_word' id='word_1_337' title='bbox 2180 2713 2369 2764; x_wconf 81' lang='lat' dir='ltr'>stante</span> <span class='ocrx_word' id='word_1_338' title='bbox 2421 2708 2737 2764; x_wconf 89' lang='lat' dir='ltr'>Hrodhilde</span> <span class='ocrx_word' id='word_1_339' title='bbox 2792 2710 2939 2780; x_wconf 85' lang='grc'>(127)</span> <span class='ocrx_word' id='word_1_340' title='bbox 2974 2709 3073 2765; x_wconf 70' lang='lat'>58</span> <span class='ocrx_word' id='word_1_341' title='bbox 3121 2710 3369 2783; x_wconf 87' lang='lat' dir='ltr'>conjuge</span> <span class='ocrx_word' id='word_1_342' title='bbox 3399 2728 3528 2778; x_wconf 88' lang='lat' dir='ltr'>sua,</span> <span class='ocrx_word' id='word_1_343' title='bbox 3560 2729 3595 2768; x_wconf 86' lang='lat' dir='ltr'>a</span> <span class='ocrx_word' id='word_1_344' title='bbox 3622 2717 3827 2771; x_wconf 88' lang='lat' dir='ltr'>sancto</span> 
     </span>
    </p>
   </div>
   <div class='ocr_carea' id='block_1_52' title="bbox 2180 2796 3824 2870">
    <p class='ocr_par' dir='ltr' id='par_1_52' title="bbox 2180 2796 3824 2870">
     <span class='ocr_line' id='line_1_52' title="bbox 2180 2796 3824 2870; baseline 0.004 -19"><span class='ocrx_word' id='word_1_345' title='bbox 2180 2796 2442 2869; x_wconf 80' lang='lat' dir='ltr'>Remigio</span> <span class='ocrx_word' id='word_1_346' title='bbox 2476 2796 2749 2852; x_wconf 80' lang='lat' dir='ltr'>Remensi</span> <span class='ocrx_word' id='word_1_347' title='bbox 2778 2796 3216 2870; x_wconf 88' lang='lat' dir='ltr'>archiepiscopo</span> <span class='ocrx_word' id='word_1_348' title='bbox 3249 2798 3361 2854; x_wconf 79' lang='lat' dir='ltr'>{ide</span> <span class='ocrx_word' id='word_1_349' title='bbox 3390 2798 3604 2856; x_wconf 86' lang='lat' dir='ltr'>Christi</span> <span class='ocrx_word' id='word_1_350' title='bbox 3626 2800 3824 2858; x_wconf 89' lang='lat' dir='ltr'>imbu-</span> 
     </span>
    </p>
   </div>
   <div class='ocr_carea' id='block_1_53' title="bbox 497 2885 3826 2963">
    <p class='ocr_par' dir='ltr' id='par_1_53' title="bbox 497 2885 3826 2963">
     <span class='ocr_line' id='line_1_53' title="bbox 497 2885 3826 2963; baseline 0.002 -21"><span class='ocrx_word' id='word_1_351' title='bbox 497 2888 587 2942; x_wconf 72' lang='lat'>51</span> <span class='ocrx_word' id='word_1_352' title='bbox 630 2887 727 2941; x_wconf 90' lang='grc'>491</span> <span class='ocrx_word' id='word_1_353' title='bbox 764 2887 960 2941; x_wconf 66' lang='lat' dir='ltr'>Romae</span> <span class='ocrx_word' id='word_1_354' title='bbox 991 2887 1263 2941; x_wconf 88' lang='lat' dir='ltr'>defuncto</span> <span class='ocrx_word' id='word_1_355' title='bbox 1288 2885 1472 2941; x_wconf 89' lang='lat' dir='ltr'>Felice</span> <span class='ocrx_word' id='word_1_356' title='bbox 1512 2903 1663 2958; x_wconf 91' lang='lat' dir='ltr'>papa</span> <span class='ocrx_word' id='word_1_357' title='bbox 1692 2886 2003 2943; x_wconf 89' lang='lat' dir='ltr'>concilium</span> <span class='ocrx_word' id='word_1_358' title='bbox 2037 2904 2071 2943; x_wconf 90' lang='lat' dir='ltr'>a</span> <span class='ocrx_word' id='word_1_359' title='bbox 2176 2889 2296 2951; x_wconf 90' lang='lat' dir='ltr'>tus,</span> <span class='ocrx_word' id='word_1_360' title='bbox 2347 2901 2480 2940; x_wconf 92' lang='lat' dir='ltr'>cum</span> <span class='ocrx_word' id='word_1_361' title='bbox 2510 2891 2680 2957; x_wconf 84' lang='lat' dir='ltr'>gente</span> <span class='ocrx_word' id='word_1_362' title='bbox 2713 2902 2822 2941; x_wconf 89' lang='lat' dir='ltr'>sua</span> <span class='ocrx_word' id='word_1_363' title='bbox 2868 2886 3220 2959; x_wconf 86' lang='lat' dir='ltr'>baptizatur.</span> <span class='ocrx_word' id='word_1_364' title='bbox 3270 2887 3426 2959; x_wconf 84' lang='lat' dir='ltr'>Greg.</span> <span class='ocrx_word' id='word_1_365' title='bbox 3460 2889 3588 2944; x_wconf 90' lang='lat' dir='ltr'>Tur.</span> <span class='ocrx_word' id='word_1_366' title='bbox 3626 2907 3683 2945; x_wconf 92' lang='lat' dir='ltr'>a.</span> <span class='ocrx_word' id='word_1_367' title='bbox 3712 2907 3826 2963; x_wconf 84' lang='lat' dir='ltr'>seq.</span> 
     </span>
    </p>
   </div>
   <div class='ocr_carea' id='block_1_54' title="bbox 422 2973 3824 3049">
    <p class='ocr_par' dir='ltr' id='par_1_54' title="bbox 422 2973 3824 3049">
     <span class='ocr_line' id='line_1_54' title="bbox 422 2973 3824 3049; baseline 0.001 -19"><span class='ocrx_word' id='word_1_368' title='bbox 422 2975 776 3048; x_wconf 82' lang='lat' dir='ltr'>presbyteris</span> <span class='ocrx_word' id='word_1_369' title='bbox 809 2980 866 3030; x_wconf 90' lang='lat' dir='ltr'>et</span> <span class='ocrx_word' id='word_1_370' title='bbox 901 2975 1248 3030; x_wconf 90' lang='lat' dir='ltr'>diaconibus</span> <span class='ocrx_word' id='word_1_371' title='bbox 1280 2980 1474 3029; x_wconf 87' lang='lat' dir='ltr'>actum</span> <span class='ocrx_word' id='word_1_372' title='bbox 1505 2975 1676 3045; x_wconf 78' lang='lat'>(126).</span> <span class='ocrx_word' id='word_1_373' title='bbox 2249 2974 2354 3029; x_wconf 86' lang='grc'>496</span> <span class='ocrx_word' id='word_1_374' title='bbox 2383 2973 2814 3029; x_wconf 88' lang='lat' dir='ltr'>Gundamundo</span> <span class='ocrx_word' id='word_1_375' title='bbox 2863 2990 2996 3047; x_wconf 88' lang='lat' dir='ltr'>rege</span> <span class='ocrx_word' id='word_1_376' title='bbox 3049 2974 3476 3032; x_wconf 86' lang='lat' dir='ltr'>Wandalorum</span> <span class='ocrx_word' id='word_1_377' title='bbox 3524 2977 3824 3049; x_wconf 79' lang='lat' dir='ltr'>defuncto,</span> 
     </span>
    </p>
   </div>
   <div class='ocr_carea' id='block_1_55' title="bbox 494 3050 3820 3139">
    <p class='ocr_par' dir='ltr' id='par_1_55' title="bbox 494 3050 3820 3139">
     <span class='ocr_line' id='line_1_55' title="bbox 494 3050 3820 3139; baseline 0.002 -22"><span class='ocrx_word' id='word_1_378' title='bbox 494 3064 598 3117; x_wconf 79' lang='grc'>492</span> <span class='ocrx_word' id='word_1_379' title='bbox 624 3063 1019 3119; x_wconf 89' lang='lat' dir='ltr'>Theodericus</span> <span class='ocrx_word' id='word_1_380' title='bbox 1043 3064 1326 3118; x_wconf 67' lang='lat' dir='ltr'>Rovennaa</span> <span class='ocrx_word' id='word_1_381' title='bbox 1349 3050 1673 3119; x_wconf 84' lang='lat' dir='ltr'>Odoacrum</span> <span class='ocrx_word' id='word_1_382' title='bbox 1693 3063 1938 3120; x_wconf 89' lang='lat' dir='ltr'>insidias</span> <span class='ocrx_word' id='word_1_383' title='bbox 1956 3064 2068 3121; x_wconf 89' lang='lat' dir='ltr'>sibi</span> <span class='ocrx_word' id='word_1_384' title='bbox 2178 3062 2622 3118; x_wconf 85' lang='lat' dir='ltr'>Trasamundus</span> <span class='ocrx_word' id='word_1_385' title='bbox 2651 3079 2785 3117; x_wconf 71' lang='lat' dir='ltr'>xxvx</span> <span class='ocrx_word' id='word_1_386' title='bbox 2816 3062 2989 3135; x_wconf 88' lang='lat' dir='ltr'>paulo</span> <span class='ocrx_word' id='word_1_387' title='bbox 3021 3062 3154 3135; x_wconf 91' lang='lat' dir='ltr'>plus</span> <span class='ocrx_word' id='word_1_388' title='bbox 3175 3064 3348 3120; x_wconf 82' lang='lat' dir='ltr'>annis</span> <span class='ocrx_word' id='word_1_389' title='bbox 3377 3081 3480 3136; x_wconf 88' lang='lat' dir='ltr'>pro</span> <span class='ocrx_word' id='word_1_390' title='bbox 3510 3082 3578 3122; x_wconf 90' lang='lat' dir='ltr'>eo</span> <span class='ocrx_word' id='word_1_391' title='bbox 3609 3083 3820 3139; x_wconf 79' lang='lat' dir='ltr'>regna-</span> 
     </span>
    </p>
   </div>
   <div class='ocr_carea' id='block_1_56' title="bbox 422 3150 3826 3228">
    <p class='ocr_par' dir='ltr' id='par_1_56' title="bbox 422 3150 3826 3228">
     <span class='ocr_line' id='line_1_56' title="bbox 422 3150 3826 3228; baseline 0.003 -23"><span class='ocrx_word' id='word_1_392' title='bbox 422 3150 760 3206; x_wconf 90' lang='lat' dir='ltr'>molientem</span> <span class='ocrx_word' id='word_1_393' title='bbox 782 3151 1120 3222; x_wconf 87' lang='lat' dir='ltr'>peremit,ac</span> <span class='ocrx_word' id='word_1_394' title='bbox 1140 3150 1604 3222; x_wconf 86' lang='lat' dir='ltr'>ipseOccidentis</span> <span class='ocrx_word' id='word_1_395' title='bbox 1626 3151 1937 3222; x_wconf 88' lang='lat' dir='ltr'>imperium</span> <span class='ocrx_word' id='word_1_396' title='bbox 1960 3169 2070 3207; x_wconf 82' lang='lat' dir='ltr'>xxx</span> <span class='ocrx_word' id='word_1_397' title='bbox 2175 3153 2275 3207; x_wconf 91' lang='lat' dir='ltr'>vit.</span> <span class='ocrx_word' id='word_1_398' title='bbox 2311 3152 2416 3218; x_wconf 90' lang='lat' dir='ltr'>Qui</span> <span class='ocrx_word' id='word_1_399' title='bbox 2446 3152 2586 3207; x_wconf 91' lang='lat' dir='ltr'>item</span> <span class='ocrx_word' id='word_1_400' title='bbox 2617 3150 2919 3208; x_wconf 90' lang='lat' dir='ltr'>catholicis</span> <span class='ocrx_word' id='word_1_401' title='bbox 2948 3152 3198 3209; x_wconf 86' lang='lat' dir='ltr'>infestus</span> <span class='ocrx_word' id='word_1_402' title='bbox 3245 3153 3522 3210; x_wconf 90' lang='lat' dir='ltr'>ecclesias</span> <span class='ocrx_word' id='word_1_403' title='bbox 3553 3159 3689 3228; x_wconf 85' lang='lat' dir='ltr'>post</span> <span class='ocrx_word' id='word_1_404' title='bbox 3718 3157 3826 3214; x_wconf 78' lang='lat' dir='ltr'>ali-</span> 
     </span>
    </p>
   </div>
   <div class='ocr_carea' id='block_1_57' title="bbox 421 3238 3826 3314">
    <p class='ocr_par' dir='ltr' id='par_1_57' title="bbox 421 3238 3826 3314">
     <span class='ocr_line' id='line_1_57' title="bbox 421 3238 3826 3314; baseline 0.002 -19"><span class='ocrx_word' id='word_1_405' title='bbox 421 3241 592 3295; x_wconf 87' lang='lat' dir='ltr'>annis</span> <span class='ocrx_word' id='word_1_406' title='bbox 641 3238 912 3295; x_wconf 90' lang='lat' dir='ltr'>obtinuit.</span> <span class='ocrx_word' id='word_1_407' title='bbox 970 3239 1117 3294; x_wconf 85' lang='lat' dir='ltr'>Cass.</span> <span class='ocrx_word' id='word_1_408' title='bbox 1178 3240 1383 3295; x_wconf 79' lang='lat' dir='ltr'>Marius</span> <span class='ocrx_word' id='word_1_409' title='bbox 1442 3257 1495 3294; x_wconf 89' lang='lat' dir='ltr'>a.</span> <span class='ocrx_word' id='word_1_410' title='bbox 1553 3256 1667 3312; x_wconf 85' lang='lat' dir='ltr'>seq.</span> <span class='ocrx_word' id='word_1_411' title='bbox 1728 3271 1793 3281; x_wconf 93' lang='lat'>—</span> <span class='ocrx_word' id='word_1_412' title='bbox 1873 3242 2066 3297; x_wconf 66' lang='lat' dir='ltr'>Romae</span> <span class='ocrx_word' id='word_1_413' title='bbox 2178 3247 2320 3312; x_wconf 85' lang='lat' dir='ltr'>quot</span> <span class='ocrx_word' id='word_1_414' title='bbox 2345 3257 2529 3295; x_wconf 90' lang='lat' dir='ltr'>annos</span> <span class='ocrx_word' id='word_1_415' title='bbox 2559 3239 2790 3307; x_wconf 83' lang='lat' dir='ltr'>clausit,</span> <span class='ocrx_word' id='word_1_416' title='bbox 2824 3245 2880 3296; x_wconf 89' lang='lat' dir='ltr'>et</span> <span class='ocrx_word' id='word_1_417' title='bbox 2908 3240 3063 3296; x_wconf 87' lang='lat' dir='ltr'>inter</span> <span class='ocrx_word' id='word_1_418' title='bbox 3110 3240 3256 3296; x_wconf 89' lang='lat' dir='ltr'>alios</span> <span class='ocrx_word' id='word_1_419' title='bbox 3286 3243 3717 3314; x_wconf 86' lang='lat' dir='ltr'>persecutionis</span> <span class='ocrx_word' id='word_1_420' title='bbox 3741 3244 3826 3302; x_wconf 85' lang='lat' dir='ltr'>la-</span> 
     </span>
    </p>
   </div>
   <div class='ocr_carea' id='block_1_58' title="bbox 421 3327 3827 3401">
    <p class='ocr_par' dir='ltr' id='par_1_58' title="bbox 421 3327 3827 3401">
     <span class='ocr_line' id='line_1_58' title="bbox 421 3327 3827 3401; baseline 0.002 -17"><span class='ocrx_word' id='word_1_421' title='bbox 421 3328 684 3385; x_wconf 88' lang='lat' dir='ltr'>Gelasius</span> <span class='ocrx_word' id='word_1_422' title='bbox 708 3344 857 3400; x_wconf 82' lang='lat' dir='ltr'>papa</span> <span class='ocrx_word' id='word_1_423' title='bbox 917 3328 982 3383; x_wconf 88' lang='lat' dir='ltr'>LI</span> <span class='ocrx_word' id='word_1_424' title='bbox 1009 3327 1159 3383; x_wconf 90' lang='lat' dir='ltr'>sedit</span> <span class='ocrx_word' id='word_1_425' title='bbox 1187 3328 1356 3383; x_wconf 91' lang='lat' dir='ltr'>annis</span> <span class='ocrx_word' id='word_1_426' title='bbox 1386 3345 1463 3395; x_wconf 85' lang='grc' dir='ltr'>ιν,</span> <span class='ocrx_word' id='word_1_427' title='bbox 1494 3329 1798 3385; x_wconf 88' lang='lat' dir='ltr'>mensibus</span> <span class='ocrx_word' id='word_1_428' title='bbox 1845 3347 1946 3397; x_wconf 84' lang='lat' dir='ltr'>vu,</span> <span class='ocrx_word' id='word_1_429' title='bbox 1977 3330 2065 3386; x_wconf 91' lang='lat' dir='ltr'>vir</span> <span class='ocrx_word' id='word_1_430' title='bbox 2106 3395 2137 3401; x_wconf 74' lang='lat'>_</span> <span class='ocrx_word' id='word_1_431' title='bbox 2177 3331 2344 3386; x_wconf 89' lang='lat' dir='ltr'>bores</span> <span class='ocrx_word' id='word_1_432' title='bbox 2373 3345 2514 3384; x_wconf 64' lang='lat' dir='ltr'>ccxx.</span> <span class='ocrx_word' id='word_1_433' title='bbox 2541 3328 2847 3401; x_wconf 86' lang='lat' dir='ltr'>episcopos</span> <span class='ocrx_word' id='word_1_434' title='bbox 2876 3329 3078 3386; x_wconf 77' lang='lat' dir='ltr'>exsilio</span> <span class='ocrx_word' id='word_1_435' title='bbox 3105 3330 3166 3385; x_wconf 91' lang='lat' dir='ltr'>in</span> <span class='ocrx_word' id='word_1_436' title='bbox 3197 3330 3470 3387; x_wconf 87' lang='lat' dir='ltr'>Sardinia</span> <span class='ocrx_word' id='word_1_437' title='bbox 3492 3335 3552 3389; x_wconf 86' lang='lat' dir='ltr'>et</span> <span class='ocrx_word' id='word_1_438' title='bbox 3570 3332 3704 3390; x_wconf 88' lang='lat' dir='ltr'>aliis</span> <span class='ocrx_word' id='word_1_439' title='bbox 3734 3334 3827 3391; x_wconf 87' lang='lat' dir='ltr'>in-</span> 
     </span>
    </p>
   </div>
   <div class='ocr_carea' id='block_1_59' title="bbox 419 3395 3715 3495">
    <p class='ocr_par' dir='ltr' id='par_1_59' title="bbox 419 3395 3715 3495">
     <span class='ocr_line' id='line_1_59' title="bbox 419 3395 3715 3495; baseline 0.001 -21"><span class='ocrx_word' id='word_1_440' title='bbox 419 3419 647 3485; x_wconf 90' lang='lat' dir='ltr'>doctus,</span> <span class='ocrx_word' id='word_1_441' title='bbox 679 3395 736 3472; x_wconf 75' lang='lat' dir='ltr'>et</span> <span class='ocrx_word' id='word_1_442' title='bbox 756 3395 909 3489; x_wconf 74' lang='lat' dir='ltr'>pius,</span> <span class='ocrx_word' id='word_1_443' title='bbox 943 3417 1040 3489; x_wconf 90' lang='lat' dir='ltr'>qui</span> <span class='ocrx_word' id='word_1_444' title='bbox 1067 3434 1169 3490; x_wconf 87' lang='lat' dir='ltr'>pro</span> <span class='ocrx_word' id='word_1_445' title='bbox 1185 3416 1453 3473; x_wconf 84' lang='lat' dir='ltr'>Ecclesiae</span> <span class='ocrx_word' id='word_1_446' title='bbox 1473 3422 1628 3473; x_wconf 89' lang='lat' dir='ltr'>statu</span> <span class='ocrx_word' id='word_1_447' title='bbox 1650 3395 1939 3474; x_wconf 85' lang='lat' dir='ltr'>nonnulla</span> <span class='ocrx_word' id='word_1_448' title='bbox 1963 3420 2061 3475; x_wconf 88' lang='lat' dir='ltr'>de-</span> <span class='ocrx_word' id='word_1_449' title='bbox 2096 3395 2139 3463; x_wconf 62' lang='grc' dir='ltr'><em>ε</em></span> <span class='ocrx_word' id='word_1_450' title='bbox 2178 3419 2326 3476; x_wconf 89' lang='lat' dir='ltr'>sulis</span> <span class='ocrx_word' id='word_1_451' title='bbox 2357 3395 2595 3473; x_wconf 50' lang='lat' dir='ltr'>afﬂixit:</span> <span class='ocrx_word' id='word_1_452' title='bbox 2615 3395 2759 3472; x_wconf 58' lang='lat' dir='ltr'>Hist:</span> <span class='ocrx_word' id='word_1_453' title='bbox 2782 3419 3011 3474; x_wconf 85' lang='lat' dir='ltr'>miscell.</span> <span class='ocrx_word' id='word_1_454' title='bbox 3047 3423 3270 3490; x_wconf 86' lang='lat' dir='ltr'>Procep.</span> <span class='ocrx_word' id='word_1_455' title='bbox 3315 3419 3406 3476; x_wconf 87' lang='lat' dir='ltr'>ad.</span> <span class='ocrx_word' id='word_1_456' title='bbox 3436 3437 3571 3476; x_wconf 82' lang='lat' dir='ltr'>ann.</span> <span class='ocrx_word' id='word_1_457' title='bbox 3603 3438 3715 3495; x_wconf 85' lang='lat' dir='ltr'>seq.</span> 
     </span>
    </p>
   </div>
   <div class='ocr_carea' id='block_1_60' title="bbox 420 3505 3825 3578">
    <p class='ocr_par' dir='ltr' id='par_1_60' title="bbox 420 3505 3825 3578">
     <span class='ocr_line' id='line_1_60' title="bbox 420 3505 3825 3578; baseline 0.002 -16"><span class='ocrx_word' id='word_1_458' title='bbox 420 3512 579 3563; x_wconf 88' lang='lat' dir='ltr'>creta</span> <span class='ocrx_word' id='word_1_459' title='bbox 609 3505 759 3572; x_wconf 86' lang='lat' dir='ltr'>fecit,</span> <span class='ocrx_word' id='word_1_460' title='bbox 786 3505 969 3561; x_wconf 87' lang='lat' dir='ltr'>multa</span> <span class='ocrx_word' id='word_1_461' title='bbox 989 3505 1319 3560; x_wconf 88' lang='lat' dir='ltr'>sublimiter</span> <span class='ocrx_word' id='word_1_462' title='bbox 1348 3506 1605 3578; x_wconf 89' lang='lat' dir='ltr'>scripsit,</span> <span class='ocrx_word' id='word_1_463' title='bbox 1638 3507 1937 3564; x_wconf 63' lang='lat' dir='ltr'>heereticos</span> <span class='ocrx_word' id='word_1_464' title='bbox 1968 3508 2063 3565; x_wconf 91' lang='lat' dir='ltr'>da-</span> <span class='ocrx_word' id='word_1_465' title='bbox 2242 3508 2344 3562; x_wconf 83' lang='grc'>497</span> <span class='ocrx_word' id='word_1_466' title='bbox 2375 3505 2629 3574; x_wconf 88' lang='lat' dir='ltr'>Boetius,</span> <span class='ocrx_word' id='word_1_467' title='bbox 2662 3505 2943 3578; x_wconf 89' lang='lat' dir='ltr'>patricius</span> <span class='ocrx_word' id='word_1_468' title='bbox 2974 3510 3032 3563; x_wconf 89' lang='lat' dir='ltr'>et</span> <span class='ocrx_word' id='word_1_469' title='bbox 3069 3507 3294 3575; x_wconf 91' lang='lat' dir='ltr'>consul,</span> <span class='ocrx_word' id='word_1_470' title='bbox 3328 3507 3515 3565; x_wconf 88' lang='lat' dir='ltr'>multa</span> <span class='ocrx_word' id='word_1_471' title='bbox 3544 3509 3638 3566; x_wconf 89' lang='lat' dir='ltr'>his</span> <span class='ocrx_word' id='word_1_472' title='bbox 3670 3515 3825 3568; x_wconf 89' lang='lat' dir='ltr'>tem-</span> 
     </span>
    </p>
   </div>
   <div class='ocr_carea' id='block_1_61' title="bbox 419 3593 3823 3672">
    <p class='ocr_par' dir='ltr' id='par_1_61' title="bbox 419 3593 3823 3672">
     <span class='ocr_line' id='line_1_61' title="bbox 419 3593 3823 3672; baseline 0.002 -22"><span class='ocrx_word' id='word_1_473' title='bbox 419 3595 661 3662; x_wconf 86' lang='lat' dir='ltr'>mnavit,</span> <span class='ocrx_word' id='word_1_474' title='bbox 689 3593 908 3650; x_wconf 86' lang='lat' dir='ltr'>clerum</span> <span class='ocrx_word' id='word_1_475' title='bbox 941 3594 1265 3650; x_wconf 80' lang='lat' dir='ltr'>Romanum</span> <span class='ocrx_word' id='word_1_476' title='bbox 1297 3593 1475 3661; x_wconf 80' lang='lat' dir='ltr'>auxit,</span> <span class='ocrx_word' id='word_1_477' title='bbox 1510 3611 1795 3667; x_wconf 90' lang='lat' dir='ltr'>pauperes</span> <span class='ocrx_word' id='word_1_478' title='bbox 1839 3596 2058 3652; x_wconf 86' lang='lat' dir='ltr'>dilexit.</span> <span class='ocrx_word' id='word_1_479' title='bbox 2170 3595 2411 3669; x_wconf 90' lang='lat' dir='ltr'>poribus</span> <span class='ocrx_word' id='word_1_480' title='bbox 2444 3594 2660 3667; x_wconf 90' lang='lat' dir='ltr'>ingenii</span> <span class='ocrx_word' id='word_1_481' title='bbox 2691 3594 2784 3651; x_wconf 90' lang='lat' dir='ltr'>sui</span> <span class='ocrx_word' id='word_1_482' title='bbox 2815 3595 3177 3652; x_wconf 88' lang='lat' dir='ltr'>monimenta</span> <span class='ocrx_word' id='word_1_483' title='bbox 3232 3596 3293 3652; x_wconf 91' lang='lat' dir='ltr'>in</span> <span class='ocrx_word' id='word_1_484' title='bbox 3334 3598 3600 3654; x_wconf 63' lang='lat' dir='ltr'>saculari</span> <span class='ocrx_word' id='word_1_485' title='bbox 3627 3599 3823 3672; x_wconf 89' lang='lat' dir='ltr'>philo-</span> 
     </span>
    </p>
   </div>
   <div class='ocr_carea' id='block_1_62' title="bbox 1446 3754 2758 3813">
    <p class='ocr_par' dir='ltr' id='par_1_62' title="bbox 1446 3754 2758 3813">
     <span class='ocr_line' id='line_1_62' title="bbox 1446 3754 2758 3813; baseline -0.001 -3"><span class='ocrx_word' id='word_1_486' title='bbox 1446 3755 1919 3812; x_wconf 81' lang='lat' dir='ltr'>COMPENDIUM</span> <span class='ocrx_word' id='word_1_487' title='bbox 1960 3758 2050 3813; x_wconf 90' lang='lat' dir='ltr'>EX</span> <span class='ocrx_word' id='word_1_488' title='bbox 2088 3755 2342 3813; x_wconf 86' lang='lat' dir='ltr'>CODICE</span> <span class='ocrx_word' id='word_1_489' title='bbox 2383 3754 2758 3811; x_wconf 81' lang='lat' dir='ltr'>BERNOLDI.</span> 
     </span>
    </p>
   </div>
   <div class='ocr_carea' id='block_1_63' title="bbox 2168 3888 2781 3959">
    <p class='ocr_par' dir='ltr' id='par_1_63' title="bbox 2168 3888 2781 3959">
     <span class='ocr_line' id='line_1_63' title="bbox 2168 3888 2781 3959; baseline -0.002 -15"><span class='ocrx_word' id='word_1_490' title='bbox 2168 3889 2347 3944; x_wconf 89' lang='lat' dir='ltr'>multa</span> <span class='ocrx_word' id='word_1_491' title='bbox 2392 3888 2607 3943; x_wconf 80' lang='lat' dir='ltr'>decreta</span> <span class='ocrx_word' id='word_1_492' title='bbox 2631 3889 2781 3959; x_wconf 82' lang='lat' dir='ltr'>fecit.</span> 
     </span>
    </p>
   </div>
   <div class='ocr_carea' id='block_1_64' title="bbox 2241 3976 3819 4053">
    <p class='ocr_par' dir='ltr' id='par_1_64' title="bbox 2241 3976 3819 4053">
     <span class='ocr_line' id='line_1_64' title="bbox 2241 3976 3819 4053; baseline 0.004 -21"><span class='ocrx_word' id='word_1_493' title='bbox 2241 3977 2344 4032; x_wconf 85' lang='grc'>493</span> <span class='ocrx_word' id='word_1_494' title='bbox 2373 3978 2479 4032; x_wconf 85' lang='lat' dir='ltr'>Hoc</span> <span class='ocrx_word' id='word_1_495' title='bbox 2534 3984 2771 4048; x_wconf 86' lang='lat' dir='ltr'>tempore</span> <span class='ocrx_word' id='word_1_496' title='bbox 2801 3978 2858 4032; x_wconf 90' lang='lat' dir='ltr'>in</span> <span class='ocrx_word' id='word_1_497' title='bbox 2890 3977 3079 4049; x_wconf 79' lang='lat' dir='ltr'>Africa</span> <span class='ocrx_word' id='word_1_498' title='bbox 3129 3976 3316 4033; x_wconf 86' lang='lat' dir='ltr'>beatus</span> <span class='ocrx_word' id='word_1_499' title='bbox 3345 3979 3669 4051; x_wconf 82' lang='lat' dir='ltr'>Fulgentius</span> <span class='ocrx_word' id='word_1_500' title='bbox 3696 3984 3819 4053; x_wconf 82' lang='lat' dir='ltr'>epi-</span> 
     </span>
    </p>
   </div>
   <div class='ocr_carea' id='block_1_65' title="bbox 488 3887 2053 3959">
    <p class='ocr_par' dir='ltr' id='par_1_65' title="bbox 488 3887 2053 3959">
     <span class='ocr_line' id='line_1_65' title="bbox 488 3887 2053 3959; baseline 0 -14"><span class='ocrx_word' id='word_1_501' title='bbox 488 3891 591 3946; x_wconf 88' lang='grc'>488</span> <span class='ocrx_word' id='word_1_502' title='bbox 631 3888 981 3945; x_wconf 84' lang='lat' dir='ltr'>Theodericus</span> <span class='ocrx_word' id='word_1_503' title='bbox 1010 3903 1176 3944; x_wconf 74' lang='lat' dir='ltr'>rex...</span> <span class='ocrx_word' id='word_1_504' title='bbox 1227 3889 1433 3959; x_wconf 84' lang='lat' dir='ltr'>petiit:</span> <span class='ocrx_word' id='word_1_505' title='bbox 1464 3889 1556 3943; x_wconf 88' lang='lat' dir='ltr'>cui</span> <span class='ocrx_word' id='word_1_506' title='bbox 1600 3887 1842 3945; x_wconf 86' lang='lat' dir='ltr'>Odoacer</span> <span class='ocrx_word' id='word_1_507' title='bbox 1868 3906 2053 3945; x_wconf 87' lang='lat' dir='ltr'>occur-</span> 
     </span>
    </p>
   </div>
   <div class='ocr_carea' id='block_1_66' title="bbox 413 3977 1603 4048">
    <p class='ocr_par' dir='ltr' id='par_1_66' title="bbox 413 3977 1603 4048">
     <span class='ocr_line' id='line_1_66' title="bbox 413 3977 1603 4048; baseline -0.003 -13"><span class='ocrx_word' id='word_1_508' title='bbox 413 3997 543 4037; x_wconf 84' lang='lat' dir='ltr'>rens</span> <span class='ocrx_word' id='word_1_509' title='bbox 571 3979 707 4035; x_wconf 86' lang='lat' dir='ltr'>bello</span> <span class='ocrx_word' id='word_1_510' title='bbox 737 3978 1012 4047; x_wconf 75' lang='lat' dir='ltr'>conﬂixit,</span> <span class='ocrx_word' id='word_1_511' title='bbox 1041 3977 1132 4032; x_wconf 86' lang='lat' dir='ltr'>sed</span> <span class='ocrx_word' id='word_1_512' title='bbox 1165 3979 1334 4033; x_wconf 86' lang='lat' dir='ltr'>victus</span> <span class='ocrx_word' id='word_1_513' title='bbox 1365 3978 1603 4048; x_wconf 81' lang='lat' dir='ltr'>aufugit.</span> 
     </span>
    </p>
   </div>
   <div class='ocr_carea' id='block_1_67' title="bbox 485 4066 2057 4136">
    <p class='ocr_par' dir='ltr' id='par_1_67' title="bbox 485 4066 2057 4136">
     <span class='ocr_line' id='line_1_67' title="bbox 485 4066 2057 4136; baseline 0.001 -14"><span class='ocrx_word' id='word_1_514' title='bbox 485 4069 589 4122; x_wconf 88' lang='grc'>489</span> <span class='ocrx_word' id='word_1_515' title='bbox 626 4066 979 4123; x_wconf 85' lang='lat' dir='ltr'>Theodericus</span> <span class='ocrx_word' id='word_1_516' title='bbox 1006 4066 1306 4122; x_wconf 87' lang='lat' dir='ltr'>Odoacrum</span> <span class='ocrx_word' id='word_1_517' title='bbox 1327 4067 1449 4136; x_wconf 86' lang='lat' dir='ltr'>jam</span> <span class='ocrx_word' id='word_1_518' title='bbox 1492 4068 1651 4122; x_wconf 85' lang='lat' dir='ltr'>tertio</span> <span class='ocrx_word' id='word_1_519' title='bbox 1679 4066 1875 4122; x_wconf 88' lang='lat' dir='ltr'>devicit</span> <span class='ocrx_word' id='word_1_520' title='bbox 1904 4083 2057 4123; x_wconf 88' lang='lat' dir='ltr'>eum-</span> 
     </span>
    </p>
   </div>
   <div class='ocr_carea' id='block_1_68' title="bbox 411 4155 1348 4231">
    <p class='ocr_par' dir='ltr' id='par_1_68' title="bbox 411 4155 1348 4231">
     <span class='ocr_line' id='line_1_68' title="bbox 411 4155 1348 4231; baseline -0.003 -19"><span class='ocrx_word' id='word_1_521' title='bbox 411 4173 515 4231; x_wconf 83' lang='lat' dir='ltr'>que</span> <span class='ocrx_word' id='word_1_522' title='bbox 542 4160 799 4228; x_wconf 79' lang='lat' dir='ltr'>fugatum</span> <span class='ocrx_word' id='word_1_523' title='bbox 826 4156 1101 4211; x_wconf 70' lang='lat' dir='ltr'>Ravenna?</span> <span class='ocrx_word' id='word_1_524' title='bbox 1128 4155 1348 4210; x_wconf 81' lang='lat' dir='ltr'>obsedit.</span> 
     </span>
    </p>
   </div>
   <div class='ocr_carea' id='block_1_69' title="bbox 485 4243 2061 4316">
    <p class='ocr_par' dir='ltr' id='par_1_69' title="bbox 485 4243 2061 4316">
     <span class='ocr_line' id='line_1_69' title="bbox 485 4243 2061 4316; baseline 0.001 -17"><span class='ocrx_word' id='word_1_525' title='bbox 485 4245 589 4301; x_wconf 83' lang='grc'>490</span> <span class='ocrx_word' id='word_1_526' title='bbox 622 4244 859 4300; x_wconf 87' lang='lat' dir='ltr'>Odoacer</span> <span class='ocrx_word' id='word_1_527' title='bbox 938 4247 1132 4316; x_wconf 88' lang='lat' dir='ltr'>quarto</span> <span class='ocrx_word' id='word_1_528' title='bbox 1188 4245 1489 4314; x_wconf 82' lang='lat' dir='ltr'>conﬂigens</span> <span class='ocrx_word' id='word_1_529' title='bbox 1547 4260 1671 4299; x_wconf 89' lang='lat' dir='ltr'>cum</span> <span class='ocrx_word' id='word_1_530' title='bbox 1745 4243 2061 4300; x_wconf 86' lang='lat' dir='ltr'>Theoderico</span> 
     </span>
    </p>
   </div>
   <div class='ocr_carea' id='block_1_70' title="bbox 411 4332 2063 4404">
    <p class='ocr_par' dir='ltr' id='par_1_70' title="bbox 411 4332 2063 4404">
     <span class='ocr_line' id='line_1_70' title="bbox 411 4332 2063 4404; baseline -0.001 -15"><span class='ocrx_word' id='word_1_531' title='bbox 411 4335 585 4389; x_wconf 83' lang='lat' dir='ltr'>victus</span> <span class='ocrx_word' id='word_1_532' title='bbox 614 4338 668 4388; x_wconf 88' lang='lat' dir='ltr'>et</span> <span class='ocrx_word' id='word_1_533' title='bbox 698 4340 881 4404; x_wconf 87' lang='lat' dir='ltr'>captus</span> <span class='ocrx_word' id='word_1_534' title='bbox 910 4337 1006 4388; x_wconf 91' lang='lat' dir='ltr'>est.</span> <span class='ocrx_word' id='word_1_535' title='bbox 1039 4332 1507 4404; x_wconf 75' lang='lat' dir='ltr'>Constantinopoli</span> <span class='ocrx_word' id='word_1_536' title='bbox 1534 4333 1714 4388; x_wconf 83' lang='lat' dir='ltr'>Zenon</span> <span class='ocrx_word' id='word_1_537' title='bbox 1742 4334 1873 4403; x_wconf 87' lang='lat' dir='ltr'>imp.</span> <span class='ocrx_word' id='word_1_538' title='bbox 1897 4334 2063 4388; x_wconf 88' lang='lat' dir='ltr'>mori-</span> 
     </span>
    </p>
   </div>
   <div class='ocr_carea' id='block_1_71' title="bbox 414 4421 2059 4494">
    <p class='ocr_par' dir='ltr' id='par_1_71' title="bbox 414 4421 2059 4494">
     <span class='ocr_line' id='line_1_71' title="bbox 414 4421 2059 4494; baseline 0 -15"><span class='ocrx_word' id='word_1_539' title='bbox 414 4431 526 4489; x_wconf 88' lang='lat' dir='ltr'>tur,</span> <span class='ocrx_word' id='word_1_540' title='bbox 578 4431 697 4494; x_wconf 87' lang='lat' dir='ltr'>post</span> <span class='ocrx_word' id='word_1_541' title='bbox 728 4438 887 4493; x_wconf 85' lang='lat' dir='ltr'>quem</span> <span class='ocrx_word' id='word_1_542' title='bbox 917 4422 1239 4477; x_wconf 82' lang='lat' dir='ltr'>Anastasius</span> <span class='ocrx_word' id='word_1_543' title='bbox 1295 4422 1589 4492; x_wconf 86' lang='lat' dir='ltr'>imperium</span> <span class='ocrx_word' id='word_1_544' title='bbox 1620 4421 1855 4476; x_wconf 84' lang='lat' dir='ltr'>Orientis</span> <span class='ocrx_word' id='word_1_545' title='bbox 1886 4438 2059 4479; x_wconf 85' lang='lat' dir='ltr'>xxvm</span> 
     </span>
    </p>
   </div>
   <div class='ocr_carea' id='block_1_72' title="bbox 412 4512 774 4569">
    <p class='ocr_par' dir='ltr' id='par_1_72' title="bbox 412 4512 774 4569">
     <span class='ocr_line' id='line_1_72' title="bbox 412 4512 774 4569; baseline -0.011 0"><span class='ocrx_word' id='word_1_546' title='bbox 412 4512 580 4569; x_wconf 85' lang='lat' dir='ltr'>annis</span> <span class='ocrx_word' id='word_1_547' title='bbox 610 4513 774 4567; x_wconf 72' lang='lat' dir='ltr'>rexit.</span> 
     </span>
    </p>
   </div>
   <div class='ocr_carea' id='block_1_73' title="bbox 485 4597 1738 4671">
    <p class='ocr_par' dir='ltr' id='par_1_73' title="bbox 485 4597 1738 4671">
     <span class='ocr_line' id='line_1_73' title="bbox 485 4597 1738 4671; baseline -0.002 -14"><span class='ocrx_word' id='word_1_548' title='bbox 485 4601 578 4657; x_wconf 86' lang='grc'>491</span> <span class='ocrx_word' id='word_1_549' title='bbox 620 4602 803 4657; x_wconf 67' lang='lat' dir='ltr'>Romae</span> <span class='ocrx_word' id='word_1_550' title='bbox 831 4600 1150 4671; x_wconf 83' lang='lat' dir='ltr'>defuncto...</span> <span class='ocrx_word' id='word_1_551' title='bbox 1181 4607 1232 4653; x_wconf 92' lang='lat' dir='ltr'>et</span> <span class='ocrx_word' id='word_1_552' title='bbox 1262 4597 1505 4653; x_wconf 85' lang='lat' dir='ltr'>dia-cenis</span> <span class='ocrx_word' id='word_1_553' title='bbox 1534 4600 1738 4667; x_wconf 85' lang='lat' dir='ltr'>agitur.</span> 
     </span>
    </p>
   </div>
   <div class='ocr_carea' id='block_1_74' title="bbox 483 4685 2063 4747">
    <p class='ocr_par' dir='ltr' id='par_1_74' title="bbox 483 4685 2063 4747">
     <span class='ocr_line' id='line_1_74' title="bbox 483 4685 2063 4747; baseline -0.002 -1"><span class='ocrx_word' id='word_1_554' title='bbox 483 4692 591 4747; x_wconf 78' lang='grc'>492</span> <span class='ocrx_word' id='word_1_555' title='bbox 624 4689 973 4745; x_wconf 88' lang='lat' dir='ltr'>Theodericus</span> <span class='ocrx_word' id='word_1_556' title='bbox 1001 4688 1270 4743; x_wconf 71' lang='lat' dir='ltr'>Ravennae</span> <span class='ocrx_word' id='word_1_557' title='bbox 1303 4685 1602 4741; x_wconf 83' lang='lat' dir='ltr'>Odoacrum</span> <span class='ocrx_word' id='word_1_558' title='bbox 1648 4688 1755 4742; x_wconf 82' lang='lat' dir='ltr'>sibi</span> <span class='ocrx_word' id='word_1_559' title='bbox 1784 4688 2063 4743; x_wconf 85' lang='lat' dir='ltr'>insidian-</span> 
     </span>
    </p>
   </div>
   <div class='ocr_carea' id='block_1_75' title="bbox 2172 4064 3462 4137">
    <p class='ocr_par' dir='ltr' id='par_1_75' title="bbox 2172 4064 3462 4137">
     <span class='ocr_line' id='line_1_75' title="bbox 2172 4064 3462 4137; baseline 0.003 -17"><span class='ocrx_word' id='word_1_560' title='bbox 2172 4083 2362 4137; x_wconf 86' lang='lat' dir='ltr'>scopus</span> <span class='ocrx_word' id='word_1_561' title='bbox 2389 4066 2595 4121; x_wconf 86' lang='lat' dir='ltr'>claruit</span> <span class='ocrx_word' id='word_1_562' title='bbox 2621 4064 2870 4121; x_wconf 87' lang='lat' dir='ltr'>doctrina</span> <span class='ocrx_word' id='word_1_563' title='bbox 2897 4070 2948 4122; x_wconf 88' lang='lat' dir='ltr'>et</span> <span class='ocrx_word' id='word_1_564' title='bbox 2976 4068 3206 4122; x_wconf 85' lang='lat' dir='ltr'>moratis</span> <span class='ocrx_word' id='word_1_565' title='bbox 3231 4069 3462 4124; x_wconf 83' lang='lat' dir='ltr'>actibus.</span> 
     </span>
    </p>
   </div>
   <div class='ocr_carea' id='block_1_76' title="bbox 2242 4155 3829 4217">
    <p class='ocr_par' dir='ltr' id='par_1_76' title="bbox 2242 4155 3829 4217">
     <span class='ocr_line' id='line_1_76' title="bbox 2242 4155 3829 4217; baseline 0.006 -9"><span class='ocrx_word' id='word_1_566' title='bbox 2242 4156 2345 4210; x_wconf 85' lang='grc'>494</span> <span class='ocrx_word' id='word_1_567' title='bbox 2374 4155 2671 4210; x_wconf 86' lang='lat' dir='ltr'>Ludovicus</span> <span class='ocrx_word' id='word_1_568' title='bbox 2728 4171 2831 4210; x_wconf 74' lang='lat' dir='ltr'>rex</span> <span class='ocrx_word' id='word_1_569' title='bbox 2888 4156 3223 4212; x_wconf 84' lang='lat' dir='ltr'>Francorum</span> <span class='ocrx_word' id='word_1_570' title='bbox 3283 4157 3626 4216; x_wconf 82' lang='lat' dir='ltr'>Alamannos</span> <span class='ocrx_word' id='word_1_571' title='bbox 3685 4158 3829 4217; x_wconf 87' lang='lat' dir='ltr'>bello</span> 
     </span>
    </p>
   </div>
   <div class='ocr_carea' id='block_1_77' title="bbox 2169 4245 3824 4319">
    <p class='ocr_par' dir='ltr' id='par_1_77' title="bbox 2169 4245 3824 4319">
     <span class='ocr_line' id='line_1_77' title="bbox 2169 4245 3824 4319; baseline 0.004 -19"><span class='ocrx_word' id='word_1_572' title='bbox 2169 4246 2319 4311; x_wconf 80' lang='lat' dir='ltr'>vicit,</span> <span class='ocrx_word' id='word_1_573' title='bbox 2363 4249 2474 4300; x_wconf 90' lang='lat' dir='ltr'>Deo</span> <span class='ocrx_word' id='word_1_574' title='bbox 2503 4245 2744 4313; x_wconf 79' lang='lat' dir='ltr'>iuvante,</span> <span class='ocrx_word' id='word_1_575' title='bbox 2796 4245 2906 4314; x_wconf 90' lang='lat' dir='ltr'>cui,</span> <span class='ocrx_word' id='word_1_576' title='bbox 2937 4260 3064 4299; x_wconf 87' lang='lat' dir='ltr'>cum</span> <span class='ocrx_word' id='word_1_577' title='bbox 3089 4245 3145 4300; x_wconf 89' lang='lat' dir='ltr'>in</span> <span class='ocrx_word' id='word_1_578' title='bbox 3179 4245 3362 4302; x_wconf 85' lang='lat' dir='ltr'>eodem</span> <span class='ocrx_word' id='word_1_579' title='bbox 3393 4247 3531 4303; x_wconf 85' lang='lat' dir='ltr'>bello</span> <span class='ocrx_word' id='word_1_580' title='bbox 3554 4248 3824 4319; x_wconf 78' lang='lat' dir='ltr'>perdita-</span> 
     </span>
    </p>
   </div>
   <div class='ocr_carea' id='block_1_78' title="bbox 2169 4332 3100 4404">
    <p class='ocr_par' dir='ltr' id='par_1_78' title="bbox 2169 4332 3100 4404">
     <span class='ocr_line' id='line_1_78' title="bbox 2169 4332 3100 4404; baseline 0.001 -16"><span class='ocrx_word' id='word_1_581' title='bbox 2169 4342 2343 4401; x_wconf 88' lang='lat' dir='ltr'>retur,</span> <span class='ocrx_word' id='word_1_582' title='bbox 2372 4348 2431 4389; x_wconf 88' lang='lat' dir='ltr'>se</span> <span class='ocrx_word' id='word_1_583' title='bbox 2460 4332 2798 4388; x_wconf 87' lang='lat' dir='ltr'>crediturum</span> <span class='ocrx_word' id='word_1_584' title='bbox 2824 4333 3100 4404; x_wconf 86' lang='lat' dir='ltr'>promisit.</span> 
     </span>
    </p>
   </div>
   <div class='ocr_carea' id='block_1_79' title="bbox 2240 4421 3829 4499">
    <p class='ocr_par' dir='ltr' id='par_1_79' title="bbox 2240 4421 3829 4499">
     <span class='ocr_line' id='line_1_79' title="bbox 2240 4421 3829 4499; baseline 0.004 -24"><span class='ocrx_word' id='word_1_585' title='bbox 2240 4421 2345 4476; x_wconf 86' lang='grc'>495</span> <span class='ocrx_word' id='word_1_586' title='bbox 2375 4421 2738 4477; x_wconf 86' lang='lat' dir='ltr'>Ludovicus...</span> <span class='ocrx_word' id='word_1_587' title='bbox 2771 4422 2998 4493; x_wconf 85' lang='lat' dir='ltr'>conjuge</span> <span class='ocrx_word' id='word_1_588' title='bbox 3051 4437 3154 4477; x_wconf 89' lang='lat' dir='ltr'>sua</span> <span class='ocrx_word' id='word_1_589' title='bbox 3194 4421 3579 4481; x_wconf 81' lang='lat' dir='ltr'>Christiana...</span> <span class='ocrx_word' id='word_1_590' title='bbox 3636 4425 3829 4499; x_wconf 80' lang='lat' dir='ltr'>bapti-</span> 
     </span>
    </p>
   </div>
   <div class='ocr_carea' id='block_1_80' title="bbox 2171 4515 2352 4568">
    <p class='ocr_par' dir='ltr' id='par_1_80' title="bbox 2171 4515 2352 4568">
     <span class='ocr_line' id='line_1_80' title="bbox 2171 4515 2352 4568; baseline -0.017 0"><span class='ocrx_word' id='word_1_591' title='bbox 2171 4515 2352 4568; x_wconf 59' lang='lat' dir='ltr'>matur.</span> 
     </span>
    </p>
   </div>
   <div class='ocr_carea' id='block_1_81' title="bbox 2241 4598 3832 4674">
    <p class='ocr_par' dir='ltr' id='par_1_81' title="bbox 2241 4598 3832 4674">
     <span class='ocr_line' id='line_1_81' title="bbox 2241 4598 3832 4674; baseline 0.003 -20"><span class='ocrx_word' id='word_1_592' title='bbox 2241 4599 2345 4654; x_wconf 89' lang='grc'>496</span> <span class='ocrx_word' id='word_1_593' title='bbox 2375 4598 2776 4655; x_wconf 87' lang='lat' dir='ltr'>Trasamundus</span> <span class='ocrx_word' id='word_1_594' title='bbox 2832 4614 2934 4655; x_wconf 74' lang='lat' dir='ltr'>rex</span> <span class='ocrx_word' id='word_1_595' title='bbox 2971 4599 3355 4656; x_wconf 83' lang='lat' dir='ltr'>Wandalorum</span> <span class='ocrx_word' id='word_1_596' title='bbox 3399 4603 3462 4657; x_wconf 87' lang='lat' dir='ltr'>in</span> <span class='ocrx_word' id='word_1_597' title='bbox 3491 4603 3702 4674; x_wconf 84' lang='lat' dir='ltr'>Africa,</span> <span class='ocrx_word' id='word_1_598' title='bbox 3736 4620 3832 4663; x_wconf 86' lang='lat' dir='ltr'>ca-</span> 
     </span>
    </p>
   </div>
   <div class='ocr_carea' id='block_1_82' title="bbox 2172 4688 3833 4764">
    <p class='ocr_par' dir='ltr' id='par_1_82' title="bbox 2172 4688 3833 4764">
     <span class='ocr_line' id='line_1_82' title="bbox 2172 4688 3833 4764; baseline 0.004 -20"><span class='ocrx_word' id='word_1_599' title='bbox 2172 4688 2386 4744; x_wconf 81' lang='lat' dir='ltr'>tholicis</span> <span class='ocrx_word' id='word_1_600' title='bbox 2417 4690 2668 4760; x_wconf 81' lang='lat' dir='ltr'>infestus,</span> <span class='ocrx_word' id='word_1_601' title='bbox 2698 4689 2948 4744; x_wconf 86' lang='lat' dir='ltr'>ecclesias</span> <span class='ocrx_word' id='word_1_602' title='bbox 2977 4689 3174 4745; x_wconf 89' lang='lat' dir='ltr'>clausit</span> <span class='ocrx_word' id='word_1_603' title='bbox 3203 4692 3255 4746; x_wconf 83' lang='lat' dir='ltr'>et</span> <span class='ocrx_word' id='word_1_604' title='bbox 3293 4706 3437 4746; x_wconf 71' lang='lat' dir='ltr'>ccxx.</span> <span class='ocrx_word' id='word_1_605' title='bbox 3459 4691 3737 4764; x_wconf 87' lang='lat' dir='ltr'>episcopos</span> <span class='ocrx_word' id='word_1_606' title='bbox 3767 4695 3833 4750; x_wconf 79' lang='lat' dir='ltr'>in</span> 
     </span>
    </p>
   </div>
   <div class='ocr_carea' id='block_1_83' title="bbox 413 4775 2906 4853">
    <p class='ocr_par' dir='ltr' id='par_1_83' title="bbox 413 4775 2906 4853">
     <span class='ocr_line' id='line_1_83' title="bbox 413 4775 2906 4853; baseline -0.002 -16"><span class='ocrx_word' id='word_1_607' title='bbox 413 4786 525 4837; x_wconf 87' lang='lat' dir='ltr'>tem</span> <span class='ocrx_word' id='word_1_608' title='bbox 573 4780 878 4853; x_wconf 83' lang='lat' dir='ltr'>peremit...</span> <span class='ocrx_word' id='word_1_609' title='bbox 939 4777 1194 4833; x_wconf 84' lang='lat' dir='ltr'>obtinuit.</span> <span class='ocrx_word' id='word_1_610' title='bbox 1258 4779 1442 4830; x_wconf 67' lang='lat' dir='ltr'>Romae</span> <span class='ocrx_word' id='word_1_611' title='bbox 1501 4775 1746 4830; x_wconf 85' lang='lat' dir='ltr'>Gelasius</span> <span class='ocrx_word' id='word_1_612' title='bbox 1798 4794 1948 4848; x_wconf 87' lang='lat' dir='ltr'>papa</span> <span class='ocrx_word' id='word_1_613' title='bbox 1992 4780 2066 4833; x_wconf 92' lang='lat' dir='ltr'><strong><em>LI</em></strong></span> <span class='ocrx_word' id='word_1_614' title='bbox 2170 4778 2431 4834; x_wconf 87' lang='lat' dir='ltr'>Sardinia</span> <span class='ocrx_word' id='word_1_615' title='bbox 2454 4778 2651 4832; x_wconf 67' lang='lat' dir='ltr'>exsilio</span> <span class='ocrx_word' id='word_1_616' title='bbox 2680 4778 2906 4849; x_wconf 78' lang='lat' dir='ltr'>afﬂixit.</span> 
     </span>
    </p>
   </div>
   <div class='ocr_carea' id='block_1_84' title="bbox 409 4860 2076 4937">
    <p class='ocr_par' dir='ltr' id='par_1_84' title="bbox 409 4860 2076 4937">
     <span class='ocr_line' id='line_1_84' title="bbox 409 4860 2076 4937; baseline -0.002 -11"><span class='ocrx_word' id='word_1_617' title='bbox 409 4869 548 4926; x_wconf 89' lang='lat' dir='ltr'>sedit</span> <span class='ocrx_word' id='word_1_618' title='bbox 578 4884 749 4924; x_wconf 81' lang='lat' dir='ltr'>annos</span> <span class='ocrx_word' id='word_1_619' title='bbox 800 4884 878 4934; x_wconf 88' lang='lat' dir='ltr'>IV,</span> <span class='ocrx_word' id='word_1_620' title='bbox 926 4879 1136 4920; x_wconf 80' lang='lat' dir='ltr'>menses</span> <span class='ocrx_word' id='word_1_621' title='bbox 1182 4880 1286 4930; x_wconf 77' lang='lat' dir='ltr'>vn,</span> <span class='ocrx_word' id='word_1_622' title='bbox 1333 4864 1420 4917; x_wconf 88' lang='lat' dir='ltr'>vir</span> <span class='ocrx_word' id='word_1_623' title='bbox 1473 4864 1659 4918; x_wconf 82' lang='lat' dir='ltr'>doctus</span> <span class='ocrx_word' id='word_1_624' title='bbox 1688 4872 1738 4920; x_wconf 91' lang='lat' dir='ltr'>et</span> <span class='ocrx_word' id='word_1_625' title='bbox 1785 4868 1932 4937; x_wconf 87' lang='lat' dir='ltr'>pius,</span> <span class='ocrx_word' id='word_1_626' title='bbox 1965 4860 2076 4937; x_wconf 27' lang='lat' dir='ltr'>qui-</span> 
     </span>
    </p>
   </div>
   <div class='ocr_carea' id='block_1_85' title="bbox 411 4953 2053 5041">
    <p class='ocr_par' dir='ltr' id='par_1_85' title="bbox 411 4953 2053 5041">
     <span class='ocr_line' id='line_1_85' title="bbox 411 4953 2053 5041; baseline -0.004 -26"><span class='ocrx_word' id='word_1_627' title='bbox 411 4974 596 5015; x_wconf 87' lang='lat' dir='ltr'>omnes</span> <span class='ocrx_word' id='word_1_628' title='bbox 622 4958 901 5041; x_wconf 47' lang='lat' dir='ltr'>hereticos</span> <span class='ocrx_word' id='word_1_629' title='bbox 938 4954 1239 5023; x_wconf 84' lang='lat' dir='ltr'>damnavit,</span> <span class='ocrx_word' id='word_1_630' title='bbox 1271 4953 1487 5009; x_wconf 88' lang='lat' dir='ltr'>clerum</span> <span class='ocrx_word' id='word_1_631' title='bbox 1538 4954 1842 5009; x_wconf 82' lang='lat' dir='ltr'>Romanum</span> <span class='ocrx_word' id='word_1_632' title='bbox 1874 4958 2053 5025; x_wconf 70' lang='lat' dir='ltr'>auxit,</span> 
     </span>
    </p>
   </div>
   <div class='ocr_carea' id='block_1_86' title="bbox 2238 4866 3827 4937">
    <p class='ocr_par' dir='ltr' id='par_1_86' title="bbox 2238 4866 3827 4937">
     <span class='ocr_line' id='line_1_86' title="bbox 2238 4866 3827 4937; baseline 0.004 -17"><span class='ocrx_word' id='word_1_633' title='bbox 2238 4866 2343 4920; x_wconf 86' lang='grc'>497</span> <span class='ocrx_word' id='word_1_634' title='bbox 2372 4868 2586 4921; x_wconf 87' lang='lat' dir='ltr'>Boetius</span> <span class='ocrx_word' id='word_1_635' title='bbox 2614 4868 2945 4937; x_wconf 84' lang='lat' dir='ltr'>patricius...</span> <span class='ocrx_word' id='word_1_636' title='bbox 2983 4866 3174 4922; x_wconf 86' lang='lat' dir='ltr'>edidit.</span> <span class='ocrx_word' id='word_1_637' title='bbox 3209 4868 3395 4925; x_wconf 77' lang='lat' dir='ltr'>Romae</span> <span class='ocrx_word' id='word_1_638' title='bbox 3427 4868 3827 4927; x_wconf 83' lang='lat' dir='ltr'>Anastasius...</span> 
     </span>
    </p>
   </div>
   <div class='ocr_carea' id='block_1_87' title="bbox 2164 4954 3677 5030">
    <p class='ocr_par' dir='ltr' id='par_1_87' title="bbox 2164 4954 3677 5030">
     <span class='ocr_line' id='line_1_87' title="bbox 2164 4954 3677 5030; baseline 0.002 -18"><span class='ocrx_word' id='word_1_639' title='bbox 2164 4957 2329 5012; x_wconf 86' lang='lat' dir='ltr'>annis</span> <span class='ocrx_word' id='word_1_640' title='bbox 2358 4955 2478 5029; x_wconf 81' lang='lat' dir='ltr'>fere</span> <span class='ocrx_word' id='word_1_641' title='bbox 2504 4954 2734 5026; x_wconf 86' lang='lat' dir='ltr'>duobus,</span> <span class='ocrx_word' id='word_1_642' title='bbox 2766 4957 2818 5012; x_wconf 87' lang='lat' dir='ltr'>et</span> <span class='ocrx_word' id='word_1_643' title='bbox 2837 4958 3016 5028; x_wconf 81' lang='lat' dir='ltr'>capita</span> <span class='ocrx_word' id='word_1_644' title='bbox 3045 4955 3346 5014; x_wconf 83' lang='lat' dir='ltr'>decretalia</span> <span class='ocrx_word' id='word_1_645' title='bbox 3374 4960 3493 5015; x_wconf 86' lang='lat' dir='ltr'>octo</span> <span class='ocrx_word' id='word_1_646' title='bbox 3521 4960 3677 5030; x_wconf 86' lang='lat' dir='ltr'>fecit.</span> 
     </span>
    </p>
   </div>
   <div class='ocr_carea' id='block_1_88' title="bbox 2005 5132 2239 5191">
    <p class='ocr_par' dir='ltr' id='par_1_88' title="bbox 2005 5132 2239 5191">
     <span class='ocr_line' id='line_1_88' title="bbox 2005 5132 2239 5191; baseline 0.004 -1"><span class='ocrx_word' id='word_1_647' title='bbox 2005 5132 2239 5191; x_wconf 70' lang='lat' dir='ltr'>NOT/E.</span> 
     </span>
    </p>
   </div>
   <div class='ocr_carea' id='block_1_89' title="bbox 409 5254 2054 5332">
    <p class='ocr_par' dir='ltr' id='par_1_89' title="bbox 409 5254 2054 5332">
     <span class='ocr_line' id='line_1_89' title="bbox 409 5254 2054 5332; baseline -0.005 -10"><span class='ocrx_word' id='word_1_648' title='bbox 409 5266 544 5322; x_wconf 87' lang='lat' dir='ltr'>Jan.</span> <span class='ocrx_word' id='word_1_649' title='bbox 577 5261 703 5317; x_wconf 87' lang='lat' dir='ltr'>dies</span> <span class='ocrx_word' id='word_1_650' title='bbox 732 5275 855 5332; x_wconf 70' lang='lat' dir='ltr'>vui,</span> <span class='ocrx_word' id='word_1_651' title='bbox 910 5261 968 5314; x_wconf 90' lang='lat' dir='ltr'>et</span> <span class='ocrx_word' id='word_1_652' title='bbox 996 5254 1211 5313; x_wconf 89' lang='lat' dir='ltr'>Paulus</span> <span class='ocrx_word' id='word_1_653' title='bbox 1257 5255 1412 5312; x_wconf 85' lang='lat' dir='ltr'>Diae.</span> <span class='ocrx_word' id='word_1_654' title='bbox 1447 5256 1504 5312; x_wconf 90' lang='lat' dir='ltr'>in</span> <span class='ocrx_word' id='word_1_655' title='bbox 1538 5254 1793 5314; x_wconf 87' lang='lat' dir='ltr'>Historia</span> <span class='ocrx_word' id='word_1_656' title='bbox 1825 5259 2054 5332; x_wconf 86' lang='lat' dir='ltr'>Longo-</span> 
     </span>
    </p>
   </div>
   <div class='ocr_carea' id='block_1_90' title="bbox 411 5328 899 5398">
    <p class='ocr_par' dir='ltr' id='par_1_90' title="bbox 411 5328 899 5398">
     <span class='ocr_line' id='line_1_90' title="bbox 411 5328 899 5398; baseline -0.02 -5"><span class='ocrx_word' id='word_1_657' title='bbox 411 5336 753 5398; x_wconf 88' lang='lat' dir='ltr'>bardorum,</span> <span class='ocrx_word' id='word_1_658' title='bbox 787 5328 825 5384; x_wconf 94' lang='lat' dir='ltr'>l.</span> <span class='ocrx_word' id='word_1_659' title='bbox 863 5347 899 5384; x_wconf 86' lang='lat'>1.</span> 
     </span>
    </p>
   </div>
   <div class='ocr_carea' id='block_1_91' title="bbox 483 5399 2058 5478">
    <p class='ocr_par' dir='ltr' id='par_1_91' title="bbox 483 5399 2058 5478">
     <span class='ocr_line' id='line_1_91' title="bbox 483 5399 2058 5478; baseline -0.001 -18"><span class='ocrx_word' id='word_1_660' title='bbox 483 5404 633 5478; x_wconf 73' lang='grc'>(124)</span> <span class='ocrx_word' id='word_1_661' title='bbox 662 5403 830 5478; x_wconf 79' lang='lat' dir='ltr'>Rem_</span> <span class='ocrx_word' id='word_1_662' title='bbox 882 5400 1072 5478; x_wconf 72' lang='lat' dir='ltr'>fusius</span> <span class='ocrx_word' id='word_1_663' title='bbox 1105 5400 1383 5478; x_wconf 74' lang='lat' dir='ltr'>describit</span> <span class='ocrx_word' id='word_1_664' title='bbox 1409 5399 1805 5478; x_wconf 87' lang='lat' dir='ltr'>_Cassiodo_rus</span> <span class='ocrx_word' id='word_1_665' title='bbox 1834 5401 2058 5478; x_wconf 69' lang='lat' dir='ltr'>Yariar.</span> 
     </span>
    </p>
   </div>
   <div class='ocr_carea' id='block_1_92' title="bbox 394 5470 2057 5552">
    <p class='ocr_par' dir='ltr' id='par_1_92' title="bbox 394 5470 2057 5552">
     <span class='ocr_line' id='line_1_92' title="bbox 394 5470 2057 5552; baseline -0.002 -19"><span class='ocrx_word' id='word_1_666' title='bbox 394 5477 452 5552; x_wconf 73' lang='grc'>⁴1.</span> <span class='ocrx_word' id='word_1_667' title='bbox 490 5470 788 5552; x_wconf 64' lang='lat' dir='ltr'>iv._ep.__2_;_</span> <span class='ocrx_word' id='word_1_668' title='bbox 820 5474 879 5528; x_wconf 93' lang='lat' dir='ltr'>it.</span> <span class='ocrx_word' id='word_1_669' title='bbox 907 5470 1450 5552; x_wconf 26' lang='lat' dir='ltr'>Histoqﬁlﬂiscellnl.</span> <span class='ocrx_word' id='word_1_670' title='bbox 1475 5490 1569 5552; x_wconf 61' lang='lat' dir='ltr'>xv,</span> <span class='ocrx_word' id='word_1_671' title='bbox 1604 5476 1659 5527; x_wconf 85' lang='lat' dir='ltr'>et</span> <span class='ocrx_word' id='word_1_672' title='bbox 1687 5474 2057 5552; x_wconf 72' lang='lat' dir='ltr'>Ammianus.</span> 
     </span>
    </p>
   </div>
   <div class='ocr_carea' id='block_1_93' title="bbox 486 5544 2057 5618">
    <p class='ocr_par' dir='ltr' id='par_1_93' title="bbox 486 5544 2057 5618">
     <span class='ocr_line' id='line_1_93' title="bbox 486 5544 2057 5618; baseline 0.002 -18"><span class='ocrx_word' id='word_1_673' title='bbox 486 5548 633 5618; x_wconf 85' lang='grc'>(125)</span> <span class='ocrx_word' id='word_1_674' title='bbox 667 5545 994 5618; x_wconf 81' lang='lat' dir='ltr'>Chilperici,</span> <span class='ocrx_word' id='word_1_675' title='bbox 1031 5545 1249 5602; x_wconf 85' lang='lat' dir='ltr'>scilicet</span> <span class='ocrx_word' id='word_1_676' title='bbox 1277 5544 1846 5618; x_wconf 71' lang='lat' dir='ltr'>regisBurgundize,</span> <span class='ocrx_word' id='word_1_677' title='bbox 1880 5564 1913 5601; x_wconf 91' lang='lat' dir='ltr'>a</span> <span class='ocrx_word' id='word_1_678' title='bbox 1946 5548 2057 5603; x_wconf 77' lang='lat' dir='ltr'>fra-</span> 
     </span>
    </p>
   </div>
   <div class='ocr_carea' id='block_1_94' title="bbox 412 5615 2052 5751">
    <p class='ocr_par' dir='ltr' id='par_1_94' title="bbox 412 5615 2052 5751">
     <span class='ocr_line' id='line_1_94' title="bbox 412 5615 2052 5751; baseline 0.001 -76"><span class='ocrx_word' id='word_1_679' title='bbox 526 5620 584 5676; x_wconf 90' lang='lat' dir='ltr'>et</span> <span class='ocrx_word' id='word_1_680' title='bbox 619 5615 965 5678; x_wconf 79' lang='lat' dir='ltr'>successore</span> <span class='ocrx_word' id='word_1_681' title='bbox 993 5634 1100 5677; x_wconf 86' lang='lat' dir='ltr'>suo</span> <span class='ocrx_word' id='word_1_682' title='bbox 1128 5615 1507 5676; x_wconf 68' lang='lat' dir='ltr'>Gundebaldo</span> <span class='ocrx_word' id='word_1_683' title='bbox 1547 5615 1724 5676; x_wconf 83' lang='lat' dir='ltr'>occisi</span> <span class='ocrx_word' id='word_1_684' title='bbox 1776 5617 1930 5677; x_wconf 85' lang='lat' dir='ltr'>circa</span> <span class='ocrx_word' id='word_1_685' title='bbox 1957 5633 2052 5677; x_wconf 85' lang='lat' dir='ltr'>an.</span> 
     </span>
    </p>
   </div>
   <div class='ocr_carea' id='block_1_95' title="bbox 2236 5256 3826 5333">
    <p class='ocr_par' dir='ltr' id='par_1_95' title="bbox 2236 5256 3826 5333">
     <span class='ocr_line' id='line_1_95' title="bbox 2236 5256 3826 5333; baseline 0.004 -19"><span class='ocrx_word' id='word_1_686' title='bbox 2236 5258 2287 5333; x_wconf 84' lang='lat' dir='ltr'>(l_</span> <span class='ocrx_word' id='word_1_687' title='bbox 2295 5260 2386 5329; x_wconf 87' lang='lat'>26)</span> <span class='ocrx_word' id='word_1_688' title='bbox 2418 5256 2576 5314; x_wconf 89' lang='lat' dir='ltr'>Felix</span> <span class='ocrx_word' id='word_1_689' title='bbox 2604 5275 2758 5316; x_wconf 88' lang='lat' dir='ltr'>anno</span> <span class='ocrx_word' id='word_1_690' title='bbox 2780 5260 2882 5333; x_wconf 72' lang='grc'>492</span> <span class='ocrx_word' id='word_1_691' title='bbox 2898 5258 3213 5316; x_wconf 81' lang='lat' dir='ltr'>defunctus</span> <span class='ocrx_word' id='word_1_692' title='bbox 3228 5263 3340 5333; x_wconf 85' lang='lat' dir='ltr'>est,</span> <span class='ocrx_word' id='word_1_693' title='bbox 3373 5276 3445 5333; x_wconf 81' lang='lat' dir='ltr'>ex</span> <span class='ocrx_word' id='word_1_694' title='bbox 3464 5264 3785 5333; x_wconf 68' lang='lat' dir='ltr'>Anastasio</span> <span class='ocrx_word' id='word_1_695' title='bbox 3810 5282 3826 5333; x_wconf 88' lang='lat'><strong>;</strong></span> 
     </span>
    </p>
   </div>
   <div class='ocr_carea' id='block_1_96' title="bbox 2173 5330 3832 5392">
    <p class='ocr_par' dir='ltr' id='par_1_96' title="bbox 2173 5330 3832 5392">
     <span class='ocr_line' id='line_1_96' title="bbox 2173 5330 3832 5392; baseline 0.004 -7"><span class='ocrx_word' id='word_1_696' title='bbox 2173 5330 2245 5386; x_wconf 90' lang='lat' dir='ltr'>de</span> <span class='ocrx_word' id='word_1_697' title='bbox 2276 5331 2383 5385; x_wconf 93' lang='lat' dir='ltr'>hoc</span> <span class='ocrx_word' id='word_1_698' title='bbox 2416 5336 2613 5386; x_wconf 89' lang='lat' dir='ltr'>autem</span> <span class='ocrx_word' id='word_1_699' title='bbox 2644 5331 2888 5387; x_wconf 86' lang='lat' dir='ltr'>concilio</span> <span class='ocrx_word' id='word_1_700' title='bbox 2919 5347 3022 5387; x_wconf 87' lang='lat' dir='ltr'>seu</span> <span class='ocrx_word' id='word_1_701' title='bbox 3051 5332 3369 5388; x_wconf 89' lang='lat' dir='ltr'>constituto</span> <span class='ocrx_word' id='word_1_702' title='bbox 3398 5332 3516 5389; x_wconf 90' lang='lat' dir='ltr'>vid.</span> <span class='ocrx_word' id='word_1_703' title='bbox 3552 5330 3832 5392; x_wconf 72' lang='lat' dir='ltr'>Bai-anius</span> 
     </span>
    </p>
   </div>
   <div class='ocr_carea' id='block_1_97' title="bbox 2172 5401 2653 5458">
    <p class='ocr_par' dir='ltr' id='par_1_97' title="bbox 2172 5401 2653 5458">
     <span class='ocr_line' id='line_1_97' title="bbox 2172 5401 2653 5458; baseline 0 -1"><span class='ocrx_word' id='word_1_704' title='bbox 2172 5402 2245 5457; x_wconf 90' lang='lat' dir='ltr'>ad</span> <span class='ocrx_word' id='word_1_705' title='bbox 2278 5419 2498 5458; x_wconf 91' lang='lat' dir='ltr'>annum</span> <span class='ocrx_word' id='word_1_706' title='bbox 2529 5401 2653 5457; x_wconf 86' lang='grc'>492.</span> 
     </span>
    </p>
   </div>
   <div class='ocr_carea' id='block_1_98' title="bbox 2241 5471 3827 5608">
    <p class='ocr_par' dir='ltr' id='par_1_98' title="bbox 2241 5471 3827 5608">
     <span class='ocr_line' id='line_1_98' title="bbox 2241 5471 3827 5606; baseline 0.004 -77"><span class='ocrx_word' id='word_1_707' title='bbox 2241 5473 2390 5606; x_wconf 53' lang='lat'>(:27)</span> <span class='ocrx_word' id='word_1_708' title='bbox 2416 5473 2550 5530; x_wconf 90' lang='lat' dir='ltr'>Vid.</span> <span class='ocrx_word' id='word_1_709' title='bbox 2584 5474 2719 5530; x_wconf 81' lang='lat' dir='ltr'>Vita</span> <span class='ocrx_word' id='word_1_710' title='bbox 2749 5474 2807 5532; x_wconf 87' lang='lat' dir='ltr'>S.</span> <span class='ocrx_word' id='word_1_711' title='bbox 2866 5471 3173 5531; x_wconf 87' lang='lat' dir='ltr'>Chlotildis</span> <span class='ocrx_word' id='word_1_712' title='bbox 3216 5473 3657 5605; x_wconf 40' lang='lat' dir='ltr'>apuduMabill?</span> <span class='ocrx_word' id='word_1_713' title='bbox 3689 5494 3827 5537; x_wconf 70' lang='lat' dir='ltr'>sec.</span> 
     </span>
     <span class='ocr_line' id='line_1_99' title="bbox 2293 5543 3826 5608; baseline 0.005 -7"><span class='ocrx_word' id='word_1_714' title='bbox 2293 5544 2457 5603; x_wconf 83' lang='lat' dir='ltr'>ened.</span> <span class='ocrx_word' id='word_1_715' title='bbox 2493 5561 2550 5608; x_wconf 78' lang='grc' dir='ltr'>ι).</span> <span class='ocrx_word' id='word_1_716' title='bbox 2583 5545 2675 5608; x_wconf 88' lang='lat'>98,</span> <span class='ocrx_word' id='word_1_717' title='bbox 2707 5551 2765 5604; x_wconf 88' lang='lat' dir='ltr'>et</span> <span class='ocrx_word' id='word_1_718' title='bbox 2820 5544 3088 5604; x_wconf 89' lang='lat' dir='ltr'>Bolland.</span> <span class='ocrx_word' id='word_1_719' title='bbox 3119 5549 3163 5604; x_wconf 87' lang='lat' dir='ltr'>t.</span> <span class='ocrx_word' id='word_1_720' title='bbox 3193 5543 3213 5603; x_wconf 93' lang='grc'>1</span> <span class='ocrx_word' id='word_1_721' title='bbox 3282 5562 3428 5608; x_wconf 84' lang='lat' dir='ltr'>unn.</span> <span class='ocrx_word' id='word_1_722' title='bbox 3465 5546 3538 5605; x_wconf 90' lang='lat' dir='ltr'>ad</span> <span class='ocrx_word' id='word_1_723' title='bbox 3571 5549 3733 5608; x_wconf 80' lang='lat' dir='ltr'>diem</span> <span class='ocrx_word' id='word_1_724' title='bbox 3769 5552 3826 5608; x_wconf 87' lang='lat'>3.</span> 
     </span>
    </p>
   </div>
   <div class='ocr_carea' id='block_1_99' title="bbox 2169 5552 3826 5620">
    <p class='ocr_par' dir='ltr' id='par_1_99' title="bbox 2169 5552 3826 5620">
     <span class='ocr_line' id='line_1_100' title="bbox 2169 5552 3826 5620; baseline 0.005 -19"><span class='ocrx_word' id='word_1_725' title='bbox 2169 5560 2211 5615; x_wconf 80' lang='grc' dir='ltr'>ι,</span> <span class='ocrx_word' id='word_1_726' title='bbox 2245 5552 2457 5606; x_wconf 81' lang='lat' dir='ltr'>Bened.</span> <span class='ocrx_word' id='word_1_727' title='bbox 2492 5561 2550 5620; x_wconf 90' lang='lat' dir='ltr'>p.</span> <span class='ocrx_word' id='word_1_728' title='bbox 2583 5552 2675 5614; x_wconf 88' lang='lat'>98,</span> <span class='ocrx_word' id='word_1_729' title='bbox 2707 5552 2765 5604; x_wconf 88' lang='lat' dir='ltr'>et</span> <span class='ocrx_word' id='word_1_730' title='bbox 2820 5552 3088 5604; x_wconf 85' lang='lat' dir='ltr'>Bolland.</span> <span class='ocrx_word' id='word_1_731' title='bbox 3119 5552 3163 5604; x_wconf 86' lang='lat' dir='ltr'>t.</span> <span class='ocrx_word' id='word_1_732' title='bbox 3194 5552 3213 5603; x_wconf 92' lang='lat' dir='ltr'>l</span> <span class='ocrx_word' id='word_1_733' title='bbox 3244 5552 3428 5618; x_wconf 87' lang='lat' dir='ltr'>Junii,</span> <span class='ocrx_word' id='word_1_734' title='bbox 3465 5552 3538 5605; x_wconf 90' lang='lat' dir='ltr'>ad</span> <span class='ocrx_word' id='word_1_735' title='bbox 3571 5552 3733 5610; x_wconf 83' lang='lat' dir='ltr'>diem</span> <span class='ocrx_word' id='word_1_736' title='bbox 3769 5552 3826 5615; x_wconf 85' lang='lat'>3.</span> 
     </span>
    </p>
   </div>
  </div>
