4026 6228
97 316 212 380 18

1349 320 1819 385 CHRONICON.
1850 349 1931 371 -—-
1958 323 2149 389 SEO.
2193 326 2297 389 VI.

3419 345 3536 407 106

1496 500 1729 557 CODEX
1786 500 2181 559 AUGIENSIS.

118 620 325 695 sophia
356 622 730 679 excellenter
769 621 971 679 edidit.
1004 621 1199 678 Roma
1232 624 1580 679 Anastasius
1640 642 1789 697 papa
1818 626 1872 693 Α
1901 626 2170 698 tiumque
2201 631 2555 696 revocantes,
2588 646 2866 703 magnum
2900 634 3091 693 Roma
3126 641 3384 702 schisma
3400 646 3544 705 fece-

118 711 219 767 Lll
245 711 394 783 (128)
426 712 587 769 sedit
617 711 799 768 annis
832 711 949 768 fere
980 729 1041 766 η.
1086 711 1187 766 llic
1245 713 1668 769 confessionem
1728 715 1784 769 S.

126 799 424 857 Laurentii
444 800 798 868 exornavit;
832 804 908 868 et,
941 800 1080 872 quia
1109 801 1462 872 quibusdam
1503 802 1791 859 haereticis

130 890 608 947 communionem
632 889 791 945 clam
804 890 1046 945 reddere
1057 888 1199 945 velle
1210 889 1533 961 videbatur,
1550 892 1789 963 quidam

133 994 195 1033 se
219 978 291 1034 ab
321 979 450 1050 ejus
480 978 907 1035 communione
932 982 1323 1050 sequestraut.
1359 981 1545 1034 Anast.
1579 998 1631 1035 a.
1666 980 1789 1035 496.

203 1067 308 1123 498
334 1067 548 1135 Isauri,
570 1067 767 1124 occiso
798 1066 1021 1138 Lilingo
1043 1068 1187 1122 duce
1218 1083 1346 1135 suo,
1379 1067 1451 1123 ab
1481 1067 1791 1124 Anastasio

126 1157 485 1229 imperatore
509 1158 653 1213 victi
682 1155 962 1211 trucidati
1021 1159 1180 1210 sunt.
1241 1156 1484 1211 Marcell.
1546 1188 1614 1196 ——
1673 1161 1791 1212 IIoc

130 1250 403 1317 tempore
428 1245 756 1300 Ludovicus
783 1261 883 1301 rex
925 1248 1279 1299 Francorum
1337 1244 1789 1300 Gundebaldum

128 1336 193 1391 et
239 1331 696 1406 Gondegiselum
763 1333 995 1402 fratres,
1049 1332 1537 1404 Burgundionum
1602 1349 1788 1405 reges,

130 1434 339 1496 pngna
370 1422 549 1495 [vicit]
572 1426 631 1479 et
658 1422 900 1494 fugavit,
934 1425 992 1477 et
1020 1421 1468 1477 Gundebaldum
1500 1423 1793 1478 Avenione

133 1512 449 1568 obsessum
476 1510 861 1567 tributarium
885 1509 1039 1577 fecit,
1072 1513 1128 1565 et
1158 1525 1292 1565 cum
1325 1527 1541 1584 magna
1598 1511 1793 1583 prada

131 1599 305 1655 redit.
342 1599 492 1671 Greg.
529 1600 654 1656 Tur.
689 1599 913 1655 Marius.
945 1615 997 1653 a.
1023 1598 1147 1654 500.

207 1688 317 1745 499
344 1687 745 1745 Theodericus
775 1704 876 1743 rex
926 1688 1120 1743 Roma
1165 1691 1223 1743 et
1274 1687 1417 1743 alibi
1475 1686 1662 1743 multa
1691 1703 1794 1759 per

132 1776 260 1834 hac
288 1782 556 1850 tempora
584 1777 838 1833 mirifica
867 1775 1194 1834 construxit
1224 1775 1487 1831 adiﬂcia.
1550 1775 1788 1831 Cassiod.

131 1884 189 1922 a.
222 1881 337 1939 seq.
371 1896 441 1907 —-
464 1867 658 1922 Roma
682 1864 1072 1939 Symmachus
1093 1881 1244 1938 papa
1273 1865 1397 1921 LIII
1429 1864 1580 1921 sedit
1622 1864 1793 1920 annis

130 1973 231 2026 xv,
266 1955 577 2012 mensibus
608 1955 724 2010 fere
750 1971 876 2021 VIII,
910 1970 1046 2010 cum
1077 1970 1190 2026 quo
1211 1953 1390 2010 simul
1414 1970 1517 2027 per
1546 1952 1792 2009 nimiam

136 2043 582 2102 dissensionem
631 2042 937 2100 ordinatus
992 2046 1082 2099 est
1132 2042 1280 2115 (129)
1331 2041 1703 2108 Laurentius,
1738 2044 1795 2097 et

133 2147 355 2205 magna
386 2132 583 2189 Roma
608 2132 764 2188 inter
793 2131 1014 2187 clerum
1043 2134 1100 2187 et
1155 2130 1437 2204 pepulum
1496 2129 1793 2187 discordia

133 2223 309 2292 facta,
343 2223 529 2277 donec
559 2220 786 2293 judicio
838 2219 1181 2276 Theoderici
1233 2220 1387 2293 regis
1444 2223 1502 2275 et
1551 2218 1791 2291 majoris

135 2309 541 2367 multitudinis
579 2308 972 2382 Symmachus
1008 2308 1069 2364 in
1128 2308 1265 2364 sede
1324 2308 1788 2364 conﬁrmaretur.

135 2402 325 2457 Anast.
363 2401 495 2456 Vict.
528 2400 663 2454 Tun.
696 2416 795 2453 an.
828 2397 953 2452 498.

210 2490 319 2546 50
346 2486 866 2561 5OOSymmachus
892 2502 1062 2559 papa,
1114 2486 1333 2558 synodo
1386 2485 1580 2540 Roma
1640 2489 1787 2553 acta,

132 2580 296 2635 inter
324 2576 437 2633 alia
468 2576 849 2632 Laurentium
880 2575 1155 2631 amulum
1187 2590 1362 2630 suum
1385 2573 1643 2630 Nuceria
1673 2573 1791 2647 epi-

133 2683 383 2741 scopum
405 2664 727 2722 constituit.
760 2665 948 2720 Anast.
984 2664 1130 2733 Mag.
1166 2663 1219 2717 h.
1251 2681 1304 2719 a.

201 2755 304 2811 501
334 2752 737 2810 Theodericus
759 2769 859 2808 rex
885 2752 1298 2824 aquaeductum
1325 2751 1608 2807 Ravenna
1630 2751 1785 2807 fecit.

135 2843 379 2900 Cassiod.
404 2859 458 2898 a.
480 2858 594 2914 seq.
612 2873 683 2883 —
713 2841 816 2897 His
835 2840 1199 2912 temporibus
1223 2842 1461 2895 sanctus
1478 2839 1789 2894 Mammer-

132 2936 230 2989 tus
256 2929 611 2986 Viennensis
660 2927 1133 3000 archiepiscopus
1187 2926 1502 2982 virtutibus
1558 2924 1787 2995 claruit,

132 3020 259 3093 qui,
294 3022 532 3092 propter
575 3017 855 3089 luporum
909 3019 966 3071 et
1015 3032 1287 3071 ursorum
1336 3013 1785 3082 immanitatem,

132 3107 407 3179 aliasque
427 3106 633 3179 plagas
647 3105 956 3161 triduanas
978 3108 1109 3159 ante
1128 3104 1543 3160 Ascensionem
1560 3103 1790 3160 Domini

135 3196 376 3252 litanias
408 3195 640 3267 primus
669 3193 1011 3260 instituens,
1044 3192 1276 3249 Domini
1326 3192 1787 3249 misericordiam

129 3284 565 3359 plagarumque
595 3282 982 3338 cessationem
1008 3281 1332 3357 promeruit
1350 3281 1521 3353 (130).

1902 719 2056 804 runt,
2091 720 2146 770 et
2176 716 2384 772 Petrus
2414 718 2621 774 Altinae
2652 723 2816 777 urbis
2876 726 3185 801 episcopus
3246 736 3540 804 permissu

1899 802 2239 898 Theoderici
2272 805 2468 898 sedem
2500 809 2881 898 apostolicam
2914 814 3141 873 invasit.
3174 802 3368 879 An‘ast.
3400 828 3538 898 Pag.

1969 892 2077 945 504
2118 893 2346 964 Synodo
2406 911 2511 949 cxv
2560 896 2964 971 episcoporum
3023 905 3281 978 collecta,
3336 892 3543 973 beatus

1900 996 2051 1052 papa
2082 982 2468 1051 Symmachus
2498 984 2569 1039 de
2600 984 2777 1041 illatis
2808 996 3091 1063 purgatur
3131 1001 3187 1051 et
3244 1000 3368 1055 sedi
3421 1019 3541 1059 sua

1901 1084 2034 1122 cum
2068 1068 2253 1140 gloria
2279 1071 2625 1140 restituitur,
2687 1079 2743 1129 et
2802 1095 3139 1148 pervaseres
3198 1088 3357 1145 sedis
3415 1092 3543 1161 ejus

1902 1156 2250 1212 Laurentius
2282 1158 2606 1216 Nucerinus
2640 1167 2693 1217 et
2728 1165 2925 1221 Petrus
2964 1169 3211 1241 Altinas,
3271 1156 3543 1237 condem-

1902 1248 2135 1300 nautur.
2167 1248 2348 1302 Anast.
2384 1266 2434 1302 a.
2463 1266 2553 1319 pr.
2587 1282 2655 1290 —-
2688 1251 3012 1311 Ludovicus
3038 1277 3136 1315 rex
3169 1263 3544 1342 Francorum,

1902 1350 2003 1405 per
2034 1335 2310 1407 suffragia
2340 1338 2524 1391 sancti
2558 1339 2709 1394 Petri
2743 1344 3043 1416 sanctique
3072 1349 3303 1407 Martini
3334 1360 3390 1410 et
3410 1335 3548 1414 alio;

1901 1440 2033 1479 rum
2065 1428 2397 1480 sanctorum
2431 1426 2693 1483 divinum
2727 1430 3047 1503 implorans
3078 1440 3382 1509 auxilium,
3436 1447 3548 1504 Go-

1901 1511 2041 1608 thos‘
2065 1512 2495 1608 petiit,eosque
2518 1517 2687 1608 juxta
2716 1519 2963 1577 Pictavis
2994 1527 3196 1584 urbem
3228 1530 3286 1587 in
3339 1550 3549 1608 campo

1902 1600 2173 1672 Voglensi
2206 1602 2357 1671 (131)
2387 1621 2585 1677 pugna
2607 1606 2763 1677 vicit,
2797 1613 2853 1665 et
2884 1628 3077 1686 regem
3126 1635 3327 1676 eorum
3356 1600 3550 1681 Alari-

1902 1705 2060 1756 cum,
2083 1689 2193 1784 qui
2217 1691 2344 1761 jam
2359 1710 2490 1784 Axxn
2515 1695 2693 1784 annis
2715 1701 2997 1771 regnavit,
3020 1705 3255 1777 occidit,
3278 1727 3552 1784 regnum-

1902 1794 2016 1849 que
2044 1778 2192 1848 ejus,
2225 1779 2378 1849 quod
2411 1779 2469 1835 in
2500 1781 2680 1839 Galiis
2712 1785 2983 1858 habebat,
3017 1809 3083 1848 ac
3113 1778 3424 1858 thesaur—os
3454 1821 3549 1860 ac-

1902 1864 2074 1937 cepit.
2100 1865 2427 1923 Amalrieus
2459 1870 2579 1939 [al.,
2611 1874 2999 1952 Amalaricus]
3046 1898 3178 1940 vero
3208 1885 3367 1946 ﬁlius
3415 1890 3548 1948 Ala-

1822 1953 2005 2073 Βιῖξοί
2037 1954 2290 2073 ῖυείεξιιῖ,
2310 1972 2554 2073 1"prle
2578 1961 2759 2032 patris
2783 1965 2874 2019 sui
2907 1965 2965 2021 in
2987 1968 3283 2043 Hispaniis
3309 1980 3545 2051 recepit.

1950 2059 2106 2073 unane;
2159 2061 2173 2073 ι
2197 2059 2221 2073 Δ
2287 2060 2310 2073 Δ
2458 2054 2505 2073 ΑΙ
2605 2066 2631 2073 ιι-
2686 2051 2789 2073 En-r
2857 2055 2945 2073 1-..,

1901 2043 2124 2114 Procop.
2156 2043 2221 2098 de
2251 2044 2373 2099 bell.
2412 2046 2563 2101 Goth.
2600 2066 2652 2102 a.
2683 2051 2808 2106 507.
2841 2055 2992 2110 Jern.

1969 2132 2076 2187 505
2105 2132 2429 2189 Ludovicus
2460 2151 2559 2191 rex
2588 2137 2940 2197 Francorum
2972 2144 3230 2205 Parisius
3260 2151 3412 2208 beati
3446 2155 3547 2211 Pe-

1901 2220 1976 2276 tri
2008 2219 2311 2277 basilicam
2333 2222 2598 2279 adificat.
2638 2226 2797 2296 Greg.
2832 2232 2952 2285 Tur.
2985 2250 3037 2288 a.
3070 2235 3197 2291 508.

1974 2309 2075 2364 θο
2103 2310 2210 2363 506
2238 2310 2355 2365 Iloe
2386 2314 2645 2383 tempore
2676 2315 2997 2375 Ludovicus
3040 2340 3138 2378 rex
3191 2326 3548 2387 Francorum

1903 2396 2368 2490 ltagnaCharium
2402 2398 2547 2471 (l3'2)
2580 2408 2892 2474 cognatum
2911 2424 3086 2464 suum
3120 2414 3399 2486 regnique
3424 2435 3551 2490 par-

1900 2484 2156 2576 ticipem,
2192 2486 2467 2560 ignavum
2500 2494 2555 2545 et
2584 2490 2969 2564 luxuriosum,
3004 2515 3038 2554 a
3069 2484 3207 2557 suis,
3225 2484 3547 2576 proditum,

1900 2573 2051 2629 bello
2096 2575 2315 2632 victum
2346 2577 2585 2650 fugavit,
2617 2584 2683 2656 et_
2702 2586 3191 2656 comprehensum
3226 2573 3341 2649 sua
3372 2573 3552 2653 manu

1901 2678 2035 2755 cum
2067 2664 2241 2755 fratre
2263 2664 2531 2722 Richario
2562 2654 2771 2725 occidit
2801 2654 2856 2727 et
2908 2676 3037 2745 ejus
3094 2678 3205 2735 sibi
3264 2684 3547 2755 populum

1900 2750 2167 2821 subjecit.
2202 2752 2338 2822 Greg
2369 2755 2492 2808 Tur.
2524 2772 2576 2809 a.
2614 2757 2739 2812 509.
2772 2790 2839 2799 α-
2870 2750 3394 2827 Theodericus—rex
3436 2774 3548 2830 Ita-

1898 2839 1987 2895 lia
2016 2844 2217 2896 contra
2271 2842 2522 2899 Francos
2579 2845 2637 2899 in
2688 2845 2933 2906 Galliam
2988 2856 3305 2914 exercitum
3363 2861 3544 2919 misit.

1901 2926 2136 2981 Cassiod.
2169 2942 2221 2981 α.
2247 2928 2373 2984 508.

1968 3016 2072 3069 507
2085 3015 2185 3071 His
2199 3017 2583 3090 temporibus,
2600 3021 2791 3078 Roma
2808 3024 3017 3085 iterum
3032 3031 3396 3094 dissensione
3414 3056 3546 3096 con-

1896 3107 1987 3159 tra
2017 3104 2435 3176 Symmachum
2458 3124 2670 3180 papam
2694 3116 2748 3167 et
2763 3114 3074 3174 Ecclesiam
3106 3126 3249 3187 orta,
3276 3127 3543 3183 nonnulli

1897 3209 1966 3248 ex
1996 3195 2160 3285 parte
2181 3194 2605 3285 ejus‘iustibus
2661 3204 2716 3254 et
2772 3202 3016 3263 diversis
3073 3207 3260 3282 plagis
3318 3215 3539 3285 afﬂicti,

1897 3279 2164 3375 nonnulli
2194 3282 2467 3375 trucidati
2490 3289 2549 3375 et
2579 3289 2786 3375 necati,
2841 3296 2899 3347 et
2957 3279 3142 3352 multa
3176 3279 3431 3375 indigna
3486 3279 3544 3359 et

199 3357 313 3429 502
340 3372 740 3429 Theodericus
763 3386 866 3427 rex
892 3370 1061 3426 victis
1088 3369 1469 3441 Vulgaribus,
1498 3368 1622 3442 [al.,
1656 3370 1786 3426 Bul-
1815 3357 1857 3424 C
1897 3369 2118 3424 nefaria
2146 3374 2348 3426 contra
2375 3372 2691 3432 Ecclesiam
2724 3383 2781 3434 et
2829 3380 3169 3455 religionem
3223 3357 3545 3449 εοιῖιῷἰεέοξ

132 3462 399 3535 garibus]
431 3460 718 3517 Sirmium
749 3476 929 3534 regno
952 3458 1131 3515 Italia
1160 3458 1438 3516 restituit.
1482 3459 1721 3515 Marcell.
1752 3476 1789 3515 a

131 3552 319 3697 50:03
345 3638 595 3702 Quidam
628 3654 698 3693 ex
743 3637 1046 3705 Romanis,
1105 3636 1522 3710 Symmachum
1580 3653 1791 3710 papam

132 3724 286 3782 falso
310 3724 688 3781 criminantes
710 3727 767 3780 et
788 3724 943 3797 apud
961 3738 1155 3796 regem
1179 3728 1522 3781 accusantes
1538 3723 1795 3780 Lauren-

1898 3460 2037 3513 sunt
2066 3459 2252 3513 Anast.

1969 3546 2073 3601 508
2104 3546 2220 3603 Hoc
2250 3565 2402 3604 anno
2433 3551 2580 3624 (133)
2616 3554 2811 3612 Roma
2842 3557 3077 3618 Boetius
3106 3564 3193 3621 vir
3220 3567 3550 3624 eruditissi-

1903 3650 2037 3691 mus
2067 3636 2439 3695 consulatum
2469 3641 2918 3703 administravit.
2964 3649 3113 3709 Cass.

1203 3890 1681 3951 COMPENDIUM
1719 3893 1811 3950 EX
1847 3892 2101 3952 CODICE
2138 3892 2520 3954 BERNOLDI.

207 4033 325 4089 498
351 4033 555 4102 Isauri,
587 4033 757 4089 occiso
784 4034 1003 4104 Lilingo
1045 4033 1180 4090 duce
1208 4050 1327 4101 suo,
1386 4037 1454 4090 ab
1512 4036 1796 4092 Anastasio

137 4124 474 4197 imperatore
502 4121 868 4178 trucidantur.

205 4212 323 4267 499
380 4210 731 4266 Theodericus
787 4227 887 4268 rea:
921 4253 935 4267 .
983 4254 996 4267 .
1036 4253 1049 4266 .
1087 4212 1348 4283 aediﬁcia,
1398 4214 1583 4271 Romae
1639 4214 1796 4285 Sym-

137 4300 371 4357 machus
406 4342 419 4355 .
458 4341 470 4353 .
507 4341 520 4354 .
553 4299 720 4356 donec
740 4300 952 4371 judicio
992 4301 1299 4357 Theoderici
1346 4304 1491 4372 regis
1546 4304 1796 4376 Symma-

134 4390 271 4446 chus
302 4390 368 4445 in
396 4388 520 4444 sede
540 4389 913 4460 conﬁrmatur.

208 4478 327 4533 500
354 4476 718 4549 Symmachus
739 4494 907 4549 papa,
955 4478 1158 4550 synodo
1216 4480 1395 4535 Romae
1446 4482 1590 4545 acta,
1649 4484 1800 4537 Lau-

2110 4037 2326 4130 Syuodo
2348 4055 2451 4095 cxv
2480 4042 2873 4115 episcoporum,
2905 4052 3015 4107 etc.
3050 4056 3114 4109 ut
3141 4057 3289 4130 Aug.

1975 4127 2082 4182 505
2110 4127 2409 4184 Ludovicus
2434 4146 2552 4198 rex,
2584 4136 2719 4202 etc.,
2743 4140 2808 4191 ut
2834 4138 2981 4211 Aug.

1975 4216 2082 4271 506
2118 4215 2467 4274 Theodericus
2496 4235 2662 4276 rex...
2695 4228 2998 4284 exercitum
3026 4236 3214 4291 movit.

1974 4304 2081 4400 507
2099 4306 2380 4400 _Dissensi0
2408 4309 2608 4364 iterum
2638 4314 2784 4370 inter
2813 4316 3205 4389 Symmachum
3249 4343 3453 4400 papam
3508 4340 3560 4387 et

1904 4392 2199 4450 Ecclesium
2225 4396 2421 4452 oritur.

1976 4481 2083 4576 508
2111 4484 2382 4576 Hocanuo
2410 4486 2615 4558 Romae,
2648 4495 2783 4559 etc.,
2836 4500 2901 4551 ut
2929 4498 3078 4573 Aug.
3139 4536 3209 4547 —-
3270 4506 3375 4561 Hoc
3433 4522 3565 4576 que-

140 4568 389 4623 rentium
407 4565 673 4621 amulum
689 4582 854 4622 suum
880 4568 1133 4625 Nuceriae
1160 4567 1435 4623 ordinavit
1466 4570 1795 4641 episcopum.
1828 4570 1877 4634 D
1906 4585 2008 4640 que
2037 4573 2272 4643 tempore
2298 4574 2488 4631 Avitus
2506 4577 2676 4635 abbas
2705 4565 3127 4650 Aurelianerisis
3174 4565 3473 4649 virtutibus
3520 4605 3575 4653 et

207 4654 321 4711 501
357 4652 707 4711 Theodericus
736 4670 838 4711 rex
869 4699 882 4712 .
922 4695 936 4711 .
968 4697 981 4711 .
1009 4658 1159 4728 fecit.
1187 4657 1283 4711 His
1313 4657 1647 4726 temporibus
1680 4699 1692 4712 .
1732 4700 1743 4712 .
1783 4701 1795 4712 .

140 4744 472 4817 promeruit,
506 4748 575 4799 ut
601 4744 749 4817 Aug.

210 4833 327 4889 503
357 4832 594 4901 Quidam
623 4848 694 4889 ex
719 4834 1002 4903 Romanis,
1035 4838 1168 4905 etc.,
1197 4839 1264 4891 ut
1292 4838 1440 4909 Aug.

1906 4658 2436 4804 prophetiggpiritu
2464 4666 2647 4723 clarus
2677 4673 2902 4743 effulsit.
2935 4675 3113 4753 Greg.
3141 4683 3280 4739 Tur.
3315 4682 3386 4736 de
3425 4681 3575 4752 glor.

1910 4763 2018 4804 con
2050 4790 2063 4802 .
2098 4765 2146 4804 e.
2258 4794 2270 4804 .

1910 4763 2063 4804 00m.
2098 4765 2146 4804 c.
2183 4763 2270 4805 99.

1738 4960 1967 5019 NOTJE.

152 5101 372 5229 49ἓ128)
404 5099 759 5158 Anastasius
786 5118 939 5175 papa
959 5102 1267 5158 ordinatus
1299 5104 1389 5158 est
1414 5102 1485 5157 24
1505 5102 1644 5160 Nov.
1669 5103 1809 5159 anni

220 5244 375 5317 (129)
406 5241 823 5317 Symmachus,
885 5244 1307 5317 ordinatus_22
1357 5244 1496 5299 Nov.
1550 5261 1621 5317 ει.Δ
1666 5246 1806 5313 498;

150 5314 679 5387 εωυιύωᾞεῴυίι
702 5314 1106 5381 Laurentium,
1136 5332 1171 5370 a
1206 5315 1372 5370 Festo
1421 5315 1663 5387 patricio
1711 5334 1811 5373 su-

151 5389 492 5445 bornatum.
526 5386 657 5442 Vid.
694 5387 911 5458 Pagius
939 5387 1000 5458 in
1031 5388 1162 5458 ejus
1191 5387 1344 5441 Vita.

221 5459 374 5532 (130)
400 5459 525 5532 Ade
555 5457 1207 5532 Viennensisghoejam
1229 5458 1301 5532 ad
1321 5473 1422 5532 an.
1455 5457 1581 5532 452‘
1613 5458 1810 5532 habet,

154 5528 488 5587 communis
516 5546 651 5587 vero
675 5528 970 5586 sententia
998 5528 1133 5585 cum
1183 5528 1483 5601 Sigeberto
1541 5528 1810 5601 GemblaL

158 5603 308 5660 censi
338 5602 414 5661 ad
462 5618 557 5661 an.
615 5603 723 5658 468
780 5601 980 5659 refert.
1031 5601 1161 5656 Vid.
1211 5598 1578 5657 Bollandiani
1626 5601 1699 5656 ad
1753 5618 1813 5657 x1

159 5674 305 5749 Maii,
337 5679 397 5737 et
424 5674 717 5735 Baronius
739 5674 814 5732 ad
833 5690 931 5732 an.
965 5673 1093 5742 475,
1113 5688 1220 5731 nec
1241 5688 1359 5730 non
1380 5670 1679 5731 Mabillon.
1704 5669 1745 5731 l.
1771 5689 1813 5731 ιι

464 5805 744 5875 Panos.
790 5798 1057 5872 CXLIII.

1917 5106 1986 5161 de
2028 5105 2248 5167 Litura‘.
2285 5107 2488 5167 Gallic.

2158 5177 2443 5267 Agregorio
2468 5185 2610 5267 Tur.
2638 5185 2678 5241 l.
2712 5206 2772 5259 ιι,
2806 5212 2857 5251 c.
2893 5193 2965 5247 37
2993 5198 3067 5254 ad
3101 5218 3197 5257 an.
3238 5196 3365 5265 507,
3418 5212 3583 5256 cam-

1920 5264 2030 5320 pus
2063 5248 2447 5320 VOgladensis
2478 5255 2709 5313 dicitur.

2218 5322 3077 5417 agpachariusSameracensis
3110 5340 3372 5417 regulus.
3443 5342 3574 5401 Vid.

1921 5406 2015 5473 an.
2051 5392 2173 5459 484,
2207 5393 2378 5462 cujus
2408 5395 2588 5452 frater
2615 5404 2738 5455 erat
2768 5392 3422 5472 Richiariu‘sndau—mﬂeo
3463 5392 3577 5472 631

1991 5502 2408 5614 Pectine
2429 5535 2600 5614 juxta
2632 5539 2837 5614 Festos
2870 5552 3209 5611 consulares
3256 5571 3411 5611 anno
3469 5557 3575 5613 510

1922 5601 2142 5697 203391.
2156 5602 2407 5697 L;_ut
2431 5601 2744 5697 adeoanui
2776 5613 2872 5696 hic
2901 5622 2958 5672 et
2988 5601 3570 5697 ii'“§;écEEE£t-iﬁéé

1924 5689 2087 5749 aque
2116 5689 2183 5732 ac
2204 5675 2703 5753 subsequentibus
2724 5684 2921 5745 minus
2944 5675 3217 5754 accurate
3228 5675 3572 5760 éiﬁiiib'aii'.
