4026 6228
515 296 628 361 107

1323 301 1734 365 HERMANNI
1782 301 2222 363 CONTRACTI
2266 299 2675 363 AUGIENSIS
2720 297 3096 364 MONACHI.

3803 301 3905 362 108

1922 460 2151 515 CODEX
2189 459 2583 515 AUGIENSIS.

589 574 696 629 509
721 573 1070 642 Ludovicus,
1103 574 1201 646 qui
1228 578 1284 629 et
1313 573 1631 630 Clodoveus
1664 575 1928 647 Magnus,
1979 577 2154 630 Fran-
2187 576 2239 641 Α
2270 579 2471 647 petens
2505 591 2701 647 pugna
2730 577 2970 648 fugavit,
3011 581 3066 631 et
3121 577 3245 649 ipse
3298 577 3449 632 inter
3505 576 3713 633 hostes
3770 592 3908 649 equo

523 679 723 719 corum
755 678 851 718 rex
872 666 997 733 post
1018 663 1233 718 multas
1253 662 1523 718 victorias
1545 667 1726 719 totam
1748 681 1893 735 pene
1915 664 2158 719 Galliam

525 750 852 824 possidens,
885 750 1164 818 Parisius,
1199 751 1299 806 ubi
1333 753 1531 808 sedem
1564 753 1725 824 regni
1746 753 2018 820 instituit,
2044 769 2164 807 mo-

524 840 691 910 ritur,
723 844 778 894 et
802 838 861 893 in
883 839 1123 895 basilica
1138 843 1192 894 S.
1215 841 1367 896 Petri
1389 858 1422 896 a
1442 857 1503 896 se
1535 845 1865 896 constructa
1887 841 2165 912 sepelitur

525 943 676 985 anno
707 928 868 1000 regni
897 945 1028 997 xxx,
1061 933 1192 1000 post
1220 930 1536 984 transitum
1564 931 1621 985 S.
1670 930 1924 995 Martini,
1982 935 2046 985 ut
2105 930 2163 985 in

523 1016 703 1090 gestis
730 1017 1084 1073 Francorum
1125 1017 1392 1085 habetur,
1443 1035 1594 1073 anno
1650 1036 1762 1074 cxu
1807 1019 1971 1089 (134).
2035 1019 2168 1073 Post

525 1120 701 1177 quem
733 1110 986 1178 quatuor
1017 1105 1118 1161 ﬁlii
1151 1107 1279 1176 ejus
1310 1106 1495 1161 diviso
1529 1123 1729 1178 regno,
1752 1107 2166 1173 Theodericus,

524 1193 694 1250 Metis
728 1196 926 1250 sedem
956 1194 1181 1250 habens
1212 1196 1383 1250 annis
1409 1213 1572 1261 XXIII,
1607 1213 1739 1251 cum
1774 1200 2009 1251 strenuo
2052 1196 2166 1250 ﬁlio

526 1300 633 1340 suo
664 1283 1063 1339 Theodeberto
1081 1283 1340 1356 regnavit
1363 1303 1374 1351 ;
1399 1285 1794 1340 Cblodomeris
1817 1285 2166 1353 Aurelianis,

528 1371 938 1427 Cbildebertus
969 1372 1254 1437 Parisius,
1288 1376 1344 1426 et
1371 1377 1616 1443 quartus
1647 1373 1974 1429 Chlotarius
1998 1375 2169 1428 Sues-

532 1459 716 1515 sionis
747 1460 944 1514 sedem
981 1464 1246 1515 statuens
1279 1461 1448 1516 annis
1501 1479 1548 1514 ιι
1608 1463 1891 1532 regnavit.
1955 1463 2169 1516 [lorum

534 1565 697 1604 soror
729 1547 1084 1612 Hrodbildis,
1119 1549 1410 1620 aequivoca
1442 1551 1664 1617 matris,
1712 1556 1769 1604 et
1819 1567 1984 1621 reque
2042 1551 2171 1605 reli-

534 1638 718 1710 giosa,
740 1637 1028 1692 Amalrico
1061 1637 1179 1709 regi
1212 1637 1529 1692 Gothorum
1563 1640 1774 1693 Ariano
1798 1640 1852 1692 in
1880 1639 2173 1710 Hispaniis

535 1727 756 1798 nupsit,
789 1729 1089 1796 materque
1115 1725 1290 1780 vidua
1320 1727 1472 1797 apud
1504 1727 1561 1781 S.
1588 1727 1900 1782 Martinam
1924 1729 2175 1782 Turonis

535 1814 596 1870 in
623 1813 982 1870 orationibus
1015 1818 1072 1868 et
1093 1813 1470 1886 eleemosynis
1501 1817 1838 1886 permansit.
1874 1818 2024 1886 Crcg.
2047 1818 2168 1871 Tur.

534 1903 772 1968 Aimoin,
804 1905 992 1960 σαπενὶ
1020 1911 1159 1958 recte
1185 1903 1255 1957 ad
1284 1921 1375 1958 an.
1405 1905 1529 1958 511.

608 1993 698 2048 0|
735 1947 972 2047 510wHis
1004 1991 1367 2064 temporibus
1396 1993 1780 2063 Symmachus
1819 2011 1969 2065 papa
2027 1994 2178 2050 inter
2203 1947 2250 2011 Β

535 2080 650 2137 alia
674 2082 828 2136 bona
857 2080 1204 2136 Manichazos
1237 2080 1293 2135 in
1328 2081 1469 2136 urbe
1527 2081 1793 2137 inventos
1852 2083 2173 2149 damnavit,

533 2167 836 2225 ecclesiam
869 2169 926 2223 S.
961 2169 1204 2224 Andreae
1234 2171 1304 2224 ad
1337 2174 1392 2223 S.
1419 2174 1653 2224 Petrum
1685 2171 2029 2238 construxit,
2055 2188 2178 2227 ora-

533 2259 747 2315 torium
766 2258 825 2313 S.
845 2257 1102 2325 Thomas,
1118 2257 1540 2313 confessionem
1557 2263 1613 2312 S.
1640 2259 1900 2314 Cassiani
1924 2260 2179 2331 itemque

534 2350 872 2402 sanctorum
899 2345 1053 2400 Proti
1083 2350 1142 2400 et
1170 2345 1498 2417 Hyacinthi,
1531 2348 1848 2402 oratorium
1879 2349 1935 2402 S.
1967 2347 2182 2419 Apolli-

537 2435 719 2501 naris,
741 2433 1000 2504 itemque
1016 2434 1074 2487 S.
1096 2433 1267 2497 Sosii,
1288 2434 1427 2488 item
1451 2435 1506 2488 S.
1529 2436 1748 2502 Crucis,
1771 2435 1908 2492 item
1933 2436 2178 2491 S.Joan-

540 2522 633 2579 nis
654 2521 946 2593 Baptistae,
969 2521 1109 2576 item
1131 2521 1447 2578 S.Joannis
1463 2523 1860 2594 Evangelistae,
1879 2523 2179 2580 basilicam

541 2611 600 2667 S.
634 2610 809 2680 Petri,
833 2613 890 2665 et
921 2609 1208 2682 porticum
1257 2627 1546 2665 marmore
1604 2613 1811 2666 stravit
1868 2617 1924 2667 et
1981 2614 2181 2670 multis

544 2699 736 2755 modis
750 2697 1366 2755 ornavit.Xenodochia
1387 2698 1722 2765 instituit,et
1745 2700 1993 2773 singulis
2011 2703 2181 2758 annis

541 2786 881 2855 catholicos,
901 2804 936 2842 a
953 2787 1356 2843 Trasamundo
1378 2804 1509 2860 rege
1524 2788 1944 2843 Wandalorum
1968 2790 2181 2845 Ariano

545 2893 649 2951 per
675 2874 879 2932 exsilia
907 2875 1226 2948 dispersos,
1268 2874 1544 2930 alimonia
1591 2882 1648 2931 et
1695 2877 1958 2933 vestibus
2007 2878 2176 2949 juvit.

545 2964 882 3021 Construxit
910 2963 1085 3020 etiam
1117 2962 1415 3018 basilicam
1443 2964 1500 3018 S.
1531 2964 1765 3035 Agathe;
1789 2964 1879 3019 via
1925 2963 2180 3031 Aurelia,

544 3054 684 3110 item
714 3054 772 3109 S.
803 3051 1268 3118 Pancratii,item
1299 3056 1354 3105 S.
1387 3050 1664 3118 Silvestri,
1684 3052 1824 3107 item
1848 3054 1904 3108 S.
1927 3053 2179 3120 Martini,

545 3144 688 3200 item
718 3143 820 3199 SS.
851 3142 1072 3197 Cosmaa
1104 3145 1161 3196 et
1208 3139 1496 3210 Damiani,
1549 3143 1606 3194 et
1663 3140 1809 3196 alias
1870 3139 2183 3196 nonnullas

546 3231 778 3299 struxit,
811 3231 1104 3287 renovavit
1132 3233 1189 3285 et
1218 3227 1462 3284 ornavit.
1496 3229 1685 3283 Auast.
1721 3229 1850 3283 Bcd.
1886 3229 2072 3284 chron.

2273 663 2520 731 delatus,
2555 665 2626 719 ab
2660 663 2802 734 ipsis
2826 665 3153 737 jugulatur,
3179 671 3236 721 et
3263 665 3603 738 Burgundia
3625 683 3659 721 a
3681 667 3908 722 Francis

2273 753 2640 824 subjugatur.
2677 753 2827 823 Greg.
2863 757 2994 808 Tur.
3017 755 3220 810 Marius
3241 755 3336 811 Av.
3360 772 3412 808 a.
3434 756 3560 810 515.
3593 771 3702 826 seq.

2343 841 2450 895 512
2476 840 2836 896 Amalaricus
2867 841 2925 895 in
2953 841 3251 913 Hispaniis
3283 859 3381 898 rex
3411 843 3736 898 Gothorum
3767 844 3913 898 Aria-

2276 946 2388 984 nus
2420 929 2795 985 Hrodhildem
2829 947 3064 986 uxorem
3099 949 3267 987 suam
3312 931 3658 987 catholicam
3720 932 3911 987 multis

2277 1017 2472 1072 modis
2504 1018 2726 1072 afflixit.
2761 1018 2867 1083 Qui
2897 1024 3095 1090 postea
3123 1037 3157 1075 a
3187 1021 3331 1076 fatre
3382 1020 3510 1091 ejus
3555 1019 3912 1077 Childeberto

2277 1121 2474 1177 pugna
2497 1105 2680 1161 victus
2708 1111 2766 1162 et
2795 1111 3132 1178 peremptus
3162 1112 3282 1176 est;
3316 1112 3373 1164 et
3402 1126 3503 1181 pro
3563 1125 3631 1164 eo
3682 1109 3914 1165 Theuda

2278 1193 2538 1264 regnavit
2568 1195 2731 1264 (136).
2768 1195 2916 1265 Greg.
2955 1198 3078 1250 Tur.
3109 1214 3162 1252 α.
3196 1197 3321 1251 531.

2348 1281 2452 1336 513
2481 1282 2862 1337 Cassiodorus
2889 1284 3066 1356 hujus
3095 1285 3233 1339 anni
3265 1285 3466 1340 consul
3499 1286 3627 1353 fuit,
3657 1287 3760 1359 qui
3820 1305 3912 1359 po-

2280 1375 2403 1422 stea
2428 1386 2740 1425 conversus
2757 1377 2812 1425 et
2830 1371 3153 1426 monachus
3171 1373 3410 1429 effectus
3429 1375 3764 1429 coenobium
3789 1392 3913 1431 con-

2280 1458 2512 1521 struxit,
2546 1462 2600 1511 et
2633 1459 2692 1512 in
2724 1460 2984 1513 saeculari
3008 1459 3666 1532 divinaquelitteratura
3686 1465 3789 1520 62
3813 1464 3914 1518 cla-

2282 1563 2382 1599 rus
2414 1545 2648 1600 effulsit.
2686 1547 2941 1602 Psalmos
2968 1549 3252 1620 exposuit,
3287 1548 3467 1606 libros
3487 1550 3916 1608 institutionum

2283 1639 2340 1687 et
2369 1635 2641 1689 chronica
2674 1636 2823 1690 fecit.
2853 1637 3043 1690 Romae
3072 1639 3330 1704 tandem,
3386 1640 3758 1696 dissensione
3806 1659 3918 1697 ces-

2285 1726 2448 1777 sante
2480 1723 2628 1778 inter
2656 1723 2873 1778 clerum
2906 1729 2961 1778 et
2992 1725 3295 1797 populum,
3330 1731 3531 1798 optata
3563 1729 3734 1784 rediit
3791 1748 3918 1786 con-

2286 1812 2501 1877 cordia,
2550 1817 2604 1866 et
2653 1813 3040 1884 Symmachus
3100 1831 3251 1886 papa
3306 1815 3510 1872 beatus
3560 1818 3706 1873 obiit
3756 1819 3914 1888 (137).

2286 1901 2468 1955 Anast.
2497 1901 2648 1956 Cass.

2351 1991 2455 2043 514
2489 1989 2884 2046 Theodericus
2917 2007 3014 2047 rex
3044 1991 3221 2047 Italia:
3263 1992 3446 2048 ﬁliam
3503 2011 3673 2050 suam
3732 1995 3921 2051 Amal-

2286 2078 2558 2134 suindam
2591 2079 2899 2135 Eutharico
2921 2079 3129 2135 Cillica:
3153 2081 3212 2136 in
3246 2082 3687 2138 matrimonium
3713 2085 3920 2155 junxit.

2288 2167 2528 2222 Cassiod.
2562 2185 2654 2222 an.
2687 2185 2794 2238 seq.
2827 2170 3089 2225 Jornand.
3123 2202 3192 2210 —
3225 2172 3417 2226 Romae
3452 2172 3767 2229 Hormisda
3788 2191 3926 2246 papa

2288 2255 2404 2310 LIV
2433 2255 2586 2310 sedit
2617 2273 2799 2310 annos
2825 2275 2898 2322 1x,
2931 2258 3030 2328 qui
3053 2258 3205 2314 inter
3226 2257 3340 2314 alia
3359 2259 3515 2315 bona
3541 2261 3925 2333 Eutychianos

2287 2343 2544 2415 itemque
2591 2344 2939 2400 Manichaaos
2995 2347 3314 2414 damnavit,
3374 2347 3596 2404 clerum
3656 2351 3926 2416 erudivit,

2291 2432 2560 2487 basilicas
2593 2433 2917 2488 adornavit.
2949 2436 3134 2490 Anast.

2360 2520 2465 2575 515
2492 2525 2610 2575 Hoc
2640 2524 2900 2592 tempore
2929 2522 3255 2580 Vitalianus
3287 2526 3528 2596 quidam
3588 2544 3794 2583 servus
3851 2528 3927 2583 di-

2291 2609 2613 2681 gnitatibus
2643 2609 2831 2665 elatus
2861 2612 3168 2667 Anastasio
3200 2613 3537 2685 imperatori
3569 2617 3836 2686 rebellat,
3883 2622 3932 2672 et

2291 2697 2522 2769 Scythis
2558 2699 2868 2769 adjunctus
2891 2701 3107 2756 crebris
3131 2700 3347 2773 proeliis
3372 2703 3588 2760 milites
3609 2706 3741 2776 ejus
3759 2708 3931 2763 victos

2293 2787 2523 2858 fugans,
2554 2803 2766 2859 magno
2799 2788 3127 2860 reipublica:
3167 2790 3430 2847 dedecori
3481 2797 3540 2848 et
3587 2795 3931 2852 detrimento

2294 2874 2422 2928 fuit.
2449 2876 2696 2930 Marcelt.

2363 2963 2468 3017 516
2495 2962 2595 3018 His
2625 2963 2831 3019 diebus
2863 2955 3171 3021 llor’misda
3189 2983 3359 3039 papa,
3379 2984 3482 3039 pro
3514 2969 3630 3026 fide
3651 2972 3935 3029 catholica

2293 3052 2364 3106 ad
2389 3051 2796 3122 imperatorem
2810 3053 3184 3109 Anastasium
3199 3055 3772 3130 Constantinopolim
3798 3061 3934 3129 lega-

2292 3146 2381 3194 tos
2411 3139 2648 3194 mittens
2679 3146 2734 3194 et
2764 3141 2907 3195 nihil
2957 3143 3287 3214 proficiens,
3344 3143 3490 3201 alios
3545 3146 3754 3204 itidem
3810 3165 3933 3205 cum

2293 3227 2554 3298 epistolis
2584 3228 2803 3300 legatos
2830 3229 3025 3284 mittit.
3060 3233 3213 3296 Quos
3241 3233 3588 3290 Anastasius
3625 3253 3764 3292 cum
3821 3254 3934 3293 cor-

614 3323 715 3377 511
750 3320 866 3376 Hoc
889 3324 1148 3390 tempore
1178 3333 1341 3390 reges
1373 3317 1726 3372 Francorum
1759 3316 2182 3384 Cblodomeris,
2214 3313 2256 3377 C
2295 3333 2565 3388 rumpere
2589 3334 2700 3372 non
2738 3322 2950 3389 posset,
2985 3319 3184 3375 exsilio
3216 3321 3516 3394 deputavit
3545 3329 3603 3378 et
3631 3324 3790 3381 inter
3837 3327 3938 3382 alia

544 3410 966 3476 Childebertus,
998 3414 1055 3464 et
1085 3406 1435 3474 Clotharius,
1480 3405 1960 3477 Burgundionum
2020 3423 2184 3478 reges

542 3499 990 3573 Sigismundum
1021 3502 1075 3552 et
1105 3495 1499 3551 Godomarum
1533 3498 1757 3566 petunt,
1791 3498 1848 3550 et
1877 3510 2074 3566 pugna
2093 3495 2181 3549 vi-

539 3593 662 3646 ctos
693 3589 916 3660 fugant.
943 3587 984 3642 E
1002 3585 1216 3658 quibus
1235 3583 1649 3656 Sigismundus
1668 3601 1764 3638 rex
1784 3583 2090 3655 religiosus
2109 3584 2179 3638 ad

537 3683 772 3735 sanctos
801 3679 1175 3749 Agauncnses
1209 3675 1356 3746 (135)
1416 3671 1782 3744 confugiens,
1835 3673 2181 3743 insequente

533 3767 934 3834 Cblodomerc,
962 3765 1175 3820 ibidem
1203 3767 1409 3835 captus
1440 3765 1496 3817 et
1525 3760 1854 3816 Aurelianis
1886 3761 1944 3815 in
1987 3777 2176 3816 carce-

532 3873 654 3914 rem
684 3855 900 3914 missus
931 3872 1049 3911 una
1076 3871 1210 3915 cum
1243 3868 1418 3908 uxore
1449 3868 1514 3906 ac
1543 3849 1680 3904 ﬁliis
1712 3850 2036 3905 trucidatus
2058 3852 2174 3918 est;

529 3951 587 4006 et
606 3950 804 4004 secuto
818 3951 1077 4017 tempore
1088 3941 1489 4000 Cblodomeris
1502 3940 1715 3996 iterum
1729 3939 2175 4010 Burgundiones

2293 3405 2506 3460 domno
2542 3422 2698 3476 papae
2731 3406 3029 3477 rescripsit
3058 3407 3295 3465 dicens:
3327 3411 3431 3465 Nos
3443 3411 3643 3482 jubere
3671 3415 3937 3477 volumus.

2290 3510 2400 3548 non
2428 3495 2580 3548 nobis
2599 3495 2805 3564 juberi.
2841 3496 3027 3551 Anast.

2358 3584 2462 3638 5l7
2493 3583 2595 3637 Uis
2628 3584 2990 3654 temporibus
3020 3585 3416 3643 Theodericus
3449 3605 3546 3644 rex
3579 3592 3938 3649 Francorum

2289 3670 2480 3726 Danos
2514 3689 2574 3727 se
2605 3672 2946 3728 invadentes
2976 3690 3078 3744 per
3108 3674 3294 3730 filium
3316 3677 3794 3737 Theodebertum
3832 3699 3939 3738 una

2287 3776 2420 3816 cum
2455 3777 2586 3832 rege
2617 3778 2722 3815 suo
2755 3761 2826 3815 ad
2857 3761 3311 3820 internecionem
3344 3765 3578 3822 delevit.
3625 3769 3780 3840 Greg.
3824 3774 3937 3826 Tur.

2286 3867 2337 3904 a.
2367 3866 2454 3921 pr.
2478 3867 2500 3910 ;
2531 3849 2630 3915 aL,
2653 3852 2802 3904 circa
2826 3867 2916 3905 an.
2947 3851 3071 3905 515.

1581 4091 2052 4148 COMPENDIUM
2093 4091 2183 4147 EX
2221 4091 2472 4147 CODICE
2511 4089 2892 4147 BERNOLDI.

595 4215 702 4271 509
733 4212 1048 4278 Ludovicus,
1093 4212 1186 4282 qui
1234 4213 1286 4265 et
1325 4207 1632 4276 Clodoveus,
1689 4209 2024 4263 Francorum
2081 4223 2180 4262 rex
2211 4210 2254 4274 D
2353 4207 2459 4262 514
2488 4209 2674 4263 Romae
2700 4207 3060 4265 Ilormisda...
3093 4208 3398 4278 adornavit,
3441 4220 3492 4267 et
3541 4223 3786 4285 quatuor
3846 4221 3941 4277 de-

523 4304 760 4360 Parisiis
789 4301 928 4356 obtii
954 4299 1054 4354 ubi
1081 4297 1259 4353 sedem
1280 4298 1438 4367 regni
1459 4297 1721 4350 instituit.

595 4392 705 4447 510
730 4390 825 4444 His
870 4387 1204 4458 temporibus
1256 4384 1614 4456 Symmachus
1659 4400 1802 4454 papa
1856 4385 2000 4439 inter
2055 4383 2173 4440 alia

527 4482 668 4538 bona
697 4477 1029 4537 Manichaeos
1052 4477 1111 4530 in
1137 4474 1268 4529 urbe
1299 4475 1540 4527 inventos
1561 4471 1871 4530 damnavit:
1889 4473 2172 4528 basilicam

524 4571 579 4626 S.
615 4569 767 4625 Petri
793 4571 845 4622 et
871 4567 1139 4638 porticum
1167 4577 1442 4618 marmore
1487 4563 1680 4615 stravit
1736 4564 1786 4616 et
1831 4561 1946 4616 alia
1975 4561 2170 4632 huius-

518 4658 688 4716 modi.

587 4748 693 4804 513
727 4743 1072 4802 Cassiodorus
1101 4741 1333 4813 hujus...
1361 4739 1618 4796 chronica
1645 4741 1793 4810 fecit,
1853 4749 1904 4795 et
1959 4743 2168 4812 tripar-

517 4841 677 4895 titam
707 4836 999 4893 historiam
1026 4831 1325 4886 ordinavit.
1362 4831 1537 4884 Romae
1569 4828 1786 4884 tandem
1833 4828 2168 4886 dissensione

515 4929 775 4992 cessante,
807 4921 1171 4995 Symmachus
1201 4935 1345 4992 papa
1375 4919 1508 4974 obiit
1536 4920 1594 4974 in
1620 4933 1772 4990 pace.

2282 4304 2430 4351 creta
2457 4297 2610 4366 fecit.

2349 4385 2454 4439 515
2488 4385 2793 4440 Vitalianus
2824 4386 3054 4456 quidam
3081 4403 3266 4444 servus
3294 4404 3420 4444 cum
3451 4390 3672 4462 Scythis
3707 4397 3941 4452 Anasta-

2277 4475 2357 4528 sio
2381 4475 2702 4543 imperatori
2718 4474 2962 4529 rebellat.

2347 4562 2452 4616 516
2483 4563 2778 4618 "Ormisda
2799 4579 2945 4633 papa
2981 4564 3265 4620 Anastasio
3308 4567 3633 4638 imperatori
3678 4589 3788 4642 pro
3841 4576 3943 4645 ﬁde

2277 4650 2541 4705 catholica
2572 4650 3098 4723 Constantinopolim
3140 4654 3337 4724 legatos
3380 4658 3554 4722 misit,
3609 4663 3711 4715 cui
3766 4665 3944 4735 impe—

2276 4742 2427 4794 rator
2458 4741 2600 4794 inter
2626 4741 2742 4795 alia
2769 4743 3047 4813 rescripsit
3079 4743 3193 4797 ita:
3225 4743 3341 4798 Nos
3371 4745 3580 4815 jubere
3634 4749 3943 4814 volumus.

2277 4845 2392 4883 non
2427 4828 2598 4884 nobis
2619 4829 2835 4900 juberi.

2096 5016 2323 5072 NOT/E.

587 5149 737 5222 (134)
767 5149 971 5222 Annus
1001 5161 1116 5222 xxx
1137 5143 1299 5222 regni
1329 5141 1591 5222 Clodovei
1623 5140 1693 5222 ab
1725 5139 2000 5222 anno/i8!
2069 5146 2158 5197 est

517 5213 864 5283 annus'511,
901 5234 1014 5288 quo
1045 5213 1227 5272 etiam
1250 5215 1415 5278 obiit,
1449 5215 1713 5288 quamvis
1762 5213 1898 5288 anni
1953 5230 2068 5267 cxu
2126 5230 2160 5269 a

517 5296 705 5348 morte
732 5293 789 5343 8.
824 5285 1054 5344 Martini
1086 5306 1137 5344 a.
1161 5289 1264 5343 397
1297 5285 1552 5342 defuncti
1585 5285 1963 5341 convenirent
2005 5302 2157 5340 anno

516 5364 624 5418 509
654 5361 748 5416 hic
775 5365 994 5415 notato.

589 5433 738 5505 (135)
769 5431 896 5514 Haec
927 5449 995 5514 ex
1025 5430 1296 5514 Gregorio
1325 5431 1462 5514 Tur.
1499 5432 1553 5484 et
1585 5427 1762 5514 ltO‘larip
1791 5426 2158 5510 Aventicensi

516 5499 826 5575 desumpta
848 5499 1183 5576 posterioris
1214 5506 1354 5558 sunt
1373 5499 1655 5571 temporis
1681 5517 1693 5567 ;
1717 5501 2074 5576 Agaunense
2085 5499 2158 5553 si-

556 5569 750 5633 uideni
780 5569 1199 5634 monasterium
1231 5569 1633 5630 constructum
1663 5573 1750 5626 est
1772 5569 1940 5625 'anno
1972 5569 2077 5626 515
2127 5587 2160 5625 a

550 5644 903 5730 igismundo,
937 5646 1037 5730 qui
1059 5664 1153 5708 an.
1180 5646 1288 5706 516
1315 5660 1419 5722 pro
1442 5643 1716 5702 defuncto
1746 5645 1908 5718 patre
1929 5639 2160 5700 Gundo-

2268 5139 2440 5197 baldo
2473 5159 2570 5196 rex
2602 5140 2809 5208 iactus,
2844 5160 2936 5198 an.
2968 5143 3072 5198 523
3107 5144 3292 5200 victus
3351 5164 3415 5202 ac
3448 5148 3695 5208 demum
3743 5171 3799 5209 a.
3838 5155 3944 5209 524

2271 5214 2608 5296 occisus'est
2637 5231 2670 5296 a
2699 5214 3098 5296 Cblodomerc,
3133 5217 3228 5296 qui
3263 5221 3333 5296 et_
3356 5218 3485 5296 ipse
3513 5221 3572 5276 in
3606 5241 3811 5296 pugna
3855 5227 3940 5280 in-

2267 5285 2441 5340 teriit.
2476 5284 2606 5339 Vid.
2639 5291 2678 5338 t.
2714 5307 2740 5334 ››
2778 5286 2909 5339 Maii
2942 5284 3227 5349 Bolland..
3263 5289 3336 5342 ad
3368 5284 3427 5345 cl.
3469 5293 3517 5347 1.

2341 5357 2486 5433 (Ιξὸ)
2511 5357 2646 5433 Yid.
2682 5356 2997 5433 ProcOpius
3028 5359 3099 5413 de
3125 5359 3274 5414 bello
3296 5361 3564 5433 Gothico,
3599 5371 3658 5421 et
3677 5366 3938 5424 Jornan-

2269 5428 2372 5482 des
2402 5427 2472 5481 de
2497 5430 2771 5482 Getarum
2803 5429 3044 5499 origine.

2339 5498 2798 5581 (15:7)‘Spectant
2974 5501 3044 5581 ad
3104 5517 3325 5560 annum
3382 5504 3510 5574 514,
3573 5523 3698 5581 quo
3752 5511 3941 5568 etiam

2268 5569 2648 5627 Cassiodorus
2679 5569 2884 5630 consul
2921 5571 3046 5631 fuit.
