4026 6228
1440 324 1918 396 GHRONICON.
1949 355 2030 379 —-
2061 326 2252 394 SIEC.
2302 330 2402 393 νι.
3516 326 3633 387 HO

1594 490 1827 547 CODEX
1865 488 2264 547 AUGIENSIS.

260 607 365 662 518
385 606 762 663 Anastasius
787 605 1124 678 imperator,
1148 623 1284 663 cum
1304 606 1511 662 haeresi
1534 606 1872 678 Eutychetis
1901 608 1954 673 Α
1985 605 2079 669 tis,
2116 604 2373 659 donariis
2407 606 2463 659 et
2484 602 2828 658 muneribus
2860 602 3111 658 donatus
3143 601 3467 657 revertitur.
3496 602 3632 657 Mar-

202 694 438 751 t‘avisset
467 698 528 752 et
558 684 897 752 catholicos
928 699 1394 767 persequeretur,
1430 694 1675 750 fulmine
1722 694 1872 750 ictus
1980 694 2101 749 cett.
2136 711 2229 747 an.
2264 694 2388 747 525.

202 782 441 851 interiit,
464 784 665 855 major
686 782 1090 855 octogenario.
1121 781 1226 838 Pro
1250 799 1365 855 quo
1384 782 1658 839 Justinus
1686 781 1871 853 impe-
2049 782 2154 835 524
2186 779 2581 836 Theodoricus
2615 796 2712 835 rex
2764 778 3086 835 Gothorum
3118 781 3175 833 et
3204 781 3490 850 tyrannus
3517 779 3629 835 Ro-

206 875 364 928 rator
381 871 717 928 catholicus
740 870 1249 943 Constantinopoli
1271 871 1534 944 regnavit
1555 870 1726 927 annis
1744 887 1868 937 vm;
1983 885 2294 924 manorum
2327 868 2484 923 inter
2514 867 2627 923 alia
2658 870 2759 923 64
2783 866 2935 922 mala
2956 858 3219 922 Boetium
3244 868 3553 939 patricium
3574 872 3631 924 et

206 959 307 1032 qui
338 959 659 1016 nonnullos
692 960 942 1032 imperio
964 958 1257 1015 inhiantes
1280 959 1513 1027 occidit,
1537 965 1750 1015 etcum
1772 958 1869 1012 Vi-
1980 955 2395 1029 philosophum
2418 957 2517 1011 diu
2536 959 2893 1011 carceratum
2916 956 3155 1022 occidit;
3173 970 3276 1011 nec
3295 955 3481 1011 multo
3497 960 3629 1028 post

203 1047 425 1105 taliano
456 1054 709 1122 tyranno
741 1065 884 1122 pace
928 1048 1095 1121 prius
1143 1048 1315 1114 facta,
1363 1049 1637 1105 eumdem
1670 1051 1871 1119 postea
1978 1061 2244 1100 socerum
2259 1045 2309 1116 ej
2323 1063 2389 1100 us
2408 1044 2825 1116 Symmachum
2840 1044 3366 1116 patriciumitidem
3381 1044 3628 1117 peremit

205 1137 476 1209 peremit.
507 1138 754 1193 Marcetl.
986 1189 990 1193 ,
1975 1132 2261 1188 Joannem
2277 1149 2508 1205 quoque
2532 1149 2744 1205 papam
2767 1133 3001 1188 beatum
3030 1133 3099 1187 de
3121 1131 3624 1205 Constantinopoli

280 1225 386 1281 68
435 1225 543 1280 519
585 1224 857 1281 Justinus
912 1226 1218 1297 Augustus
1268 1223 1488 1297 legatos
1541 1222 1866 1296 apostolicae
1977 1237 2271 1277 reversum
2320 1222 2595 1276 Ravenna
2649 1238 2765 1276 una
2815 1236 2949 1275 cum
3005 1220 3318 1276 comitibus
3376 1221 3624 1277 carceris

206 1313 395 1381 sedis,
431 1313 504 1368 ab
534 1312 843 1368 Hormisda
865 1329 1019 1385 papa
1037 1311 1604 1385 Constantinopolim
1628 1329 1731 1384 pro
1756 1311 1868 1367 {ide
1975 1310 2288 1365 afflictione
2320 1308 2544 1365 necavit
2569 1327 2642 1364 xv
2672 1308 2794 1364 Kal.
2818 1308 3002 1377 Junii,
3026 1309 3125 1381 qui
3147 1325 3262 1365 non
3284 1309 3467 1366 multo
3491 1314 3625 1382 post

204 1401 452 1469 missos,
485 1418 717 1457 summo
748 1402 968 1457 honore
998 1400 1275 1473 suscepit,
1299 1401 1501 1473 eisque
1533 1400 1591 1455 in
1623 1401 1865 1456 damna-
1975 1398 2220 1454 Romam
2252 1398 2492 1466 relatus,
2515 1398 2670 1470 apud
2692 1399 2749 1453 S.
2775 1398 3009 1454 Petrum
3042 1396 3310 1469 seplutus
3335 1402 3425 1454 est
3450 1398 3620 1470 (138).

198 1490 366 1546 tione
388 1489 678 1546 haereseos
702 1505 807 1562 per
822 1488 1019 1545 omnia
1037 1492 1467 1546 consentaneus
1490 1488 1747 1561 plurima
1766 1504 1868 1561 per
1976 1487 2138 1543 Beda.
2165 1489 2302 1543 Hist.
2334 1488 2570 1543 miscelt.

198 1591 302 1634 eos
331 1578 577 1634 donaria
608 1578 855 1633 Romam
894 1577 1073 1633 misit.
1098 1577 1290 1633 Anast.
2043 1577 2149 1631 525
2176 1574 2572 1631 Theodoricus
2622 1578 2933 1646 tyrannus,
2994 1578 3127 1647 post
3184 1593 3245 1631 In
3286 1592 3519 1632 menses
3551 1576 3623 1633 ab

267 1668 380 1723 520
408 1668 521 1722 Hac
550 1669 905 1739 tempestate
934 1665 1335 1721 Theodericus
1367 1681 1465 1719 rex
1511 1666 1865 1721 Francorum
1974 1663 2138 1719 obitu
2156 1681 2313 1737 papze
2335 1664 2602 1729 Joannis,
2624 1668 2755 1737 post
2778 1663 2965 1720 multa
2982 1663 3136 1720 mala
3157 1681 3264 1720 sua
3284 1665 3625 1737 Dcijudicio

1976 1753 2282 1808 subitanea
2304 1756 2488 1809 morte
2511 1753 2797 1809 Ravennae
2820 1753 3062 1818 interiit,
3087 1757 3165 1823 et,
3191 1753 3345 1809 sicut
3364 1754 3624 1812 solitario

1975 1841 2207 1897 cuidam
2230 1842 2547 1898 revelatum
2570 1846 2679 1908 est,
2713 1860 2746 1897 a
2775 1842 3000 1897 Joanne
3023 1859 3174 1915 papa
3193 1847 3249 1897 et
3272 1844 3624 1915 Symmacho

1974 1929 2215 2003 patricio
2248 1930 2308 1984 in
2340 1930 2513 1985 ollam
2558 1929 2803 1985 Vulcani
2837 1931 3097 2001 dejectus
3139 1935 3229 1986 est
3276 1948 3430 1988 anno
3460 1933 3623 2006 regni

1973 2017 2155 2074 Italici
2174 2018 2686 2090 xxxn.Postquem
2719 2035 2898 2089 nepos
2932 2020 3060 2089 ejus
3101 2020 3622 2091 Atharicus[Atha-

1971 2106 2208 2180 laricus]
2232 2124 2376 2179 puer
2399 2124 2532 2161 cum
2558 2110 2743 2162 matre
2763 2105 3148 2163 Amalsuinda
3172 2109 3431 2180 regnavit
3449 2110 3621 2166 annis

1972 2213 2094 2251 VIII.
2129 2197 2261 2251 (list.
2292 2196 2498 2251 miscet.
2533 2197 2758 2266 Procop.
2792 2197 2943 2251 Jorn.
2967 2226 3037 2235 —-
3059 2195 3253 2250 Romae
3278 2196 3435 2251 Felix
3451 2213 3622 2268 quar-

1973 2289 2068 2338 tus
2099 2301 2249 2356 papa
2274 2283 2395 2339 LVI
2420 2283 2571 2338 sedit
2602 2283 2773 2338 annis
2805 2301 2883 2349 Iv,
2916 2283 3221 2339 mensibus
3252 2302 3290 2339 II
3317 2302 3331 2352 ;
3364 2286 3462 2355 qui
3487 2286 3623 2342 fecit

1971 2371 2273 2428 basilicam
2304 2376 2643 2428 sanctorum
2676 2371 2896 2427 Cosme:
2929 2376 2984 2426 et
3016 2372 3280 2428 Damiaui
3303 2373 3396 2430 via
3419 2376 3618 2445 Sacra,

1971 2465 2030 2516 et
2059 2462 2116 2517 S.
2145 2460 2444 2516 Saturnini
2478 2461 2571 2516 via
2601 2460 2823 2516 Salaria
2853 2461 3023 2531 (139).
3053 2461 3242 2516 Anast.

2040 2552 2145 2605 526
2172 2549 2675 2622 Constantinopoli
2709 2549 2982 2605 Justinus
3032 2550 3371 2622 imperator,
3431 2554 3620 2610 Justi-

1972 2638 2215 2693 nianum
2274 2638 2437 2710 regni
2494 2643 2821 2693 consortem
2852 2641 2907 2693 et
2935 2654 3333 2694 successorem
3378 2640 3617 2713 faciens,

1972 2726 2115 2782 obiit
2137 2746 2150 2795 ;
2174 2744 2276 2799 pro
2299 2744 2415 2799 quo
2437 2726 2809 2783 Justinianus
2830 2744 2897 2782 ex
2941 2744 3137 2783 sorore
3160 2745 3338 2800 nepos
3360 2730 3488 2800 ejus
3509 2732 3620 2788 im-

1970 2816 2192 2887 peravit
2238 2816 2411 2871 annis
2467 2832 2684 2871 XXXVIII
2733 2814 2921 2871 multa
2976 2816 3191 2888 pietate
3222 2820 3280 2872 et
3309 2819 3622 2890 prudentia

1969 2904 2345 2976 conspicuus,
2380 2904 2492 2959 nisi
2521 2904 2581 2959 in
2631 2904 2984 2977 quibusdam
3034 2904 3322 2963 haereticis
3363 2906 3615 2965 favisset.

1969 2994 2209 3049 Marcetl.
2243 3011 2336 3049 an.
2369 3010 2479 3064 seq.

176 328 289 391 109

197 1770 341 1809 cum
369 1752 493 1808 tilio
512 1753 918 1809 Theodeberto
951 1752 1288 1825 Thuringos
1320 1755 1545 1824 petens,
1579 1752 1869 1808 immensa

194 1858 308 1898 eos
336 1842 489 1897 caede
518 1840 805 1915 protrivit,
858 1845 916 1897 et
951 1842 1386 1897 Erment‘ridum
1435 1857 1631 1914 regem
1662 1857 1866 1897 eorum

197 1929 467 2002 fugavit;
497 1946 672 2002 quem
701 1934 904 2001 postea
937 1929 1050 1985 fide
1105 1930 1243 1985 data
1291 1929 1363 1984 ad
1426 1945 1488 1984 se
1537 1930 1865 1985 venientem

195 2017 541 2091 suscipiens
560 2035 591 2074 e
616 2035 783 2074 muro
814 2018 1219 2091 praecipitavit,
1252 2020 1309 2073 et
1339 2016 1490 2073 ﬁlios
1529 2019 1661 2089 ejus
1684 2017 1864 2073 occidi

188 2106 357 2163 fecit.
395 2105 549 2178 Greg.
586 2108 709 2162 Tur.
744 2123 837 2162 an.
869 2107 996 2163 530.

252 2196 375 2251 521
408 2196 685 2253 Justinus
707 2199 1012 2268 Augustus
1034 2194 1324 2251 haereticis
1346 2195 1594 2250 infestus
1621 2194 1865 2251 Arianos

191 2285 380 2340 etiam
436 2282 942 2355 Constantinopoli
1000 2284 1407 2357 persequitur;
1466 2284 1622 2339 unde
1678 2283 1864 2339 iratus

190 2374 601 2432 Theodoricus
629 2390 730 2429 rex
782 2371 957 2428 Italiae
1007 2372 1260 2427 Ariauus
1318 2372 1558 2428 exitium
1607 2373 1666 2427 in
1698 2371 1865 2429 Italia

193 2461 511 2518 catholicis
543 2461 819 2517 minatur.
845 2462 983 2516 Hist.
1015 2462 1244 2516 miscett.

272 2553 386 2606 522
416 2550 478 2606 In
506 2551 702 2606 Africa
750 2552 985 2606 mortuo
1014 2550 1253 2605 tandem
1287 2550 1698 2605 Trasamundo
1730 2565 1865 2622 rege

190 2639 634 2696 Wandalorum
691 2638 929 2707 Ariano,
984 2638 1321 2694 Heldericus
1370 2655 1475 2711 pro
1507 2656 1572 2695 eo
1605 2638 1865 2711 regnavit

193 2729 381 2785 annis
397 2745 530 2797 vm;
555 2727 657 2801 qui
678 2727 881 2784 statim
899 2727 957 2782 in
975 2727 1262 2799 principio
1284 2727 1448 2800 regni
1462 2727 1739 2783 ecclesias
1761 2727 1861 2782 diu

191 2817 442 2874 clausas
466 2816 718 2889 aperuit,
751 2819 808 2872 et
836 2833 1042 2872 omnes
1071 2815 1392 2871 catholicos
1423 2817 1494 2872 de
1525 2815 1748 2872 exsiliis
1768 2832 1862 2872 re-

192 2923 413 2962 vocare
433 2904 685 2974 studuit,
707 2908 765 2960 et
784 2907 1042 2978 optatam
1068 2903 1335 2960 Ecclesiae
1358 2920 1558 2976 pacem
1584 2904 1859 2974 restituit,

192 2997 435 3067 Procop.
469 2995 667 3052 Victor.
702 2994 836 3049 Tun.
870 3010 964 3049 an.
995 3004 1106 3065 seq.

269 3085 384 3140 523
414 3083 610 3140 Romae
641 3082 899 3139 Joannes
928 3099 1081 3155 papa
1101 3081 1195 3136 LV
1220 3080 1371 3137 sedit
1401 3081 1573 3137 annis
1607 3099 1667 3149 ιι,
1696 3098 1859 3138 men-
2038 3084 2145 3137 527
2168 3082 2540 3138 Justinianus
2599 3086 2904 3153 Augustus
2962 3081 3323 3139 Belesarium
3356 3085 3614 3143 amicum

192 3173 374 3231 sibus
406 3190 462 3227 IX
480 3191 503 3239 ,-
535 3170 658 3244 qui,
677 3170 1009 3227 cmmeter’ia
1035 3169 1094 3224 in
1119 3170 1261 3225 urbe
1284 3174 1619 3225 restaurans
1647 3174 1706 3224 et
1729 3168 1860 3226 aliis
1968 3188 2143 3227 suum
2175 3170 2497 3243 principem
2525 3170 2745 3226 militiae
2777 3171 2930 3237 fecit,
2964 3187 3065 3244 per
3095 3188 3269 3245 quem
3300 3177 3358 3228 et
3389 3174 3458 3230 de
3481 3174 3615 3231 Par-

190 3261 381 3319 bonis
404 3262 659 3329 instans,
682 3278 717 3315 a
739 3258 1099 3315 Theoderico
1121 3257 1688 3330 Constantinopolim
1708 3257 1860 3331 lega-
1900 3330 1930 3334 _
1966 3259 2086 3315 this
2114 3258 2498 3333 triumphavit
2542 3264 2597 3315 et
2645 3277 2857 3333 magna
2886 3276 2955 3316 ex
2985 3265 3147 3331 parte
3186 3262 3613 3334 rempublicam

190 3355 301 3406 tus
333 3350 610 3418 mittitur,
643 3353 699 3405 et
727 3365 963 3405 summo
986 3347 1207 3403 honore
1235 3350 1293 3402 et
1319 3347 1535 3420 gaudio
1565 3364 1599 3402 a
1627 3346 1858 3403 Justino
1887 3330 1931 3396 C
1968 3330 2346 3420 recuperavit.
2378 3350 2515 3404 Hist.
2549 3330 2771 3406 miscet:
2806 3381 2874 3391 —-
2917 3330 3071 3405 Gens
3111 3330 3460 3408 Winilorum
3492 3355 3613 3411 sive

189 3440 472 3511 Augusto
525 3442 584 3493 et
632 3437 862 3493 cunctis
906 3435 1131 3492 civibus
1164 3439 1474 3508 susceptus
1504 3436 1574 3491 ad
1607 3439 1858 3509 portam,
1970 3437 2505 3509 Langobardorum,
2531 3454 2663 3510 rege
2685 3438 2954 3505 Odwino,
2979 3439 3101 3509 [al.,
3123 3440 3449 3512 Audoinus]
3472 3443 3619 3497 Pan-

195 3544 334 3600 qua:
364 3526 585 3583 dicitur
610 3528 802 3582 Aurea
828 3542 1044 3581 CIBCUID
1094 3523 1409 3593 illuminat,
1443 3529 1500 3580 et
1528 3529 1801 3581 coronato
1828 3542 1862 3581 a
1968 3525 2208 3581 noniam
2239 3525 2469 3593 invasit,
2503 3526 2703 3598 ibique
2731 3526 2994 3582 habitare
3026 3528 3217 3600 cmpit.
3264 3531 3429 3585 Paul.
3462 3532 3618 3590 Diae.

197 3632 267 3671 se
299 3617 568 3689 Augusto
598 3615 856 3682 Justino,
878 3618 935 3670 et
964 3630 1067 3687 pro
1093 3614 1310 3685 quibus
1333 3618 1568 3669 venerat
1588 3613 1862 3686 impetra—
1975 3616 2103 3671 hist.
2130 3615 2361 3686 Longob.
2392 3617 2617 3688 Procop.

1270 3764 1744 3820 COMPENDIUM
1783 3764 1878 3823 EX
1914 3765 2166 3822 CODICE
2206 3765 2586 3822 BERNOLDI.

284 3882 400 3938 5l8
428 3880 744 3938 Anastasius
773 3882 934 3954 imp.,
984 3879 1186 3938 haeresi
1237 3882 1428 3953 favens
1476 3880 1789 3952 Eutychetis
1813 3886 1867 3938 et
1973 3883 2190 3949 missus,
2222 3886 2277 3937 et
2326 3898 2360 3936 a
2414 3881 2627 3938 Justino
2657 3883 2790 3953 Aug.
2825 3890 2878 3937 et
2921 3882 3130 3937 cunctis
3159 3885 3369 3940 civibus
3399 3885 3627 3941 honori-

202 3969 514 4028 catholicos
536 3985 877 4042 persequens,
932 3971 1075 4025 ictus
1128 3970 1369 4041 fulmine
1417 3971 1650 4042 interiit,
1690 3973 1870 4042 major
1976 3970 2074 4041 ﬁce
2103 3973 2403 4042 susceptus,
2437 3969 2507 4025 ad
2532 3979 2748 4042 portam
2784 3985 2911 4041 qua:
2959 3970 3165 4027 dicitur
3212 3975 3390 4031 Aurea
3420 3988 3628 4031 caecum

203 4038 598 4130 octogenario;
626 4038 725 4131 pro
755 4074 859 4132 quo
912 4038 1158 4115 Justinus
1217 4060 1516 4131 imperator
1568 4038 1867 4115 catholicus

206 4148 689 4218 Constantinopoli
716 4148 969 4217 regnavit
992 4149 1159 4203 annis
1189 4151 1324 4212 octo,
1355 4156 1407 4203 et
1435 4163 1559 4202 cum
1596 4147 1872 4205 Vitatiano

202 4246 458 4309 tyranno
478 4252 669 4307 pacem
687 4238 842 4308 fecit,
875 4251 1035 4307 quem
1057 4244 1247 4308 postea
1279 4244 1465 4292 tamen
1491 4238 1740 4308 peremit.

279 4325 394 4382 519
420 4326 671 4382 Justinus
708 4328 982 4393 Augustus
1010 4326 1210 4396 legatos
1242 4325 1539 4381 Itormisdaa
1583 4341 1747 4398 papae
1772 4343 1870 4399 pro

205 4414 321 4488 ﬁde
348 4415 549 4470 missos
600 4412 895 4483 honoriﬁce
931 4416 1183 4486 suscepit,
1235 4416 1416 4486 eisque
1462 4416 1522 4469 in
1563 4415 1870 4471 damnatio-

206 4520 342 4560 nem
368 4504 634 4559 hzreseos
663 4503 1023 4571 consentiens,
1054 4503 1231 4558 multa
1253 4518 1355 4576 per
1391 4518 1477 4559 eos
1505 4503 1737 4560 donaria
1770 4505 1871 4561 Ro-

209 4610 366 4649 mam
397 4593 575 4648 misit.

283 4668 385 4738 521
422 4682 675 4739 Justinus
720 4681 1058 4752 Augustus...
1092 4680 1327 4736 exitium
1364 4679 1646 4737 catholicis
1677 4682 1737 4737 in
1766 4683 1876 4738 Ita-

214 4774 299 4829 lia
328 4773 649 4827 minitatur.

284 4862 395 4917 522
420 4863 487 4917 In
544 4859 739 4931 Africa
794 4866 1006 4915 mortuo
1068 4858 1436 4915 Trasamundo
1484 4876 1610 4931 rege
1644 4861 1878 4917 Wanda-

1977 4059 2263 4115 illuminat
2291 4067 2361 4125 et,
2394 4063 2647 4115 coronato
2670 4076 2703 4115 τι
2724 4075 2781 4115 se
2807 4064 2842 4116 ,1
2848 4060 3030 4115 ustino
3050 4060 3310 4133 Augusto,
3334 4079 3462 4120 cum
3484 4063 3631 4119 mut-

1978 4149 2048 4203 tis
2076 4147 2396 4205 muneribus
2425 4148 2610 4204 rediit.

2046 4238 2153 4293 524
2184 4236 2534 4293 Theodoricus
2588 4255 2689 4294 rex
2735 4237 3020 4295 Gothorum
3051 4241 3102 4294 et
3130 4246 3402 4312 tyrannus
3430 4243 3633 4298 Roma-

1976 4343 2177 4382 norum
2235 4328 2547 4383 Boetium...
2612 4328 2803 4383 itidem
2858 4330 3157 4385 interemit.
3199 4331 3469 4388 Joannem
3502 4348 3633 4405 quo-

1981 4432 2085 4486 que
2109 4432 2313 4487 papam
2344 4415 2559 4471 beatum
2587 4419 2821 4473 carceris
2846 4417 3147 4488 afﬂictione
3167 4424 3382 4478 necavit
3406 4438 3481 4476 xv
3510 4421 3631 4478 Kal.

1979 4506 2157 4561 Junii.
3578 4574 3581 4577 Α

2052 4595 2158 4648 523
2189 4593 2608 4651 Theodoricus...
2668 4596 2737 4652 ab
2793 4595 2943 4651 obitu
2988 4596 3217 4653 Joannis
3262 4616 3420 4672 papae
3460 4598 3642 4655 subito

1984 4684 2256 4739 Ravenna:
2285 4682 2441 4754 obiit,
2462 4685 2514 4738 et
2536 4684 2743 4740 sicut...
2773 4687 3009 4757 dejectus
3028 4693 3123 4741 est.
3148 4687 3277 4744 Post
3298 4706 3459 4761 quem
3479 4704 3645 4760 nepos

1907 4753 1955 4818 D
1984 4773 2122 4846 ejus,
2181 4753 2552 4839 Athalaricus,
2604 4791 2744 4845 puer
2796 4753 2917 4830 cum
2962 4782 3136 4830 matre
3190 4753 3445 4849 regnavit
3475 4753 3645 4832 annis

1985 4869 2119 4918 octo.
2152 4893 2220 4903 —
2252 4863 2504 4918 Romae...
2538 4862 2764 4919 Felix...
2794 4864 3072 4919 mensibus
3103 4880 3164 4917 ιι.

218 4953 398 5009 lorum
426 4952 662 5016 Ariano,
695 4948 1007 5004 IIildericus
1028 4964 1130 5020 pro
1158 4965 1218 5005 eo
1246 4950 1499 5020 regnavit
1526 4952 1690 5006 annis
1722 4955 1875 5019 octo;
2054 4951 2163 5004 526
2192 4949 2663 5021 Constantinopoli
2714 4952 2959 5007 Justinus
3012 4951 3145 5021 imp.
3181 4952 3359 5016 obiit;
3400 4968 3500 5025 pro
3530 4967 3635 5023 quo

218 5044 313 5115 qui
336 5042 531 5098 statim
559 5038 823 5095 ecclesias
850 5037 948 5093 diu
973 5038 1192 5094 clausas
1220 5040 1454 5109 aperuit,
1485 5043 1535 5094 et
1580 5055 1761 5095 omnes
1781 5056 1881 5095 ca-
1986 5040 2329 5095 Justinianus
2357 5055 2523 5110 nepos
2557 5038 2673 5110 ejus
2704 5041 2991 5112 imperavit
3021 5041 3184 5094 annis
3213 5058 3450 5097 xxxvm.

214 5132 436 5189 theticos
463 5129 535 5186 de
563 5127 774 5185 exsilio
802 5127 1087 5183 revocavit.
1816 5188 1817 5191 η
2057 5129 2225 5185 527-1
2233 5129 2544 5183 ustinianus
2566 5130 2744 5201 Aug...
2777 5127 3003 5185 militiae
3050 5130 3205 5199 fecit.
3243 5131 3381 5188 Gens
3418 5129 3643 5187 Winilo-

274 5220 382 5278 523
440 5224 639 5276 Romae
697 5216 933 5271 Joannes
985 5230 1133 5286 papa
1190 5214 1275 5269 ιν
1325 5214 1465 5270 sedit
1522 5231 1693 5272 annos
1720 5217 1877 5284 duos,
1990 5232 2182 5271 rum...
2214 5218 2434 5283 invasit,
2467 5226 2518 5273 ct
2546 5218 2628 5273 ibi
2649 5218 2931 5277 habitavit.

199 5329 410 5371 menses
442 5323 676 5376 novem,
739 5305 839 5376 qui
891 5319 925 5359 a
985 5303 1304 5360 Theoderico
1359 5304 1884 5379 Constantinopolim

1854 5429 2089 5488 NOT/E.

245 5561 408 5640 (138)
456 5542 1616 5640 _Mort‘emnul_3_o_e‘ti‘i¢pa_ri_ter-huieapnqo
1641 5547 1894 5640 ascribit
2000 5543 2496 5640 __(Ai§t‘9)_‘Cuncta
2552 5544 2663 5603 hoc
2715 5563 2866 5607 anno
2925 5553 3120 5609 notata
3170 5552 3244 5612 ad
3302 5557 3647 5629 sequentem

169 5616 403 5702 κάξίᾙέ
433 5627 702 5695 Ανθηιη
728 5616 1078 5702 Symmppbi
1094 5620 1291 5702 autem
1314 5633 1467 5677 anno
1488 5617 1610 5678 525.
1632 5619 1891 5689 Joannes
2000 5616 2285 5692 spectant-

166 5688 661 5801 EtEt-imum
681 5688 857 5760 'an'no
886 5689 996 5753 526
1026 5688 1190 5753 obiit.
