4026 6228
459 323 575 384 111

1273 310 1689 375 HERMANNI
1734 308 2176 381 CONTRAGTI
2221 302 2635 373 AUGIENSIS
2680 298 3055 369 MONACHI.

3749 298 3866 361 112

1847 467 2076 522 CODEX
2113 466 2512 523 AUGIENSIS.

522 578 635 637 £5
665 576 771 633 528
802 573 903 631 His
930 569 1291 642 temporibus
1320 566 1525 622 beatus
1557 566 1736 621 abbas
1756 563 2102 620 Benedictus
2130 566 2186 632 Α
2215 562 2444 629 delevit,
2463 562 2851 618 Geilamerum
2872 574 3070 633 regem
3090 573 3292 614 eorum
3319 559 3556 630 captum
3576 556 3865 613 Constan-

463 668 757 726 immensa
771 663 1051 720 virtutum
1069 656 1255 732 gloria
1272 654 1502 711 claruit.
1523 652 1857 709 Priscianus
1875 669 2105 725 quoque

462 753 883 832 grammaticus
911 748 1004 805 his
1033 747 1143 803 fuit
1171 744 1555 817 temporibus.
1586 742 1716 799 Bed.
1749 744 1863 797 chr.

533 846 643 903 529
673 840 967 900 Exercitus
997 837 1297 893 Romanus
1346 832 1589 890 sabbato
1640 831 1871 887 Paschas
1902 847 1936 886 a
1963 831 2104 886 Par-

463 936 583 993 this
615 933 943 1005 superatur.

530 1023 640 1083 530
665 1001 733 1078 In
760 1017 956 1077 Africa
982 1001 1173 1072 occiso
1204 1011 1356 1069 male
1386 1006 1686 1067 Helderico
1707 1024 1840 1081 rege
1860 1008 2109 1066 Wanda-

461 1112 655 1171 lorum
686 1106 993 1174 catholico,
1026 1103 1315 1161 Geilamer
1344 1115 1589 1173 regnum
1640 1098 1921 1153 invadens
1950 1100 2110 1152 tanta

463 1200 694 1259 feritate
721 1198 782 1255 in
828 1192 1144 1253 catholicos
1174 1195 1231 1246 et
1258 1190 1319 1245 in
1349 1205 1550 1246 omnes
1600 1186 2011 1253 debacchatur,
2047 1189 2109 1240 ut

462 1307 570 1349 nec
597 1286 940 1363 parentibus
971 1281 1095 1339 suis
1125 1282 1406 1352 parceret.
1438 1280 1665 1348 Procop.
1701 1277 1831 1331 Vict.
1873 1276 2005 1330 Tun.
2038 1304 2108 1313 —

461 1362 659 1438 Romae
677 1372 1011 1434 Bonifacius
1031 1368 1325 1435 secundus
1347 1383 1499 1439 papa
1515 1366 1662 1420 LVII
1684 1364 1836 1438 sedit
1849 1362 2020 1419 annis
2042 1379 2105 1429 ιι,

464 1484 669 1527 mense
690 1467 870 1522 ferme
891 1479 931 1533 ι,
945 1476 1079 1516 cum
1100 1473 1216 1531 quo
1235 1472 1336 1529 per
1355 1454 1780 1511 dissensionem
1802 1452 2107 1509 ordinatus

464 1561 556 1619 est
574 1556 909 1621 Dioscorus,
926 1554 984 1608 et
998 1545 1199 1621 paucis
1223 1549 1356 1618 post
1375 1544 1581 1600 diebus
1603 1538 1870 1599 mortuus
1893 1558 1906 1609 ;
1930 1556 2104 1613 quem

460 1651 662 1705 tamen
694 1639 1024 1699 Bonifacius
1054 1634 1292 1692 collecta
1320 1632 1538 1705 synodo
1568 1632 1847 1687 damnare
1869 1627 2105 1685 molitus

462 1739 571 1794 est.
601 1734 793 1790 Anast.

534 1826 636 1881 531
662 1818 993 1879 Bonifacius
1011 1811 1453 1888 papaVigilium
1475 1810 1784 1864 diaconum
1808 1807 1867 1862 in
1887 1806 2105 1879 synodo

465 1919 599 1989 post
624 1929 687 1970 se
712 1924 925 1984 papam
941 1904 1075 1978 eligi
1102 1903 1212 1959 sub
1233 1898 1618 1971 chirographo
1639 1896 1924 1962 decrevit;
1950 1895 2104 1966 quod

467 1988 664 2062 tamen
694 2001 897 2072 postea
925 1992 1280 2057 rescindens,
1306 1988 1445 2062 quia
1464 1991 1665 2043 contra
1688 2001 1940 2041 canones
1961 1988 2104 2049 erat,

467 2089 813 2150 combussit.
846 2085 976 2157 Ipse
1003 2081 1063 2137 in
1093 2078 1350 2153 periculo
1400 2076 1572 2132 famis
1604 2074 1819 2131 clerum
1856 2078 1912 2129 et
1964 2089 2105 2144 pau-

466 2196 631 2255 peres
657 2173 933 2234 alimonia
956 2171 1126 2245 juvit.
1159 2172 1346 2225 Anast.

531 2269 639 2327 532
665 2267 750 2323 Ab
779 2264 889 2318 hoc
918 2277 1093 2323 anno,
1125 2256 1346 2313 scilicet
1371 2252 1690 2310 Justiniani
1742 2248 2109 2322 imperatoris

424 2422 431 2429 ,
463 2360 646 2425 sexto,
677 2352 992 2425 Dionysius
1019 2349 1320 2403 Romanus
1340 2343 1543 2410 abbas,
1570 2341 1874 2410 utriusque
1895 2337 2107 2409 lingua:

464 2443 883 2520 peritissimus,
914 2436 1144 2510 cyclum
1174 2448 1456 2506 magnum
1488 2428 1818 2502 paschalem
1854 2426 2106 2490 inchoat,

465 2514 718 2607 quijam
748 2526 930 2586 semel
968 2525 1040 2581 ab
1086 2520 1487 2578 incarnatione
1543 2516 1774 2572 Domini
1828 2516 1886 2569 in
1938 2514 2109 2569 annis

467 2601 660 2680 nxxin
689 2620 946 2685 exactus,
974 2613 1217 2671 totidem
1248 2610 1307 2665 in
1339 2625 1402 2665 se
1439 2623 1626 2663 annos
1654 2604 1929 2660 continet.
1960 2601 2108 2658 Inci-

466 2712 554 2786 pit
598 2712 793 2766 autem
825 2723 860 2762 a
888 2703 1077 2777 primo
1109 2697 1446 2756 Diocletiani
1505 2712 1678 2760 anno,
1721 2694 1876 2748 unde
1927 2691 2107 2747 Grazci

466 2779 658 2874 cyclos
685 2812 826 2854 suos
872 2791 1243 2858 inchoabant,
1285 2786 1459 2859 cyclis
1506 2779 2109 2840 decennovennalibus

467 2870 579 2947 χιιι·
600 2884 840 2951 exactis,
868 2883 929 2939 id
960 2884 1068 2949 est,
1093 2897 1188 2935 an.
1221 2892 1462 2932 ccxnvu.
1494 2873 1621 2928 Bed.
1666 2872 1782 2926 chr.
1818 2902 1881 2911 —
1918 2870 2108 2924 Romae

469 2976 725 3034 Joannes
737 2969 1052 3033 secundus,
1068 2965 1168 3038 qui
1182 2969 1238 3020 et
1250 2961 1586 3028 Mercurius,
1602 2976 1753 3031 papa
1771 2958 1941 3013 LVIII
1962 2956 2112 3012 sedit

469 3062 645 3124 annis
662 3078 725 3127 ιι,
742 3058 1046 3115 mensibus
1067 3072 1142 3111 1v.
1158 3052 1243 3107 Ad
1262 3047 2114 3117 huncJustinianusAugustus

434 3208 439 3211 _
473 3155 547 3211 de
576 3152 691 3208 ﬁde
720 3164 829 3206 sua
844 3146 1069 3202 litteras
1090 3146 1147 3199 et
1170 3138 1411 3197 donaria
1431 3142 1632 3194 sancto
1652 3136 1818 3191 Petro
1840 3133 2112 3189 transmi-

464 3243 564 3302 sit.
597 3241 792 3297 Anast.
823 3254 917 3291 an.
947 3234 1072 3289 533.
1108 3262 1173 3273 -—
1204 3226 1598 3285 Theodoricus
1628 3240 1727 3279 rex
1757 3222 2108 3276 Francorum

2211 651 2516 724 tinopolim
2545 650 2807 715 abduxit,
2831 652 2887 705 et
2907 647 3316 720 Carthaginem
3342 644 3675 718 reipublicae
3700 645 3867 701 resti-

2212 740 2324 795 tuit
2353 744 2484 812 post
2522 756 2705 795 annos
2735 755 2865 795 xcrv
2894 755 2962 793 ex
2993 753 3108 808 quo
3139 752 3174 791 a
3204 734 3493 792 Geiserico
3551 738 3725 807 capta
3754 740 3863 791 est.

2212 829 2762 901 Geilamer:quoquc
2799 831 2933 898 post
2980 824 3206 897 aliquot
3243 841 3429 879 annos
3460 840 3494 878 a
3522 823 3865 880 Justiniano

2214 920 2477 990 Augusto
2508 933 2702 972 comes
2756 915 3015 980 effectus,
3068 918 3127 969 et
3180 912 3241 968 in
3296 911 3580 968 terminos
3620 912 3863 969 Partho-

2215 1023 2345 1062 rum
2368 1007 2441 1062 ad
2458 1022 2557 1062 eos
2579 1004 2860 1061 arcendos
2881 1002 3240 1059 constitutus
3252 1005 3360 1058 est.
3376 1000 3615 1057 Marcell.
3631 1003 3861 1057 Marius.

2214 1098 2438 1167 Procop.

2286 1186 2392 1239 535
2421 1185 2613 1239 Romae
2646 1181 2921 1254 Agapitus
2952 1196 3103 1252 papa
3157 1178 3276 1234 LIX
3301 1180 3454 1236 sedit
3482 1195 3637 1235 anno
3672 1178 3795 1235 fere
3824 1197 3863 1235 ι.

2214 1272 2316 1329 Hic
2343 1291 2376 1328 a
2402 1272 2697 1328 Theodato
2737 1274 3007 1342 tyranno,
3040 1285 3143 1340 pro
3176 1267 3365 1340 gratia
3386 1267 3713 1324 Justiniani
3742 1270 3864 1326 Au-

2212 1361 2392 1434 gusti,
2425 1364 2660 1433 propter
2687 1357 2940 1414 occisam
2979 1355 3428 1412 Amalsuindam
3479 1357 3591 1412 sibi
3624 1356 3863 1424 infensi,

2212 1447 2771 1520 Constantinopolim
2794 1446 3033 1515 missus,
3067 1448 3403 1501 constanter
3430 1461 3566 1500 cum
3595 1446 3862 1518 Augusto

2212 1556 2315 1612 pro
2348 1539 2460 1593 fide
2490 1535 2703 1592 Christi
2761 1533 3106 1602 decertavit;
3165 1533 3544 1589 Anthemium
3591 1534 3863 1605 ejusdem

2212 1628 2378 1684 urbis
2407 1626 2745 1698 episcopum
2776 1623 3112 1680 hazreticum
3160 1622 3491 1678 convictum
3537 1623 3863 1693 damnavit,

2211 1720 2268 1773 et
2287 1717 2347 1771 in
2370 1715 2563 1771 locum
2584 1715 2711 1785 ejus
2736 1712 2957 1768 favente
2980 1713 3242 1783 Augusto
3266 1711 3518 1766 anam
3540 1710 3671 1783 (aL,
3697 1712 3861 1768 Meu-

2213 1806 2371 1872 nam)
2394 1802 2715 1869 ordinavit;
2745 1801 2986 1872 ipseque
3011 1799 3228 1854 ibidem
3252 1800 3456 1855 morbo
3477 1804 3671 1856 tactus
3696 1801 3862 1871 obiit,

2212 1899 2269 1950 et
2300 1894 2358 1948 in
2390 1891 2580 1947 loculo
2614 1890 2886 1963 plumbeo
2918 1891 3161 1944 Romam
3193 1886 3410 1944 relatus
3452 1888 3534 1955 ad
3580 1894 3863 1947 Sanctum

2214 1983 2448 2039 Petrum
2482 1979 2747 2053 sepultus
2777 1982 2883 2034 est.
2919 1979 3104 2033 Anast.
3139 1976 3377 2032 Marcell.
3418 1978 3547 2033 Vict.
3582 1979 3719 2034 Tun.

2282 2072 2390 2127 536
2411 2071 2604 2126 Romm
2623 2066 3249 2135 Silverius,Hormisdze
3269 2083 3429 2138 papa:
3442 2067 3668 2122 dudum
3684 2067 3862 2135 ﬁlius,

2215 2163 2423 2216 contra
2442 2157 2798 2215 voluntatem
2830 2155 2968 2211 cleri
3013 2172 3046 2210 a
3088 2154 3384 2211 Theodato
3416 2160 3662 2227 tyranno
3690 2173 3864 2229 pecu-

2216 2249 2313 2305 nia
2342 2252 2612 2320 corrupto
2669 2246 2816 2317 (149)
2866 2244 2955 2299 LX
3008 2259 3159 2316 papa
3213 2243 3493 2300 violenter
3534 2251 3865 2316 promotus,

2216 2337 2367 2394 sedit
2385 2354 2537 2392 anno
2565 2354 2603 2400 1,
2630 2335 2931 2391 mensibus
2950 2351 3005 2387 v.
3032 2333 3269 2388 Marcell.
3296 2332 3483 2388 Anast.
3509 2364 3575 2374 —
3597 2333 3867 2391 Theoda-

2215 2428 2391 2481 datus
2421 2431 2705 2497 tyrannus
2736 2422 2948 2477 abhinc
2980 2425 3111 2493 post
3163 2439 3201 2475 II
3261 2438 3495 2477 menses
3526 2439 3559 2476 a
3592 2422 3865 2496 Witigiso

2216 2518 2572 2587 peremptus,
2608 2516 2664 2568 et
2690 2510 2928 2583 Witigis
2957 2511 3079 2581 (aL,
3116 2508 3378 2581 Witiges)
3413 2527 3511 2566 rex
3538 2510 3867 2569 Gothorum

2216 2604 2403 2659 factus
2415 2601 2771 2658 est.Aimoin.
2785 2630 2852 2638 ——
2866 2596 3180 2654 Bclisarius
3194 2596 3472 2669 patricius
3486 2598 3867 2656 aJustiniano

2215 2694 2474 2764 Augusto
2503 2690 2560 2745 in
2588 2688 2817 2744 Italiam
2850 2691 3050 2743 contra
3077 2686 3295 2741 Gothos
3326 2686 3570 2752 missus,
3600 2704 3707 2760 per
3730 2690 3870 2746 Sici-

2218 2778 2360 2835 liam
2403 2778 2714 2845 transiens,
2765 2780 2821 2831 et
2864 2776 3153 2831 Sunderat
3200 2772 3410 2831 ducem
3457 2777 3585 2847 ejus
3627 2776 3868 2834 vincens

2217 2868 2586 2939 Africamque
2605 2868 2676 2921 de
2696 2864 2961 2938 tyrannis
2983 2866 3077 2920 07
3107 2881 3338 2930 eruens,
3354 2864 3657 2931 Neapolim
3680 2872 3871 2925 trans-

2220 2956 2449 3011 fretavit
2477 2956 2783 3027 ipsamque
2805 2954 3008 3008 urbem
3031 2953 3144 3009 sibi
3171 2952 3538 3008 resistentem
3558 2955 3867 3013 obsessam

2217 3045 2273 3099 vi
2304 3044 2476 3115 cepit,
2510 3047 2569 3098 ct
2598 3047 2717 3097 tam
2748 3042 2901 3097 cives
2932 3057 3109 3113 quam
3137 3039 3376 3108 Gothos,
3415 3039 3561 3095 nulli
3592 3060 3865 3114 parcens,

2218 3131 2546 3189 trucidavit.
2565 3131 2702 3187 Inde
2723 3147 2856 3185 cum
2879 3130 3083 3185 urbem
3104 3130 3349 3185 Romam
3366 3129 3671 3202 ingressus
3690 3139 3866 3207 esset,

2218 3222 2388 3278 Gothi
2419 3238 2624 3277 omnes
2654 3219 2753 3292 qui
2784 3219 2861 3275 ibi
2887 3219 3132 3286 fuerant,
3165 3222 3332 3274 nocte
3361 3219 3603 3291 egressi,
3640 3222 3867 3279 Raven-

467 3346 620 3391 anno
651 3326 815 3400 regni
844 3339 989 3381 χχιιι
1020 3319 1286 3388 moritur,
1336 3321 1393 3373 et
1439 3314 1607 3371 Metis
1655 3311 1969 3384 sepelitur:
2002 3327 2106 3382 pro
2138 3294 2180 3362 (ἶ
2218 3328 2355 3368 nam
2388 3311 2675 3383 fugientes
2704 3309 3016 3381 petierunt,
3051 3324 3199 3379 quos
3238 3307 3561 3376 insecutus,
3592 3316 3866 3368 conserto

462 3436 585 3493 quo
615 3398 772 3474 illius
808 3415 937 3487 ejus
991 3409 1425 3466 Theodebertus
1483 3400 1744 3475 regnavit
1799 3398 1937 3456 anni
1986 3417 2103 3455 xxv.

430 3509 621 3583 _Greg.
659 3509 783 3565 Tur.
810 3521 905 3561 an.
935 3503 1061 3557 534.

531 3579 639 3655 533
671 3597 865 3653 Roma
895 3594 1122 3648 mortuo
1177 3584 1511 3643 Athalarico
1568 3598 1703 3656 rege
1759 3579 2104 3649 Gothorum,

461 3684 845 3746 Amalsuinda
873 3680 1238 3738 Theodatum
1270 3676 1372 3731 86
1411 3674 1470 3730 in
1529 3671 1892 3729 consortium
1941 3669 2104 3743 regni

461 3773 715 3834 assumit
737 3790 751 3842 ;
776 3770 879 3845 qui
909 3770 1099 3842 ipsam
1124 3781 1238 3821 non
1260 3761 1445 3819 multo
1462 3764 1598 3834 post
1618 3757 1805 3816 occidi
1822 3756 2027 3828 jussit,
2049 3760 2106 3811 et

457 3880 709 3940 mgnum
738 3860 850 3920 sibi
881 3857 988 3916 soli
1021 3853 1341 3927 usurpavit.
1364 3850 1605 3940 Marcell.
1631 3866 1725 3904 an.
1757 3862 1868 3918 seq.

526 3938 634 4012 534
662 3949 977 4012 Bclisarius
1006 3944 1349 4021 patriciusa
1375 3939 1709 3997 Justiniano
1755 3938 2105 4009 imperatore

444 4046 679 4103 missus
702 4037 1125 4099 Wandalorum
1148 4037 1378 4107 gentem
1412 4030 1471 4085 in
1502 4028 1696 4084 Africa
1716 4025 1865 4083 bello
1889 4025 2101 4080 victam

2217 3400 2413 3473 proelio
2444 3404 2669 3471 septem
2700 3395 2885 3452 millia
2937 3411 3007 3451 ex
3053 3395 3138 3451 eis
3180 3394 3428 3453 ,occidit.
3459 3396 3703 3469 Witigis
3732 3416 3866 3455 vero

2213 3487 2452 3545 collecto
2482 3486 2690 3559 grandi
2721 3483 2975 3541 exercitu
3007 3483 3353 3540 Belisarium
3388 3484 3722 3557 urbemque
3753 3487 3870 3544 Ro-

2214 3594 2371 3633 mam
2393 3594 2509 3632 uno
2523 3592 2675 3631 anno
2693 3573 2941 3640 obsedit,
2958 3573 3274 3644 omniaque
3293 3572 3512 3628 circum
3527 3574 3868 3647 devastans,

2213 3666 2417 3721 urbem
2450 3663 2601 3719 bello
2634 3668 2691 3719 et
2723 3663 2873 3717 fame
2892 3661 3142 3734 graviter
3161 3661 3472 3733 oppressit.
3497 3660 3713 3719 Postea
3737 3680 3869 3721 vero

2210 3771 2444 3828 egresso
2475 3751 2772 3819 Belisario,
2804 3767 3002 3823 pugna
3032 3751 3349 3805 commissa
3372 3750 3584 3814 victus,
3640 3752 3869 3810 Raven.

2210 3861 2348 3901 nam
2389 3841 2635 3915 aufugit.
2687 3843 2911 3911 Procop.
2971 3840 3104 3894 Mar.
3137 3840 3289 3894 Jorn.
3340 3870 3406 3880 —
3456 3839 3668 3895 Fames
3701 3845 3868 3896 tanta

2211 3935 2364 3990 facta
2394 3936 2504 3999 est,
2540 3934 2603 3987 ut
2633 3931 2692 3985 in
2727 3928 2963 4001 Liguria
2993 3928 3261 4000 quaedam
3285 3927 3562 3984 mulieres
3588 3928 3870 4000 parvulos

2210 4040 2351 4080 suos
2375 4018 2766 4078 cctnederent.
2799 4016 3045 4073 Marcell.
3080 4017 3134 4073 h.
3168 4035 3220 4071 a.

1489 4150 1963 4209 COMPENDiUM
2005 4149 2096 4244 DX
2133 4148 2384 4206 CODICE
2424 4144 2806 4203 BERNOLDI.

529 4282 636 4339 528
666 4283 759 4337 His
784 4276 1137 4351 temporibus,
1169 4277 1308 4339 etc.,
1340 4273 1405 4325 ut
1433 4270 1580 4340 Aug.

442 4422 445 4425 η
530 4372 723 4429 3301a
756 4371 941 4440 Africa
970 4368 1143 4422 occiso
1177 4360 1525 4418 IIitderia)...
1567 4354 1851 4421 invadens,
1903 4355 1961 4408 in
2005 4369 2097 4408 ca-

457 4462 686 4520 tholicos
708 4467 758 4516 et
786 4461 846 4514 in
874 4472 1057 4514 omnes
1085 4451 1465 4509 debacchatur.
1497 4448 1676 4502 Romae
1697 4444 2010 4508 Bonifacius
2035 4445 2102 4514 ll,

448 4568 599 4627 papa
627 4551 784 4618 LVII,
812 4548 947 4604 sedit
976 4544 1142 4600 annis
1172 4558 1238 4608 ιι,
1268 4552 1451 4592 mense
1477 4538 1647 4606 ferme
1675 4549 1805 4589 uno.

523 4622 624 4697 531
658 4638 975 4709 Bonifacius
1001 4648 1146 4705 papa
1174 4628 1498 4698 Vigitium...
1534 4622 1839 4679 combussit.

521 4730 630 4788 532
654 4728 733 4785 Ab
761 4728 859 4782 hoc
913 4738 1123 4779 anno...
1182 4720 1457 4774 Romanus
1510 4712 1676 4768 abbas
1728 4710 2007 4783 cyclum...
2041 4712 2100 4765 in

447 4836 509 4877 se
534 4832 710 4875 annos
737 4815 993 4872 continet.
1032 4811 1212 4866 Romae
1239 4806 1542 4862 Joannes...
1576 4801 1713 4857 sedit
1741 4816 1914 4856 annos
1942 4799 2095 4867 duos,

447 4922 659 4966 menses
708 4906 965 4977 quatuor,
1016 4899 1109 4955 cui
1159 4894 1505 4952 Justinianus
1556 4891 1691 4963 Aug.
1753 4889 1817 4945 de
1861 4888 1967 4959 ﬁde
1995 4904 2097 4943 sua

448 4998 657 5055 litteras
685 4990 1010 5051 transmisit.

516 5086 624 5141 533
651 5084 835 5139 Romae
860 5086 1072 5133 mortuo
1098 5072 1407 5131 Athalarico
1438 5085 1561 5140 rege
1591 5066 1881 5125 Gothorum
1901 5065 2090 5122 Amal-

2134 4267 2179 4331 D
2206 4269 2423 4337 gentem
2458 4261 2844 4318 Wandalorum
2872 4260 2933 4314 in
2978 4259 3169 4330 Africa
3202 4258 3341 4313 bello
3384 4259 3585 4315 victam
3642 4258 3871 4329 delevit,

2206 4361 2467 4425 captoque
2493 4366 2617 4421 rege
2638 4366 2825 4405 eorum
2848 4348 3135 4403 chamero
3157 4346 3433 4419 (Getimer)
3469 4347 3874 4417 Carthaginem

2216 4442 2451 4497 Romano
2481 4440 2679 4511 populo
2720 4440 2981 4494 restituit.

2280 4532 2388 4586 535
2417 4531 2592 4585 Romae
2624 4529 2884 4599 Agapitus
2908 4542 3053 4599 papa
3082 4526 3193 4581 LIX
3235 4525 3375 4581 sedit
3402 4541 3546 4581 anno
3575 4529 3697 4597 [ere
3727 4544 3866 4583 uno.

2212 4621 2308 4675 Hic
2335 4637 2369 4674 α
2396 4618 2660 4674 Theodoto
2690 4622 2927 4689 tyranno
2976 4631 3076 4687 pro
3135 4616 3318 4683 gratia
3365 4617 3683 4671 Justiniani
3724 4618 3868 4687 Aug.

2205 4709 2409 4763 missus
2437 4705 2987 4777 Constantinopolim,
3031 4704 3380 4759 Anthemium
3434 4702 3677 4774 ejusdem
3706 4705 3871 4761 urbis

2205 4798 2516 4869 episcopum
2545 4793 2863 4858 hmreticum
2891 4793 3195 4853 damnavit,
3227 4790 3586 4863 ordinataque
3602 4792 3721 4849 alio
3742 4798 3870 4866 epi-

2203 4902 2356 4957 scopo
2386 4884 2443 4940 id
2472 4892 2572 4952 est,
2610 4883 2810 4938 Meneta
2844 4882 3129 4948 catholico,
3190 4882 3309 4951 ipse
3364 4879 3567 4936 ibidem
3612 4879 3777 4951 obiit,
3804 4885 3869 4937 in

2202 4974 2579 5031 ecclesiasticis
2609 4971 2811 5042 regulis
2839 4972 3089 5043 apprime
3118 4969 3383 5025 eruditus.

2270 5064 2378 5119 536
2408 5064 2584 5118 Romae
2613 5061 2898 5128 Silverius,
2935 5059 3235 5116 Ilormisdse
3254 5058 3465 5115 dudum
3488 5075 3654 5132 papa:
3685 5061 3864 5132 ﬁlius,

445 5173 645 5231 suinda
670 5173 849 5226 mater
876 5169 990 5239 ejus
1049 5163 1373 5220 Theodotum
1430 5162 1490 5215 in
1545 5152 1877 5214 consortium
1933 5157 2095 5224 regni
2199 5161 2387 5209 contra
2416 5151 2750 5207 voluntatem
2776 5149 2932 5213 cieri,
2974 5164 3005 5202 a
3042 5147 3298 5204 Theodato
3327 5152 3587 5219 tyranno,
3622 5152 3866 5219 pecunia

445 5263 647 5319 sumit:
681 5258 778 5330 qui
806 5238 987 5312 tamen
1040 5270 1163 5310 eam
1188 5326 1192 5333 ‘
1206 5254 1392 5325 postea
1448 5247 1622 5305 occidi
1668 5247 1859 5318 jussit,
1896 5246 1949 5298 et
1980 5246 2093 5315 ipse
2198 5249 2469 5313 corrupto,
2500 5240 2584 5295 LX
2608 5255 2754 5311 papa
2808 5238 3074 5293 violenter
3126 5241 3428 5310 promotus,
3470 5239 3615 5294 sedit
3644 5255 3864 5297 annum

444 5351 591 5408 solus
618 5346 893 5418 regnavit.

513 5436 620 5495 534
649 5434 950 5492 Bclisarius
972 5434 1241 5506 patricius
1276 5448 1310 5487 a
1358 5429 1671 5488 Justiniano
1701 5426 1833 5496 imp.
1867 5423 2087 5493 missus,

2196 5348 2394 5399 unum,
2441 5343 2650 5385 menses
2682 5328 2946 5400 quinque.

2030 5545 2260 5604 NOTIE.

506 5677 658 5767 (MO)
688 5675 901 5759 Pagina
928 5676 988 5741 in
1042 5676 1204 5739 Brev.
1253 5674 1418 5736 Pont.
1462 5669 1657 5744 Rom.,
1698 5668 1841 5726 tom.
1878 5664 1923 5738 Ι,
1954 5679 2087 5741 pag.
2198 5663 2326 5740 285,
2384 5659 2693 5726 Silverium
2753 5658 2826 5726 ab
2883 5656 2992 5723 hac
3055 5658 3187 5724 labe
3242 5659 3429 5724 solide
3509 5660 3856 5728 vindicavit.
