  <div class='ocr_page' id='page_1' title='image "/cluster/home/n/w/nwhite01/storage/ocr_20150623/143/uva.x000829790/062.png"; bbox 0 0 4026 6228; ppageno 0'>
   <div class='ocr_carea' id='block_1_1' title="bbox 153 409 261 474">
    <p class='ocr_par' dir='ltr' id='par_1_1' title="bbox 153 409 261 474">
     <span class='ocr_line' id='line_1_1' title="bbox 153 409 261 474; baseline 0.009 -1"><span class='ocrx_word' id='word_1_1' title='bbox 153 409 261 474; x_wconf 76' lang='grc'>113</span> 
     </span>
    </p>
   </div>
   <div class='ocr_carea' id='block_1_2' title="bbox 1375 409 2334 479">
    <p class='ocr_par' dir='ltr' id='par_1_2' title="bbox 1375 409 2334 479">
     <span class='ocr_line' id='line_1_2' title="bbox 1375 409 2334 479; baseline 0.002 -5"><span class='ocrx_word' id='word_1_2' title='bbox 1375 409 1851 476; x_wconf 77' lang='lat' dir='ltr'>CHRONICON.</span> <span class='ocrx_word' id='word_1_3' title='bbox 1885 443 1964 458; x_wconf 93' lang='lat'>--</span> <span class='ocrx_word' id='word_1_4' title='bbox 1995 412 2182 478; x_wconf 70' lang='lat' dir='ltr'>SEO.</span> <span class='ocrx_word' id='word_1_5' title='bbox 2228 415 2334 479; x_wconf 77' lang='grc' dir='ltr'>νι.</span> 
     </span>
    </p>
   </div>
   <div class='ocr_carea' id='block_1_3' title="bbox 3467 401 3584 474">
    <p class='ocr_par' dir='ltr' id='par_1_3' title="bbox 3467 401 3584 474">
     <span class='ocr_line' id='line_1_3' title="bbox 3467 401 3584 474; baseline 0 -1"><span class='ocrx_word' id='word_1_6' title='bbox 3467 401 3584 474; x_wconf 72' lang='grc'>114</span> 
     </span>
    </p>
   </div>
   <div class='ocr_carea' id='block_1_4' title="bbox 1548 572 2210 630">
    <p class='ocr_par' dir='ltr' id='par_1_4' title="bbox 1548 572 2210 630">
     <span class='ocr_line' id='line_1_4' title="bbox 1548 572 2210 630; baseline 0.003 -4"><span class='ocrx_word' id='word_1_7' title='bbox 1548 572 1775 628; x_wconf 80' lang='grc' dir='ltr'>ΟΟΒΕΧ</span> <span class='ocrx_word' id='word_1_8' title='bbox 1813 572 2210 630; x_wconf 87' lang='lat' dir='ltr'>AUGIENSIS.</span> 
     </span>
    </p>
   </div>
   <div class='ocr_carea' id='block_1_5' title="bbox 223 668 1906 745">
    <p class='ocr_par' dir='ltr' id='par_1_5' title="bbox 223 668 1906 745">
     <span class='ocr_line' id='line_1_5' title="bbox 223 668 1906 745; baseline -0.002 -16"><span class='ocrx_word' id='word_1_9' title='bbox 223 673 329 730; x_wconf 83' lang='lat'>537</span> <span class='ocrx_word' id='word_1_10' title='bbox 357 671 655 730; x_wconf 84' lang='lat' dir='ltr'>Silverius</span> <span class='ocrx_word' id='word_1_11' title='bbox 684 686 859 745; x_wconf 88' lang='lat' dir='ltr'>papa,</span> <span class='ocrx_word' id='word_1_12' title='bbox 903 685 1035 727; x_wconf 90' lang='lat' dir='ltr'>cum</span> <span class='ocrx_word' id='word_1_13' title='bbox 1060 668 1122 726; x_wconf 90' lang='lat' dir='ltr'>in</span> <span class='ocrx_word' id='word_1_14' title='bbox 1143 670 1507 727; x_wconf 78' lang='lat' dir='ltr'>restitutione</span> <span class='ocrx_word' id='word_1_15' title='bbox 1525 671 1820 727; x_wconf 82' lang='lat' dir='ltr'>Anthemii</span> <span class='ocrx_word' id='word_1_16' title='bbox 1849 675 1906 740; x_wconf 77' lang='grc' dir='ltr'><strong>Α</strong></span> 
     </span>
    </p>
   </div>
   <div class='ocr_carea' id='block_1_6' title="bbox 164 759 1816 832">
    <p class='ocr_par' dir='ltr' id='par_1_6' title="bbox 164 759 1816 832">
     <span class='ocr_line' id='line_1_6' title="bbox 164 759 1816 832; baseline -0.003 -13"><span class='ocrx_word' id='word_1_17' title='bbox 164 768 221 820; x_wconf 87' lang='lat' dir='ltr'>et</span> <span class='ocrx_word' id='word_1_18' title='bbox 248 762 668 819; x_wconf 83' lang='lat' dir='ltr'>communione</span> <span class='ocrx_word' id='word_1_19' title='bbox 693 760 1099 816; x_wconf 67' lang='lat' dir='ltr'>hereticorum</span> <span class='ocrx_word' id='word_1_20' title='bbox 1117 760 1394 832; x_wconf 85' lang='lat' dir='ltr'>Augustis</span> <span class='ocrx_word' id='word_1_21' title='bbox 1426 759 1604 816; x_wconf 89' lang='lat' dir='ltr'>nollet</span> <span class='ocrx_word' id='word_1_22' title='bbox 1615 777 1816 832; x_wconf 87' lang='lat' dir='ltr'>parere</span> 
     </span>
    </p>
   </div>
   <div class='ocr_carea' id='block_1_7' title="bbox 156 848 1814 924">
    <p class='ocr_par' dir='ltr' id='par_1_7' title="bbox 156 848 1814 924">
     <span class='ocr_line' id='line_1_7' title="bbox 156 848 1814 924; baseline -0.003 -16"><span class='ocrx_word' id='word_1_23' title='bbox 156 854 328 924; x_wconf 83' lang='lat' dir='ltr'>jussu</span> <span class='ocrx_word' id='word_1_24' title='bbox 350 853 620 924; x_wconf 88' lang='lat' dir='ltr'>ipsorum</span> <span class='ocrx_word' id='word_1_25' title='bbox 653 869 687 906; x_wconf 90' lang='lat' dir='ltr'>a</span> <span class='ocrx_word' id='word_1_26' title='bbox 711 849 993 905; x_wconf 88' lang='lat' dir='ltr'>Belisario</span> <span class='ocrx_word' id='word_1_27' title='bbox 1014 850 1254 920; x_wconf 90' lang='lat' dir='ltr'>patricio</span> <span class='ocrx_word' id='word_1_28' title='bbox 1280 848 1422 904; x_wconf 82' lang='lat' dir='ltr'>falso</span> <span class='ocrx_word' id='word_1_29' title='bbox 1445 849 1814 916; x_wconf 83' lang='lat' dir='ltr'>criminatus,</span> 
     </span>
    </p>
   </div>
   <div class='ocr_carea' id='block_1_8' title="bbox 166 937 1818 1013">
    <p class='ocr_par' dir='ltr' id='par_1_8' title="bbox 166 937 1818 1013">
     <span class='ocr_line' id='line_1_8' title="bbox 166 937 1818 1013; baseline -0.003 -16"><span class='ocrx_word' id='word_1_30' title='bbox 166 948 223 998; x_wconf 92' lang='lat' dir='ltr'>et</span> <span class='ocrx_word' id='word_1_31' title='bbox 251 947 471 997; x_wconf 89' lang='lat' dir='ltr'>secreto</span> <span class='ocrx_word' id='word_1_32' title='bbox 505 940 741 1013; x_wconf 86' lang='lat' dir='ltr'>positus</span> <span class='ocrx_word' id='word_1_33' title='bbox 772 937 1163 1009; x_wconf 90' lang='lat' dir='ltr'>monachique</span> <span class='ocrx_word' id='word_1_34' title='bbox 1188 937 1389 992; x_wconf 83' lang='lat' dir='ltr'>habitu</span> <span class='ocrx_word' id='word_1_35' title='bbox 1437 937 1700 1004; x_wconf 89' lang='lat' dir='ltr'>indutus,</span> <span class='ocrx_word' id='word_1_36' title='bbox 1735 938 1818 992; x_wconf 91' lang='lat' dir='ltr'>in-</span> 
     </span>
    </p>
   </div>
   <div class='ocr_carea' id='block_1_9' title="bbox 164 1025 1816 1100">
    <p class='ocr_par' dir='ltr' id='par_1_9' title="bbox 164 1025 1816 1100">
     <span class='ocr_line' id='line_1_9' title="bbox 164 1025 1816 1100; baseline -0.002 -15"><span class='ocrx_word' id='word_1_37' title='bbox 164 1030 415 1085; x_wconf 88' lang='lat' dir='ltr'>dictione</span> <span class='ocrx_word' id='word_1_38' title='bbox 433 1047 555 1084; x_wconf 82' lang='lat' dir='ltr'>xva</span> <span class='ocrx_word' id='word_1_39' title='bbox 581 1028 798 1100; x_wconf 79' lang='lat' dir='ltr'>Vigilio</span> <span class='ocrx_word' id='word_1_40' title='bbox 831 1027 1073 1082; x_wconf 83' lang='lat' dir='ltr'>diacono</span> <span class='ocrx_word' id='word_1_41' title='bbox 1105 1025 1306 1081; x_wconf 83' lang='lat' dir='ltr'>exsilio</span> <span class='ocrx_word' id='word_1_42' title='bbox 1338 1026 1816 1092; x_wconf 73' lang='lat' dir='ltr'>al‘llictus,et,de-</span> 
     </span>
    </p>
   </div>
   <div class='ocr_carea' id='block_1_10' title="bbox 162 1114 1816 1188">
    <p class='ocr_par' dir='ltr' id='par_1_10' title="bbox 162 1114 1816 1188">
     <span class='ocr_line' id='line_1_10' title="bbox 162 1114 1816 1188; baseline -0.004 -14"><span class='ocrx_word' id='word_1_43' title='bbox 162 1119 368 1175; x_wconf 86' lang='lat' dir='ltr'>ﬁciens</span> <span class='ocrx_word' id='word_1_44' title='bbox 393 1137 480 1174; x_wconf 74' lang='lat' dir='ltr'>x11</span> <span class='ocrx_word' id='word_1_45' title='bbox 501 1118 626 1173; x_wconf 85' lang='lat' dir='ltr'>Kal.</span> <span class='ocrx_word' id='word_1_46' title='bbox 648 1117 818 1185; x_wconf 86' lang='lat' dir='ltr'>Julii,</span> <span class='ocrx_word' id='word_1_47' title='bbox 846 1121 978 1188; x_wconf 91' lang='lat' dir='ltr'>post</span> <span class='ocrx_word' id='word_1_48' title='bbox 1007 1116 1230 1171; x_wconf 90' lang='lat' dir='ltr'>obitum</span> <span class='ocrx_word' id='word_1_49' title='bbox 1287 1117 1464 1170; x_wconf 88' lang='lat' dir='ltr'>etiam</span> <span class='ocrx_word' id='word_1_50' title='bbox 1517 1114 1816 1169; x_wconf 78' lang='lat' dir='ltr'>miraculis</span> 
     </span>
    </p>
   </div>
   <div class='ocr_carea' id='block_1_11' title="bbox 161 1203 1818 1279">
    <p class='ocr_par' dir='ltr' id='par_1_11' title="bbox 161 1203 1818 1279">
     <span class='ocr_line' id='line_1_11' title="bbox 161 1203 1818 1279; baseline -0.004 -15"><span class='ocrx_word' id='word_1_51' title='bbox 161 1208 416 1275; x_wconf 84' lang='lat' dir='ltr'>claruit;</span> <span class='ocrx_word' id='word_1_52' title='bbox 447 1207 690 1279; x_wconf 86' lang='lat' dir='ltr'>ipseque</span> <span class='ocrx_word' id='word_1_53' title='bbox 706 1205 953 1279; x_wconf 83' lang='lat' dir='ltr'>Vigilius</span> <span class='ocrx_word' id='word_1_54' title='bbox 984 1222 1134 1277; x_wconf 89' lang='lat' dir='ltr'>papa</span> <span class='ocrx_word' id='word_1_55' title='bbox 1156 1205 1277 1259; x_wconf 77' lang='lat' dir='ltr'>LXI</span> <span class='ocrx_word' id='word_1_56' title='bbox 1325 1203 1628 1259; x_wconf 90' lang='lat' dir='ltr'>ordinatus</span> <span class='ocrx_word' id='word_1_57' title='bbox 1668 1204 1818 1258; x_wconf 84' lang='lat' dir='ltr'>sedit</span> 
     </span>
    </p>
   </div>
   <div class='ocr_carea' id='block_1_12' title="bbox 159 1293 1815 1363">
    <p class='ocr_par' dir='ltr' id='par_1_12' title="bbox 159 1293 1815 1363">
     <span class='ocr_line' id='line_1_12' title="bbox 159 1293 1815 1363; baseline -0.002 -11"><span class='ocrx_word' id='word_1_58' title='bbox 159 1298 342 1352; x_wconf 88' lang='lat' dir='ltr'>annis</span> <span class='ocrx_word' id='word_1_59' title='bbox 395 1315 530 1361; x_wconf 76' lang='lat' dir='ltr'>xvu,</span> <span class='ocrx_word' id='word_1_60' title='bbox 602 1296 902 1351; x_wconf 87' lang='lat' dir='ltr'>mensibus</span> <span class='ocrx_word' id='word_1_61' title='bbox 955 1311 1053 1349; x_wconf 86' lang='lat' dir='ltr'>vn.</span> <span class='ocrx_word' id='word_1_62' title='bbox 1086 1296 1274 1349; x_wconf 84' lang='lat' dir='ltr'>Anast.</span> <span class='ocrx_word' id='word_1_63' title='bbox 1307 1294 1548 1348; x_wconf 82' lang='lat' dir='ltr'>Aimoin.</span> <span class='ocrx_word' id='word_1_64' title='bbox 1576 1324 1639 1334; x_wconf 93' lang='lat'><em>—</em></span> <span class='ocrx_word' id='word_1_65' title='bbox 1668 1293 1815 1363; x_wconf 81' lang='lat' dir='ltr'>Ipsis</span> 
     </span>
    </p>
   </div>
   <div class='ocr_carea' id='block_1_13' title="bbox 159 1383 1814 1454">
    <p class='ocr_par' dir='ltr' id='par_1_13' title="bbox 159 1383 1814 1454">
     <span class='ocr_line' id='line_1_13' title="bbox 159 1383 1814 1454; baseline -0.003 -13"><span class='ocrx_word' id='word_1_66' title='bbox 159 1386 379 1442; x_wconf 88' lang='lat' dir='ltr'>diebus</span> <span class='ocrx_word' id='word_1_67' title='bbox 408 1385 722 1441; x_wconf 87' lang='lat' dir='ltr'>Belisarius</span> <span class='ocrx_word' id='word_1_68' title='bbox 741 1384 1210 1439; x_wconf 89' lang='lat' dir='ltr'>Theodebertum</span> <span class='ocrx_word' id='word_1_69' title='bbox 1240 1399 1433 1454; x_wconf 83' lang='lat' dir='ltr'>regem</span> <span class='ocrx_word' id='word_1_70' title='bbox 1460 1383 1814 1436; x_wconf 81' lang='lat' dir='ltr'>Francorum</span> 
     </span>
    </p>
   </div>
   <div class='ocr_carea' id='block_1_14' title="bbox 159 1470 1817 1547">
    <p class='ocr_par' dir='ltr' id='par_1_14' title="bbox 159 1470 1817 1547">
     <span class='ocr_line' id='line_1_14' title="bbox 159 1470 1817 1547; baseline -0.004 -17"><span class='ocrx_word' id='word_1_71' title='bbox 159 1493 298 1530; x_wconf 90' lang='lat' dir='ltr'>cum</span> <span class='ocrx_word' id='word_1_72' title='bbox 320 1475 528 1547; x_wconf 84' lang='lat' dir='ltr'>grandi</span> <span class='ocrx_word' id='word_1_73' title='bbox 551 1474 806 1529; x_wconf 82' lang='lat' dir='ltr'>exercitu</span> <span class='ocrx_word' id='word_1_74' title='bbox 823 1472 1046 1528; x_wconf 85' lang='lat' dir='ltr'>Italiam</span> <span class='ocrx_word' id='word_1_75' title='bbox 1069 1473 1402 1543; x_wconf 89' lang='lat' dir='ltr'>ingressum</span> <span class='ocrx_word' id='word_1_76' title='bbox 1426 1470 1640 1537; x_wconf 88' lang='lat' dir='ltr'>vicit,ct</span> <span class='ocrx_word' id='word_1_77' title='bbox 1683 1471 1817 1525; x_wconf 87' lang='lat' dir='ltr'>inde</span> 
     </span>
    </p>
   </div>
   <div class='ocr_carea' id='block_1_15' title="bbox 158 1559 1814 1634">
    <p class='ocr_par' dir='ltr' id='par_1_15' title="bbox 158 1559 1814 1634">
     <span class='ocr_line' id='line_1_15' title="bbox 158 1559 1814 1634; baseline -0.004 -14"><span class='ocrx_word' id='word_1_78' title='bbox 158 1565 370 1620; x_wconf 84' lang='lat' dir='ltr'>reverti</span> <span class='ocrx_word' id='word_1_79' title='bbox 401 1563 590 1634; x_wconf 86' lang='lat' dir='ltr'>coegit</span> <span class='ocrx_word' id='word_1_80' title='bbox 613 1564 784 1633; x_wconf 83' lang='grc'>(141).</span> <span class='ocrx_word' id='word_1_81' title='bbox 820 1563 947 1633; x_wconf 91' lang='lat' dir='ltr'>Ipse</span> <span class='ocrx_word' id='word_1_82' title='bbox 979 1563 1176 1616; x_wconf 59' lang='lat' dir='ltr'>Romae</span> <span class='ocrx_word' id='word_1_83' title='bbox 1207 1562 1263 1626; x_wconf 77' lang='lat' dir='ltr'>S,</span> <span class='ocrx_word' id='word_1_84' title='bbox 1302 1561 1468 1615; x_wconf 82' lang='lat' dir='ltr'>Petro</span> <span class='ocrx_word' id='word_1_85' title='bbox 1503 1560 1655 1616; x_wconf 88' lang='lat' dir='ltr'>dona</span> <span class='ocrx_word' id='word_1_86' title='bbox 1715 1559 1814 1614; x_wconf 93' lang='lat' dir='ltr'>ob-</span> 
     </span>
    </p>
   </div>
   <div class='ocr_carea' id='block_1_16' title="bbox 156 1652 1197 1722">
    <p class='ocr_par' dir='ltr' id='par_1_16' title="bbox 156 1652 1197 1722">
     <span class='ocr_line' id='line_1_16' title="bbox 156 1652 1197 1722; baseline -0.003 -15"><span class='ocrx_word' id='word_1_87' title='bbox 156 1652 316 1709; x_wconf 85' lang='lat' dir='ltr'>tulit.</span> <span class='ocrx_word' id='word_1_88' title='bbox 349 1653 592 1710; x_wconf 77' lang='lat' dir='ltr'>Marcell.</span> <span class='ocrx_word' id='word_1_89' title='bbox 636 1653 766 1706; x_wconf 83' lang='lat' dir='ltr'>Vict.</span> <span class='ocrx_word' id='word_1_90' title='bbox 797 1653 928 1706; x_wconf 83' lang='lat' dir='ltr'>Tun.</span> <span class='ocrx_word' id='word_1_91' title='bbox 972 1653 1197 1722; x_wconf 79' lang='lat' dir='ltr'>Proc0p.</span> 
     </span>
    </p>
   </div>
   <div class='ocr_carea' id='block_1_17' title="bbox 227 1736 1816 1810">
    <p class='ocr_par' dir='ltr' id='par_1_17' title="bbox 227 1736 1816 1810">
     <span class='ocr_line' id='line_1_17' title="bbox 227 1736 1816 1810; baseline -0.004 -12"><span class='ocrx_word' id='word_1_92' title='bbox 227 1743 356 1798; x_wconf 82' lang='lat'>538.</span> <span class='ocrx_word' id='word_1_93' title='bbox 391 1741 708 1797; x_wconf 88' lang='lat' dir='ltr'>Belisarius</span> <span class='ocrx_word' id='word_1_94' title='bbox 729 1739 1030 1810; x_wconf 89' lang='lat' dir='ltr'>patricius,</span> <span class='ocrx_word' id='word_1_95' title='bbox 1061 1738 1379 1793; x_wconf 87' lang='lat' dir='ltr'>commissa</span> <span class='ocrx_word' id='word_1_96' title='bbox 1428 1755 1560 1792; x_wconf 89' lang='lat' dir='ltr'>cum</span> <span class='ocrx_word' id='word_1_97' title='bbox 1613 1736 1816 1792; x_wconf 83' lang='lat' dir='ltr'>Gothis</span> 
     </span>
    </p>
   </div>
   <div class='ocr_carea' id='block_1_18' title="bbox 155 1826 1813 1904">
    <p class='ocr_par' dir='ltr' id='par_1_18' title="bbox 155 1826 1813 1904">
     <span class='ocr_line' id='line_1_18' title="bbox 155 1826 1813 1904; baseline -0.005 -17"><span class='ocrx_word' id='word_1_98' title='bbox 155 1848 366 1904; x_wconf 87' lang='lat' dir='ltr'>pugna</span> <span class='ocrx_word' id='word_1_99' title='bbox 394 1831 604 1886; x_wconf 84' lang='lat' dir='ltr'>iterum</span> <span class='ocrx_word' id='word_1_100' title='bbox 623 1829 824 1892; x_wconf 88' lang='lat' dir='ltr'>victor,</span> <span class='ocrx_word' id='word_1_101' title='bbox 859 1827 1195 1899; x_wconf 86' lang='lat' dir='ltr'>Witigisum</span> <span class='ocrx_word' id='word_1_102' title='bbox 1257 1842 1452 1898; x_wconf 87' lang='lat' dir='ltr'>regem</span> <span class='ocrx_word' id='word_1_103' title='bbox 1498 1842 1701 1880; x_wconf 91' lang='lat' dir='ltr'>eorum</span> <span class='ocrx_word' id='word_1_104' title='bbox 1753 1826 1813 1880; x_wconf 91' lang='lat' dir='ltr'>in</span> 
     </span>
    </p>
   </div>
   <div class='ocr_carea' id='block_1_19' title="bbox 155 1914 1808 1992">
    <p class='ocr_par' dir='ltr' id='par_1_19' title="bbox 155 1914 1808 1992">
     <span class='ocr_line' id='line_1_19' title="bbox 155 1914 1808 1992; baseline -0.002 -18"><span class='ocrx_word' id='word_1_105' title='bbox 155 1920 294 1992; x_wconf 87' lang='lat' dir='ltr'>ipsa</span> <span class='ocrx_word' id='word_1_106' title='bbox 321 1920 461 1990; x_wconf 87' lang='lat' dir='ltr'>fuga</span> <span class='ocrx_word' id='word_1_107' title='bbox 491 1936 525 1973; x_wconf 92' lang='lat' dir='ltr'>a</span> <span class='ocrx_word' id='word_1_108' title='bbox 547 1918 764 1973; x_wconf 84' lang='lat' dir='ltr'>Joanne</span> <span class='ocrx_word' id='word_1_109' title='bbox 803 1915 1187 1988; x_wconf 88' lang='lat' dir='ltr'>Sanguinario</span> <span class='ocrx_word' id='word_1_110' title='bbox 1219 1915 1499 1985; x_wconf 81' lang='lat' dir='ltr'>magistro</span> <span class='ocrx_word' id='word_1_111' title='bbox 1551 1914 1808 1970; x_wconf 88' lang='lat' dir='ltr'>militum</span> 
     </span>
    </p>
   </div>
   <div class='ocr_carea' id='block_1_20' title="bbox 159 2004 1816 2079">
    <p class='ocr_par' dir='ltr' id='par_1_20' title="bbox 159 2004 1816 2079">
     <span class='ocr_line' id='line_1_20' title="bbox 159 2004 1816 2079; baseline -0.004 -15"><span class='ocrx_word' id='word_1_112' title='bbox 159 2007 660 2079; x_wconf 89' lang='lat' dir='ltr'>comprehensum</span> <span class='ocrx_word' id='word_1_113' title='bbox 686 2010 740 2061; x_wconf 90' lang='lat' dir='ltr'>et</span> <span class='ocrx_word' id='word_1_114' title='bbox 761 2007 1005 2061; x_wconf 89' lang='lat' dir='ltr'>Romam</span> <span class='ocrx_word' id='word_1_115' title='bbox 1041 2004 1535 2075; x_wconf 90' lang='lat' dir='ltr'>adductum,ipse,</span> <span class='ocrx_word' id='word_1_116' title='bbox 1579 2008 1638 2059; x_wconf 89' lang='lat' dir='ltr'>et</span> <span class='ocrx_word' id='word_1_117' title='bbox 1664 2004 1816 2074; x_wconf 87' lang='lat' dir='ltr'>Vigi-</span> 
     </span>
    </p>
   </div>
   <div class='ocr_carea' id='block_1_21' title="bbox 155 2093 1809 2169">
    <p class='ocr_par' dir='ltr' id='par_1_21' title="bbox 155 2093 1809 2169">
     <span class='ocr_line' id='line_1_21' title="bbox 155 2093 1809 2169; baseline -0.003 -16"><span class='ocrx_word' id='word_1_118' title='bbox 155 2097 276 2153; x_wconf 88' lang='lat' dir='ltr'>lius</span> <span class='ocrx_word' id='word_1_119' title='bbox 309 2114 462 2169; x_wconf 89' lang='lat' dir='ltr'>papa</span> <span class='ocrx_word' id='word_1_120' title='bbox 491 2094 1061 2165; x_wconf 83' lang='lat' dir='ltr'>ConstantinOpolim</span> <span class='ocrx_word' id='word_1_121' title='bbox 1084 2110 1218 2148; x_wconf 91' lang='lat' dir='ltr'>cum</span> <span class='ocrx_word' id='word_1_122' title='bbox 1245 2109 1422 2147; x_wconf 85' lang='lat' dir='ltr'>uxore</span> <span class='ocrx_word' id='word_1_123' title='bbox 1444 2099 1500 2148; x_wconf 92' lang='lat' dir='ltr'>et</span> <span class='ocrx_word' id='word_1_124' title='bbox 1515 2093 1809 2149; x_wconf 86' lang='lat' dir='ltr'>thesauris</span> 
     </span>
    </p>
   </div>
   <div class='ocr_carea' id='block_1_22' title="bbox 156 2182 1805 2256">
    <p class='ocr_par' dir='ltr' id='par_1_22' title="bbox 156 2182 1805 2256">
     <span class='ocr_line' id='line_1_22' title="bbox 156 2182 1805 2256; baseline -0.004 -14"><span class='ocrx_word' id='word_1_125' title='bbox 156 2187 227 2242; x_wconf 88' lang='lat' dir='ltr'>ad</span> <span class='ocrx_word' id='word_1_126' title='bbox 257 2185 598 2242; x_wconf 83' lang='lat' dir='ltr'>Justianum</span> <span class='ocrx_word' id='word_1_127' title='bbox 627 2187 960 2256; x_wconf 86' lang='lat' dir='ltr'>Augustum</span> <span class='ocrx_word' id='word_1_128' title='bbox 995 2183 1417 2254; x_wconf 83' lang='lat' dir='ltr'>perduxerunt;</span> <span class='ocrx_word' id='word_1_129' title='bbox 1442 2200 1475 2237; x_wconf 87' lang='lat' dir='ltr'>a</span> <span class='ocrx_word' id='word_1_130' title='bbox 1497 2198 1610 2253; x_wconf 91' lang='lat' dir='ltr'>quo</span> <span class='ocrx_word' id='word_1_131' title='bbox 1631 2182 1805 2253; x_wconf 90' lang='lat' dir='ltr'>patri-</span> 
     </span>
    </p>
   </div>
   <div class='ocr_carea' id='block_1_23' title="bbox 159 2271 1807 2337">
    <p class='ocr_par' dir='ltr' id='par_1_23' title="bbox 159 2271 1807 2337">
     <span class='ocr_line' id='line_1_23' title="bbox 159 2271 1807 2337; baseline -0.004 -6"><span class='ocrx_word' id='word_1_132' title='bbox 159 2276 285 2330; x_wconf 88' lang='lat' dir='ltr'>cius</span> <span class='ocrx_word' id='word_1_133' title='bbox 315 2278 373 2330; x_wconf 90' lang='lat' dir='ltr'>et</span> <span class='ocrx_word' id='word_1_134' title='bbox 397 2289 593 2329; x_wconf 89' lang='lat' dir='ltr'>comes</span> <span class='ocrx_word' id='word_1_135' title='bbox 624 2272 836 2337; x_wconf 83' lang='lat' dir='ltr'>factus,</span> <span class='ocrx_word' id='word_1_136' title='bbox 865 2271 923 2326; x_wconf 92' lang='lat' dir='ltr'>in</span> <span class='ocrx_word' id='word_1_137' title='bbox 964 2271 1257 2326; x_wconf 88' lang='lat' dir='ltr'>Orientem</span> <span class='ocrx_word' id='word_1_138' title='bbox 1317 2275 1519 2326; x_wconf 89' lang='lat' dir='ltr'>contra</span> <span class='ocrx_word' id='word_1_139' title='bbox 1569 2271 1807 2326; x_wconf 89' lang='lat' dir='ltr'>Partho-</span> 
     </span>
    </p>
   </div>
   <div class='ocr_carea' id='block_1_24' title="bbox 156 2359 1808 2428">
    <p class='ocr_par' dir='ltr' id='par_1_24' title="bbox 156 2359 1808 2428">
     <span class='ocr_line' id='line_1_24' title="bbox 156 2359 1808 2428; baseline -0.004 -8"><span class='ocrx_word' id='word_1_140' title='bbox 156 2382 291 2420; x_wconf 89' lang='lat' dir='ltr'>rum</span> <span class='ocrx_word' id='word_1_141' title='bbox 322 2364 756 2420; x_wconf 83' lang='lat' dir='ltr'>seuPersarum</span> <span class='ocrx_word' id='word_1_142' title='bbox 785 2361 1158 2416; x_wconf 83' lang='lat' dir='ltr'>excursiones</span> <span class='ocrx_word' id='word_1_143' title='bbox 1189 2360 1565 2428; x_wconf 88' lang='lat' dir='ltr'>constitutus,</span> <span class='ocrx_word' id='word_1_144' title='bbox 1592 2359 1808 2414; x_wconf 89' lang='lat' dir='ltr'>ibidem</span> 
     </span>
    </p>
   </div>
   <div class='ocr_carea' id='block_1_25' title="bbox 152 2448 1808 2522">
    <p class='ocr_par' dir='ltr' id='par_1_25' title="bbox 152 2448 1808 2522">
     <span class='ocr_line' id='line_1_25' title="bbox 152 2448 1808 2522; baseline -0.002 -14"><span class='ocrx_word' id='word_1_145' title='bbox 152 2455 336 2508; x_wconf 89' lang='lat' dir='ltr'>vitam</span> <span class='ocrx_word' id='word_1_146' title='bbox 359 2451 564 2507; x_wconf 84' lang='lat' dir='ltr'>ﬁnivit.</span> <span class='ocrx_word' id='word_1_147' title='bbox 600 2450 775 2507; x_wconf 88' lang='lat' dir='ltr'>Gothi</span> <span class='ocrx_word' id='word_1_148' title='bbox 798 2450 858 2504; x_wconf 90' lang='lat' dir='ltr'>in</span> <span class='ocrx_word' id='word_1_149' title='bbox 894 2449 1128 2522; x_wconf 86' lang='lat' dir='ltr'>Liguria</span> <span class='ocrx_word' id='word_1_150' title='bbox 1160 2449 1258 2504; x_wconf 80' lang='lat'>68</span> <span class='ocrx_word' id='word_1_151' title='bbox 1291 2455 1594 2504; x_wconf 86' lang='lat' dir='ltr'>manentes</span> <span class='ocrx_word' id='word_1_152' title='bbox 1641 2448 1808 2504; x_wconf 82' lang='lat' dir='ltr'>Hele-</span> 
     </span>
    </p>
   </div>
   <div class='ocr_carea' id='block_1_26' title="bbox 156 2537 1810 2611">
    <p class='ocr_par' dir='ltr' id='par_1_26' title="bbox 156 2537 1810 2611">
     <span class='ocr_line' id='line_1_26' title="bbox 156 2537 1810 2611; baseline -0.002 -13"><span class='ocrx_word' id='word_1_153' title='bbox 156 2543 382 2600; x_wconf 88' lang='lat' dir='ltr'>badum</span> <span class='ocrx_word' id='word_1_154' title='bbox 397 2543 515 2611; x_wconf 76' lang='lat' dir='ltr'>(aL,</span> <span class='ocrx_word' id='word_1_155' title='bbox 537 2540 962 2611; x_wconf 87' lang='lat' dir='ltr'>Heldehadum)</span> <span class='ocrx_word' id='word_1_156' title='bbox 980 2537 1091 2594; x_wconf 84' lang='lat' dir='ltr'>sibi</span> <span class='ocrx_word' id='word_1_157' title='bbox 1106 2553 1296 2610; x_wconf 88' lang='lat' dir='ltr'>regem</span> <span class='ocrx_word' id='word_1_158' title='bbox 1322 2538 1810 2606; x_wconf 87' lang='lat' dir='ltr'>elevant,iterum-</span> 
     </span>
    </p>
   </div>
   <div class='ocr_carea' id='block_1_27' title="bbox 155 2627 1806 2702">
    <p class='ocr_par' dir='ltr' id='par_1_27' title="bbox 155 2627 1806 2702">
     <span class='ocr_line' id='line_1_27' title="bbox 155 2627 1806 2702; baseline -0.003 -15"><span class='ocrx_word' id='word_1_159' title='bbox 155 2647 270 2702; x_wconf 88' lang='lat' dir='ltr'>que</span> <span class='ocrx_word' id='word_1_160' title='bbox 304 2629 581 2686; x_wconf 86' lang='lat' dir='ltr'>Romanis</span> <span class='ocrx_word' id='word_1_161' title='bbox 603 2627 1144 2699; x_wconf 82' lang='lat' dir='ltr'>rebellant.Procop.</span> <span class='ocrx_word' id='word_1_162' title='bbox 1205 2627 1338 2682; x_wconf 79' lang='lat' dir='ltr'>Mar.</span> <span class='ocrx_word' id='word_1_163' title='bbox 1385 2627 1520 2683; x_wconf 84' lang='lat' dir='ltr'>Hist.</span> <span class='ocrx_word' id='word_1_164' title='bbox 1575 2628 1806 2682; x_wconf 86' lang='lat' dir='ltr'>miscell.</span> 
     </span>
    </p>
   </div>
   <div class='ocr_carea' id='block_1_28' title="bbox 155 2721 399 2775">
    <p class='ocr_par' dir='ltr' id='par_1_28' title="bbox 155 2721 399 2775">
     <span class='ocr_line' id='line_1_28' title="bbox 155 2721 399 2775; baseline -0.008 0"><span class='ocrx_word' id='word_1_165' title='bbox 155 2739 245 2775; x_wconf 84' lang='lat' dir='ltr'>an.</span> <span class='ocrx_word' id='word_1_166' title='bbox 269 2721 399 2775; x_wconf 77' lang='lat'>540.</span> 
     </span>
    </p>
   </div>
   <div class='ocr_carea' id='block_1_29' title="bbox 219 2803 1812 2878">
    <p class='ocr_par' dir='ltr' id='par_1_29' title="bbox 219 2803 1812 2878">
     <span class='ocr_line' id='line_1_29' title="bbox 219 2803 1812 2878; baseline -0.002 -13"><span class='ocrx_word' id='word_1_167' title='bbox 219 2809 331 2865; x_wconf 87' lang='lat'>539</span> <span class='ocrx_word' id='word_1_168' title='bbox 359 2807 560 2863; x_wconf 84' lang='lat' dir='ltr'>Parthi</span> <span class='ocrx_word' id='word_1_169' title='bbox 592 2811 766 2878; x_wconf 87' lang='lat' dir='ltr'>rupta</span> <span class='ocrx_word' id='word_1_170' title='bbox 787 2821 928 2878; x_wconf 87' lang='lat' dir='ltr'>pace</span> <span class='ocrx_word' id='word_1_171' title='bbox 974 2803 1345 2860; x_wconf 83' lang='lat' dir='ltr'>Antiochiam</span> <span class='ocrx_word' id='word_1_172' title='bbox 1377 2810 1680 2877; x_wconf 87' lang='lat' dir='ltr'>totamque</span> <span class='ocrx_word' id='word_1_173' title='bbox 1714 2807 1812 2877; x_wconf 83' lang='lat' dir='ltr'>Sy-</span> 
     </span>
    </p>
   </div>
   <div class='ocr_carea' id='block_1_30' title="bbox 157 2893 1808 2960">
    <p class='ocr_par' dir='ltr' id='par_1_30' title="bbox 157 2893 1808 2960">
     <span class='ocr_line' id='line_1_30' title="bbox 157 2893 1808 2960; baseline -0.002 -7"><span class='ocrx_word' id='word_1_174' title='bbox 157 2899 307 2953; x_wconf 87' lang='lat' dir='ltr'>riam</span> <span class='ocrx_word' id='word_1_175' title='bbox 334 2897 682 2952; x_wconf 82' lang='lat' dir='ltr'>invadentes</span> <span class='ocrx_word' id='word_1_176' title='bbox 712 2895 1033 2960; x_wconf 86' lang='lat' dir='ltr'>devastant,</span> <span class='ocrx_word' id='word_1_177' title='bbox 1082 2893 1267 2949; x_wconf 90' lang='lat' dir='ltr'>donec</span> <span class='ocrx_word' id='word_1_178' title='bbox 1298 2911 1331 2948; x_wconf 90' lang='lat' dir='ltr'>a</span> <span class='ocrx_word' id='word_1_179' title='bbox 1358 2893 1634 2949; x_wconf 89' lang='lat' dir='ltr'>Belisario</span> <span class='ocrx_word' id='word_1_180' title='bbox 1682 2899 1808 2949; x_wconf 87' lang='lat' dir='ltr'>tan-</span> 
     </span>
    </p>
   </div>
   <div class='ocr_carea' id='block_1_31' title="bbox 154 2983 1811 3058">
    <p class='ocr_par' dir='ltr' id='par_1_31' title="bbox 154 2983 1811 3058">
     <span class='ocr_line' id='line_1_31' title="bbox 154 2983 1811 3058; baseline -0.003 -14"><span class='ocrx_word' id='word_1_181' title='bbox 154 2989 289 3044; x_wconf 89' lang='lat' dir='ltr'>dem</span> <span class='ocrx_word' id='word_1_182' title='bbox 323 2985 542 3058; x_wconf 87' lang='lat' dir='ltr'>repulsi</span> <span class='ocrx_word' id='word_1_183' title='bbox 576 2985 647 3040; x_wconf 90' lang='lat' dir='ltr'>ad</span> <span class='ocrx_word' id='word_1_184' title='bbox 682 2984 964 3040; x_wconf 89' lang='lat' dir='ltr'>terminos</span> <span class='ocrx_word' id='word_1_185' title='bbox 987 2999 1126 3039; x_wconf 91' lang='lat' dir='ltr'>suos</span> <span class='ocrx_word' id='word_1_186' title='bbox 1147 2983 1463 3038; x_wconf 88' lang='lat' dir='ltr'>redierunt.</span> <span class='ocrx_word' id='word_1_187' title='bbox 1491 2984 1811 3055; x_wconf 88' lang='lat' dir='ltr'>Posteaque</span> 
     </span>
    </p>
   </div>
   <div class='ocr_carea' id='block_1_32' title="bbox 154 3071 1808 3145">
    <p class='ocr_par' dir='ltr' id='par_1_32' title="bbox 154 3071 1808 3145">
     <span class='ocr_line' id='line_1_32' title="bbox 154 3071 1808 3145; baseline -0.002 -12"><span class='ocrx_word' id='word_1_188' title='bbox 154 3094 186 3133; x_wconf 88' lang='lat' dir='ltr'>a</span> <span class='ocrx_word' id='word_1_189' title='bbox 216 3075 474 3133; x_wconf 90' lang='lat' dir='ltr'>Martino</span> <span class='ocrx_word' id='word_1_190' title='bbox 505 3075 653 3129; x_wconf 90' lang='lat' dir='ltr'>duce</span> <span class='ocrx_word' id='word_1_191' title='bbox 684 3090 797 3145; x_wconf 85' lang='lat' dir='ltr'>pax</span> <span class='ocrx_word' id='word_1_192' title='bbox 813 3088 944 3127; x_wconf 90' lang='lat' dir='ltr'>cum</span> <span class='ocrx_word' id='word_1_193' title='bbox 979 3071 1061 3126; x_wconf 84' lang='lat' dir='ltr'>eis</span> <span class='ocrx_word' id='word_1_194' title='bbox 1093 3071 1244 3128; x_wconf 86' lang='lat' dir='ltr'>facta</span> <span class='ocrx_word' id='word_1_195' title='bbox 1274 3076 1381 3128; x_wconf 89' lang='lat' dir='ltr'>est.</span> <span class='ocrx_word' id='word_1_196' title='bbox 1417 3071 1690 3128; x_wconf 89' lang='lat' dir='ltr'>Belisario</span> <span class='ocrx_word' id='word_1_197' title='bbox 1736 3074 1808 3129; x_wconf 89' lang='lat' dir='ltr'>ad</span> 
     </span>
    </p>
   </div>
   <div class='ocr_carea' id='block_1_33' title="bbox 155 3160 1809 3232">
    <p class='ocr_par' dir='ltr' id='par_1_33' title="bbox 155 3160 1809 3232">
     <span class='ocr_line' id='line_1_33' title="bbox 155 3160 1809 3232; baseline -0.003 -11"><span class='ocrx_word' id='word_1_198' title='bbox 155 3165 386 3221; x_wconf 87' lang='lat' dir='ltr'>Italiam</span> <span class='ocrx_word' id='word_1_199' title='bbox 419 3167 626 3219; x_wconf 89' lang='lat' dir='ltr'>contra</span> <span class='ocrx_word' id='word_1_200' title='bbox 655 3160 906 3217; x_wconf 90' lang='lat' dir='ltr'>Totilam</span> <span class='ocrx_word' id='word_1_201' title='bbox 949 3164 1234 3217; x_wconf 88' lang='lat' dir='ltr'>revocato.</span> <span class='ocrx_word' id='word_1_202' title='bbox 1280 3161 1416 3216; x_wconf 81' lang='lat' dir='ltr'>Mar.</span> <span class='ocrx_word' id='word_1_203' title='bbox 1464 3179 1556 3218; x_wconf 88' lang='lat' dir='ltr'>an.</span> <span class='ocrx_word' id='word_1_204' title='bbox 1599 3178 1706 3232; x_wconf 88' lang='lat' dir='ltr'>seq.</span> <span class='ocrx_word' id='word_1_205' title='bbox 1743 3195 1809 3202; x_wconf 89' lang='lat'>—</span> 
     </span>
    </p>
   </div>
   <div class='ocr_carea' id='block_1_34' title="bbox 152 3251 1809 3322">
    <p class='ocr_par' dir='ltr' id='par_1_34' title="bbox 152 3251 1809 3322">
     <span class='ocr_line' id='line_1_34' title="bbox 152 3251 1809 3322; baseline -0.002 -12"><span class='ocrx_word' id='word_1_206' title='bbox 152 3254 326 3310; x_wconf 89' lang='lat' dir='ltr'>Gothi</span> <span class='ocrx_word' id='word_1_207' title='bbox 344 3252 641 3308; x_wconf 90' lang='lat' dir='ltr'>Helebado</span> <span class='ocrx_word' id='word_1_208' title='bbox 667 3254 800 3322; x_wconf 89' lang='lat' dir='ltr'>post</span> <span class='ocrx_word' id='word_1_209' title='bbox 827 3267 1013 3306; x_wconf 91' lang='lat' dir='ltr'>unum</span> <span class='ocrx_word' id='word_1_210' title='bbox 1036 3267 1257 3306; x_wconf 89' lang='lat' dir='ltr'>annum</span> <span class='ocrx_word' id='word_1_211' title='bbox 1281 3255 1600 3322; x_wconf 88' lang='lat' dir='ltr'>perempto,</span> <span class='ocrx_word' id='word_1_212' title='bbox 1623 3251 1809 3306; x_wconf 87' lang='lat' dir='ltr'>Erari-</span> 
     </span>
    </p>
   </div>
   <div class='ocr_carea' id='block_1_35' title="bbox 153 3340 1430 3413">
    <p class='ocr_par' dir='ltr' id='par_1_35' title="bbox 153 3340 1430 3413">
     <span class='ocr_line' id='line_1_35' title="bbox 153 3340 1430 3413; baseline -0.005 -14"><span class='ocrx_word' id='word_1_213' title='bbox 153 3360 289 3399; x_wconf 89' lang='lat' dir='ltr'>cum</span> <span class='ocrx_word' id='word_1_214' title='bbox 323 3357 523 3413; x_wconf 89' lang='lat' dir='ltr'>regem</span> <span class='ocrx_word' id='word_1_215' title='bbox 555 3341 796 3395; x_wconf 86' lang='lat' dir='ltr'>faciunt.</span> <span class='ocrx_word' id='word_1_216' title='bbox 820 3341 1044 3411; x_wconf 84' lang='lat' dir='ltr'>Procop.</span> <span class='ocrx_word' id='word_1_217' title='bbox 1067 3357 1161 3394; x_wconf 87' lang='lat' dir='ltr'>an.</span> <span class='ocrx_word' id='word_1_218' title='bbox 1193 3340 1291 3394; x_wconf 81' lang='grc'>541</span> <span class='ocrx_word' id='word_1_219' title='bbox 1316 3356 1430 3410; x_wconf 88' lang='lat' dir='ltr'>seq.</span> 
     </span>
    </p>
   </div>
   <div class='ocr_carea' id='block_1_36' title="bbox 2004 670 3575 746">
    <p class='ocr_par' dir='ltr' id='par_1_36' title="bbox 2004 670 3575 746">
     <span class='ocr_line' id='line_1_36' title="bbox 2004 670 3575 746; baseline 0.003 -19"><span class='ocrx_word' id='word_1_220' title='bbox 2004 673 2100 728; x_wconf 77' lang='grc'>541</span> <span class='ocrx_word' id='word_1_221' title='bbox 2133 672 2321 730; x_wconf 89' lang='lat' dir='ltr'>Totila</span> <span class='ocrx_word' id='word_1_222' title='bbox 2350 690 2452 746; x_wconf 84' lang='lat' dir='ltr'>per</span> <span class='ocrx_word' id='word_1_223' title='bbox 2504 671 2625 729; x_wconf 82' lang='lat' dir='ltr'>haec</span> <span class='ocrx_word' id='word_1_224' title='bbox 2674 676 2940 745; x_wconf 87' lang='lat' dir='ltr'>tempora</span> <span class='ocrx_word' id='word_1_225' title='bbox 2995 672 3150 746; x_wconf 87' lang='lat' dir='ltr'>apud</span> <span class='ocrx_word' id='word_1_226' title='bbox 3194 670 3575 732; x_wconf 85' lang='lat' dir='ltr'>Faventinum</span> 
     </span>
    </p>
   </div>
   <div class='ocr_carea' id='block_1_37' title="bbox 1925 762 3573 835">
    <p class='ocr_par' dir='ltr' id='par_1_37' title="bbox 1925 762 3573 835">
     <span class='ocr_line' id='line_1_37' title="bbox 1925 762 3573 835; baseline -0.001 -15"><span class='ocrx_word' id='word_1_227' title='bbox 1925 762 2166 820; x_wconf 65' lang='lat' dir='ltr'>Emiliae</span> <span class='ocrx_word' id='word_1_228' title='bbox 2196 763 2477 835; x_wconf 90' lang='lat' dir='ltr'>oppidum</span> <span class='ocrx_word' id='word_1_229' title='bbox 2492 767 2821 819; x_wconf 82' lang='lat' dir='ltr'>Romanum</span> <span class='ocrx_word' id='word_1_230' title='bbox 2852 762 3169 818; x_wconf 85' lang='lat' dir='ltr'>exercitum</span> <span class='ocrx_word' id='word_1_231' title='bbox 3192 766 3573 835; x_wconf 77' lang='lat' dir='ltr'>superat;nes</span> 
     </span>
    </p>
   </div>
   <div class='ocr_carea' id='block_1_38' title="bbox 1927 850 3572 924">
    <p class='ocr_par' dir='ltr' id='par_1_38' title="bbox 1927 850 3572 924">
     <span class='ocr_line' id='line_1_38' title="bbox 1927 850 3572 924; baseline 0.002 -20"><span class='ocrx_word' id='word_1_232' title='bbox 1927 850 2112 906; x_wconf 91' lang='lat' dir='ltr'>multo</span> <span class='ocrx_word' id='word_1_233' title='bbox 2145 858 2276 923; x_wconf 91' lang='lat' dir='ltr'>post</span> <span class='ocrx_word' id='word_1_234' title='bbox 2306 851 2515 906; x_wconf 85' lang='lat' dir='ltr'>iterum</span> <span class='ocrx_word' id='word_1_235' title='bbox 2549 852 2844 906; x_wconf 90' lang='lat' dir='ltr'>Romanos</span> <span class='ocrx_word' id='word_1_236' title='bbox 2874 852 3053 906; x_wconf 89' lang='lat' dir='ltr'>duces</span> <span class='ocrx_word' id='word_1_237' title='bbox 3086 851 3318 924; x_wconf 75' lang='lat' dir='ltr'>fugane,</span> <span class='ocrx_word' id='word_1_238' title='bbox 3357 853 3572 923; x_wconf 84' lang='lat' dir='ltr'>partim</span> 
     </span>
    </p>
   </div>
   <div class='ocr_carea' id='block_1_39' title="bbox 1924 939 3574 1012">
    <p class='ocr_par' dir='ltr' id='par_1_39' title="bbox 1924 939 3574 1012">
     <span class='ocr_line' id='line_1_39' title="bbox 1924 939 3574 1012; baseline 0.002 -20"><span class='ocrx_word' id='word_1_239' title='bbox 1924 939 2222 1010; x_wconf 88' lang='lat' dir='ltr'>vi,purtim</span> <span class='ocrx_word' id='word_1_240' title='bbox 2239 941 2406 995; x_wconf 88' lang='lat' dir='ltr'>donis</span> <span class='ocrx_word' id='word_1_241' title='bbox 2424 940 2742 994; x_wconf 82' lang='lat' dir='ltr'>exercitum</span> <span class='ocrx_word' id='word_1_242' title='bbox 2758 939 2867 995; x_wconf 84' lang='lat' dir='ltr'>sibi</span> <span class='ocrx_word' id='word_1_243' title='bbox 2886 940 3574 1012; x_wconf 83' lang='lat' dir='ltr'>consociat,ettyrannidi</span> 
     </span>
    </p>
   </div>
   <div class='ocr_carea' id='block_1_40' title="bbox 1924 1028 3570 1100">
    <p class='ocr_par' dir='ltr' id='par_1_40' title="bbox 1924 1028 3570 1100">
     <span class='ocr_line' id='line_1_40' title="bbox 1924 1028 3570 1100; baseline 0.002 -18"><span class='ocrx_word' id='word_1_244' title='bbox 1924 1028 2153 1084; x_wconf 88' lang='lat' dir='ltr'>instans</span> <span class='ocrx_word' id='word_1_245' title='bbox 2187 1029 2375 1100; x_wconf 88' lang='lat' dir='ltr'>ipsam</span> <span class='ocrx_word' id='word_1_246' title='bbox 2403 1029 2580 1084; x_wconf 90' lang='lat' dir='ltr'>etiam</span> <span class='ocrx_word' id='word_1_247' title='bbox 2612 1029 2855 1083; x_wconf 86' lang='lat' dir='ltr'>Romam</span> <span class='ocrx_word' id='word_1_248' title='bbox 2881 1034 2938 1082; x_wconf 91' lang='lat' dir='ltr'>et</span> <span class='ocrx_word' id='word_1_249' title='bbox 2966 1029 3346 1100; x_wconf 87' lang='lat' dir='ltr'>Campaniam</span> <span class='ocrx_word' id='word_1_250' title='bbox 3363 1033 3570 1086; x_wconf 86' lang='lat' dir='ltr'>vastat.</span> 
     </span>
    </p>
   </div>
   <div class='ocr_carea' id='block_1_41' title="bbox 1926 1118 3142 1187">
    <p class='ocr_par' dir='ltr' id='par_1_41' title="bbox 1926 1118 3142 1187">
     <span class='ocr_line' id='line_1_41' title="bbox 1926 1118 3142 1187; baseline -0.001 -15"><span class='ocrx_word' id='word_1_251' title='bbox 1926 1119 2068 1172; x_wconf 84' lang='lat' dir='ltr'>Hist.</span> <span class='ocrx_word' id='word_1_252' title='bbox 2091 1119 2318 1172; x_wconf 86' lang='lat' dir='ltr'>miscell.</span> <span class='ocrx_word' id='word_1_253' title='bbox 2352 1119 2576 1187; x_wconf 82' lang='lat' dir='ltr'>Procop.</span> <span class='ocrx_word' id='word_1_254' title='bbox 2601 1118 2841 1171; x_wconf 80' lang='lat' dir='ltr'>Marcell.</span> <span class='ocrx_word' id='word_1_255' title='bbox 2877 1134 2970 1171; x_wconf 86' lang='lat' dir='ltr'>an.</span> <span class='ocrx_word' id='word_1_256' title='bbox 3015 1118 3142 1178; x_wconf 68' lang='lat'>5&amp;3.</span> 
     </span>
    </p>
   </div>
   <div class='ocr_carea' id='block_1_42' title="bbox 1994 1206 3574 1279">
    <p class='ocr_par' dir='ltr' id='par_1_42' title="bbox 1994 1206 3574 1279">
     <span class='ocr_line' id='line_1_42' title="bbox 1994 1206 3574 1279; baseline 0.002 -18"><span class='ocrx_word' id='word_1_257' title='bbox 1994 1209 2101 1262; x_wconf 83' lang='grc'>542</span> <span class='ocrx_word' id='word_1_258' title='bbox 2133 1207 2319 1277; x_wconf 84' lang='lat' dir='ltr'>Hujus</span> <span class='ocrx_word' id='word_1_259' title='bbox 2346 1206 2660 1262; x_wconf 78' lang='lat' dir='ltr'>Justiniani</span> <span class='ocrx_word' id='word_1_260' title='bbox 2686 1206 3050 1276; x_wconf 88' lang='lat' dir='ltr'>temporibus</span> <span class='ocrx_word' id='word_1_261' title='bbox 3077 1223 3288 1279; x_wconf 90' lang='lat' dir='ltr'>corpus</span> <span class='ocrx_word' id='word_1_262' title='bbox 3320 1207 3379 1263; x_wconf 92' lang='lat' dir='ltr'>S.</span> <span class='ocrx_word' id='word_1_263' title='bbox 3400 1210 3574 1264; x_wconf 88' lang='lat' dir='ltr'>Anto-</span> 
     </span>
    </p>
   </div>
   <div class='ocr_carea' id='block_1_43' title="bbox 1926 1295 3572 1353">
    <p class='ocr_par' dir='ltr' id='par_1_43' title="bbox 1926 1295 3572 1353">
     <span class='ocr_line' id='line_1_43' title="bbox 1926 1295 3572 1353; baseline 0.001 -2"><span class='ocrx_word' id='word_1_264' title='bbox 1926 1295 2005 1352; x_wconf 91' lang='lat' dir='ltr'>nii</span> <span class='ocrx_word' id='word_1_265' title='bbox 2039 1296 2309 1350; x_wconf 86' lang='lat' dir='ltr'>monachi</span> <span class='ocrx_word' id='word_1_266' title='bbox 2342 1295 2621 1350; x_wconf 83' lang='lat' dir='ltr'>divinitus</span> <span class='ocrx_word' id='word_1_267' title='bbox 2675 1295 2991 1350; x_wconf 89' lang='lat' dir='ltr'>revelatum</span> <span class='ocrx_word' id='word_1_268' title='bbox 3053 1299 3108 1350; x_wconf 88' lang='lat' dir='ltr'>et</span> <span class='ocrx_word' id='word_1_269' title='bbox 3162 1295 3572 1353; x_wconf 88' lang='lat' dir='ltr'>Alexandriam</span> 
     </span>
    </p>
   </div>
   <div class='ocr_carea' id='block_1_44' title="bbox 1923 1382 3574 1455">
    <p class='ocr_par' dir='ltr' id='par_1_44' title="bbox 1923 1382 3574 1455">
     <span class='ocr_line' id='line_1_44' title="bbox 1923 1382 3574 1455; baseline 0.001 -16"><span class='ocrx_word' id='word_1_270' title='bbox 1923 1383 2294 1450; x_wconf 87' lang='lat' dir='ltr'>translatum,</span> <span class='ocrx_word' id='word_1_271' title='bbox 2320 1383 2378 1437; x_wconf 92' lang='lat' dir='ltr'>in</span> <span class='ocrx_word' id='word_1_272' title='bbox 2401 1383 2646 1438; x_wconf 87' lang='lat' dir='ltr'>ecclesia</span> <span class='ocrx_word' id='word_1_273' title='bbox 2662 1385 2719 1438; x_wconf 88' lang='lat' dir='ltr'>S.</span> <span class='ocrx_word' id='word_1_274' title='bbox 2741 1383 2986 1439; x_wconf 84' lang='lat' dir='ltr'>Joannis</span> <span class='ocrx_word' id='word_1_275' title='bbox 3007 1382 3278 1455; x_wconf 67' lang='lat' dir='ltr'>Baptista:</span> <span class='ocrx_word' id='word_1_276' title='bbox 3308 1384 3574 1440; x_wconf 85' lang='lat' dir='ltr'>tumula-</span> 
     </span>
    </p>
   </div>
   <div class='ocr_carea' id='block_1_45' title="bbox 1927 1472 3574 1545">
    <p class='ocr_par' dir='ltr' id='par_1_45' title="bbox 1927 1472 3574 1545">
     <span class='ocr_line' id='line_1_45' title="bbox 1927 1472 3574 1545; baseline 0.001 -17"><span class='ocrx_word' id='word_1_277' title='bbox 1927 1479 2049 1528; x_wconf 88' lang='lat' dir='ltr'>tum</span> <span class='ocrx_word' id='word_1_278' title='bbox 2080 1479 2186 1528; x_wconf 90' lang='lat' dir='ltr'>est.</span> <span class='ocrx_word' id='word_1_279' title='bbox 2214 1473 2340 1527; x_wconf 80' lang='lat' dir='ltr'>Bcd.</span> <span class='ocrx_word' id='word_1_280' title='bbox 2373 1474 2493 1527; x_wconf 89' lang='lat' dir='ltr'>chr.</span> <span class='ocrx_word' id='word_1_281' title='bbox 2523 1474 2652 1527; x_wconf 87' lang='lat' dir='ltr'>Vict.</span> <span class='ocrx_word' id='word_1_282' title='bbox 2683 1475 2813 1528; x_wconf 86' lang='lat' dir='ltr'>Tun.</span> <span class='ocrx_word' id='word_1_283' title='bbox 2837 1505 2905 1514; x_wconf 89' lang='lat'>—-</span> <span class='ocrx_word' id='word_1_284' title='bbox 2935 1473 3052 1528; x_wconf 88' lang='lat' dir='ltr'>Hoc</span> <span class='ocrx_word' id='word_1_285' title='bbox 3092 1472 3268 1528; x_wconf 91' lang='lat' dir='ltr'>etiam</span> <span class='ocrx_word' id='word_1_286' title='bbox 3312 1476 3574 1545; x_wconf 89' lang='lat' dir='ltr'>tempore</span> 
     </span>
    </p>
   </div>
   <div class='ocr_carea' id='block_1_46' title="bbox 1927 1560 3576 1634">
    <p class='ocr_par' dir='ltr' id='par_1_46' title="bbox 1927 1560 3576 1634">
     <span class='ocr_line' id='line_1_46' title="bbox 1927 1560 3576 1634; baseline 0.003 -19"><span class='ocrx_word' id='word_1_287' title='bbox 1927 1563 2132 1634; x_wconf 87' lang='lat' dir='ltr'>quinta</span> <span class='ocrx_word' id='word_1_288' title='bbox 2161 1562 2418 1634; x_wconf 85' lang='lat' dir='ltr'>synodus</span> <span class='ocrx_word' id='word_1_289' title='bbox 2450 1560 2794 1616; x_wconf 87' lang='lat' dir='ltr'>universalis</span> <span class='ocrx_word' id='word_1_290' title='bbox 2827 1561 3325 1634; x_wconf 88' lang='lat' dir='ltr'>Constantinopoli</span> <span class='ocrx_word' id='word_1_291' title='bbox 3371 1565 3576 1620; x_wconf 83' lang='lat' dir='ltr'>contra</span> 
     </span>
    </p>
   </div>
   <div class='ocr_carea' id='block_1_47' title="bbox 1924 1649 3574 1724">
    <p class='ocr_par' dir='ltr' id='par_1_47' title="bbox 1924 1649 3574 1724">
     <span class='ocr_line' id='line_1_47' title="bbox 1924 1649 3574 1724; baseline 0.001 -17"><span class='ocrx_word' id='word_1_292' title='bbox 1924 1652 2292 1707; x_wconf 89' lang='lat' dir='ltr'>Theodorum</span> <span class='ocrx_word' id='word_1_293' title='bbox 2325 1655 2382 1706; x_wconf 90' lang='lat' dir='ltr'>et</span> <span class='ocrx_word' id='word_1_294' title='bbox 2411 1667 2614 1706; x_wconf 90' lang='lat' dir='ltr'>omnes</span> <span class='ocrx_word' id='word_1_295' title='bbox 2647 1649 2947 1707; x_wconf 81' lang='lat' dir='ltr'>haereticos</span> <span class='ocrx_word' id='word_1_296' title='bbox 2991 1651 3101 1706; x_wconf 90' lang='lat' dir='ltr'>sub</span> <span class='ocrx_word' id='word_1_297' title='bbox 3156 1649 3366 1723; x_wconf 90' lang='lat' dir='ltr'>Vigilio</span> <span class='ocrx_word' id='word_1_298' title='bbox 3423 1667 3574 1724; x_wconf 85' lang='lat' dir='ltr'>papa</span> 
     </span>
    </p>
   </div>
   <div class='ocr_carea' id='block_1_48' title="bbox 1927 1740 2471 1810">
    <p class='ocr_par' dir='ltr' id='par_1_48' title="bbox 1927 1740 2471 1810">
     <span class='ocr_line' id='line_1_48' title="bbox 1927 1740 2471 1810; baseline -0.004 -14"><span class='ocrx_word' id='word_1_299' title='bbox 1927 1740 2170 1796; x_wconf 89' lang='lat' dir='ltr'>collecta</span> <span class='ocrx_word' id='word_1_300' title='bbox 2189 1745 2280 1795; x_wconf 89' lang='lat' dir='ltr'>est</span> <span class='ocrx_word' id='word_1_301' title='bbox 2300 1740 2471 1810; x_wconf 82' lang='grc'>(142).</span> 
     </span>
    </p>
   </div>
   <div class='ocr_carea' id='block_1_49' title="bbox 1993 1829 3562 1901">
    <p class='ocr_par' dir='ltr' id='par_1_49' title="bbox 1993 1829 3562 1901">
     <span class='ocr_line' id='line_1_49' title="bbox 1993 1829 3562 1901; baseline 0.003 -17"><span class='ocrx_word' id='word_1_302' title='bbox 1993 1829 2100 1884; x_wconf 85' lang='grc'>543</span> <span class='ocrx_word' id='word_1_303' title='bbox 2124 1834 2232 1884; x_wconf 87' lang='lat' dir='ltr'>Per</span> <span class='ocrx_word' id='word_1_304' title='bbox 2262 1829 2381 1884; x_wconf 54' lang='lat' dir='ltr'>hac</span> <span class='ocrx_word' id='word_1_305' title='bbox 2415 1833 2696 1901; x_wconf 89' lang='lat' dir='ltr'>tempora,</span> <span class='ocrx_word' id='word_1_306' title='bbox 2731 1847 2865 1886; x_wconf 90' lang='lat' dir='ltr'>cum</span> <span class='ocrx_word' id='word_1_307' title='bbox 2897 1829 3213 1888; x_wconf 89' lang='lat' dir='ltr'>Belisarius</span> <span class='ocrx_word' id='word_1_308' title='bbox 3239 1847 3274 1886; x_wconf 87' lang='lat' dir='ltr'>a</span> <span class='ocrx_word' id='word_1_309' title='bbox 3319 1830 3562 1888; x_wconf 84' lang='lat' dir='ltr'>Partho-</span> 
     </span>
    </p>
   </div>
   <div class='ocr_carea' id='block_1_50' title="bbox 1925 1918 3569 1977">
    <p class='ocr_par' dir='ltr' id='par_1_50' title="bbox 1925 1918 3569 1977">
     <span class='ocr_line' id='line_1_50' title="bbox 1925 1918 3569 1977; baseline 0.001 -3"><span class='ocrx_word' id='word_1_310' title='bbox 1925 1935 2056 1975; x_wconf 87' lang='lat' dir='ltr'>rum</span> <span class='ocrx_word' id='word_1_311' title='bbox 2089 1919 2307 1973; x_wconf 86' lang='lat' dir='ltr'>ﬁnibus</span> <span class='ocrx_word' id='word_1_312' title='bbox 2323 1919 2395 1974; x_wconf 91' lang='lat' dir='ltr'>ad</span> <span class='ocrx_word' id='word_1_313' title='bbox 2418 1918 2699 1973; x_wconf 83' lang='lat' dir='ltr'>auxilium</span> <span class='ocrx_word' id='word_1_314' title='bbox 2718 1920 2816 1975; x_wconf 75' lang='lat'><strong>69</strong></span> <span class='ocrx_word' id='word_1_315' title='bbox 2840 1919 3015 1975; x_wconf 72' lang='lat' dir='ltr'>Italiae</span> <span class='ocrx_word' id='word_1_316' title='bbox 3047 1924 3350 1977; x_wconf 88' lang='lat' dir='ltr'>revocatus</span> <span class='ocrx_word' id='word_1_317' title='bbox 3389 1923 3446 1977; x_wconf 89' lang='lat' dir='ltr'>et</span> <span class='ocrx_word' id='word_1_318' title='bbox 3467 1920 3569 1976; x_wconf 87' lang='lat' dir='ltr'>diu</span> 
     </span>
    </p>
   </div>
   <div class='ocr_carea' id='block_1_51' title="bbox 1926 2007 3562 2080">
    <p class='ocr_par' dir='ltr' id='par_1_51' title="bbox 1926 2007 3562 2080">
     <span class='ocr_line' id='line_1_51' title="bbox 1926 2007 3562 2080; baseline 0.001 -17"><span class='ocrx_word' id='word_1_319' title='bbox 1926 2008 2262 2080; x_wconf 88' lang='lat' dir='ltr'>impeditus,</span> <span class='ocrx_word' id='word_1_320' title='bbox 2287 2008 2523 2062; x_wconf 89' lang='lat' dir='ltr'>tandem</span> <span class='ocrx_word' id='word_1_321' title='bbox 2555 2007 2938 2077; x_wconf 62' lang='lat' dir='ltr'>cumfmodica</span> <span class='ocrx_word' id='word_1_322' title='bbox 2957 2008 3144 2064; x_wconf 88' lang='lat' dir='ltr'>classe</span> <span class='ocrx_word' id='word_1_323' title='bbox 3167 2010 3408 2064; x_wconf 80' lang='lat' dir='ltr'>Romam</span> <span class='ocrx_word' id='word_1_324' title='bbox 3432 2009 3562 2080; x_wconf 87' lang='lat' dir='ltr'>jam</span> 
     </span>
    </p>
   </div>
   <div class='ocr_carea' id='block_1_52' title="bbox 1924 2096 3567 2169">
    <p class='ocr_par' dir='ltr' id='par_1_52' title="bbox 1924 2096 3567 2169">
     <span class='ocr_line' id='line_1_52' title="bbox 1924 2096 3567 2169; baseline 0.001 -17"><span class='ocrx_word' id='word_1_325' title='bbox 1924 2114 2069 2169; x_wconf 89' lang='lat' dir='ltr'>pene</span> <span class='ocrx_word' id='word_1_326' title='bbox 2080 2101 2367 2153; x_wconf 84' lang='lat' dir='ltr'>vastatam</span> <span class='ocrx_word' id='word_1_327' title='bbox 2382 2096 2683 2167; x_wconf 88' lang='lat' dir='ltr'>ingressus</span> <span class='ocrx_word' id='word_1_328' title='bbox 2694 2096 3094 2164; x_wconf 69' lang='lat' dir='ltr'>;esset,Totila3</span> <span class='ocrx_word' id='word_1_329' title='bbox 3108 2114 3173 2152; x_wconf 90' lang='lat' dir='ltr'>su</span> <span class='ocrx_word' id='word_1_330' title='bbox 3183 2097 3567 2168; x_wconf 79' lang='lat' dir='ltr'>perirruentis</span> 
     </span>
    </p>
   </div>
   <div class='ocr_carea' id='block_1_53' title="bbox 1918 2183 3563 2256">
    <p class='ocr_par' dir='ltr' id='par_1_53' title="bbox 1918 2183 3563 2256">
     <span class='ocr_line' id='line_1_53' title="bbox 1918 2183 3563 2256; baseline -0.001 -15"><span class='ocrx_word' id='word_1_331' title='bbox 1918 2185 2232 2241; x_wconf 88' lang='lat' dir='ltr'>exercitum</span> <span class='ocrx_word' id='word_1_332' title='bbox 2253 2185 2566 2240; x_wconf 90' lang='lat' dir='ltr'>commisso</span> <span class='ocrx_word' id='word_1_333' title='bbox 2582 2184 2776 2256; x_wconf 77' lang='lat' dir='ltr'>przelio</span> <span class='ocrx_word' id='word_1_334' title='bbox 2798 2184 2947 2240; x_wconf 81' lang='lat' dir='ltr'>fudit</span> <span class='ocrx_word' id='word_1_335' title='bbox 2966 2189 3022 2240; x_wconf 88' lang='lat' dir='ltr'>et</span> <span class='ocrx_word' id='word_1_336' title='bbox 3043 2185 3103 2239; x_wconf 92' lang='lat' dir='ltr'>in</span> <span class='ocrx_word' id='word_1_337' title='bbox 3121 2183 3316 2239; x_wconf 89' lang='lat' dir='ltr'>Tiberi</span> <span class='ocrx_word' id='word_1_338' title='bbox 3337 2184 3563 2253; x_wconf 86' lang='lat' dir='ltr'>mersit,</span> 
     </span>
    </p>
   </div>
   <div class='ocr_carea' id='block_1_54' title="bbox 1919 2271 3563 2346">
    <p class='ocr_par' dir='ltr' id='par_1_54' title="bbox 1919 2271 3563 2346">
     <span class='ocr_line' id='line_1_54' title="bbox 1919 2271 3563 2346; baseline 0 -18"><span class='ocrx_word' id='word_1_339' title='bbox 1919 2275 2232 2346; x_wconf 89' lang='lat' dir='ltr'>ipsumque</span> <span class='ocrx_word' id='word_1_340' title='bbox 2263 2275 2320 2328; x_wconf 88' lang='lat' dir='ltr'>in</span> <span class='ocrx_word' id='word_1_341' title='bbox 2349 2273 2728 2345; x_wconf 86' lang='lat' dir='ltr'>Campaniam</span> <span class='ocrx_word' id='word_1_342' title='bbox 2759 2273 2991 2344; x_wconf 87' lang='lat' dir='ltr'>repulit.</span> <span class='ocrx_word' id='word_1_343' title='bbox 3035 2271 3381 2329; x_wconf 79' lang='lat' dir='ltr'>Marcell.an.</span> <span class='ocrx_word' id='word_1_344' title='bbox 3434 2274 3563 2334; x_wconf 67' lang='lat'>51:7.</span> 
     </span>
    </p>
   </div>
   <div class='ocr_carea' id='block_1_55' title="bbox 1918 2361 3565 2434">
    <p class='ocr_par' dir='ltr' id='par_1_55' title="bbox 1918 2361 3565 2434">
     <span class='ocr_line' id='line_1_55' title="bbox 1918 2361 3565 2434; baseline 0.001 -16"><span class='ocrx_word' id='word_1_345' title='bbox 1918 2396 1986 2404; x_wconf 89' lang='lat'>—-</span> <span class='ocrx_word' id='word_1_346' title='bbox 2003 2364 2119 2418; x_wconf 92' lang='lat' dir='ltr'>Hoc</span> <span class='ocrx_word' id='word_1_347' title='bbox 2140 2368 2423 2434; x_wconf 90' lang='lat' dir='ltr'>tempore,</span> <span class='ocrx_word' id='word_1_348' title='bbox 2456 2379 2589 2418; x_wconf 89' lang='lat' dir='ltr'>cum</span> <span class='ocrx_word' id='word_1_349' title='bbox 2613 2363 2959 2418; x_wconf 84' lang='lat' dir='ltr'>Benedictus</span> <span class='ocrx_word' id='word_1_350' title='bbox 2981 2361 3162 2419; x_wconf 90' lang='lat' dir='ltr'>abbas</span> <span class='ocrx_word' id='word_1_351' title='bbox 3206 2361 3565 2434; x_wconf 90' lang='lat' dir='ltr'>discipulum</span> 
     </span>
    </p>
   </div>
   <div class='ocr_carea' id='block_1_56' title="bbox 1919 2450 3564 2524">
    <p class='ocr_par' dir='ltr' id='par_1_56' title="bbox 1919 2450 3564 2524">
     <span class='ocr_line' id='line_1_56' title="bbox 1919 2450 3564 2524; baseline -0.001 -16"><span class='ocrx_word' id='word_1_352' title='bbox 1919 2452 2386 2524; x_wconf 60' lang='lat' dir='ltr'>suumgMaurum</span> <span class='ocrx_word' id='word_1_353' title='bbox 2418 2452 2489 2506; x_wconf 89' lang='lat' dir='ltr'>ad</span> <span class='ocrx_word' id='word_1_354' title='bbox 2520 2450 2736 2507; x_wconf 87' lang='lat' dir='ltr'>Gallias</span> <span class='ocrx_word' id='word_1_355' title='bbox 2786 2451 3233 2516; x_wconf 87' lang='lat' dir='ltr'>transmisisset,</span> <span class='ocrx_word' id='word_1_356' title='bbox 3289 2451 3564 2524; x_wconf 86' lang='lat' dir='ltr'>migravit</span> 
     </span>
    </p>
   </div>
   <div class='ocr_carea' id='block_1_57' title="bbox 1916 2540 3562 2614">
    <p class='ocr_par' dir='ltr' id='par_1_57' title="bbox 1916 2540 3562 2614">
     <span class='ocr_line' id='line_1_57' title="bbox 1916 2540 3562 2614; baseline 0 -16"><span class='ocrx_word' id='word_1_357' title='bbox 1916 2543 2041 2614; x_wconf 89' lang='lat' dir='ltr'>ipse</span> <span class='ocrx_word' id='word_1_358' title='bbox 2075 2545 2204 2614; x_wconf 86' lang='lat' dir='ltr'>post</span> <span class='ocrx_word' id='word_1_359' title='bbox 2233 2541 2450 2597; x_wconf 89' lang='lat' dir='ltr'>multas</span> <span class='ocrx_word' id='word_1_360' title='bbox 2483 2540 2725 2596; x_wconf 89' lang='lat' dir='ltr'>virtutes</span> <span class='ocrx_word' id='word_1_361' title='bbox 2747 2541 2819 2596; x_wconf 90' lang='lat' dir='ltr'>ad</span> <span class='ocrx_word' id='word_1_362' title='bbox 2839 2540 3170 2596; x_wconf 88' lang='lat' dir='ltr'>Dominum.</span> <span class='ocrx_word' id='word_1_363' title='bbox 3195 2542 3316 2598; x_wconf 92' lang='lat' dir='ltr'>Leo.</span> <span class='ocrx_word' id='word_1_364' title='bbox 3344 2541 3562 2612; x_wconf 88' lang='lat' dir='ltr'>0st.,al.</span> 
     </span>
    </p>
   </div>
   <div class='ocr_carea' id='block_1_58' title="bbox 1917 2633 2171 2687">
    <p class='ocr_par' dir='ltr' id='par_1_58' title="bbox 1917 2633 2171 2687">
     <span class='ocr_line' id='line_1_58' title="bbox 1917 2633 2171 2687; baseline -0.004 -1"><span class='ocrx_word' id='word_1_365' title='bbox 1917 2649 2011 2687; x_wconf 84' lang='lat' dir='ltr'>an.</span> <span class='ocrx_word' id='word_1_366' title='bbox 2043 2633 2143 2686; x_wconf 81' lang='grc'>544</span> <span class='ocrx_word' id='word_1_367' title='bbox 2158 2672 2171 2685; x_wconf 93' lang='grc'>.</span> 
     </span>
    </p>
   </div>
   <div class='ocr_carea' id='block_1_59' title="bbox 1987 2719 3564 2793">
    <p class='ocr_par' dir='ltr' id='par_1_59' title="bbox 1987 2719 3564 2793">
     <span class='ocr_line' id='line_1_59' title="bbox 1987 2719 3564 2793; baseline 0 -15"><span class='ocrx_word' id='word_1_368' title='bbox 1987 2722 2111 2778; x_wconf 85' lang='grc'>544.</span> <span class='ocrx_word' id='word_1_369' title='bbox 2147 2721 2395 2778; x_wconf 87' lang='lat' dir='ltr'>Sanctus</span> <span class='ocrx_word' id='word_1_370' title='bbox 2411 2719 3056 2793; x_wconf 87' lang='lat' dir='ltr'>Remigius,Remorum</span> <span class='ocrx_word' id='word_1_371' title='bbox 3087 2719 3564 2793; x_wconf 85' lang='lat' dir='ltr'>archiepiscopus</span> 
     </span>
    </p>
   </div>
   <div class='ocr_carea' id='block_1_60' title="bbox 1917 2809 3564 2882">
    <p class='ocr_par' dir='ltr' id='par_1_60' title="bbox 1917 2809 3564 2882">
     <span class='ocr_line' id='line_1_60' title="bbox 1917 2809 3564 2882; baseline 0.001 -17"><span class='ocrx_word' id='word_1_372' title='bbox 1917 2813 1974 2865; x_wconf 93' lang='lat' dir='ltr'>et</span> <span class='ocrx_word' id='word_1_373' title='bbox 1991 2811 2184 2881; x_wconf 89' lang='lat' dir='ltr'>gentis</span> <span class='ocrx_word' id='word_1_374' title='bbox 2214 2810 2570 2865; x_wconf 86' lang='lat' dir='ltr'>Francorum</span> <span class='ocrx_word' id='word_1_375' title='bbox 2603 2809 2924 2882; x_wconf 89' lang='lat' dir='ltr'>apostolus,</span> <span class='ocrx_word' id='word_1_376' title='bbox 2969 2825 3123 2864; x_wconf 89' lang='lat' dir='ltr'>anno</span> <span class='ocrx_word' id='word_1_377' title='bbox 3190 2809 3564 2882; x_wconf 83' lang='lat' dir='ltr'>episcopatus</span> 
     </span>
    </p>
   </div>
   <div class='ocr_carea' id='block_1_61' title="bbox 1918 2897 3562 2972">
    <p class='ocr_par' dir='ltr' id='par_1_61' title="bbox 1918 2897 3562 2972">
     <span class='ocr_line' id='line_1_61' title="bbox 1918 2897 3562 2972; baseline -0.001 -17"><span class='ocrx_word' id='word_1_378' title='bbox 1918 2917 2100 2967; x_wconf 77' lang='lat' dir='ltr'>LXXIV,</span> <span class='ocrx_word' id='word_1_379' title='bbox 2126 2899 2326 2955; x_wconf 89' lang='lat' dir='ltr'>Idibus</span> <span class='ocrx_word' id='word_1_380' title='bbox 2347 2899 2612 2955; x_wconf 89' lang='lat' dir='ltr'>Januarii</span> <span class='ocrx_word' id='word_1_381' title='bbox 2636 2898 2841 2969; x_wconf 88' lang='lat' dir='ltr'>plenus</span> <span class='ocrx_word' id='word_1_382' title='bbox 2861 2897 3177 2955; x_wconf 90' lang='lat' dir='ltr'>virtutibus</span> <span class='ocrx_word' id='word_1_383' title='bbox 3195 2898 3471 2972; x_wconf 88' lang='lat' dir='ltr'>migravit</span> <span class='ocrx_word' id='word_1_384' title='bbox 3487 2898 3562 2954; x_wconf 90' lang='lat' dir='ltr'>ad</span> 
     </span>
    </p>
   </div>
   <div class='ocr_carea' id='block_1_62' title="bbox 1917 2986 3563 3059">
    <p class='ocr_par' dir='ltr' id='par_1_62' title="bbox 1917 2986 3563 3059">
     <span class='ocr_line' id='line_1_62' title="bbox 1917 2986 3563 3059; baseline -0.001 -15"><span class='ocrx_word' id='word_1_385' title='bbox 1917 2988 2232 3044; x_wconf 90' lang='lat' dir='ltr'>Dominum</span> <span class='ocrx_word' id='word_1_386' title='bbox 2264 2988 2432 3059; x_wconf 84' lang='lat' dir='ltr'>(l43).</span> <span class='ocrx_word' id='word_1_387' title='bbox 2459 2990 2666 3043; x_wconf 89' lang='lat' dir='ltr'>Arator</span> <span class='ocrx_word' id='word_1_388' title='bbox 2687 2987 3084 3044; x_wconf 87' lang='lat' dir='ltr'>subdiaconus</span> <span class='ocrx_word' id='word_1_389' title='bbox 3139 2988 3439 3044; x_wconf 87' lang='lat' dir='ltr'>Romanus</span> <span class='ocrx_word' id='word_1_390' title='bbox 3495 2986 3563 3042; x_wconf 87' lang='lat' dir='ltr'>li-</span> 
     </span>
    </p>
   </div>
   <div class='ocr_carea' id='block_1_63' title="bbox 1918 3075 3560 3148">
    <p class='ocr_par' dir='ltr' id='par_1_63' title="bbox 1918 3075 3560 3148">
     <span class='ocr_line' id='line_1_63' title="bbox 1918 3075 3560 3148; baseline -0.001 -16"><span class='ocrx_word' id='word_1_391' title='bbox 1918 3078 2090 3132; x_wconf 90' lang='lat' dir='ltr'>brum</span> <span class='ocrx_word' id='word_1_392' title='bbox 2121 3093 2315 3143; x_wconf 90' lang='lat' dir='ltr'>suum,</span> <span class='ocrx_word' id='word_1_393' title='bbox 2337 3093 2510 3148; x_wconf 88' lang='lat' dir='ltr'>quem</span> <span class='ocrx_word' id='word_1_394' title='bbox 2547 3076 2618 3132; x_wconf 90' lang='lat' dir='ltr'>de</span> <span class='ocrx_word' id='word_1_395' title='bbox 2646 3076 2887 3132; x_wconf 89' lang='lat' dir='ltr'>Actibus</span> <span class='ocrx_word' id='word_1_396' title='bbox 2908 3075 3303 3148; x_wconf 87' lang='lat' dir='ltr'>apostolorum</span> <span class='ocrx_word' id='word_1_397' title='bbox 3327 3075 3560 3132; x_wconf 90' lang='lat' dir='ltr'>heroico</span> 
     </span>
    </p>
   </div>
   <div class='ocr_carea' id='block_1_64' title="bbox 1917 3163 3560 3238">
    <p class='ocr_par' dir='ltr' id='par_1_64' title="bbox 1917 3163 3560 3238">
     <span class='ocr_line' id='line_1_64' title="bbox 1917 3163 3560 3238; baseline -0.001 -17"><span class='ocrx_word' id='word_1_398' title='bbox 1917 3170 2101 3222; x_wconf 88' lang='lat' dir='ltr'>metro</span> <span class='ocrx_word' id='word_1_399' title='bbox 2132 3166 2332 3233; x_wconf 89' lang='lat' dir='ltr'>edidit,</span> <span class='ocrx_word' id='word_1_400' title='bbox 2356 3164 2564 3237; x_wconf 90' lang='lat' dir='ltr'>Vigilio</span> <span class='ocrx_word' id='word_1_401' title='bbox 2608 3182 2768 3237; x_wconf 61' lang='lat' dir='ltr'>papa;</span> <span class='ocrx_word' id='word_1_402' title='bbox 2823 3165 3085 3222; x_wconf 89' lang='lat' dir='ltr'>oblatum</span> <span class='ocrx_word' id='word_1_403' title='bbox 3145 3163 3376 3238; x_wconf 89' lang='lat' dir='ltr'>publice</span> <span class='ocrx_word' id='word_1_404' title='bbox 3422 3179 3560 3221; x_wconf 87' lang='lat' dir='ltr'>cum</span> 
     </span>
    </p>
   </div>
   <div class='ocr_carea' id='block_1_65' title="bbox 1917 3253 3560 3326">
    <p class='ocr_par' dir='ltr' id='par_1_65' title="bbox 1917 3253 3560 3326">
     <span class='ocr_line' id='line_1_65' title="bbox 1917 3253 3560 3326; baseline 0.001 -16"><span class='ocrx_word' id='word_1_405' title='bbox 1917 3271 2130 3326; x_wconf 89' lang='lat' dir='ltr'>magno</span> <span class='ocrx_word' id='word_1_406' title='bbox 2162 3255 2352 3308; x_wconf 80' lang='lat' dir='ltr'>favore</span> <span class='ocrx_word' id='word_1_407' title='bbox 2373 3253 2691 3325; x_wconf 75' lang='lat' dir='ltr'>recitavit(l</span> <span class='ocrx_word' id='word_1_408' title='bbox 2706 3254 2814 3325; x_wconf 93' lang='lat'>44).</span> <span class='ocrx_word' id='word_1_409' title='bbox 2839 3255 2998 3310; x_wconf 85' lang='lat' dir='ltr'>Paul.</span> <span class='ocrx_word' id='word_1_410' title='bbox 3050 3255 3200 3310; x_wconf 83' lang='lat' dir='ltr'>Diae.</span> <span class='ocrx_word' id='word_1_411' title='bbox 3259 3255 3384 3310; x_wconf 81' lang='lat' dir='ltr'>hist.</span> <span class='ocrx_word' id='word_1_412' title='bbox 3420 3253 3560 3311; x_wconf 81' lang='lat' dir='ltr'>Lon-</span> 
     </span>
    </p>
   </div>
   <div class='ocr_carea' id='block_1_66' title="bbox 1916 3343 2380 3412">
    <p class='ocr_par' dir='ltr' id='par_1_66' title="bbox 1916 3343 2380 3412">
     <span class='ocr_line' id='line_1_66' title="bbox 1916 3343 2380 3412; baseline -0.004 -14"><span class='ocrx_word' id='word_1_413' title='bbox 1916 3345 2036 3412; x_wconf 88' lang='lat' dir='ltr'>gob.</span> <span class='ocrx_word' id='word_1_414' title='bbox 2074 3344 2110 3397; x_wconf 81' lang='grc' dir='ltr'>ι.</span> <span class='ocrx_word' id='word_1_415' title='bbox 2147 3361 2186 3408; x_wconf 85' lang='lat'>1,</span> <span class='ocrx_word' id='word_1_416' title='bbox 2218 3359 2266 3396; x_wconf 90' lang='lat' dir='ltr'>c.</span> <span class='ocrx_word' id='word_1_417' title='bbox 2290 3343 2380 3397; x_wconf 84' lang='lat'>25.</span> 
     </span>
    </p>
   </div>
   <div class='ocr_carea' id='block_1_67' title="bbox 219 3417 3562 3502">
    <p class='ocr_par' dir='ltr' id='par_1_67' title="bbox 219 3417 3562 3502">
     <span class='ocr_line' id='line_1_67' title="bbox 219 3417 3562 3502; baseline 0 -15"><span class='ocrx_word' id='word_1_418' title='bbox 219 3433 331 3487; x_wconf 81' lang='grc'>540</span> <span class='ocrx_word' id='word_1_419' title='bbox 353 3431 419 3487; x_wconf 90' lang='lat' dir='ltr'>In</span> <span class='ocrx_word' id='word_1_420' title='bbox 445 3429 612 3486; x_wconf 87' lang='lat' dir='ltr'>Italia</span> <span class='ocrx_word' id='word_1_421' title='bbox 640 3429 830 3484; x_wconf 91' lang='lat' dir='ltr'>occiso</span> <span class='ocrx_word' id='word_1_422' title='bbox 880 3433 1013 3500; x_wconf 90' lang='lat' dir='ltr'>post</span> <span class='ocrx_word' id='word_1_423' title='bbox 1059 3445 1244 3483; x_wconf 90' lang='lat' dir='ltr'>unum</span> <span class='ocrx_word' id='word_1_424' title='bbox 1303 3445 1524 3483; x_wconf 88' lang='lat' dir='ltr'>annum</span> <span class='ocrx_word' id='word_1_425' title='bbox 1574 3429 1803 3485; x_wconf 85' lang='lat' dir='ltr'>Erarico</span> <span class='ocrx_word' id='word_1_426' title='bbox 1835 3417 1877 3483; x_wconf 89' lang='lat' dir='ltr'>C</span> <span class='ocrx_word' id='word_1_427' title='bbox 1986 3432 2227 3487; x_wconf 74' lang='lat'>5451-100</span> <span class='ocrx_word' id='word_1_428' title='bbox 2254 3434 2514 3502; x_wconf 87' lang='lat' dir='ltr'>tempore</span> <span class='ocrx_word' id='word_1_429' title='bbox 2553 3449 2690 3487; x_wconf 91' lang='lat' dir='ltr'>cum</span> <span class='ocrx_word' id='word_1_430' title='bbox 2735 3431 3053 3488; x_wconf 89' lang='lat' dir='ltr'>Belisarius</span> <span class='ocrx_word' id='word_1_431' title='bbox 3084 3449 3118 3487; x_wconf 91' lang='lat' dir='ltr'>a</span> <span class='ocrx_word' id='word_1_432' title='bbox 3157 3430 3352 3487; x_wconf 87' lang='lat' dir='ltr'>Sicilia</span> <span class='ocrx_word' id='word_1_433' title='bbox 3383 3432 3562 3502; x_wconf 84' lang='lat' dir='ltr'>jussu</span> 
     </span>
    </p>
   </div>
   <div class='ocr_carea' id='block_1_68' title="bbox 153 3516 1807 3593">
    <p class='ocr_par' dir='ltr' id='par_1_68' title="bbox 153 3516 1807 3593">
     <span class='ocr_line' id='line_1_68' title="bbox 153 3516 1807 3593; baseline -0.001 -17"><span class='ocrx_word' id='word_1_434' title='bbox 153 3537 308 3593; x_wconf 88' lang='lat' dir='ltr'>rege,</span> <span class='ocrx_word' id='word_1_435' title='bbox 342 3518 517 3574; x_wconf 90' lang='lat' dir='ltr'>Gothi</span> <span class='ocrx_word' id='word_1_436' title='bbox 557 3516 832 3586; x_wconf 84' lang='lat' dir='ltr'>Totilam,</span> <span class='ocrx_word' id='word_1_437' title='bbox 859 3518 960 3589; x_wconf 90' lang='lat' dir='ltr'>qui</span> <span class='ocrx_word' id='word_1_438' title='bbox 990 3522 1046 3572; x_wconf 89' lang='lat' dir='ltr'>et</span> <span class='ocrx_word' id='word_1_439' title='bbox 1075 3517 1340 3572; x_wconf 85' lang='lat' dir='ltr'>Baduilla</span> <span class='ocrx_word' id='word_1_440' title='bbox 1368 3517 1558 3573; x_wconf 88' lang='lat' dir='ltr'>dictus</span> <span class='ocrx_word' id='word_1_441' title='bbox 1583 3522 1692 3584; x_wconf 84' lang='lat' dir='ltr'>est,</span> <span class='ocrx_word' id='word_1_442' title='bbox 1725 3535 1807 3574; x_wconf 89' lang='lat' dir='ltr'>re-</span> 
     </span>
    </p>
   </div>
   <div class='ocr_carea' id='block_1_69' title="bbox 1918 3519 3558 3592">
    <p class='ocr_par' dir='ltr' id='par_1_69' title="bbox 1918 3519 3558 3592">
     <span class='ocr_line' id='line_1_69' title="bbox 1918 3519 3558 3592; baseline 0 -16"><span class='ocrx_word' id='word_1_443' title='bbox 1918 3519 2166 3592; x_wconf 87' lang='lat' dir='ltr'>Augusti</span> <span class='ocrx_word' id='word_1_444' title='bbox 2213 3519 2776 3592; x_wconf 87' lang='lat' dir='ltr'>Constantinopolim</span> <span class='ocrx_word' id='word_1_445' title='bbox 2808 3524 3113 3576; x_wconf 88' lang='lat' dir='ltr'>revocatus</span> <span class='ocrx_word' id='word_1_446' title='bbox 3161 3523 3333 3574; x_wconf 84' lang='lat' dir='ltr'>esset.</span> <span class='ocrx_word' id='word_1_447' title='bbox 3367 3519 3558 3576; x_wconf 91' lang='lat' dir='ltr'>Totila</span> 
     </span>
    </p>
   </div>
   <div class='ocr_carea' id='block_1_70' title="bbox 151 3596 3560 3684">
    <p class='ocr_par' dir='ltr' id='par_1_70' title="bbox 151 3596 3560 3684">
     <span class='ocr_line' id='line_1_70' title="bbox 151 3596 3560 3684; baseline -0.001 -19"><span class='ocrx_word' id='word_1_448' title='bbox 151 3625 285 3682; x_wconf 88' lang='lat' dir='ltr'>gem</span> <span class='ocrx_word' id='word_1_449' title='bbox 319 3607 432 3684; x_wconf 81' lang='lat' dir='ltr'>sibi</span> <span class='ocrx_word' id='word_1_450' title='bbox 455 3610 723 3662; x_wconf 88' lang='lat' dir='ltr'>statuunt</span> <span class='ocrx_word' id='word_1_451' title='bbox 749 3624 762 3674; x_wconf 91' lang='lat'><strong>;</strong></span> <span class='ocrx_word' id='word_1_452' title='bbox 787 3606 888 3678; x_wconf 92' lang='lat' dir='ltr'>qui</span> <span class='ocrx_word' id='word_1_453' title='bbox 922 3606 1291 3662; x_wconf 90' lang='lat' dir='ltr'>successibus</span> <span class='ocrx_word' id='word_1_454' title='bbox 1310 3605 1595 3662; x_wconf 87' lang='lat' dir='ltr'>bellorum</span> <span class='ocrx_word' id='word_1_455' title='bbox 1620 3607 1804 3662; x_wconf 86' lang='lat' dir='ltr'>fretus</span> <span class='ocrx_word' id='word_1_456' title='bbox 1909 3609 2034 3677; x_wconf 87' lang='lat' dir='ltr'>jam</span> <span class='ocrx_word' id='word_1_457' title='bbox 2067 3596 2308 3661; x_wconf 79' lang='lat' dir='ltr'>securus</span> <span class='ocrx_word' id='word_1_458' title='bbox 2340 3606 2550 3662; x_wconf 85' lang='lat' dir='ltr'>iterum</span> <span class='ocrx_word' id='word_1_459' title='bbox 2576 3609 2820 3662; x_wconf 84' lang='lat' dir='ltr'>Romam</span> <span class='ocrx_word' id='word_1_460' title='bbox 2841 3607 3076 3673; x_wconf 86' lang='lat' dir='ltr'>invasit,</span> <span class='ocrx_word' id='word_1_461' title='bbox 3108 3610 3166 3662; x_wconf 89' lang='lat' dir='ltr'>et</span> <span class='ocrx_word' id='word_1_462' title='bbox 3183 3609 3380 3661; x_wconf 89' lang='lat' dir='ltr'>secuto</span> <span class='ocrx_word' id='word_1_463' title='bbox 3414 3609 3560 3662; x_wconf 85' lang='lat' dir='ltr'>tem-</span> 
     </span>
    </p>
   </div>
   <div class='ocr_carea' id='block_1_71' title="bbox 151 3694 1803 3767">
    <p class='ocr_par' dir='ltr' id='par_1_71' title="bbox 151 3694 1803 3767">
     <span class='ocr_line' id='line_1_71' title="bbox 151 3694 1803 3767; baseline -0.002 -13"><span class='ocrx_word' id='word_1_464' title='bbox 151 3699 491 3753; x_wconf 88' lang='lat' dir='ltr'>Romanum</span> <span class='ocrx_word' id='word_1_465' title='bbox 513 3696 830 3751; x_wconf 82' lang='lat' dir='ltr'>exercitum</span> <span class='ocrx_word' id='word_1_466' title='bbox 845 3695 1141 3767; x_wconf 88' lang='lat' dir='ltr'>ducesque</span> <span class='ocrx_word' id='word_1_467' title='bbox 1155 3694 1461 3765; x_wconf 90' lang='lat' dir='ltr'>aliquoties</span> <span class='ocrx_word' id='word_1_468' title='bbox 1490 3697 1803 3767; x_wconf 86' lang='lat' dir='ltr'>superavit,</span> 
     </span>
    </p>
   </div>
   <div class='ocr_carea' id='block_1_72' title="bbox 150 3783 1806 3856">
    <p class='ocr_par' dir='ltr' id='par_1_72' title="bbox 150 3783 1806 3856">
     <span class='ocr_line' id='line_1_72' title="bbox 150 3783 1806 3856; baseline -0.001 -14"><span class='ocrx_word' id='word_1_469' title='bbox 150 3791 211 3842; x_wconf 85' lang='lat' dir='ltr'>et</span> <span class='ocrx_word' id='word_1_470' title='bbox 243 3801 355 3856; x_wconf 87' lang='lat' dir='ltr'>per</span> <span class='ocrx_word' id='word_1_471' title='bbox 386 3784 598 3839; x_wconf 86' lang='lat' dir='ltr'>multos</span> <span class='ocrx_word' id='word_1_472' title='bbox 621 3802 804 3840; x_wconf 90' lang='lat' dir='ltr'>annos</span> <span class='ocrx_word' id='word_1_473' title='bbox 826 3783 1054 3840; x_wconf 87' lang='lat' dir='ltr'>Italiam</span> <span class='ocrx_word' id='word_1_474' title='bbox 1072 3787 1254 3839; x_wconf 86' lang='lat' dir='ltr'>totam</span> <span class='ocrx_word' id='word_1_475' title='bbox 1272 3783 1581 3856; x_wconf 88' lang='lat' dir='ltr'>ipsamque</span> <span class='ocrx_word' id='word_1_476' title='bbox 1603 3786 1806 3840; x_wconf 89' lang='lat' dir='ltr'>urbem</span> 
     </span>
    </p>
   </div>
   <div class='ocr_carea' id='block_1_73' title="bbox 149 3873 1805 3946">
    <p class='ocr_par' dir='ltr' id='par_1_73' title="bbox 149 3873 1805 3946">
     <span class='ocr_line' id='line_1_73' title="bbox 149 3873 1805 3946; baseline -0.001 -16"><span class='ocrx_word' id='word_1_477' title='bbox 149 3875 416 3930; x_wconf 84' lang='lat' dir='ltr'>Romam</span> <span class='ocrx_word' id='word_1_478' title='bbox 439 3877 661 3944; x_wconf 90' lang='lat' dir='ltr'>captam</span> <span class='ocrx_word' id='word_1_479' title='bbox 684 3873 956 3946; x_wconf 86' lang='lat' dir='ltr'>pluribus</span> <span class='ocrx_word' id='word_1_480' title='bbox 985 3873 1158 3930; x_wconf 87' lang='lat' dir='ltr'>malis</span> <span class='ocrx_word' id='word_1_481' title='bbox 1189 3873 1411 3930; x_wconf 89' lang='lat' dir='ltr'>attrivit</span> <span class='ocrx_word' id='word_1_482' title='bbox 1441 3878 1498 3929; x_wconf 89' lang='lat' dir='ltr'>et</span> <span class='ocrx_word' id='word_1_483' title='bbox 1542 3875 1805 3930; x_wconf 87' lang='lat' dir='ltr'>vastvait.</span> 
     </span>
    </p>
   </div>
   <div class='ocr_carea' id='block_1_74' title="bbox 148 3963 676 4033">
    <p class='ocr_par' dir='ltr' id='par_1_74' title="bbox 148 3963 676 4033">
     <span class='ocr_line' id='line_1_74' title="bbox 148 3963 676 4033; baseline 0 -14"><span class='ocrx_word' id='word_1_484' title='bbox 148 3967 396 4033; x_wconf 86' lang='lat' dir='ltr'>Procop.</span> <span class='ocrx_word' id='word_1_485' title='bbox 422 3979 515 4016; x_wconf 83' lang='lat' dir='ltr'>an.</span> <span class='ocrx_word' id='word_1_486' title='bbox 555 3963 676 4019; x_wconf 83' lang='lat'>541.</span> 
     </span>
    </p>
   </div>
   <div class='ocr_carea' id='block_1_75' title="bbox 1917 3693 3560 3768">
    <p class='ocr_par' dir='ltr' id='par_1_75' title="bbox 1917 3693 3560 3768">
     <span class='ocr_line' id='line_1_75' title="bbox 1917 3693 3560 3768; baseline -0.001 -17"><span class='ocrx_word' id='word_1_487' title='bbox 1917 3712 2053 3768; x_wconf 92' lang='lat' dir='ltr'>pore</span> <span class='ocrx_word' id='word_1_488' title='bbox 2086 3694 2344 3750; x_wconf 86' lang='lat' dir='ltr'>collectis</span> <span class='ocrx_word' id='word_1_489' title='bbox 2366 3694 2588 3751; x_wconf 90' lang='lat' dir='ltr'>viribus</span> <span class='ocrx_word' id='word_1_490' title='bbox 2611 3695 2870 3752; x_wconf 88' lang='lat' dir='ltr'>Siciliam</span> <span class='ocrx_word' id='word_1_491' title='bbox 2893 3695 3069 3750; x_wconf 91' lang='lat' dir='ltr'>etiam</span> <span class='ocrx_word' id='word_1_492' title='bbox 3091 3696 3356 3750; x_wconf 87' lang='lat' dir='ltr'>invasam</span> <span class='ocrx_word' id='word_1_493' title='bbox 3387 3693 3560 3766; x_wconf 88' lang='lat' dir='ltr'>cepit,</span> 
     </span>
    </p>
   </div>
   <div class='ocr_carea' id='block_1_76' title="bbox 1915 3783 3562 3856">
    <p class='ocr_par' dir='ltr' id='par_1_76' title="bbox 1915 3783 3562 3856">
     <span class='ocr_line' id='line_1_76' title="bbox 1915 3783 3562 3856; baseline 0 -16"><span class='ocrx_word' id='word_1_494' title='bbox 1915 3789 2240 3856; x_wconf 89' lang='lat' dir='ltr'>totamque,</span> <span class='ocrx_word' id='word_1_495' title='bbox 2271 3783 2562 3840; x_wconf 88' lang='lat' dir='ltr'>insultans</span> <span class='ocrx_word' id='word_1_496' title='bbox 2593 3784 3003 3855; x_wconf 85' lang='lat' dir='ltr'>Romanis,qui</span> <span class='ocrx_word' id='word_1_497' title='bbox 3033 3783 3278 3840; x_wconf 90' lang='lat' dir='ltr'>diversis</span> <span class='ocrx_word' id='word_1_498' title='bbox 3307 3783 3562 3840; x_wconf 82' lang='lat' dir='ltr'>occasio-</span> 
     </span>
    </p>
   </div>
   <div class='ocr_carea' id='block_1_77' title="bbox 1918 3871 3566 3944">
    <p class='ocr_par' dir='ltr' id='par_1_77' title="bbox 1918 3871 3566 3944">
     <span class='ocr_line' id='line_1_77' title="bbox 1918 3871 3566 3944; baseline 0 -15"><span class='ocrx_word' id='word_1_499' title='bbox 1918 3874 2093 3930; x_wconf 89' lang='lat' dir='ltr'>nibus</span> <span class='ocrx_word' id='word_1_500' title='bbox 2125 3873 2400 3928; x_wconf 89' lang='lat' dir='ltr'>subducti</span> <span class='ocrx_word' id='word_1_501' title='bbox 2431 3879 2616 3944; x_wconf 90' lang='lat' dir='ltr'>erant,</span> <span class='ocrx_word' id='word_1_502' title='bbox 2649 3875 2914 3930; x_wconf 90' lang='lat' dir='ltr'>devastat</span> <span class='ocrx_word' id='word_1_503' title='bbox 2943 3871 3430 3944; x_wconf 84' lang='lat' dir='ltr'>Italiam.Procop.</span> <span class='ocrx_word' id='word_1_504' title='bbox 3459 3873 3566 3929; x_wconf 75' lang='lat' dir='ltr'>Ma-</span> 
     </span>
    </p>
   </div>
   <div class='ocr_carea' id='block_1_78' title="bbox 1920 3963 2312 4019">
    <p class='ocr_par' dir='ltr' id='par_1_78' title="bbox 1920 3963 2312 4019">
     <span class='ocr_line' id='line_1_78' title="bbox 1920 3963 2312 4019; baseline -0.008 0"><span class='ocrx_word' id='word_1_505' title='bbox 1920 3965 2036 4019; x_wconf 82' lang='lat' dir='ltr'>rius</span> <span class='ocrx_word' id='word_1_506' title='bbox 2059 3980 2154 4016; x_wconf 88' lang='lat' dir='ltr'>an.</span> <span class='ocrx_word' id='word_1_507' title='bbox 2185 3963 2312 4016; x_wconf 83' lang='lat'>547.</span> 
     </span>
    </p>
   </div>
   <div class='ocr_carea' id='block_1_79' title="bbox 1214 4084 2514 4144">
    <p class='ocr_par' dir='ltr' id='par_1_79' title="bbox 1214 4084 2514 4144">
     <span class='ocr_line' id='line_1_79' title="bbox 1214 4084 2514 4144; baseline 0 -2"><span class='ocrx_word' id='word_1_508' title='bbox 1214 4085 1683 4143; x_wconf 87' lang='lat' dir='ltr'>COMPENDIUM</span> <span class='ocrx_word' id='word_1_509' title='bbox 1722 4088 1813 4144; x_wconf 89' lang='lat' dir='ltr'>EX</span> <span class='ocrx_word' id='word_1_510' title='bbox 1851 4087 2099 4144; x_wconf 88' lang='lat' dir='ltr'>CODICE</span> <span class='ocrx_word' id='word_1_511' title='bbox 2139 4084 2514 4142; x_wconf 82' lang='lat' dir='ltr'>BERNOLDI.</span> 
     </span>
    </p>
   </div>
   <div class='ocr_carea' id='block_1_80' title="bbox 217 4202 2184 4274">
    <p class='ocr_par' dir='ltr' id='par_1_80' title="bbox 217 4202 2184 4274">
     <span class='ocr_line' id='line_1_80' title="bbox 217 4202 2184 4274; baseline 0 -16"><span class='ocrx_word' id='word_1_512' title='bbox 217 4203 336 4258; x_wconf 84' lang='lat'>537</span> <span class='ocrx_word' id='word_1_513' title='bbox 366 4202 634 4258; x_wconf 83' lang='lat' dir='ltr'>Silverius</span> <span class='ocrx_word' id='word_1_514' title='bbox 677 4219 889 4274; x_wconf 84' lang='lat' dir='ltr'>papa...</span> <span class='ocrx_word' id='word_1_515' title='bbox 948 4203 1086 4272; x_wconf 84' lang='lat' dir='ltr'>falso</span> <span class='ocrx_word' id='word_1_516' title='bbox 1125 4203 1474 4268; x_wconf 78' lang='lat' dir='ltr'>criminatus,</span> <span class='ocrx_word' id='word_1_517' title='bbox 1513 4220 1548 4257; x_wconf 89' lang='lat' dir='ltr'>a</span> <span class='ocrx_word' id='word_1_518' title='bbox 1612 4205 1811 4274; x_wconf 85' lang='lat' dir='ltr'>Vigilio</span> <span class='ocrx_word' id='word_1_519' title='bbox 1843 4205 1885 4273; x_wconf 85' lang='lat' dir='ltr'>C</span> <span class='ocrx_word' id='word_1_520' title='bbox 1921 4205 2184 4260; x_wconf 83' lang='lat' dir='ltr'>devastat.</span> 
     </span>
    </p>
   </div>
   <div class='ocr_carea' id='block_1_81' title="bbox 143 4291 1807 4362">
    <p class='ocr_par' dir='ltr' id='par_1_81' title="bbox 143 4291 1807 4362">
     <span class='ocr_line' id='line_1_81' title="bbox 143 4291 1807 4362; baseline 0.001 -15"><span class='ocrx_word' id='word_1_521' title='bbox 143 4293 389 4348; x_wconf 81' lang='lat' dir='ltr'>diacono</span> <span class='ocrx_word' id='word_1_522' title='bbox 419 4292 663 4362; x_wconf 80' lang='lat' dir='ltr'>afﬂictus</span> <span class='ocrx_word' id='word_1_523' title='bbox 681 4292 898 4360; x_wconf 79' lang='lat' dir='ltr'>exsilio,</span> <span class='ocrx_word' id='word_1_524' title='bbox 923 4291 1056 4346; x_wconf 87' lang='lat' dir='ltr'>obiit</span> <span class='ocrx_word' id='word_1_525' title='bbox 1085 4308 1164 4345; x_wconf 84' lang='lat' dir='ltr'>xu</span> <span class='ocrx_word' id='word_1_526' title='bbox 1196 4292 1507 4357; x_wconf 84' lang='lat' dir='ltr'>Kal.Julii,</span> <span class='ocrx_word' id='word_1_527' title='bbox 1543 4300 1592 4346; x_wconf 86' lang='lat' dir='ltr'>et</span> <span class='ocrx_word' id='word_1_528' title='bbox 1621 4300 1807 4362; x_wconf 84' lang='lat' dir='ltr'>postea</span> 
     </span>
    </p>
   </div>
   <div class='ocr_carea' id='block_1_82' title="bbox 142 4381 1806 4452">
    <p class='ocr_par' dir='ltr' id='par_1_82' title="bbox 142 4381 1806 4452">
     <span class='ocr_line' id='line_1_82' title="bbox 142 4381 1806 4452; baseline 0.001 -16"><span class='ocrx_word' id='word_1_529' title='bbox 142 4381 449 4436; x_wconf 80' lang='lat' dir='ltr'>miraculis</span> <span class='ocrx_word' id='word_1_530' title='bbox 477 4381 700 4436; x_wconf 76' lang='lat' dir='ltr'>claruit.</span> <span class='ocrx_word' id='word_1_531' title='bbox 724 4382 944 4452; x_wconf 82' lang='lat' dir='ltr'>Ipseque</span> <span class='ocrx_word' id='word_1_532' title='bbox 983 4381 1210 4450; x_wconf 83' lang='lat' dir='ltr'>Vigilius</span> <span class='ocrx_word' id='word_1_533' title='bbox 1246 4397 1393 4452; x_wconf 88' lang='lat' dir='ltr'>papa</span> <span class='ocrx_word' id='word_1_534' title='bbox 1429 4381 1534 4434; x_wconf 82' lang='lat' dir='ltr'>LX!</span> <span class='ocrx_word' id='word_1_535' title='bbox 1578 4381 1806 4437; x_wconf 83' lang='lat' dir='ltr'>ordina-</span> 
     </span>
    </p>
   </div>
   <div class='ocr_carea' id='block_1_83' title="bbox 145 4470 1152 4537">
    <p class='ocr_par' dir='ltr' id='par_1_83' title="bbox 145 4470 1152 4537">
     <span class='ocr_line' id='line_1_83' title="bbox 145 4470 1152 4537; baseline -0.001 -13"><span class='ocrx_word' id='word_1_536' title='bbox 145 4478 233 4526; x_wconf 85' lang='lat' dir='ltr'>tus</span> <span class='ocrx_word' id='word_1_537' title='bbox 267 4470 414 4525; x_wconf 84' lang='lat' dir='ltr'>sedit</span> <span class='ocrx_word' id='word_1_538' title='bbox 443 4485 618 4524; x_wconf 87' lang='lat' dir='ltr'>annos</span> <span class='ocrx_word' id='word_1_539' title='bbox 646 4484 785 4537; x_wconf 81' lang='lat' dir='ltr'>xvn,</span> <span class='ocrx_word' id='word_1_540' title='bbox 818 4484 1028 4524; x_wconf 86' lang='lat' dir='ltr'>menses</span> <span class='ocrx_word' id='word_1_541' title='bbox 1051 4486 1152 4524; x_wconf 84' lang='lat' dir='ltr'>vn.</span> 
     </span>
    </p>
   </div>
   <div class='ocr_carea' id='block_1_84' title="bbox 214 4558 1810 4630">
    <p class='ocr_par' dir='ltr' id='par_1_84' title="bbox 214 4558 1810 4630">
     <span class='ocr_line' id='line_1_84' title="bbox 214 4558 1810 4630; baseline 0.001 -16"><span class='ocrx_word' id='word_1_542' title='bbox 214 4558 336 4613; x_wconf 87' lang='lat'>538</span> <span class='ocrx_word' id='word_1_543' title='bbox 365 4559 670 4614; x_wconf 80' lang='lat' dir='ltr'>Belisarius</span> <span class='ocrx_word' id='word_1_544' title='bbox 687 4559 960 4630; x_wconf 74' lang='lat' dir='ltr'>patricius</span> <span class='ocrx_word' id='word_1_545' title='bbox 983 4561 1034 4613; x_wconf 89' lang='lat' dir='ltr'>et</span> <span class='ocrx_word' id='word_1_546' title='bbox 1069 4559 1296 4629; x_wconf 84' lang='lat' dir='ltr'>Vigilius</span> <span class='ocrx_word' id='word_1_547' title='bbox 1324 4574 1472 4628; x_wconf 85' lang='lat' dir='ltr'>papa</span> <span class='ocrx_word' id='word_1_548' title='bbox 1522 4561 1810 4628; x_wconf 85' lang='lat' dir='ltr'>Vitigisum</span> 
     </span>
    </p>
   </div>
   <div class='ocr_carea' id='block_1_85' title="bbox 143 4647 1805 4719">
    <p class='ocr_par' dir='ltr' id='par_1_85' title="bbox 143 4647 1805 4719">
     <span class='ocr_line' id='line_1_85' title="bbox 143 4647 1805 4719; baseline 0.002 -18"><span class='ocrx_word' id='word_1_549' title='bbox 143 4663 342 4717; x_wconf 81' lang='lat' dir='ltr'>regem</span> <span class='ocrx_word' id='word_1_550' title='bbox 370 4647 672 4704; x_wconf 83' lang='lat' dir='ltr'>Gothorum</span> <span class='ocrx_word' id='word_1_551' title='bbox 695 4663 887 4718; x_wconf 85' lang='lat' dir='ltr'>pugna</span> <span class='ocrx_word' id='word_1_552' title='bbox 902 4648 1124 4715; x_wconf 86' lang='lat' dir='ltr'>victum,</span> <span class='ocrx_word' id='word_1_553' title='bbox 1150 4647 1670 4718; x_wconf 81' lang='lat' dir='ltr'>Constantinopolim</span> <span class='ocrx_word' id='word_1_554' title='bbox 1681 4666 1805 4719; x_wconf 83' lang='lat' dir='ltr'>per-</span> 
     </span>
    </p>
   </div>
   <div class='ocr_carea' id='block_1_86' title="bbox 141 4736 1216 4805">
    <p class='ocr_par' dir='ltr' id='par_1_86' title="bbox 141 4736 1216 4805">
     <span class='ocr_line' id='line_1_86' title="bbox 141 4736 1216 4805; baseline 0.001 -16"><span class='ocrx_word' id='word_1_555' title='bbox 141 4736 364 4791; x_wconf 81' lang='lat' dir='ltr'>ducunt</span> <span class='ocrx_word' id='word_1_556' title='bbox 393 4738 464 4792; x_wconf 87' lang='lat' dir='ltr'>ad</span> <span class='ocrx_word' id='word_1_557' title='bbox 488 4738 867 4792; x_wconf 75' lang='lat' dir='ltr'>Iustinianum</span> <span class='ocrx_word' id='word_1_558' title='bbox 895 4738 1216 4805; x_wconf 86' lang='lat' dir='ltr'>Augustum.</span> 
     </span>
    </p>
   </div>
   <div class='ocr_carea' id='block_1_87' title="bbox 216 4825 1810 4897">
    <p class='ocr_par' dir='ltr' id='par_1_87' title="bbox 216 4825 1810 4897">
     <span class='ocr_line' id='line_1_87' title="bbox 216 4825 1810 4897; baseline 0.003 -19"><span class='ocrx_word' id='word_1_559' title='bbox 216 4825 337 4878; x_wconf 82' lang='lat'>539</span> <span class='ocrx_word' id='word_1_560' title='bbox 388 4825 697 4881; x_wconf 80' lang='lat' dir='ltr'>Belisarius</span> <span class='ocrx_word' id='word_1_561' title='bbox 745 4827 1014 4897; x_wconf 86' lang='lat' dir='ltr'>patricius</span> <span class='ocrx_word' id='word_1_562' title='bbox 1067 4826 1300 4882; x_wconf 85' lang='lat' dir='ltr'>Parthos</span> <span class='ocrx_word' id='word_1_563' title='bbox 1352 4825 1702 4882; x_wconf 84' lang='lat' dir='ltr'>Antiochiam</span> <span class='ocrx_word' id='word_1_564' title='bbox 1757 4832 1810 4883; x_wconf 86' lang='lat' dir='ltr'>et</span> 
     </span>
    </p>
   </div>
   <div class='ocr_carea' id='block_1_88' title="bbox 141 4915 1106 4985">
    <p class='ocr_par' dir='ltr' id='par_1_88' title="bbox 141 4915 1106 4985">
     <span class='ocr_line' id='line_1_88' title="bbox 141 4915 1106 4985; baseline -0.002 -15"><span class='ocrx_word' id='word_1_565' title='bbox 141 4915 677 4985; x_wconf 77' lang='lat' dir='ltr'>Syriamvastantcs</span> <span class='ocrx_word' id='word_1_566' title='bbox 705 4915 889 4970; x_wconf 87' lang='lat' dir='ltr'>redire</span> <span class='ocrx_word' id='word_1_567' title='bbox 917 4915 1106 4984; x_wconf 87' lang='lat' dir='ltr'>coegit.</span> 
     </span>
    </p>
   </div>
   <div class='ocr_carea' id='block_1_89' title="bbox 215 5003 1809 5076">
    <p class='ocr_par' dir='ltr' id='par_1_89' title="bbox 215 5003 1809 5076">
     <span class='ocr_line' id='line_1_89' title="bbox 215 5003 1809 5076; baseline 0.003 -19"><span class='ocrx_word' id='word_1_568' title='bbox 215 5003 528 5060; x_wconf 78' lang='lat' dir='ltr'>541Totila</span> <span class='ocrx_word' id='word_1_569' title='bbox 557 5020 662 5060; x_wconf 73' lang='lat' dir='ltr'>rex</span> <span class='ocrx_word' id='word_1_570' title='bbox 718 5003 1013 5060; x_wconf 87' lang='lat' dir='ltr'>Gothorum</span> <span class='ocrx_word' id='word_1_571' title='bbox 1067 5004 1292 5059; x_wconf 83' lang='lat' dir='ltr'>Romam</span> <span class='ocrx_word' id='word_1_572' title='bbox 1349 5003 1809 5076; x_wconf 84' lang='lat' dir='ltr'>Campaniamque</span> 
     </span>
    </p>
   </div>
   <div class='ocr_carea' id='block_1_90' title="bbox 1984 4286 3568 4364">
    <p class='ocr_par' dir='ltr' id='par_1_90' title="bbox 1984 4286 3568 4364">
     <span class='ocr_line' id='line_1_90' title="bbox 1984 4286 3568 4364; baseline -0.001 -18"><span class='ocrx_word' id='word_1_573' title='bbox 1984 4293 2090 4346; x_wconf 89' lang='lat'>542</span> <span class='ocrx_word' id='word_1_574' title='bbox 2118 4293 2290 4364; x_wconf 85' lang='lat' dir='ltr'>Hujus</span> <span class='ocrx_word' id='word_1_575' title='bbox 2319 4292 2626 4348; x_wconf 74' lang='lat' dir='ltr'>Iustiniani</span> <span class='ocrx_word' id='word_1_576' title='bbox 2674 4295 2910 4362; x_wconf 86' lang='lat' dir='ltr'>tempore</span> <span class='ocrx_word' id='word_1_577' title='bbox 2965 4305 3158 4362; x_wconf 88' lang='lat' dir='ltr'>corpus</span> <span class='ocrx_word' id='word_1_578' title='bbox 3225 4288 3280 4344; x_wconf 92' lang='lat' dir='ltr'>S.</span> <span class='ocrx_word' id='word_1_579' title='bbox 3336 4286 3568 4346; x_wconf 72' lang='lat' dir='ltr'>Antonii</span> 
     </span>
    </p>
   </div>
   <div class='ocr_carea' id='block_1_91' title="bbox 1915 4379 3562 4449">
    <p class='ocr_par' dir='ltr' id='par_1_91' title="bbox 1915 4379 3562 4449">
     <span class='ocr_line' id='line_1_91' title="bbox 1915 4379 3562 4449; baseline -0.002 -12"><span class='ocrx_word' id='word_1_580' title='bbox 1915 4381 2173 4437; x_wconf 86' lang='lat' dir='ltr'>monachi</span> <span class='ocrx_word' id='word_1_581' title='bbox 2190 4381 2368 4435; x_wconf 84' lang='lat' dir='ltr'>divini</span> <span class='ocrx_word' id='word_1_582' title='bbox 2373 4383 2459 4435; x_wconf 85' lang='lat' dir='ltr'>tus</span> <span class='ocrx_word' id='word_1_583' title='bbox 2479 4383 2777 4437; x_wconf 84' lang='lat' dir='ltr'>revelatum</span> <span class='ocrx_word' id='word_1_584' title='bbox 2799 4379 3193 4436; x_wconf 77' lang='lat' dir='ltr'>Alexandriam</span> <span class='ocrx_word' id='word_1_585' title='bbox 3211 4379 3562 4449; x_wconf 81' lang='lat' dir='ltr'>transfertur.</span> 
     </span>
    </p>
   </div>
   <div class='ocr_carea' id='block_1_92' title="bbox 1986 4467 3568 4542">
    <p class='ocr_par' dir='ltr' id='par_1_92' title="bbox 1986 4467 3568 4542">
     <span class='ocr_line' id='line_1_92' title="bbox 1986 4467 3568 4542; baseline -0.001 -16"><span class='ocrx_word' id='word_1_586' title='bbox 1986 4472 2092 4526; x_wconf 87' lang='lat' dir='ltr'>Hoc</span> <span class='ocrx_word' id='word_1_587' title='bbox 2129 4479 2365 4541; x_wconf 86' lang='lat' dir='ltr'>tempore</span> <span class='ocrx_word' id='word_1_588' title='bbox 2395 4472 2590 4541; x_wconf 84' lang='lat' dir='ltr'>quinta</span> <span class='ocrx_word' id='word_1_589' title='bbox 2618 4469 2924 4542; x_wconf 85' lang='lat' dir='ltr'>synodus...</span> <span class='ocrx_word' id='word_1_590' title='bbox 2950 4469 3175 4526; x_wconf 84' lang='lat' dir='ltr'>collecta</span> <span class='ocrx_word' id='word_1_591' title='bbox 3206 4484 3302 4524; x_wconf 76' lang='lat' dir='ltr'>xlv</span> <span class='ocrx_word' id='word_1_592' title='bbox 3320 4467 3568 4542; x_wconf 77' lang='lat' dir='ltr'>capitula</span> 
     </span>
    </p>
   </div>
   <div class='ocr_carea' id='block_1_93' title="bbox 1916 4561 2214 4616">
    <p class='ocr_par' dir='ltr' id='par_1_93' title="bbox 1916 4561 2214 4616">
     <span class='ocr_line' id='line_1_93' title="bbox 1916 4561 2214 4616; baseline 0.003 -3"><span class='ocrx_word' id='word_1_593' title='bbox 1916 4561 2214 4616; x_wconf 82' lang='lat' dir='ltr'>constituit.</span> 
     </span>
    </p>
   </div>
   <div class='ocr_carea' id='block_1_94' title="bbox 1985 4647 3568 4718">
    <p class='ocr_par' dir='ltr' id='par_1_94' title="bbox 1985 4647 3568 4718">
     <span class='ocr_line' id='line_1_94' title="bbox 1985 4647 3568 4718; baseline 0.001 -16"><span class='ocrx_word' id='word_1_594' title='bbox 1985 4649 2091 4702; x_wconf 82' lang='lat'>543</span> <span class='ocrx_word' id='word_1_595' title='bbox 2123 4650 2227 4703; x_wconf 83' lang='lat' dir='ltr'>Hoc</span> <span class='ocrx_word' id='word_1_596' title='bbox 2256 4651 2494 4718; x_wconf 84' lang='lat' dir='ltr'>tempore</span> <span class='ocrx_word' id='word_1_597' title='bbox 2523 4647 2848 4703; x_wconf 84' lang='lat' dir='ltr'>Benedictus</span> <span class='ocrx_word' id='word_1_598' title='bbox 2878 4647 3066 4716; x_wconf 84' lang='lat' dir='ltr'>abbas,</span> <span class='ocrx_word' id='word_1_599' title='bbox 3115 4663 3308 4703; x_wconf 87' lang='lat' dir='ltr'>cum...</span> <span class='ocrx_word' id='word_1_600' title='bbox 3356 4647 3568 4717; x_wconf 83' lang='lat' dir='ltr'>migra-</span> 
     </span>
    </p>
   </div>
   <div class='ocr_carea' id='block_1_95' title="bbox 1915 4734 3563 4808">
    <p class='ocr_par' dir='ltr' id='par_1_95' title="bbox 1915 4734 3563 4808">
     <span class='ocr_line' id='line_1_95' title="bbox 1915 4734 3563 4808; baseline -0.001 -17"><span class='ocrx_word' id='word_1_601' title='bbox 1915 4737 2082 4792; x_wconf 80' lang='lat' dir='ltr'>vitad</span> <span class='ocrx_word' id='word_1_602' title='bbox 2112 4738 2427 4793; x_wconf 84' lang='lat' dir='ltr'>Dominum.</span> <span class='ocrx_word' id='word_1_603' title='bbox 2461 4737 2517 4790; x_wconf 91' lang='lat' dir='ltr'>S.</span> <span class='ocrx_word' id='word_1_604' title='bbox 2551 4737 2897 4807; x_wconf 78' lang='lat' dir='ltr'>Remigius...</span> <span class='ocrx_word' id='word_1_605' title='bbox 2937 4738 3199 4808; x_wconf 83' lang='lat' dir='ltr'>migravit</span> <span class='ocrx_word' id='word_1_606' title='bbox 3253 4734 3326 4791; x_wconf 87' lang='lat' dir='ltr'>ad</span> <span class='ocrx_word' id='word_1_607' title='bbox 3378 4735 3563 4792; x_wconf 86' lang='lat' dir='ltr'>Domi-</span> 
     </span>
    </p>
   </div>
   <div class='ocr_carea' id='block_1_96' title="bbox 1915 4826 2603 4897">
    <p class='ocr_par' dir='ltr' id='par_1_96' title="bbox 1915 4826 2603 4897">
     <span class='ocr_line' id='line_1_96' title="bbox 1915 4826 2603 4897; baseline 0 -17"><span class='ocrx_word' id='word_1_608' title='bbox 1915 4842 2069 4895; x_wconf 85' lang='lat' dir='ltr'>num,</span> <span class='ocrx_word' id='word_1_609' title='bbox 2102 4829 2167 4881; x_wconf 91' lang='lat' dir='ltr'>ut</span> <span class='ocrx_word' id='word_1_610' title='bbox 2195 4826 2342 4897; x_wconf 85' lang='lat' dir='ltr'>Aug.</span> <span class='ocrx_word' id='word_1_611' title='bbox 2378 4841 2603 4897; x_wconf 89' lang='lat' dir='ltr'>an.seq.</span> 
     </span>
    </p>
   </div>
   <div class='ocr_carea' id='block_1_97' title="bbox 1987 4910 3563 4984">
    <p class='ocr_par' dir='ltr' id='par_1_97' title="bbox 1987 4910 3563 4984">
     <span class='ocr_line' id='line_1_97' title="bbox 1987 4910 3563 4984; baseline -0.003 -12"><span class='ocrx_word' id='word_1_612' title='bbox 1987 4915 2093 4972; x_wconf 86' lang='lat'>544</span> <span class='ocrx_word' id='word_1_613' title='bbox 2113 4915 2312 4971; x_wconf 88' lang='lat' dir='ltr'>Arator</span> <span class='ocrx_word' id='word_1_614' title='bbox 2331 4913 2758 4971; x_wconf 82' lang='lat' dir='ltr'>subdiaconus...</span> <span class='ocrx_word' id='word_1_615' title='bbox 2779 4913 3022 4970; x_wconf 83' lang='lat' dir='ltr'>oblatum</span> <span class='ocrx_word' id='word_1_616' title='bbox 3039 4912 3258 4984; x_wconf 84' lang='lat' dir='ltr'>publice</span> <span class='ocrx_word' id='word_1_617' title='bbox 3290 4910 3563 4968; x_wconf 82' lang='lat' dir='ltr'>recitavit.</span> 
     </span>
    </p>
   </div>
   <div class='ocr_carea' id='block_1_98' title="bbox 1987 5001 3158 5060">
    <p class='ocr_par' dir='ltr' id='par_1_98' title="bbox 1987 5001 3158 5060">
     <span class='ocr_line' id='line_1_98' title="bbox 1987 5001 3158 5060; baseline -0.002 -2"><span class='ocrx_word' id='word_1_618' title='bbox 1987 5005 2094 5060; x_wconf 90' lang='lat'>545</span> <span class='ocrx_word' id='word_1_619' title='bbox 2123 5003 2297 5060; x_wconf 84' lang='lat' dir='ltr'>Totila</span> <span class='ocrx_word' id='word_1_620' title='bbox 2323 5018 2422 5058; x_wconf 73' lang='lat' dir='ltr'>rex</span> <span class='ocrx_word' id='word_1_621' title='bbox 2453 5004 2655 5058; x_wconf 84' lang='lat' dir='ltr'>iterum</span> <span class='ocrx_word' id='word_1_622' title='bbox 2684 5003 2906 5059; x_wconf 87' lang='lat' dir='ltr'>Romam</span> <span class='ocrx_word' id='word_1_623' title='bbox 2936 5001 3158 5056; x_wconf 83' lang='lat' dir='ltr'>invasit.</span> 
     </span>
    </p>
   </div>
   <div class='ocr_carea' id='block_1_99' title="bbox 1754 5129 1982 5186">
    <p class='ocr_par' dir='ltr' id='par_1_99' title="bbox 1754 5129 1982 5186">
     <span class='ocr_line' id='line_1_99' title="bbox 1754 5129 1982 5186; baseline -0.004 -1"><span class='ocrx_word' id='word_1_624' title='bbox 1754 5129 1982 5186; x_wconf 68' lang='lat' dir='ltr'>NOTIE.</span> 
     </span>
    </p>
   </div>
   <div class='ocr_carea' id='block_1_100' title="bbox 221 5224 1806 5311">
    <p class='ocr_par' dir='ltr' id='par_1_100' title="bbox 221 5224 1806 5311">
     <span class='ocr_line' id='line_1_100' title="bbox 221 5224 1806 5311; baseline 0.004 -34"><span class='ocrx_word' id='word_1_625' title='bbox 221 5224 375 5311; x_wconf 57' lang='grc'>(141)</span> <span class='ocrx_word' id='word_1_626' title='bbox 404 5227 718 5311; x_wconf 68' lang='lat' dir='ltr'>Gregorius</span> <span class='ocrx_word' id='word_1_627' title='bbox 752 5227 900 5311; x_wconf 54' lang='lat' dir='ltr'>_T&#39;ur.</span> <span class='ocrx_word' id='word_1_628' title='bbox 943 5243 1038 5308; x_wconf 57' lang='lat' dir='ltr'>an:</span> <span class='ocrx_word' id='word_1_629' title='bbox 1067 5224 1194 5311; x_wconf 74' lang='lat'>539,</span> <span class='ocrx_word' id='word_1_630' title='bbox 1224 5225 1524 5311; x_wconf 79' lang='lat' dir='ltr'>victoriam</span> <span class='ocrx_word' id='word_1_631' title='bbox 1543 5227 1806 5311; x_wconf 28' lang='lat' dir='ltr'>l&#39;l‘heode-</span> 
     </span>
    </p>
   </div>
   <div class='ocr_carea' id='block_1_101' title="bbox 146 5295 1806 5369">
    <p class='ocr_par' dir='ltr' id='par_1_101' title="bbox 146 5295 1806 5369">
     <span class='ocr_line' id='line_1_101' title="bbox 146 5295 1806 5369; baseline 0.003 -19"><span class='ocrx_word' id='word_1_632' title='bbox 146 5295 322 5369; x_wconf 84' lang='lat' dir='ltr'>berto</span> <span class='ocrx_word' id='word_1_633' title='bbox 349 5295 571 5368; x_wconf 70' lang='lat' dir='ltr'>tribuit,</span> <span class='ocrx_word' id='word_1_634' title='bbox 596 5301 683 5355; x_wconf 89' lang='lat' dir='ltr'>uti</span> <span class='ocrx_word' id='word_1_635' title='bbox 711 5304 772 5354; x_wconf 92' lang='lat' dir='ltr'>et</span> <span class='ocrx_word' id='word_1_636' title='bbox 792 5298 1203 5369; x_wconf 84' lang='lat' dir='ltr'>ProcOpius,ut</span> <span class='ocrx_word' id='word_1_637' title='bbox 1228 5301 1422 5352; x_wconf 90' lang='lat' dir='ltr'>tamen</span> <span class='ocrx_word' id='word_1_638' title='bbox 1448 5301 1620 5354; x_wconf 88' lang='lat' dir='ltr'>tertia</span> <span class='ocrx_word' id='word_1_639' title='bbox 1649 5316 1806 5356; x_wconf 87' lang='lat' dir='ltr'>exer-</span> 
     </span>
    </p>
   </div>
   <div class='ocr_carea' id='block_1_102' title="bbox 150 5367 1806 5446">
    <p class='ocr_par' dir='ltr' id='par_1_102' title="bbox 150 5367 1806 5446">
     <span class='ocr_line' id='line_1_102' title="bbox 150 5367 1806 5446; baseline 0.003 -25"><span class='ocrx_word' id='word_1_640' title='bbox 150 5367 313 5446; x_wconf 80' lang='lat' dir='ltr'>citus</span> <span class='ocrx_word' id='word_1_641' title='bbox 340 5387 472 5442; x_wconf 90' lang='lat' dir='ltr'>pars</span> <span class='ocrx_word' id='word_1_642' title='bbox 503 5367 1138 5446; x_wconf 77' lang='lat' dir='ltr'>dysenteriainteriret,</span> <span class='ocrx_word' id='word_1_643' title='bbox 1162 5372 1218 5423; x_wconf 91' lang='lat' dir='ltr'>et</span> <span class='ocrx_word' id='word_1_644' title='bbox 1248 5369 1330 5424; x_wconf 90' lang='lat' dir='ltr'>sic</span> <span class='ocrx_word' id='word_1_645' title='bbox 1389 5370 1594 5426; x_wconf 89' lang='lat' dir='ltr'>reverti</span> <span class='ocrx_word' id='word_1_646' title='bbox 1642 5387 1806 5443; x_wconf 88' lang='lat' dir='ltr'>coge-</span> 
     </span>
    </p>
   </div>
   <div class='ocr_carea' id='block_1_103' title="bbox 152 5444 335 5496">
    <p class='ocr_par' dir='ltr' id='par_1_103' title="bbox 152 5444 335 5496">
     <span class='ocr_line' id='line_1_103' title="bbox 152 5444 335 5496; baseline 0.005 -3"><span class='ocrx_word' id='word_1_647' title='bbox 152 5444 282 5496; x_wconf 90' lang='lat' dir='ltr'>retu</span> <span class='ocrx_word' id='word_1_648' title='bbox 293 5457 335 5495; x_wconf 90' lang='lat' dir='ltr'>r.</span> 
     </span>
    </p>
   </div>
   <div class='ocr_carea' id='block_1_104' title="bbox 224 5508 1813 5591">
    <p class='ocr_par' dir='ltr' id='par_1_104' title="bbox 224 5508 1813 5591">
     <span class='ocr_line' id='line_1_104' title="bbox 224 5508 1813 5591; baseline 0.001 -24"><span class='ocrx_word' id='word_1_649' title='bbox 224 5512 370 5591; x_wconf 83' lang='grc'>(142)</span> <span class='ocrx_word' id='word_1_650' title='bbox 402 5515 732 5572; x_wconf 88' lang='lat' dir='ltr'>Concilium</span> <span class='ocrx_word' id='word_1_651' title='bbox 750 5515 864 5591; x_wconf 79' lang='lat' dir='ltr'>hoc</span> <span class='ocrx_word' id='word_1_652' title='bbox 888 5526 1190 5591; x_wconf 83' lang='lat' dir='ltr'>perperam</span> <span class='ocrx_word' id='word_1_653' title='bbox 1214 5508 1327 5564; x_wconf 91' lang='lat' dir='ltr'>huc</span> <span class='ocrx_word' id='word_1_654' title='bbox 1346 5509 1590 5591; x_wconf 77' lang='lat' dir='ltr'>locatur,</span> <span class='ocrx_word' id='word_1_655' title='bbox 1615 5517 1813 5591; x_wconf 86' lang='lat' dir='ltr'>utpote</span> 
     </span>
    </p>
   </div>
   <div class='ocr_carea' id='block_1_105' title="bbox 159 5585 1813 5652">
    <p class='ocr_par' dir='ltr' id='par_1_105' title="bbox 159 5585 1813 5652">
     <span class='ocr_line' id='line_1_105' title="bbox 159 5585 1813 5652; baseline 0.002 -17"><span class='ocrx_word' id='word_1_656' title='bbox 159 5597 303 5640; x_wconf 87' lang='lat' dir='ltr'>anno</span> <span class='ocrx_word' id='word_1_657' title='bbox 324 5585 559 5645; x_wconf 88' lang='lat' dir='ltr'>demum</span> <span class='ocrx_word' id='word_1_658' title='bbox 573 5591 686 5646; x_wconf 90' lang='lat'>553</span> <span class='ocrx_word' id='word_1_659' title='bbox 712 5586 1078 5644; x_wconf 89' lang='lat' dir='ltr'>celebratum</span> <span class='ocrx_word' id='word_1_660' title='bbox 1106 5600 1118 5648; x_wconf 91' lang='lat'><strong>;</strong></span> <span class='ocrx_word' id='word_1_661' title='bbox 1139 5585 1408 5652; x_wconf 86' lang='lat' dir='ltr'>quamvis</span> <span class='ocrx_word' id='word_1_662' title='bbox 1441 5599 1617 5638; x_wconf 87' lang='lat' dir='ltr'>causa</span> <span class='ocrx_word' id='word_1_663' title='bbox 1635 5585 1813 5638; x_wconf 90' lang='lat' dir='ltr'>trium</span> 
     </span>
    </p>
   </div>
   <div class='ocr_carea' id='block_1_106' title="bbox 159 5653 1814 5730">
    <p class='ocr_par' dir='ltr' id='par_1_106' title="bbox 159 5653 1814 5730">
     <span class='ocr_line' id='line_1_106' title="bbox 159 5653 1814 5730; baseline -0.002 -17"><span class='ocrx_word' id='word_1_664' title='bbox 159 5658 533 5730; x_wconf 64' lang='lat' dir='ltr'>capitulorum</span> <span class='ocrx_word' id='word_1_665' title='bbox 569 5663 731 5718; x_wconf 90' lang='lat' dir='ltr'>circa</span> <span class='ocrx_word' id='word_1_666' title='bbox 763 5660 889 5714; x_wconf 83' lang='lat' dir='ltr'>haec</span> <span class='ocrx_word' id='word_1_667' title='bbox 906 5661 1174 5730; x_wconf 87' lang='lat' dir='ltr'>tempora</span> <span class='ocrx_word' id='word_1_668' title='bbox 1205 5653 1379 5730; x_wconf 78' lang='lat' dir='ltr'>fuerit</span> <span class='ocrx_word' id='word_1_669' title='bbox 1400 5654 1814 5730; x_wconf 63' lang='lat' dir='ltr'>incmpta.de.</span> 
     </span>
    </p>
   </div>
   <div class='ocr_carea' id='block_1_107' title="bbox 157 5725 1819 5800">
    <p class='ocr_par' dir='ltr' id='par_1_107' title="bbox 157 5725 1819 5800">
     <span class='ocr_line' id='line_1_107' title="bbox 157 5725 1819 5800; baseline 0 -18"><span class='ocrx_word' id='word_1_670' title='bbox 157 5725 406 5792; x_wconf 79' lang='lat' dir='ltr'>Norisius</span> <span class='ocrx_word' id='word_1_671' title='bbox 436 5735 498 5791; x_wconf 89' lang='lat' dir='ltr'>in</span> <span class='ocrx_word' id='word_1_672' title='bbox 528 5736 778 5792; x_wconf 88' lang='lat' dir='ltr'>dissert.</span> <span class='ocrx_word' id='word_1_673' title='bbox 811 5731 885 5786; x_wconf 89' lang='lat' dir='ltr'>dc</span> <span class='ocrx_word' id='word_1_674' title='bbox 919 5725 1126 5800; x_wconf 82' lang='lat' dir='ltr'>quinta</span> <span class='ocrx_word' id='word_1_675' title='bbox 1152 5725 1371 5797; x_wconf 81' lang='lat' dir='ltr'>synodo</span> <span class='ocrx_word' id='word_1_676' title='bbox 1399 5741 1522 5797; x_wconf 89' lang='lat' dir='ltr'>cap.</span> <span class='ocrx_word' id='word_1_677' title='bbox 1554 5725 1682 5796; x_wconf 44' lang='lat' dir='ltr'>&#39;3,et</span> <span class='ocrx_word' id='word_1_678' title='bbox 1720 5727 1819 5782; x_wconf 87' lang='lat' dir='ltr'>Pa-</span> 
     </span>
    </p>
   </div>
   <div class='ocr_carea' id='block_1_108' title="bbox 156 5801 968 5880">
    <p class='ocr_par' dir='ltr' id='par_1_108' title="bbox 156 5801 968 5880">
     <span class='ocr_line' id='line_1_108' title="bbox 156 5801 968 5880; baseline -0.026 -3"><span class='ocrx_word' id='word_1_679' title='bbox 156 5801 276 5876; x_wconf 62' lang='lat' dir='ltr'>gils</span> <span class='ocrx_word' id='word_1_680' title='bbox 304 5807 361 5867; x_wconf 90' lang='lat' dir='ltr'>in</span> <span class='ocrx_word' id='word_1_681' title='bbox 384 5809 550 5868; x_wconf 84' lang='lat' dir='ltr'>Brev.</span> <span class='ocrx_word' id='word_1_682' title='bbox 588 5813 630 5867; x_wconf 88' lang='lat' dir='ltr'>t.</span> <span class='ocrx_word' id='word_1_683' title='bbox 668 5808 715 5879; x_wconf 81' lang='grc' dir='ltr'>Ι,</span> <span class='ocrx_word' id='word_1_684' title='bbox 745 5822 805 5880; x_wconf 87' lang='lat' dir='ltr'>p.</span> <span class='ocrx_word' id='word_1_685' title='bbox 842 5801 968 5858; x_wconf 86' lang='lat'>292.</span> 
     </span>
    </p>
   </div>
   <div class='ocr_carea' id='block_1_109' title="bbox 1985 5217 3567 5300">
    <p class='ocr_par' dir='ltr' id='par_1_109' title="bbox 1985 5217 3567 5300">
     <span class='ocr_line' id='line_1_109' title="bbox 1985 5217 3567 5300; baseline -0.007 -18"><span class='ocrx_word' id='word_1_686' title='bbox 1985 5225 2030 5300; x_wconf 78' lang='grc'>(1</span> <span class='ocrx_word' id='word_1_687' title='bbox 2034 5226 2131 5300; x_wconf 66' lang='lat'>43)</span> <span class='ocrx_word' id='word_1_688' title='bbox 2163 5225 2336 5300; x_wconf 83' lang='lat' dir='ltr'>Recte</span> <span class='ocrx_word' id='word_1_689' title='bbox 2365 5224 2623 5300; x_wconf 79' lang='lat' dir='ltr'>quidem,</span> <span class='ocrx_word' id='word_1_690' title='bbox 2647 5225 2816 5300; x_wconf 84' lang='lat' dir='ltr'>juxta</span> <span class='ocrx_word' id='word_1_691' title='bbox 2867 5223 3208 5300; x_wconf 77' lang='lat' dir='ltr'>camputum</span> <span class='ocrx_word' id='word_1_692' title='bbox 3225 5217 3567 5300; x_wconf 70' lang='lat' dir='ltr'>Hermanni,</span> 
     </span>
    </p>
   </div>
   <div class='ocr_carea' id='block_1_110' title="bbox 1918 5287 3564 5378">
    <p class='ocr_par' dir='ltr' id='par_1_110' title="bbox 1918 5287 3564 5378">
     <span class='ocr_line' id='line_1_110' title="bbox 1918 5287 3564 5378; baseline -0.003 -25"><span class='ocrx_word' id='word_1_693' title='bbox 1918 5287 2020 5378; x_wconf 62' lang='lat' dir='ltr'>qui</span> <span class='ocrx_word' id='word_1_694' title='bbox 2033 5287 2297 5378; x_wconf 64' lang='lat' dir='ltr'>Remigiu</span> <span class='ocrx_word' id='word_1_695' title='bbox 2308 5310 2368 5378; x_wconf 79' lang='lat' dir='ltr'>m_</span> <span class='ocrx_word' id='word_1_696' title='bbox 2378 5287 2473 5350; x_wconf 74' lang='lat' dir='ltr'>an.</span> <span class='ocrx_word' id='word_1_697' title='bbox 2498 5287 2957 5378; x_wconf 26' lang='lat' dir='ltr'>479gepis‘copum</span> <span class='ocrx_word' id='word_1_698' title='bbox 2975 5287 3313 5376; x_wconf 66' lang='lat' dir='ltr'>ordinatum</span> <span class='ocrx_word' id='word_1_699' title='bbox 3326 5287 3564 5378; x_wconf 64' lang='lat' dir='ltr'>scribit:</span> 
     </span>
    </p>
   </div>
   <div class='ocr_carea' id='block_1_111' title="bbox 1920 5364 3568 5436">
    <p class='ocr_par' dir='ltr' id='par_1_111' title="bbox 1920 5364 3568 5436">
     <span class='ocr_line' id='line_1_111' title="bbox 1920 5364 3568 5436; baseline -0.006 -11"><span class='ocrx_word' id='word_1_700' title='bbox 1920 5364 1978 5425; x_wconf 78' lang='lat' dir='ltr'>at</span> <span class='ocrx_word' id='word_1_701' title='bbox 1997 5370 2167 5436; x_wconf 84' lang='lat' dir='ltr'>juxta</span> <span class='ocrx_word' id='word_1_702' title='bbox 2188 5364 2476 5421; x_wconf 74' lang='lat' dir='ltr'>calculum</span> <span class='ocrx_word' id='word_1_703' title='bbox 2495 5364 2689 5422; x_wconf 68' lang='lat' dir='ltr'>Gallia:</span> <span class='ocrx_word' id='word_1_704' title='bbox 2711 5364 3072 5434; x_wconf 70' lang='lat' dir='ltr'>Christianae,</span> <span class='ocrx_word' id='word_1_705' title='bbox 3095 5364 3156 5420; x_wconf 89' lang='lat' dir='ltr'>in</span> <span class='ocrx_word' id='word_1_706' title='bbox 3186 5378 3303 5436; x_wconf 85' lang='lat' dir='ltr'>qua</span> <span class='ocrx_word' id='word_1_707' title='bbox 3315 5364 3442 5436; x_wconf 69' lang='lat' dir='ltr'>jam</span> <span class='ocrx_word' id='word_1_708' title='bbox 3463 5376 3568 5416; x_wconf 84' lang='lat' dir='ltr'>an-</span> 
     </span>
    </p>
   </div>
   <div class='ocr_carea' id='block_1_112' title="bbox 1922 5432 3569 5510">
    <p class='ocr_par' dir='ltr' id='par_1_112' title="bbox 1922 5432 3569 5510">
     <span class='ocr_line' id='line_1_112' title="bbox 1922 5432 3569 5510; baseline -0.002 -15"><span class='ocrx_word' id='word_1_709' title='bbox 1922 5432 2025 5495; x_wconf 75' lang='lat'>459</span> <span class='ocrx_word' id='word_1_710' title='bbox 2056 5438 2360 5510; x_wconf 88' lang='lat' dir='ltr'>ordinatus</span> <span class='ocrx_word' id='word_1_711' title='bbox 2394 5437 2622 5510; x_wconf 78' lang='lat' dir='ltr'>legitur,</span> <span class='ocrx_word' id='word_1_712' title='bbox 2643 5438 2837 5494; x_wconf 90' lang='lat' dir='ltr'>obitus</span> <span class='ocrx_word' id='word_1_713' title='bbox 2867 5439 2996 5510; x_wconf 89' lang='lat' dir='ltr'>ejus</span> <span class='ocrx_word' id='word_1_714' title='bbox 3025 5432 3177 5494; x_wconf 88' lang='lat' dir='ltr'>circa</span> <span class='ocrx_word' id='word_1_715' title='bbox 3194 5432 3290 5492; x_wconf 76' lang='lat' dir='ltr'>an.</span> <span class='ocrx_word' id='word_1_716' title='bbox 3323 5432 3434 5488; x_wconf 86' lang='lat'>533</span> <span class='ocrx_word' id='word_1_717' title='bbox 3462 5436 3569 5491; x_wconf 83' lang='lat' dir='ltr'>aut</span> 
     </span>
    </p>
   </div>
   <div class='ocr_carea' id='block_1_113' title="bbox 1920 5508 2632 5579">
    <p class='ocr_par' dir='ltr' id='par_1_113' title="bbox 1920 5508 2632 5579">
     <span class='ocr_line' id='line_1_113' title="bbox 1920 5508 2632 5579; baseline -0.01 -12"><span class='ocrx_word' id='word_1_718' title='bbox 1920 5513 2027 5567; x_wconf 90' lang='lat'>530</span> <span class='ocrx_word' id='word_1_719' title='bbox 2056 5508 2498 5579; x_wconf 82' lang='lat' dir='ltr'>consignandus</span> <span class='ocrx_word' id='word_1_720' title='bbox 2524 5512 2632 5562; x_wconf 89' lang='lat' dir='ltr'>est.</span> 
     </span>
    </p>
   </div>
   <div class='ocr_carea' id='block_1_114' title="bbox 1996 5575 3568 5650">
    <p class='ocr_par' dir='ltr' id='par_1_114' title="bbox 1996 5575 3568 5650">
     <span class='ocr_line' id='line_1_114' title="bbox 1996 5575 3568 5650; baseline -0.001 -16"><span class='ocrx_word' id='word_1_721' title='bbox 1996 5580 2143 5650; x_wconf 83' lang='grc'>(144)</span> <span class='ocrx_word' id='word_1_722' title='bbox 2176 5575 2254 5633; x_wconf 73' lang='lat' dir='ltr'>De</span> <span class='ocrx_word' id='word_1_723' title='bbox 2275 5578 2531 5650; x_wconf 79' lang='lat' dir='ltr'>hoccgit</span> <span class='ocrx_word' id='word_1_724' title='bbox 2561 5577 2903 5650; x_wconf 87' lang='lat' dir='ltr'>Gallandius</span> <span class='ocrx_word' id='word_1_725' title='bbox 2932 5578 2995 5650; x_wconf 84' lang='lat' dir='ltr'>in</span> <span class='ocrx_word' id='word_1_726' title='bbox 3025 5593 3174 5634; x_wconf 90' lang='lat' dir='ltr'>nova</span> <span class='ocrx_word' id='word_1_727' title='bbox 3201 5593 3310 5650; x_wconf 89' lang='lat' dir='ltr'>sua</span> <span class='ocrx_word' id='word_1_728' title='bbox 3329 5575 3568 5632; x_wconf 85' lang='lat' dir='ltr'>Patrum</span> 
     </span>
    </p>
   </div>
   <div class='ocr_carea' id='block_1_115' title="bbox 1926 5649 3568 5722">
    <p class='ocr_par' dir='ltr' id='par_1_115' title="bbox 1926 5649 3568 5722">
     <span class='ocr_line' id='line_1_115' title="bbox 1926 5649 3568 5722; baseline -0.002 -15"><span class='ocrx_word' id='word_1_729' title='bbox 1926 5649 2283 5706; x_wconf 89' lang='lat' dir='ltr'>Bibliotheca</span> <span class='ocrx_word' id='word_1_730' title='bbox 2313 5653 2354 5704; x_wconf 88' lang='lat' dir='ltr'>t.</span> <span class='ocrx_word' id='word_1_731' title='bbox 2383 5649 2498 5715; x_wconf 86' lang='grc' dir='ltr'>ΧΙΙ,</span> <span class='ocrx_word' id='word_1_732' title='bbox 2546 5651 2738 5722; x_wconf 87' lang='lat' dir='ltr'>cap.5</span> <span class='ocrx_word' id='word_1_733' title='bbox 2764 5649 2822 5703; x_wconf 90' lang='lat' dir='ltr'>in</span> <span class='ocrx_word' id='word_1_734' title='bbox 2877 5649 3326 5722; x_wconf 81' lang='lat' dir='ltr'>prolegomenis,</span> <span class='ocrx_word' id='word_1_735' title='bbox 3351 5650 3407 5703; x_wconf 88' lang='lat' dir='ltr'>et</span> <span class='ocrx_word' id='word_1_736' title='bbox 3431 5659 3568 5720; x_wconf 83' lang='lat' dir='ltr'>pag.</span> 
     </span>
    </p>
   </div>
   <div class='ocr_carea' id='block_1_116' title="bbox 1925 5719 3350 5796">
    <p class='ocr_par' dir='ltr' id='par_1_116' title="bbox 1925 5719 3350 5796">
     <span class='ocr_line' id='line_1_116' title="bbox 1925 5719 3350 5796; baseline -0.004 -18"><span class='ocrx_word' id='word_1_737' title='bbox 1925 5726 1996 5779; x_wconf 82' lang='lat'>93</span> <span class='ocrx_word' id='word_1_738' title='bbox 2027 5724 2222 5795; x_wconf 89' lang='lat' dir='ltr'>ipsum</span> <span class='ocrx_word' id='word_1_739' title='bbox 2245 5722 2402 5796; x_wconf 91' lang='lat' dir='ltr'>Opus</span> <span class='ocrx_word' id='word_1_740' title='bbox 2424 5723 2481 5778; x_wconf 90' lang='lat' dir='ltr'>in</span> <span class='ocrx_word' id='word_1_741' title='bbox 2504 5719 2650 5778; x_wconf 74' lang='lat' dir='ltr'>duos</span> <span class='ocrx_word' id='word_1_742' title='bbox 2682 5721 2861 5778; x_wconf 87' lang='lat' dir='ltr'>libros</span> <span class='ocrx_word' id='word_1_743' title='bbox 2879 5719 3144 5780; x_wconf 76' lang='lat' dir='ltr'>divisum</span> <span class='ocrx_word' id='word_1_744' title='bbox 3175 5719 3350 5777; x_wconf 88' lang='lat' dir='ltr'>sistit.</span> 
     </span>
    </p>
   </div>
  </div>
