4026 6228
187 397 282 464 H7
1429 401 1901 468 CHRONICON.
1933 431 2012 453 -
2041 402 2231 468 SEO.
2275 402 2375 470 VI.

3494 388 3610 456 “8

1611 615 1843 672 CODEX
1881 616 2278 675 AUGIENSIS.

192 768 456 844 Pelagius
489 785 644 842 papa
681 767 827 824 LXII
859 767 1012 824 sedit
1040 765 1212 823 annis
1241 767 1846 839 x1,mensibusx;qui,
1879 767 1933 834 Α
1964 768 2294 825 Suessionis
2327 769 2480 842 apud
2514 766 2935 824 S.Medardum
2971 763 3413 837 sepelitur.Post
3433 776 3608 836 quem

198 859 736 934 apopuloRomano
752 857 1024 912 factionis
1063 864 1265 912 contra
1293 857 1572 929 Vigilium
1615 857 1848 911 incusa-

200 955 310 1018 tus,
341 947 652 1004 celebratis
680 963 803 1001 una
829 962 964 1000 cum
1017 945 1257 1001 Narsete
1307 945 1528 1001 litaniis
1575 946 1728 1017 apud
1789 945 1846 998 S.

201 1043 460 1101 Petrum,
495 1036 751 1091 amboue
783 1050 1026 1090 ascenso
1057 1033 1490 1106 Evangelioque
1539 1051 1714 1105 super
1755 1035 1851 1090 12

198 1129 373 1197 caput
405 1141 584 1180 suum
617 1123 1172 1195 posito,juramento
1203 1139 1265 1177 se
1296 1121 1538 1177 crimine
1561 1123 1846 1193 purgavit.

195 1215 506 1270 Marcellin.
550 1203 676 1284 app.

271 1304 384 1358 555
415 1302 533 1356 Hoc
567 1305 844 1371 tempore,
878 1301 1132 1354 Saxones
1191 1298 1403 1353 iterum
1439 1298 1732 1353 Clothario
1765 1315 1850 1352 re-

197 1390 516 1458 bellantes,
549 1404 683 1442 cum
716 1388 787 1442 ab
821 1404 886 1443 eo
935 1391 1290 1458 peterentur,
1342 1386 1631 1442 hostiliter
1686 1386 1852 1456 eique

198 1496 302 1551 pro
337 1476 744 1533 satisfactione
776 1475 1089 1530 dimidium
1139 1491 1334 1529 rerum
1381 1492 1621 1530 suarum
1678 1475 1852 1529 offer-

196 1564 539 1636 rent,idque
564 1565 855 1619 exercitus
888 1565 1244 1618 Francorum
1288 1564 1550 1618 refutans
1586 1580 1651 1618 eo
1675 1562 1852 1616 invito

196 1671 466 1728 pugnam
498 1654 750 1718 iniisset,
783 1668 996 1724 magna
1025 1653 1097 1707 ab
1127 1651 1210 1708 eis
1241 1652 1394 1706 caede
1436 1651 1724 1722 protritus
1768 1651 1854 1704 fu-

194 1760 284 1816 gae
317 1742 670 1814 praesidium
692 1739 878 1812 petiit.
910 1740 1150 1795 Marcell.
1174 1757 1301 1812 app.

273 1833 388 1886 556
419 1830 521 1885 His
552 1828 778 1894 diebus,
811 1827 1138 1884 Chramnus
1181 1828 1328 1898 patri
1381 1845 1488 1883 suo
1543 1827 1851 1894 Clothario,

197 1918 540 1974 adnittente
569 1923 773 1989 patruo
801 1916 1188 1982 Childeberto,
1250 1917 1557 1980 rebellans,
1608 1933 1853 1988 regnum

197 2009 567 2064 Francorum
602 2006 921 2061 domestica
951 2005 1232 2060 seditione
1253 2007 1570 2076 perturbat.
1597 2007 1854 2060 Saxones

193 2096 455 2152 factione
492 2094 852 2150 Childeberti
898 2094 956 2148 in
1005 2093 1246 2148 Francia
1305 2095 1529 2165 praedas
1587 2099 1850 2166 egerunt.

197 2185 612 2240 Childebertus
667 2184 1018 2239 Rcmensem
1081 2183 1460 2254 Campaniam
1520 2183 1852 2256 populatur.

196 2274 443 2330 Marcell.
475 2290 602 2345 app.

268 2365 380 2419 557
412 2363 476 2417 In
509 2360 815 2416 Britannia
843 2359 1076 2415 Bridius
1105 2361 1226 2431 [al.,
1259 2361 1490 2431 Bridus]
1525 2377 1622 2416 rex
1675 2361 1856 2416 Picto-

192 2469 338 2508 rum
369 2450 640 2506 efficitur.
674 2448 1089 2505 Childebertus
1140 2465 1239 2503 rex
1298 2449 1649 2505 Francorum
1707 2449 1860 2504 circa

191 2542 326 2597 haec
360 2545 618 2611 tempore
650 2539 922 2602 moritur,
975 2543 1032 2592 et
1090 2537 1349 2592 Parisius
1404 2539 1462 2593 in
1517 2539 1756 2594 basilica
1795 2539 1853 2594 S.

191 2629 496 2685 Vincentii
527 2645 561 2682 a
589 2644 650 2683 se
667 2629 1008 2683 constructa
1026 2625 1329 2698 sepelitur;
1354 2644 1716 2699 regnumque
1729 2629 1777 2698 ej
1791 2645 1857 2683 us

192 2717 539 2775 Clotharius
571 2717 753 2771 frater
801 2731 1111 2770 assumens
1168 2719 1352 2770 totam
1410 2717 1634 2788 paterni
1692 2718 1854 2789 regni

193 2805 610 2863 monarchiam
642 2802 918 2860 obtinuit.
950 2804 1186 2859 Marcell.
1219 2805 1426 2875 app.al.
1456 2823 1509 2859 a.
1530 2822 1640 2875 seq.

263 2897 380 2951 558
411 2894 746 2950 Chramnus
776 2896 1003 2963 patrem
1034 2890 1416 2959 Clotharium,
1452 2910 1627 2964 quem
1656 2892 1857 2948 multis

195 2984 552 3046 offenderat,
586 2983 696 3037 hoc
729 2987 991 3052 tempore
1021 2979 1080 3034 in
1113 2981 1474 3036 Britanniam
1511 2982 1855 3054 lugiens,in-

193 3075 488 3143 sequente
519 3086 584 3126 eo
617 3069 836 3124 ibidem
869 3085 1005 3124 cum
1036 3069 1300 3124 Conobro
1331 3086 1484 3141 rege,
1518 3087 1715 3142 pugna
1749 3071 1858 3125 vic-

191 3165 298 3216 tus
329 3167 390 3218 et
431 3163 660 3231 captus,
685 3175 822 3213 cum
848 3173 1022 3212 uxore
1042 3161 1098 3211 et
1128 3157 1363 3213 filiabus
1394 3159 1560 3213 vivus
1583 3158 1857 3214 incensus

193 3255 288 3306 est
321 3250 497 3320 (153).
531 3249 653 3312 Quo
684 3247 862 3302 etiam
893 3251 1172 3318 tempore,
1221 3247 1473 3302 Turonis
1523 3246 1764 3303 basilica
1794 3249 1851 3302 S.

1960 862 2211 928 quatuor
2241 859 2342 913 ﬁlii
2371 860 2520 930 ejus,
2553 856 2736 912 diviso
2761 873 2957 927 regno,
2996 854 3335 927 Sigebertus
3356 853 3527 909 Metis
3550 856 3608 908 et

1961 946 2156 1001 Remis
2188 948 2382 1002 sedem
2417 947 2659 1012 habens,
2702 945 2872 1000 annis
2902 962 3015 1010 xxv,
3042 941 3416 999 Charibertus
3445 941 3606 997 Pari-

1959 1036 2106 1102 sius,
2137 1035 2462 1108 Hilpericus
2494 1035 2827 1091 Suessionis
2846 1051 2954 1089 xxv
2981 1033 3605 1098 annis,Guntrammus

1959 1124 2286 1179 Aurelianis
2316 1129 2372 1180 et
2412 1125 2468 1179 in
2521 1123 2852 1195 burgundia
2904 1139 3042 1176 xxm
3101 1121 3271 1176 annis
3323 1119 3602 1192 regnavit.

1960 1214 2165 1268 Mari-us
2198 1215 2349 1283 Greg.
2387 1216 2512 1268 Tur.
2545 1231 2617 1266 an
2649 1229 2758 1282 seq.

2030 1303 2125 1357 ωε
2169 1304 2228 1356 In
2255 1302 2551 1358 britannia
2584 1301 2914 1356 Edilbertus
2945 1316 3039 1354 rex
3062 1297 3382 1370 Anglorum
3397 1314 3603 1370 regna-

1961 1390 2234 1445 vitannis
2268 1409 2374 1445 LVI.
2412 1390 2542 1445 ﬂed.
2578 1392 2702 1444 hist.
2757 1389 2914 1456 Angl.
2949 1406 2999 1441 a.
3034 1388 3159 1440 560.
3219 1387 3412 1442 Hunni
3469 1402 3604 1441 cum

1964 1496 2094 1550 rege
2123 1497 2227 1534 suo
2261 1481 2534 1550 Chagano
2567 1478 2784 1533 Gallias
2807 1481 3129 1548 petentes,a
3153 1474 3450 1545 Sigeberto
3474 1490 3606 1545 rege

1965 1585 2158 1639 pugna
2186 1568 2318 1622 victi
2351 1572 2405 1623 et
2437 1566 2749 1629 humiliati,
2775 1565 2864 1619 vix
2894 1563 3207 1636 impetrata
3229 1562 3607 1634 pace,fcedere

1963 1661 2129 1726 pacto
2164 1657 2477 1711 redierunt.
2513 1656 2665 1726 Greg.
2701 1673 2795 1710 an.
2817 1670 2926 1727 seq.

2033 1747 2138 1798 562
2169 1744 2530 1816 Chilpericus
2559 1760 2657 1798 rex
2687 1759 2934 1816 regnum
2966 1741 3164 1797 fratris
3195 1740 3287 1798 sui
3322 1740 3606 1813 Sigeberti

1963 1837 2020 1887 et
2052 1833 2254 1886 urbem
2289 1833 2632 1887 Remensem
2666 1832 2899 1896 invasit,
2932 1830 3429 1902 Campaniamque
3476 1847 3606 1886 vas-

1962 1921 2125 1976 tavit.
2158 1924 2279 1985 Quo
2313 1921 2511 1975 audito
2560 1921 2892 1991 Sigebertus
2950 1936 2983 1974 a
3025 1919 3251 1973 Hunnis
3317 1935 3606 1984 reversus,

1961 2014 2196 2064 econtra
2217 2007 2549 2063 Suessionis
2583 2008 2785 2062 urbem
2817 2007 2989 2077 cepit,
3036 2006 3506 2061 Theodebertum
3539 2008 3607 2060 fi-

1963 2098 2108 2154 lium
2141 2097 2413 2168 Iiilperici
2446 2097 2662 2151 ibidem
2710 2100 2944 2168 captum
2995 2096 3052 2149 in
3101 2094 3372 2149 exsilium
3423 2094 3605 2163 misit,

1967 2187 2279 2260 ipsumque
2308 2185 2700 2257 Cbilpericum
2752 2200 2949 2256 pugna
2993 2183 3212 2238 victum
3261 2183 3505 2253 fugavit,
3551 2185 3610 2237 et

1967 2277 2226 2331 civitates
2284 2292 2423 2330 suas
2473 2273 2703 2345 recepit.
2756 2273 2964 2328 Postea
2993 2289 3146 2338 vero,
3174 2275 3406 2341 accepto
3436 2269 3508 2324 ab
3541 2285 3608 2325 eo

1967 2365 2127 2437 pacis
2157 2367 2520 2419 sacramento
2552 2361 2740 2416 ﬁlium
2771 2362 2823 2417 ei
2855 2360 3454 2432 reddidit,pacemque
3473 2374 3608 2413 cum

1967 2469 2032 2509 eo
2063 2452 2334 2508 firmavit.
2367 2452 2517 2521 Greg.
2555 2453 2678 2505 Tur.
2715 2468 2809 2514 an,
2839 2449 2967 2516 563,
2992 2449 3030 2502 l.
3065 2465 3142 2516 ιν,
3173 2466 3220 2502 c.
3254 2447 3343 2501 23.

2035 2544 2141 2596 563
2170 2541 2543 2597 Charibertus
2574 2556 2672 2594 rex
2704 2537 2933 2593 libidini
2977 2535 3230 2601 deditus,
3264 2551 3419 2604 cum,
3448 2535 3614 2607 lngo-

1968 2632 2144 2702 berga
2175 2646 2352 2685 uxore
2383 2646 2490 2685 sua
2521 2627 3001 2695 repudiata,duas
3033 2623 3276 2680 ancillas
3301 2639 3612 2696 germanas

1966 2720 2075 2775 sibi
2113 2721 2170 2774 in
2202 2717 2574 2774 matrimonio
2601 2715 2952 2786 junxisset,a
2973 2719 3174 2770 sancto
3198 2712 3484 2768 Germano
3508 2713 3611 2768 Pa-

1967 2808 2241 2863 risiorum
2255 2806 2525 2877 episcopo
2553 2803 3257 2868 excommunicatus,nom
3274 2800 3456 2856 multo
3480 2804 3611 2873 post

1966 2895 2378 2966 interiit(t54).
2412 2895 2533 2957 Quo
2569 2893 2744 2947 etiam
2793 2897 3074 2963 tempore,
3125 2889 3464 2960 Sigebertus
3514 2905 3614 2945 rex

1965 2985 2376 3054 Brunam,quze
2391 2987 2446 3037 et
2467 2980 3036 3048 Brunihildis,ﬁliam
3059 2977 3433 3048 Athanagildi
3456 2977 3609 3050 regis

1967 3072 2293 3128 Gothorum
2342 3071 2412 3125 de
2434 3070 2714 3141 Hispania
2763 3085 2998 3124 uxorem
3056 3067 3277 3138 accepit
3322 3066 3493 3138 (455),
3551 3071 3610 3122 et

1966 3165 2163 3216 secuto
2186 3165 2446 3230 tempore
2462 3157 2822 3229 Chilpericus
2846 3157 3158 3227 fraterejus
3185 3154 3606 3211 Gielswindam

1969 3251 2087 3319 [al.,
2118 3248 2540 3318 Gailesuintha]
2574 3263 2830 3302 sororem
2863 3251 3072 3301 Brunze
3103 3245 3413 3316 conjugem
3443 3259 3606 3300 acce-

191 3337 462 3404 Martini,
497 3335 812 3392 rebellibus
845 3335 919 3391 ad
949 3350 1077 3389 eam
1125 3335 1503 3406 fugientibus,
1560 3336 1693 3406 igne
1740 3353 1856 3392 cre-
1965 3338 2070 3410 pit,
2118 3354 2292 3408 quam
2339 3341 2540 3408 postea
2597 3352 2773 3391 suasu
2826 3333 3210 3407 Fridegundis
3267 3331 3605 3388 concubinae

192 3431 420 3483 matur.
452 3426 694 3481 Marcell.
725 3442 854 3496 app.
1965 3432 2141 3482 noctu
2175 3423 2596 3497 strangulavit:
2633 3425 2802 3494 cujus
2841 3424 3016 3479 etiam
3065 3427 3196 3478 astu
3244 3421 3607 3480 Audoveram

266 3517 381 3572 559
411 3513 744 3570 Clotharius
774 3530 894 3579 rex,
932 3515 1002 3569 de
1032 3513 1354 3570 sceleribus
1385 3518 1440 3569 et
1460 3515 1710 3585 peccatis
1731 3514 1855 3569 suis
1887 3501 1929 3566 C
1968 3516 2252 3587 reginam,
2284 3518 2662 3569 commatrem
2695 3529 2864 3568 suam
2897 3513 3133 3577 factam,
3170 3510 3516 3580 repudiavit,
3554 3516 3614 3568 et

191 3603 608 3678 paenitentiam
640 3617 842 3675 agens,
875 3602 1179 3658 basilicam
1211 3603 1270 3657 S.
1307 3601 1541 3657 Martini
1576 3603 1685 3658 hoc
1709 3607 1853 3658 tem-
1969 3602 2156 3658 multa
2187 3601 2343 3657 mala
2372 3602 2526 3657 fecit.
2561 3600 2714 3672 Greg.
2751 3602 2873 3655 Tur.
2905 3618 2960 3654 a.
2993 3601 3233 3669 566,seq.

195 3710 349 3765 pore
377 3692 639 3748 studiose
668 3707 948 3762 reparans
977 3697 1187 3746 stanno
1219 3689 1378 3746 texit.
1413 3690 1566 3762 Greg.
1617 3693 1739 3747 Tur.
1802 3710 1854 3746 a.
2042 3694 2142 3746 74
2171 3693 2276 3745 564
2314 3688 2820 3760 Constantinopoli
2865 3687 3241 3743 Justinianus
3299 3684 3618 3756 imperator

193 3797 321 3850 seg.
357 3781 604 3836 Sanetus
635 3780 952 3836 Medardus
975 3780 1286 3852 cpiscopus
1313 3778 1522 3851 plenus
1542 3781 1859 3835 virtutibus
1968 3798 2120 3836 anno
2151 3778 2382 3850 imperii
2423 3796 2640 3832 xxxvm
2689 3776 2973 3844 decessit;
3027 3793 3130 3846 pro
3175 3793 3289 3846 quo
3345 3773 3619 3829 Justinus

196 3869 492 3941 migravit
521 3869 590 3923 ad
620 3869 1020 3937 Dominum,et
1048 3885 1082 3924 a
1112 3868 1408 3926 Clothario
1437 3885 1570 3940 rege
1603 3869 1861 3924 Franco-
1971 3870 2165 3924 minor
2195 3866 2365 3921 annis
2394 3884 2451 3920 x1
2487 3865 2767 3938 regnavit,
2792 3865 2963 3919 homo
2995 3865 3236 3935 iniquus
3279 3867 3336 3919 et
3365 3862 3618 3917 avaritiae

197 3975 345 4015 rum
379 3956 706 4013 Suessionis
737 3973 956 4030 magna
995 3974 1129 4014 cum
1187 3957 1373 4030 gloria
1420 3957 1688 4030 sepultus
1750 3961 1862 4014 est.
1974 3958 2126 4014 ultra
2153 3956 2395 4011 modum
2427 3954 2681 4009 deditus.
2714 3955 2908 4024 Evagr.
2944 3953 2981 4007 ι.
3015 3969 3072 4020 ν,
3100 3967 3147 4006 c.
3205 3956 3250 4019 ι,
3297 3967 3332 4006 a
3359 3964 3469 4021 seq.
3517 3946 3621 4004 His

206 4047 372 4119 Greg.
414 4048 537 4102 Tur.
573 4064 624 4102 a.
655 4063 763 4118 seq.
1077 4079 1094 4088 --
1973 4054 2087 4102 tem
2098 4045 2340 4117 poribus
2361 4042 2653 4098 immensa
2667 4040 3000 4114 pestilentia
3021 4043 3079 4096 et
3097 4039 3424 4096 mortalitas
3438 4039 3623 4092 totam

286 4139 330 4192 7
344 4137 391 4191 ι
420 4136 528 4190 560
555 4134 887 4207 Clotqarius
919 4136 1127 4205 major,
1159 4135 1318 4190 filius
1349 4134 1613 4190 Clodovei
1649 4135 1862 4207 Magni,
1975 4133 2202 4190 Italiam
2235 4137 2291 4188 et
2322 4130 2580 4187 maxime
2602 4130 2895 4203 Liguriam
2918 4127 3337 4187 incredibiliter
3358 4123 3624 4184 vastavit.

210 4242 316 4282 rex
348 4225 888 4292 Francorum,anno
911 4224 1075 4295 regni
1098 4241 1150 4278 LI
1173 4223 1512 4295 Compendii
1537 4223 1869 4292 moritur,et
1979 4225 2117 4280 Paul
2148 4223 2301 4276 Diae.
2337 4223 2464 4276 hist.
2499 4221 2730 4291 Longob.

1268 4427 1739 4483 GOMPENDIUM
1779 4429 1868 4484 EX
1910 4427 2162 4485 CODICE
2205 4425 2586 4482 BERNOLDI.

1992 4580 2047 4634 in
2077 4579 2229 4634 Vita.

1987 4583 2518 4721 ὶι15Χ638ιίῖιοι1ιανίαδ
2543 4667 2818 4735 rex,ﬁlius
2851 4665 3098 4721 Clodovei
3115 4657 3649 4737 Magni,Compendu

1986 4757 2223 4810 moritur
2243 4770 2387 4809 anno
2412 4755 2575 4822 regni
2601 4770 2673 4807 LI.

290 4583 400 4636 557
432 4580 769 4635 Hildebertus
798 4596 898 4634 rex
937 4580 1271 4634 Francorum
1322 4580 1559 4634 moritur
1612 4582 1661 4633 ct
1708 4580 1876 4634 Pari-

215 4672 324 4726 siis
352 4687 416 4725 in
435 4669 663 4724 basilica
699 4669 756 4724 8.
792 4668 1065 4723 Vincentii
1091 4669 1418 4739 sepelitur...
1453 4667 1704 4724 obtinuit.

295 4759 405 4813 558
437 4762 551 4813 Hoc
579 4766 817 4829 tempore
851 4757 1083 4812 Turonis
1114 4756 1342 4811 basilica
1382 4756 1436 4812 S.
1489 4757 1736 4822 Martini,
1787 4772 1878 4811 re-

225 4847 466 4904 bellibus
515 4846 594 4902 αιι
631 4862 753 4902 eam
808 4845 1179 4915 fugientibus,
1226 4847 1353 4915 igne
1409 4849 1724 4908 crematur;
1779 4845 1878 4913 al.,
2063 4845 2170 4898 563
2197 4843 2551 4898 Charibertus
2579 4859 2697 4909 rex,
2732 4844 2958 4898 libidini
2984 4842 3212 4910 deditus,
3245 4861 3277 4898 a
3318 4843 3376 4899 S.
3426 4838 3651 4896 Germa-

227 4953 287 4992 a.
324 4936 452 4990 560.
1992 4949 2063 4988 no
2095 4934 2442 4988 Parisiorum
2472 4933 2720 5002 episcopo
2743 4933 3248 4988 excommunicatus
3285 4929 3442 4988 obiit.
3474 4925 3648 4997 Greg.

300 5024 410 5080 559
437 5025 726 5081 Lotharius
753 5022 948 5092 rex,de
975 5022 1141 5078 malis
1170 5024 1286 5078 suis
1309 5025 1695 5095 paenitentiam
1719 5039 1888 5095 agens
1919 5011 1964 5074 D
1994 5023 2132 5078 Tur.
2170 5038 2222 5077 a.
2255 5022 2383 5076 557.

2066 5111 2174 5166 564
2209 5109 2743 5182 Constantinopoli...
2779 5111 3127 5166 Justinianus
3148 5109 3332 5164 minor
3365 5108 3446 5174 LI,
3493 5101 3655 5159 homo

1995 5202 2225 5271 iniquus
2259 5203 2310 5254 et
2331 5215 2553 5268 avarus,
2596 5200 2760 5254 annis
2793 5199 3045 5255 undecim
3070 5199 3340 5268 regnavit.

231 5113 515 5170 basilicam
538 5115 594 5170 8.
622 5113 855 5170 Martini
883 5127 1176 5183 reparans,
1207 5119 1403 5168 stanno
1449 5113 1603 5168 texit.
1668 5112 1721 5167 S.
1781 5111 1885 5168 Me-

233 5202 523 5261 dardus....
585 5220 713 5262 cum
768 5217 978 5272 magna
1031 5201 1211 5272 gloria
1265 5202 1547 5273 sepelitur.
1583 5201 1885 5257 Fortunat.

1826 5377 2064 5434 NOTAE.

200 5514 218 5528 ’
302 5536 444 5606 (163)
475 5536 606 5592 Haec
637 5552 707 5591 ex
738 5529 1050 5606 Gregorio,
1082 5529 1124 5585 1.
1180 5547 1254 5594 IV,
1302 5545 1351 5583 c.
1397 5530 1486 5606 20,
1521 5529 1896 5606 contigerunt
2007 5524 2428 5606 confesso'rum.

236 5593 340 5664 uno
370 5593 504 5665 ante
534 5593 1110 5676 mortuumvpatrém
1144 5617 1318 5676 anno,
1355 5593 1616 5676 adeoque
1651 5593 1854 5676 £560.
2066 5597 2233 5676 _(155)
2267 5596 2502 5676 Factum
2537 5593 2593 5648 id
2628 5610 2720 5648 an.
2753 5594 2881 5663 566,
2915 5594 2998 5648 uti
3032 5597 3326 5667 posterius
3357 5595 3662 5656 matrimo-

297 5683 442 5754 (l54)
473 5668 1105 5754 MorwmACharibe_rti
1136 5672 1454 5754 Gregorius
1486 5668 1653 5754 Tur.“
1680 5671 1772 5754 ad,
1807 5687 1902 5751 an.
2021 5669 2184 5723 nium
2210 5684 2303 5723 an.
2327 5668 2450 5720 567.

233 5740 326 5809 567
353 5740 682 5830 consignat,
719 5752 796 5810 de
828 5765 955 5823 qua
985 5746 1167 5804 etiam
1199 5740 1318 5816 agit
1349 5759 1478 5815 cap.
1510 5743 1591 5811 19,
1618 5747 1696 5798 De
1719 5740 1906 5812 gloria
