4026 6228
1429 423 1902 491 CHRONICON.
1933 451 2014 473 -
2042 423 2234 491 SJEC.
2280 427 2383 491 VI.

1574 585 1806 643 CODEX
1841 583 2242 644 AUGIENSIS.

162 688 577 763 Fridegundis
600 690 733 761 jam
767 687 980 762 reginae
1012 689 1244 746 duobus
1262 687 1753 748 adolescentibus,
1773 685 1844 740 ab
1873 686 1929 750 Α
1959 685 2117 740 Paul.
2150 686 2302 741 Diae.
2336 703 2426 743 an.
2461 687 2586 742 572.
2609 719 2678 730 -
2704 689 2816 744 Hoc
2850 688 2990 746 item
3023 694 3284 763 tempore
3324 691 3604 757 Saxones,

168 781 257 836 eis
273 783 633 852 peremptus
651 779 1150 850 interiit,ipsique
1169 776 1663 850 pariterexstincti
1679 780 1843 842 sunt;
1963 773 2062 844 qui
2094 791 2225 830 cum
2253 776 2496 832 Alboino
2531 777 2754 834 Italiam
2779 779 3154 846 intraverant,
3187 780 3404 837 Gallias
3445 781 3604 836 inva-

172 875 234 925 et
266 867 544 924 Brunihil
577 884 728 922 uxor
757 869 885 938 ejus
917 884 1049 922 cum
1074 867 1191 922 filio
1223 865 1589 922 Cbildeberto
1607 868 1774 935 capta
1795 867 1850 918 et
1959 863 2142 931 dunt;
2179 866 2278 920 sed
2312 884 2344 920 a
2376 867 2697 923 Mummulo
2729 869 2860 922 czesi
2888 874 2944 923 et
2968 869 3258 924 humiliali
3295 871 3606 941 impetrata

173 958 462 1014 custodite
525 957 866 1027 mancipata
922 961 1029 1011 est.
1091 956 1201 1011 Sed
1261 955 1665 1010 Childebertus
1707 969 1851 1024 puer
1960 968 2100 1022 pace
2131 954 2489 1021 redeunt;et
2520 960 2648 1026 post
2672 957 3053 1012 annumitem
3079 958 3327 1028 patriam
3351 965 3606 1029 repetere

177 1046 456 1104 clanculo
488 1046 616 1102 suis
649 1050 909 1116 ereptus,
943 1049 999 1099 et
1031 1062 1129 1100 rex
1161 1061 1262 1116 pro
1302 1048 1464 1115 patre
1522 1047 1847 1115 promotus,
1959 1041 2216 1096 volentes
2248 1042 2465 1097 Gallias
2487 1049 2711 1114 petunt,
2731 1045 2853 1100 viso
2877 1047 3201 1101 Mummulo
3232 1047 3438 1113 territi,
3467 1065 3606 1102 auro

177 1135 459 1209 regnavit
487 1134 661 1189 annis
691 1150 858 1200 xxm,
890 1149 988 1188 rex
1018 1133 1338 1188 admodum
1370 1132 1536 1187 fortis
1597 1136 1653 1187 et
1705 1135 1848 1187 stre-
1962 1147 2024 1185 se
2050 1131 2364 1186 redimunt.
2401 1133 2698 1189 Postremo
2731 1152 2764 1188 a
2795 1135 3022 1201 Suevis,
3052 1135 3150 1206 qui
3182 1135 3373 1191 locum
3406 1153 3604 1192 eorum

163 428 282 491 121
1429 428 1902 491 CHRONICON.
1933 451 2014 473 -
2042 428 2234 491 SJEC.
2280 428 2383 491 Vl.
3488 432 3606 493 122

183 1241 376 1281 nuus.
410 1223 596 1293 Hujus
625 1237 787 1278 soror
817 1220 1101 1294 Ingundis
1135 1220 1522 1293 Hirmingildo
1571 1221 1688 1292 regi
1740 1222 1850 1276 Go-

183 1313 438 1370 thorum
473 1311 592 1366 ﬁlio
624 1309 936 1381 Leovigildi
971 1310 1189 1381 nupsit.
1227 1310 1379 1381 Greg.
1432 1312 1578 1374 Tur.,
1613 1311 1650 1364 ι.
1704 1327 1780 1376 IV,
1801 1327 1848 1364 e.

184 1403 284 1458 46.
326 1419 380 1456 a.
419 1403 546 1456 575.

257 1493 374 1548 575
383 1487 889 1560 Constantinopoli
901 1488 932 1544 J
941 1489 1172 1544 ustinus
1190 1489 1505 1561 imperator
1522 1492 1654 1560 post
1668 1488 1854 1544 multa

182 1579 352 1636 mala
381 1584 439 1635 et
466 1578 822 1650 cupiditates
853 1593 988 1634 suas
1017 1578 1078 1633 in
1110 1577 1426 1634 amentiam
1448 1594 1652 1635 versus
1675 1578 1852 1633 mori-

181 1675 326 1738 tur;
363 1685 466 1741 pro
493 1683 609 1739 quo
633 1666 906 1722 Tiberius
955 1667 1395 1735 Constantinus,
1459 1669 1558 1739 qui
1616 1672 1671 1723 et
1729 1669 1851 1739 ipso

184 1762 397 1814 mente
425 1759 593 1828 capto
625 1755 915 1826 palatium
949 1762 1190 1826 rexerat,
1224 1758 1486 1829 regnavit
1533 1758 1704 1812 annis
1751 1775 1849 1824 v11,

182 1847 283 1902 vir
313 1846 433 1901 Deo
463 1844 705 1899 devotus
737 1848 795 1898 et
825 1842 1210 1918 eleemosynis
1232 1863 1557 1918 pauperum
1585 1846 1851 1902 omnium

182 1933 593 2007 largissimus,
615 1935 792 2002 atque
823 1931 883 1988 in
908 1934 1180 2004 acquiren
1192 1936 1279 1990 dis
1301 1934 1468 1990 facile
1490 1934 1709 1990 divitiis
1732 1951 1852 1989 om-

1960 1220 2360 1290 possederant,
2396 1239 2590 1293 pugna
2618 1223 2748 1276 victi
2783 1227 2838 1278 et
2879 1240 3022 1294 pene
3045 1223 3218 1278 deleti
3253 1229 3411 1279 sunt.
3444 1226 3605 1282 Paul.

1960 1310 2109 1362 Diae.
2145 1310 2180 1362 l.
2219 1327 2297 1374 III,
2326 1327 2372 1364 c.
2406 1329 2481 1377 v.,
2513 1313 2588 1365 al.
2623 1329 2675 1367 a.
2703 1314 2826 1367 572.

2033 1398 2136 1452 578
2169 1399 2359 1453 Romae
2393 1401 2740 1456 Benedictus
2771 1418 2920 1472 papa
2952 1402 3121 1458 LXIV
3153 1403 3303 1458 sedit
3332 1403 3502 1458 annis
3533 1420 3606 1470 ιγ,

1963 1485 2264 1542 mensibus
2297 1491 2526 1557 11(162),
2552 1507 2584 1543 a
2615 1506 2729 1559 quo
2764 1490 3299 1563 beatusGregorius
3322 1493 3392 1546 de
3416 1509 3612 1547 mona-

1962 1574 2136 1628 sterio
2167 1574 2397 1630 ablatus
2428 1582 2484 1632 et
2513 1578 2793 1633 diaconus
2824 1580 3155 1644 ordinatus,
3202 1581 3610 1636 Constantino-

1962 1661 2256 1733 polimque
2280 1665 2670 1736 apocrisiarus
2702 1668 2942 1735 missus,
2968 1668 3318 1740 Eutychium
3341 1670 3606 1740 ejusdem

1962 1751 2124 1806 urbis
2154 1752 2490 1824 episcopum
2524 1756 2582 1810 in
2619 1757 2729 1811 ﬁde
2762 1757 3205 1812 resurrectionis
3237 1774 3482 1824 errasse,
3517 1759 3610 1812 Ti-

1960 1839 2119 1894 berio
2150 1843 2413 1912 Augusto
2445 1850 2729 1913 presente,
2765 1846 3049 1912 convicit;
3112 1847 3208 1902 ubi
3269 1846 3444 1902 etiam
3510 1849 3607 1903 78

1962 1929 2259 2000 egregium
2291 1948 2437 2001 opus
2469 1934 2698 1988 Moralia
2728 1937 2788 1988 in
2817 1936 2934 2000 Job,
2967 1936 3334 1991 venientibus
3377 1937 3449 1991 ad
3481 1954 3612 1991 eum

183 2025 364 2080 nium
395 2021 901 2077 fortunatissimus
932 2023 1098 2095 (159).
1135 2025 1197 2078 In
1230 2023 1394 2079 Italia
1423 2023 1559 2095 Clep
1592 2023 1852 2095 (Clepho')
1887 2054 1934 2120 Β
1965 2018 2269 2120 ῐξξοῐιδοῖιὶε
2300 2019 2457 2120 suis:
2475 2021 2722 2077 scribere
2767 2023 3107 2094 compulsus
3165 2029 3273 2079 est.
3326 2025 3488 2080 Beda.
3549 2057 3615 2064 ——

183 2109 712 2184 Langobardorum
747 2125 866 2175 rex,
901 2111 1003 2181 qui
1036 2128 1138 2184 pro
1169 2112 1412 2168 Alboino
1461 2111 1676 2168 electus
1734 2113 1856 2168 fue-

1981 2107 2098 2162 Hoc
2129 2112 2386 2180 tempore
2418 2110 2840 2166 Guntrammus
2875 2113 3022 2183 (163)
3082 2129 3180 2167 rex
3231 2112 3615 2169 Dracolenum

1980 2195 2188 2250 ducem
2218 2203 2468 2267 superbe
2497 2199 2607 2253 sibi
2639 2197 2872 2254 vincula
2903 2200 3270 2255 minitantem
3302 2217 3497 2272 pugna
3537 2202 3616 2255 vi-

1981 2288 2140 2339 ctum
2172 2287 2400 2342 occidit.
2437 2287 2591 2356 Greg.
2624 2290 2748 2343 Tur.

2049 2375 2155 2428 579
2183 2374 2542 2447 Chilpericus
2573 2393 2670 2432 rex
2693 2378 3045 2433 Francorum
3077 2378 3354 2433 inauditis
3377 2379 3623 2434 exactio-

1982 2461 2154 2518 nibus
2175 2465 2456 2535 populum
2479 2483 2653 2521 suum
2676 2471 2734 2521 et
2761 2466 3249 2538 descriptionibus
3265 2468 3498 2535 afﬂixit;
3520 2469 3621 2524 sed

1982 2557 2213 2608 exactor
2243 2554 2371 2624 ejus
2401 2555 2649 2622 occisus,
2711 2559 2766 2610 et
2824 2555 3072 2628 pictacia
3116 2574 3327 2612 census
3385 2557 3622 2613 incensa

1981 2645 2138 2697 sunt.
2169 2641 2320 2713 Greg.
2359 2644 2480 2698 Tur.
2512 2662 2564 2698 a.
2589 2661 2695 2715 seq.
2733 2676 2801 2685 —-
2826 2645 3036 2716 Magna
3067 2663 3355 2717 aquarum
3376 2646 3623 2701 inunda-

1980 2729 2059 2785 tio
2090 2734 2146 2786 et
2173 2731 2421 2799 illuvies,
2447 2733 2713 2799 fulmina,
2747 2738 2804 2790 et
2833 2738 3217 2803 terraemotus,
3245 2739 3302 2791 et
3357 2735 3625 2807 prodigia

1980 2836 2234 2891 sequens
2285 2821 2616 2892 pestilentia
2673 2821 2889 2878 Gallias
2959 2823 3220 2895 aliasque
3295 2825 3622 2895 provincias

1982 2909 2254 2966 afﬂixere.
2289 2941 2355 2950 —
2386 2912 2529 2966 Tres
2550 2911 2652 2965 filii
2685 2911 2992 2984 Chilperici
3015 2914 3348 2985 dysenteria
3379 2914 3620 2985 periere,

1980 3004 2244 3069 quartus,
2277 3000 2349 3054 ab
2380 3000 2508 3071 ipso
2540 2999 2598 3054 in
2629 3001 2895 3056 custodia
2921 3003 3164 3074 positus,
3201 3002 3501 3058 molimine
3519 3019 3620 3057 no-

1977 3105 2154 3144 verca
2193 3088 2571 3160 Fridegundis
2601 3089 2789 3145 cultro
2823 3091 2970 3146 fixus
2999 3091 3238 3146 interiit.
3281 3092 3437 3160 Greg.
3474 3093 3620 3159 Tur.,

1978 3179 2112 3232 Ilist.
2146 3179 2300 3249 epist.
2330 3195 2382 3232 α.
2405 3195 2514 3249 seq.
2547 3210 2615 3219 —-
2655 3179 2717 3234 In
2749 3179 3044 3251 Hispaniis
3102 3180 3466 3252 Leovigildus
3525 3197 3624 3236 rex

181 2207 296 2268 rat,
333 2217 473 2256 cum
499 2215 652 2254 anno
675 2203 733 2254 et
757 2215 958 2255 mense
983 2218 1098 2256 uno
1126 2201 1439 2258 crudeliter
1462 2206 1788 2274 regnasset,
1816 2207 1873 2257 et

181 2288 413 2346 multos
434 2288 840 2343 Romanorum
865 2289 1241 2360 peremisset,
1262 2307 1296 2346 a
1318 2291 1552 2362 proprio
1575 2305 1740 2345 servo
1765 2307 1870 2346 suo

182 2379 586 2449 interemptus
606 2380 724 2442 est;
741 2381 875 2448 post
893 2395 1066 2449 quem
1084 2379 1452 2452 Longobardi
1480 2379 1605 2436 sine
1635 2379 1871 2452 regibus

187 2485 297 2541 per
331 2483 520 2523 annos
551 2483 588 2520 x
619 2464 732 2520 sub
765 2467 1018 2524 ducibus
1068 2471 1158 2524 77
1219 2469 1556 2536 militantes,
1591 2468 1863 2542 pluribus

189 2575 300 2630 per
320 2560 506 2612 totam
530 2553 762 2610 Italiam
784 2556 1224 2614 debacchentur
1241 2558 1585 2625 sceleribus,
1613 2560 1878 2630 Burgun-

188 2647 479 2718 diamque
501 2643 685 2712 (sicut
732 2649 972 2702 sanctus
1031 2647 1338 2719 Hospitius
1396 2650 1546 2720 (160)
1607 2647 1874 2703 reclusus

194 2737 573 2809 pradixerat)
605 2733 884 2809 ingressi,
929 2739 1204 2792 Amatum
1258 2738 1404 2808 (161)
1463 2738 1672 2793 ducem
1713 2738 1873 2793 Gun'

191 2827 442 2882 trammi
460 2827 618 2900 regis
637 2843 837 2900 pugna
871 2824 1091 2882 victum
1118 2825 1413 2894 occidunt,
1435 2831 1491 2881 et
1520 2826 1706 2882 multa
1721 2828 1873 2883 crede

194 2915 360 2970 facta
390 2933 507 2988 prae
524 2917 620 2971 dis
653 2915 827 2970 ditati
872 2915 932 2970 in
992 2914 1219 2970 Italiam
1268 2919 1657 2971 revertuntur.
1717 2915 1868 2988 Greg.

201 3006 337 3060 Tur.
373 3006 538 3060 Paul.
573 3006 749 3070 Diae.,
782 3005 915 3072 Mar;
953 3021 1006 3058 a.
1032 3004 1160 3059 576.

268 3095 385 3148 576
406 3093 525 3148 Hoc
551 3097 822 3165 tempore
852 3093 1158 3149 Meroveus
1179 3092 1487 3165 Chilperici
1509 3092 1688 3162 ﬁlius,
1721 3112 1754 3150 a
1775 3111 1872 3166 pa-

198 3185 292 3237 tre
316 3185 527 3238 contra
556 3183 824 3237 Pictavos
855 3182 1098 3249 missus,
1131 3187 1188 3238 et
1211 3183 1347 3238 inde
1380 3187 1692 3249 revertens,
1726 3185 1870 3239 Bru-

201 3268 498 3324 nihildem
533 3268 758 3340 accepit
793 3285 1131 3337 uxorem;a
1186 3286 1304 3340 qua
1359 3271 1559 3326 statim
1617 3289 1650 3327 a
1707 3277 1868 3343 patre
1979 3267 2300 3322 Gothorum
2357 3267 2629 3334 Arianus,
2692 3269 3009 3339 instigante
3077 3269 3366 3325 Goesinda
3423 3287 3618 3337 uxore,

199 3360 543 3429 separatus,
575 3374 711 3412 cum
761 3363 1067 3430 suspectus
1111 3357 1445 3425 haberetur,
1506 3376 1621 3414 non
1679 3360 1865 3417 multo
1902 3420 1936 3431 _
1977 3355 2290 3411 catholicos
2322 3357 2712 3428 persequitur.
2742 3357 2843 3412 His
2873 3358 3082 3414 diebus
3114 3374 3337 3431 magnae
3396 3359 3622 3430 Longo-

200 3420 343 3518 po.st
370 3420 642 3502 attonsus
672 3451 729 3502 et
753 3420 1056 3519 presbyter
1071 3447 1329 3503 ordinari
1345 3420 1555 3519 jussus
1575 3454 1680 3505 est.
1705 3450 1860 3520 Greg.
1896 3420 1938 3488 C
1977 3444 2291 3500 bardorum
2322 3420 2672 3517 copiae-cum
2703 3447 2896 3502 tribus
2935 3447 3184 3503 ducibus
3211 3420 3479 3503 "Galliam
3517 3420 3621 3502 ‘in-

202 3536 330 3589 Tur.
365 3535 401 3589 ι.
434 3551 491 3602 v,
523 3551 571 3589 e.
606 3536 734 3600 2,3.
771 3536 970 3591 ——Per
998 3537 1154 3592 idem
1185 3540 1419 3608 tempus
1445 3539 1502 3592 S.
1538 3539 1865 3595 Germanus
1976 3550 2209 3605 gressa),
2245 3534 2490 3589 diversis
2522 3535 2714 3590 modis
2744 3540 2800 3589 et
2829 3535 3043 3607 prmliis
3075 3554 3108 3591 a
3153 3536 3475 3590 Mummulo
3533 3540 3618 3590 at-

199 3623 566 3679 Parisiorum
589 3623 903 3696 episcopus
931 3625 1201 3698 migravit
1231 3626 1302 3681 ad
1327 3626 1664 3682 Dominum.
1699 3629 1866 3684 Circa
1976 3622 2144 3689 trita,
2178 3623 2270 3676 vix
2298 3623 2534 3678 tandem
2558 3623 2616 3676 in
2647 3622 2873 3678 Italiam
2898 3625 3255 3695 refugerunt.
3280 3625 3441 3679 Paul.
3469 3626 3616 3678 Diae.

207 3713 325 3769 hoc
355 3718 592 3784 tempus
624 3713 994 3786 Longobardi
1044 3714 1259 3771 iterum
1316 3716 1717 3788 Burgundiam
1775 3719 1865 3773 in-

205 3801 430 3874 gressi,
453 3817 487 3854 a
505 3801 831 3857 Mummulo
853 3801 1098 3873 patricio
1117 3803 1509 3870 Guntrammi,
1533 3806 1634 3876 qui
1657 3810 1863 3862 Amato

204 3893 600 3956 successerat,
657 3891 1060 3956 circumventi,
1122 3889 1395 3964 pluribus
1447 3893 1754 3951 trucidatis
1809 3900 1866 3950 et

212 3978 413 4051 captis
439 3976 532 4032 vix
561 3977 918 4052 refugerunt.
953 3979 1108 4050 Greg.
1145 3982 1293 4048 Tur.,
1318 3982 1460 4036 Paul
1490 3983 1640 4038 Diae.

275 4069 391 4124 577
436 4068 541 4124 His
583 4067 790 4124 diebus
848 4067 1209 4140 Chilpericus
1267 4067 1615 4127 Clodoveum
1674 4072 1859 4128 filium

203 4175 408 4227 suum,
434 4162 492 4214 et
522 4157 888 4213 Desiderium
920 4157 1130 4212 ducem
1161 4161 1364 4213 contra
1403 4159 1641 4216 fratrem
1689 4178 1862 4217 suum

204 4246 669 4303 Guntrammum
698 4245 1050 4312 transmisit,
1075 4246 1175 4302 sed
1209 4263 1242 4301 a
1274 4245 1598 4304 Mummulo
1621 4251 1864 4322 patricio

207 4335 592 4392 Guntrammi
618 4351 820 4408 pugna
846 4333 980 4390 victi
1009 4338 1173 4406 terga
1200 4337 1674 4409 verterunt.Greg.
1720 4341 1864 4408 Tur.,

1974 3713 2012 3767 ι.
2048 3728 2133 3779 111,
2165 3729 2212 3766 ο.
2244 3713 2320 3778 8.,
2353 3714 2410 3766 al
2429 3729 2450 3772 ;
2483 3729 2534 3766 a.
2567 3713 2694 3766 576.

2041 3801 2147 3856 580
2177 3800 2410 3856 Cometa
2438 3801 2498 3854 in
2525 3799 2616 3854 die
2646 3801 2879 3855 Pascha:
2910 3800 3090 3856 visus.
3123 3801 3458 3858 Suessionis
3505 3819 3618 3857 cm-

1971 3890 2095 3946 lum
2130 3891 2330 3946 ardere
2357 3889 2550 3944 visum
2582 3891 2688 3944 est.
2714 3889 2974 3944 Parisius
2998 3890 3240 3960 sanguis
3269 3890 3340 3944 de
3362 3892 3618 3946 nubibus

1973 3979 2158 4035 ﬂuxit.
2195 3977 2532 4036 Pestilentia
2561 3979 2618 4032 et
2644 3976 2969 4032 mortalitas
2999 3977 3208 4048 ingens
3241 3978 3408 4033 facta.
3461 3979 3615 4049 Grcg.

1974 4073 2095 4126 Tur.
2129 4087 2188 4126 α.
2219 4071 2347 4124 582.
2381 4100 2448 4108 —
2477 4065 2842 4138 Leovigildus
2874 4083 2974 4122 rex
3014 4066 3505 4139 Herminigildum
3552 4070 3617 4123 Ii-

1971 4159 2117 4215 lium
2144 4158 2499 4214 catholicum
2533 4172 2666 4211 cum
2699 4157 2952 4211 exercitu
3001 4156 3388 4228 persequitur.
3451 4158 3614 4213 Idem.

1973 4250 2027 4304 h.
2061 4266 2113 4305 a.
2150 4280 2215 4289 —
2248 4247 2512 4304 Rodinus
2544 4244 2666 4318 [al.,
2699 4244 3048 4314 Cbrodinus]
3091 4247 3208 4302 dux
3261 4245 3615 4304 Cbildeberti

1974 4339 2106 4412 pius
2136 4342 2192 4394 et
2223 4336 2532 4409 religiosus
2553 4335 2714 4391 obiit.
2753 4337 2903 4390 Aim.
2936 4352 2989 4390 a.
3019 4337 3145 4390 582.

1257 4451 1729 4509 COMPENDIUM
1769 4457 1864 4510 EX
1903 4455 2156 4513 CODICE
2196 4451 2568 4509 BERNOLDI.

272 4549 382 4603 575
411 4547 891 4618 ConstantinOpoli
920 4548 1168 4603 Justinus
1197 4549 1497 4619 imperator
1519 4555 1637 4622 post
1684 4555 1862 4609 multa
1889 4559 1934 4622 1)
1964 4568 2172 4608 menses
2192 4551 2403 4606 duos...
2423 4551 2697 4621 praesente
2727 4550 2997 4606 convicit:
3030 4547 3126 4603 ubi
3154 4550 3321 4604 etiam
3365 4549 3436 4605 ab
3479 4551 3619 4621 epis-

197 4638 359 4693 mala
375 4653 482 4691 sua
509 4639 572 4691 in
597 4639 904 4692 amentiam
934 4652 1114 4691 versus
1139 4636 1292 4692 obiit.
1324 4639 1432 4693 Pro
1461 4655 1565 4710 quo
1611 4641 1857 4698 Tiberius

198 4725 628 4791 Constantinus,
663 4727 758 4797 qui
783 4732 835 4780 et
862 4727 977 4797 ipso
992 4729 1169 4781 mente
1189 4729 1344 4797 capto
1370 4727 1646 4798 palatium
1701 4746 1858 4785 rexe-

197 4819 314 4880 rat,
348 4814 603 4884 regnavit
632 4815 797 4868 annis
824 4818 1046 4885 septem,
1075 4817 1164 4869 vir
1195 4816 1301 4870 Deo
1333 4815 1572 4872 devotus.

270 4903 383 4959 576
413 4901 469 4957 S.
507 4900 807 4958 Germanus
859 4902 1210 4958 Parisiorum
1267 4904 1543 4975 episcopus
1593 4908 1861 4978 migravit

203 4991 280 5048 ad
302 4991 623 5046 Dominum.

274 5081 384 5136 578
413 5081 598 5138 Romae
625 5080 948 5137 Benedictus
971 5097 1116 5152 papa
1147 5080 1297 5136 LXIV
1348 5081 1494 5138 sedet
1550 5099 1723 5140 annos
1783 5101 1856 5153 ιν,

1965 4643 2111 4712 copis
2132 4638 2375 4694 Moralia
2403 4639 2462 4692 in
2483 4638 2618 4704 Job,
2639 4639 3050 4694 venientibus...
3077 4639 3388 4710 compulsus
3408 4644 3506 4694 est.

2039 4730 2144 4784 579
2165 4730 2357 4799 Magna
2386 4743 2662 4798 aquarum
2690 4728 2981 4783 inundatio
3009 4735 3060 4782 et
3085 4728 3320 4793 illuvies,
3349 4729 3612 4799 fulmina,

1967 4823 2306 4876 terraemotus
2357 4817 2601 4870 homines
2659 4819 2920 4873 terruere.
2981 4817 3126 4871 Mar.
3159 4816 3328 4887 Greg.
3391 4817 3513 4871 Tur
3559 4833 3610 4870 a.

1970 4925 2146 5050 aegeo
2175 4995 2391 5049 Cometa
2427 4992 2516 5049 die
2559 4993 2785 5050 Pasehw
2839 4994 3008 5048 visus.
3065 4989 3368 5046 Suessionis
3415 4991 3612 5045 caelum

1969 5084 2161 5140 ardere
2186 5085 2365 5138 visum
2393 5085 2491 5137 est.
2520 5083 2841 5139 Pestilentia
2872 5083 3061 5152 ingens
3091 5081 3170 5149 fit.

1806 5200 2037 5257 ΝΟΤίΕ.

280 5291 429 5366 (459)
458 5291 726 5350 Justinus
758 5311 811 5350 a.
845 5294 970 5362 574,
1012 5309 1215 5366 amens
1262 5295 1499 5350 effectus
1556 5295 1857 5354 Tiberium

207 5365 492 5438 Casei-em
520 5367 752 5432 creavit,
786 5365 913 5438 ipse
944 5365 1202 5438 primum
1248 5383 1342 5421 an.
1403 5367 1508 5432 578
1564 5374 1854 5426 mortuus.

211 5435 369 5491 Paul.
399 5437 548 5492 Diae.
574 5438 706 5494 hist.
743 5435 982 5508 Langob.
1017 5437 1054 5491 l.
1081 5454 1144 5492 ιιι
1173 5439 1368 5508 Evagr.
1407 5437 1443 5492 ι.
1475 5455 1527 5493 v.
1561 5456 1607 5494 e.
1645 5441 1730 5495 13.

279 5507 426 5578 (160)
457 5507 677 5565 Colitur
704 5511 798 5566 die
828 5507 896 5564 21
931 5509 1079 5563 Maii.
1116 5507 1242 5565 Vid.

213 5577 345 5651 hist.
375 5577 572 5638 Franc.
605 5581 646 5638 l.
674 5599 729 5651 ν,
763 5599 816 5637 c.
851 5582 906 5635 6.

283 5649 420 5725 (161)
448 5649 858 5712 Αωαιυεᾶυχ
889 5651 1576 5725 νεεὶείϐυηῐνειωωίᾕξιω
1609 5654 1678 5709 ab
1707 5671 1858 5709 anno

218 5721 322 5799 579,
353 5721 450 5783 aut
478 5744 602 5799 seq.
639 5745 674 5784 a
706 5721 1114 5799 Longobirdis
1145 5724 1336 5780 fuerat
1382 5721 1610 5782 occisus
1638 5725 1861 5782 vivente

222 5794 382 5860 adhuc
411 5794 705 5878 Clepfione
737 5794 903 5871 reg'e.

1328 5510 1590 5581 regorius
1638 5513 1854 5568 Turon.

2039 5294 2182 5368 (162)
2207 5291 2735 5368 Benedictuspapa
2750 5295 2867 5368 _boc
2882 5309 3049 5368 anno
3071 5288 3488 5368 obiit,__e_lectus
3513 5307 3608 5345 an.

1965 5362 2094 5423 575.
2127 5362 2263 5429 Quae
2281 5380 2413 5436 vero
2434 5364 2528 5418 hic
2546 5362 2615 5418 de
2643 5362 3006 5421 ordlnatione
3019 5363 3283 5436 Gregorii
3298 5362 3608 5436 habentur,

1968 5455 2085 5493 non
2116 5435 2424 5492 Benedicto
2448 5436 2757 5507 tribuenda
2786 5445 2947 5503 sunt,
2971 5438 3070 5492 sed
3096 5434 3324 5507 Pelagio
3348 5434 3609 5504 ejusdem

1967 5510 2076 5565 hoc
2108 5524 2259 5563 anno
2292 5506 2636 5560 successori.

2039 5580 2186 5652 (163)
2218 5578 2642 5652 Guntrammus
2668 5577 2778 5632 istc
2811 5593 2924 5630 non
2958 5594 3055 5630 rex
3096 5579 3445 5652 Francorum
3480 5575 3607 5652 fuit,

1969 5643 2068 5707 sed
2127 5643 2552 5706 Guntrammus
2611 5649 2757 5706 Boso
2817 5665 2884 5703 ex
2942 5649 3278 5722 proceribus
3303 5643 3610 5719 Chilperici

1969 5722 2142 5796 regis.
2176 5723 2411 5780 Aimoin.
