4026 6228
409 428 524 491 123

1221 424 1628 490 HERMANNI
1656 420 2108 489 CONTRACTI
2136 418 2560 495 AUGIENSIS
2604 422 2987 496 MONACHI.

3695 374 3821 488 ut

1770 584 2006 641 CODEX
2044 586 2439 647 AUGIENSIS.

476 688 572 747 581
611 688 729 745 Hoc
757 690 1013 758 tempore
1068 684 1352 741 exercitus
1400 683 1613 740 Tiberii
1671 684 2045 755 imperatoris
2074 686 2131 753 Α
2161 687 2378 745 scelera
2408 692 2464 745 et
2491 689 2647 745 mala
2676 706 2803 758 sua,
2825 688 3057 747 insidiis
3072 690 3373 762 perempto
3390 685 3537 761 (l6‘7)
3568 676 3628 744 et
3644 683 3817 744 Pari-

406 780 628 835 missus
651 778 853 833 Persas
884 778 1147 847 potenter
1176 773 1492 845 superavit,
1525 777 1581 828 et
1606 771 1758 827 inter
1812 772 2045 828 inume-

404 868 647 925 rabilem
680 865 881 938 praeda:
913 864 1139 934 copiam
1178 880 1249 917 xx
1306 862 1650 933 elephantos
1709 860 2047 933 imperatori

405 956 614 1012 reddit.
652 956 777 1026 Ipse
807 955 1143 1025 imperator,
1177 968 1311 1006 cum
1348 950 1514 1005 Italia
1568 954 1624 1005 et
1679 951 1807 1021 ipsa
1865 951 2049 1005 Roma

402 1044 555 1101 bello
584 1043 1121 1114 Longobardorum,
1150 1040 1482 1111 pestilentia
1511 1043 1565 1094 et
1598 1039 1837 1110 insuper
1897 1039 2048 1093 fame

404 1134 652 1208 graviter
681 1132 987 1195 laboraret,
1018 1146 1192 1184 naves
1216 1129 1507 1183 frumento
1530 1135 1771 1182 onustas
1804 1127 2047 1182 Romam

405 1223 587 1288 misit,
620 1226 677 1276 et
716 1236 957 1275 annonae
1013 1217 1239 1288 copiam
1293 1216 1506 1288 populo
1560 1215 2045 1272 subministravit.

406 1313 548 1367 Paul
572 1312 719 1364 Diae.
756 1310 793 1363 l.
830 1326 911 1361 ιιι.
944 1324 991 1360 c.
1030 1308 1110 1361 l2.

478 1401 576 1454 19
601 1400 708 1451 582
736 1393 1232 1465 Constantinopoli
1264 1394 1534 1449 Tiberius
1560 1395 1873 1464 imperator
1889 1392 2049 1447 omni

403 1488 574 1542 laude
604 1484 1012 1556 dignissimus,
1048 1484 1250 1537 morbo
1282 1487 1497 1548 tactus,
1542 1482 1719 1536 ﬁliam
1771 1499 1938 1536 suam
1994 1485 2050 1534 et

400 1575 715 1647 imperium
751 1571 1029 1627 Mauricio
1056 1572 1312 1639 tradidit,
1331 1575 1388 1626 et
1413 1571 1537 1642 ipse
1560 1587 1627 1625 ex
1650 1570 1758 1625 hac
1781 1570 1897 1624 vita
1918 1569 2047 1623 feli-

403 1665 548 1720 citer
577 1662 862 1717 discessit.
890 1665 998 1715 Pro
1020 1677 1134 1731 quo
1157 1659 1311 1714 idem
1334 1658 1650 1714 Mauricius
1674 1675 1879 1729 genere
1902 1658 2046 1729 Cap-

400 1754 591 1826 padox
620 1749 882 1822 regnavit
912 1748 1083 1804 annis
1111 1765 1227 1805 xm.
1270 1747 1422 1817 Greg.
1461 1750 1585 1803 Tur.
1619 1778 1688 1787 —
1721 1749 1913 1802 Romae
1945 1746 2047 1800 Pe-

400 1842 595 1914 lagius
625 1839 919 1895 secundus
950 1838 1095 1909 (164)
1119 1854 1269 1909 papa
1289 1837 1425 1891 LXV
1446 1837 1785 1891 sedit'annis
1803 1836 2048 1904 x,'men-

402 1931 566 1987 sibus
597 1947 658 1984 ιι.
692 1928 794 1982 Hic
826 1925 1109 1998 templum
1161 1928 1216 1979 S.
1281 1924 1430 1979 Petri
1482 1924 1698 1979 tabulis
1757 1923 2046 1995 argenteis

401 2016 698 2073 deauratis
728 2016 885 2082 texit,
921 2016 1163 2068 domum
1198 2031 1363 2068 suam
1417 2012 1841 2068 xenodochium
1894 2011 2045 2075 fecit,

398 2106 700 2162 basilicam
732 2105 790 2159 S.
848 2102 1140 2158 Laurentii
1199 2103 1543 2166 construxit,
1602 2107 1658 2156 et
1708 2100 2043 2173 sepulcrum

398 2196 527 2267 ejus
555 2192 773 2249 tabulis
806 2190 1095 2264 argenteis
1127 2190 1371 2246 ornavit.
1405 2191 1588 2245 Anast.

465 2286 588 2340 583.
623 2281 1025 2338 Childebertus
1059 2296 1157 2334 rex
1191 2280 1542 2333 Francorum
1581 2296 1715 2334 cum
1748 2278 1857 2333 hoc
1898 2283 2045 2333 tem-

399 2390 538 2445 pore
559 2390 590 2426 L
620 2370 805 2425 millia
833 2368 1050 2424 solidos
1081 2366 1208 2423 auri
1265 2384 1300 2420 a
1357 2366 1636 2421 Mauricio
1698 2366 2046 2437 imperatore

399 2460 741 2532 accepisset,
760 2460 1053 2530 quatenus
1076 2455 1488 2527 Longobardos
1510 2473 1577 2509 ex
1603 2454 1765 2510 Italia
1781 2453 2044 2526 pelleret,

397 2549 589 2605 valido
619 2562 752 2602 cum
785 2544 1037 2601 exercitu
1072 2542 1294 2598 Italiam
1313 2543 1505 2614 petiit;
1531 2544 1628 2597 sed
1652 2541 2046 2612 Longobardis

400 2636 753 2710 petentibus,
779 2638 838 2688 et
867 2648 1113 2687 munera
1142 2631 1543 2698 offerentibus,
1570 2649 1769 2703 pacem
1794 2647 1926 2685 cum
1961 2631 2045 2687 eis

400 2727 755 2797 pactumque
784 2722 1163 2787 confirmans,
1203 2720 1329 2774 sine
1378 2719 1528 2775 bello
1581 2720 1773 2788 rediit,
1829 2721 2044 2775 Mauri-

406 2813 613 2885 cioque
643 2810 951 2884 pecuniam
984 2808 1264 2880 repetenti
1297 2824 1401 2863 nec
1458 2825 1805 2880 responsum
1865 2809 2041 2863 dedit.

406 2908 568 2973 Greg.
609 2903 731 2956 Tur.
759 2917 773 2967 ;
805 2899 966 2953 Paul.
998 2899 1149 2953 Diae.
1181 2915 1234 2953 a.
1266 2898 1392 2951 584.

474 2990 579 3043 584
619 2988 979 3043 Guntramus
1010 3003 1130 3052 rex,
1162 2986 1220 3040 in
1265 2985 1603 3039 suburbano
1661 2984 2045 3040 Cavillonensi

401 3094 635 3135 summo
652 3076 845 3132 studio
862 3074 1284 3131 monasterium
1329 3074 1387 3129 S.
1404 3073 1656 3130 Marcelli
1678 3078 2043 3142 construens,

406 3167 480 3223 ad
513 3163 845 3236 exemplum
874 3163 1242 3235 Agaunensis
1273 3162 1549 3217 instituit.
1601 3162 1757 3231 Greg.
1796 3165 1917 3218 Tur.
1978 3195 2045 3204 —-

402 3254 783 3311 Gundoaldus
800 3253 949 3324 (165)
972 3253 1234 3324 quidam,
1253 3268 1384 3307 cum
1405 3250 1619 3305 auxilio
1644 3250 1953 3306 Mummuli
1988 3255 2047 3305 et

2157 777 2281 832 sius
2302 777 2361 832 in
2383 776 2627 833 basilica
2646 778 2703 833 S.
2723 777 3013 834 Vincentii
3037 776 3290 851 sepulto,
3311 776 3644 833 Clotharius
3667 791 3818 848 puer

2156 865 2312 921 ﬁlius
2333 868 2460 938 ejus
2492 884 2525 923 a
2549 866 2934 921 Guntrammo
2962 883 3093 940 rege
3124 869 3332 939 patruo
3363 882 3470 921 suo
3520 864 3813 936 baptizari

2148 954 2355 1024 jussus
2377 955 2422 1025 (l
2437 956 2521 1026 68)
2540 960 2597 1010 et
2612 956 2683 1010 de
2704 972 2868 1010 sacro
2894 955 3051 1011 fonte
3072 960 3404 1025 susceptus,
3423 954 3601 1025 inque
3628 969 3812 1025 regno

2158 1041 2339 1112 patris
2362 1042 2734 1109 sublimatus,
2755 1047 2990 1114 regente
3008 1048 3193 1098 matre
3212 1042 3578 1113 Fridegunde
3590 1045 3649 1096 et
3666 1042 3817 1095 Lan-

2154 1128 2347 1185 derico
2381 1130 2600 1200 majore
2621 1131 2850 1195 domus,
2879 1131 3139 1203 regnavit
3164 1130 3336 1185 annis
3353 1147 3477 1185 xw.
3504 1128 3663 1200 Greg.
3683 1130 3809 1183 Tur.

2155 1236 2207 1273 a.
2242 1235 2325 1282 pr.
2360 1219 2720 1274 Mummulus
2750 1219 3051 1291 patricius,
3086 1236 3220 1274 reus
3255 1217 3579 1289 majestatis
3612 1218 3812 1274 convi-

2156 1310 2304 1371 ctus,
2329 1307 2503 1377 jussu
2537 1306 2908 1363 Guntrammi
2939 1307 3091 1379 regis
3129 1306 3499 1373 interficitur,
3562 1310 3621 1361 et
3678 1305 3810 1360 the-

2157 1395 2313 1449 sauri
2346 1396 2474 1464 ejus
2506 1394 2564 1449 in
2599 1396 2805 1451 fiscum
2838 1396 3203 1468 rediguntur.
3242 1395 3396 1465 Greg.
3432 1396 3490 1449 h.
3517 1412 3571 1450 a.

2225 1484 2331 1537 586
2362 1483 2424 1538 In
2445 1483 2608 1538 Italia
2632 1483 2994 1555 Langobardi
3020 1488 3201 1555 postx
3228 1500 3434 1548 annos,
3458 1483 3679 1554 quibus
3700 1482 3813 1537 du-

2158 1587 2251 1625 ces
2283 1576 2588 1643 praeerant,
2621 1572 2971 1627 Autharium
3000 1571 3240 1628 Flavum
3272 1570 3584 1642 Clephonis
3615 1570 3812 1626 filium

2157 1676 2351 1729 regem
2375 1663 2673 1729 statuunt;
2706 1661 2805 1733 qui
2840 1660 3046 1716 bellico
3070 1661 3263 1716 clarus
3291 1660 3509 1715 virtute
3536 1660 3805 1731 regnavit

2157 1749 2324 1804 annis
2342 1750 2554 1820 v1,-qui
2589 1750 2741 1805 inter
2769 1750 2884 1805 alia
2916 1749 3224 1806 Brexillam
3265 1749 3471 1806 urbem
3513 1748 3717 1815 diruit,
3753 1752 3815 1804 et

2154 1841 2336 1891 totam
2357 1854 2503 1910 pene
2522 1837 2747 1893 Italiam
2767 1842 2969 1895 secuto
3000 1843 3262 1910 tempore
3294 1836 3446 1894 bello
3479 1836 3813 1910 peragravit

2155 1926 2297 1979 Paul
2327 1927 2477 1982 Diae.
2514 1924 2900 1998 Leovigildus,
2935 1944 3036 1982 rex
3067 1927 3387 1982 Gothorum
3424 1926 3484 1980 in
3525 1924 3812 1997 Hispania

2154 2013 2429 2081 Arianus,
2445 2014 2939 2087 Herminigildum
2959 2031 3151 2087 regem
3171 2014 3355 2069 ﬁlium
3378 2030 3552 2069 suum
3567 2014 3661 2069 die
3680 2030 3812 2070 san-

2155 2106 2245 2157 cto
2274 2102 2507 2157 Pascha:
2541 2121 2702 2171 xvm,
2736 2104 2862 2159 Kal.
2898 2104 3033 2159 Maii
3064 2103 3109 2175 (1
3122 2103 3212 2175 69)
3236 2103 3424 2158 securi
3436 2102 3621 2174 jussit
3636 2102 3810 2157 inter-

2154 2191 2267 2246 fici.
2298 2192 2720 2247 Guntrammus
2742 2209 2840 2248 rex
2860 2192 3177 2248 exercitum
3206 2191 3266 2247 in
3289 2191 3601 2264 Hispanias
3623 2190 3808 2257 misit,

2155 2280 2255 2352 qui
2288 2280 2622 2336 infirmatus
2653 2279 2852 2335 statim
2881 2280 3049 2336 redit.
3087 2280 3241 2352 Grcg.
3276 2281 3399 2335 Tur.
3433 2296 3485 2333 a.
3518 2280 3648 2333 585.

2226 2370 2328 2423 587
2359 2368 2704 2424 Leudisolus
2736 2368 3192 2441 [Leudegiselus]
3224 2386 3258 2424 a
3286 2369 3677 2425 Guntrammo
3700 2384 3803 2440 pa-

2154 2456 2359 2513 tricius
2388 2462 2779 2529 promovetur.
2813 2457 2966 2528 Greg.
3000 2458 3125 2513 Tur.
3175 2474 3227 2513 a.
3286 2457 3411 2512 586.
3469 2487 3537 2497 —
3597 2455 3812 2528 Magna

2155 2562 2441 2616 aquarum
2469 2545 2776 2600 inundatio
2807 2545 2979 2600 facta.
3002 2545 3222 2601 Globus
3244 2544 3452 2618 igneus
3470 2543 3805 2600 scintillans

2153 2638 2210 2691 et
2239 2634 2404 2706 quasi
2435 2634 2673 2705 rugiens
2703 2634 2774 2689 de
2804 2633 2944 2689 coelo
2965 2634 3025 2689 in
3056 2639 3274 2689 terram
3305 2633 3534 2688 cecidit.
3554 2632 3633 2688 Id.
3667 2633 3723 2688 h.
3751 2651 3805 2688 α.

2154 2755 2222 2762 —-
2236 2724 2297 2777 In
2311 2722 2593 2794 Hispania
2605 2721 2976 2795 Leovigildus
2991 2738 3090 2778 rex
3110 2722 3433 2779 Gothorum
3456 2720 3728 2790 moritur,
3745 2725 3804 2778 et

2154 2810 2517 2865 Reccaredus
2550 2809 2707 2866 ﬁlius
2731 2811 2861 2880 ejus
2893 2827 2992 2866 rex
3037 2826 3141 2882 pro
3198 2826 3264 2865 eo
3322 2808 3611 2873 efﬁcitur;
3670 2809 3798 2881 qui,

2154 2900 2408 2955 instante
2435 2899 2697 2954 Leandro
2719 2898 3081 2971 Hispalitano
3096 2899 3390 2971 episcopo,
3421 2914 3454 2953 a
3481 2913 3597 2968 quo
3618 2898 3802 2954 frater

2153 2989 2281 3059 ejus
2328 2986 2788 3059 Herminigildus
2843 3003 3157 3043 conversus
3215 2986 3422 3051 fuerat,
3481 3003 3617 3042 cum
3678 2990 3804 3043 tota

2152 3081 2322 3149 gente
2353 3075 2673 3132 Gothorum
2705 3092 2820 3131 non
2852 3075 3038 3132 multo
3069 3079 3201 3149 post
3229 3076 3301 3131 ad
3334 3074 3689 3131 catholicam
3733 3076 3801 3129 ﬁ-

2153 3167 2287 3221 dem
2309 3164 2682 3220 convertitur.
2716 3164 2873 3234 Greg.
2908 3167 3030 3221 Tur.
3063 3182 3120 3221 a.
3148 3166 3254 3220 586
3283 3172 3336 3220 et
3362 3165 3489 3219 588.

2226 3254 2332 3309 588
2364 3253 2809 3319 Guntrammus,
2842 3256 2898 3309 et
2934 3252 3339 3309 Childebertus
3369 3267 3535 3325 reges
3562 3250 3720 3308 inter
3747 3268 3811 3309 se

398 3342 682 3399 Desiderii
714 3358 959 3413 regnum
990 3341 1289 3407 affectans,
1330 3345 1531 3395 contra
1588 3339 2041 3394 Guntrammum
2098 3414 2103 3415 γ
2154 3359 2356 3415 pacem
2387 3345 2444 3397 et
2469 3345 2704 3413 paetum
2742 3346 2947 3397 mutuo
3002 3341 3373 3409 confirmant,
3432 3357 3805 3413 regnumque

397 3430 767 3505 tyrannidem
796 3428 1030 3484 invasit.
1065 3428 1174 3484 Sed
1207 3444 1240 3483 a
1270 3428 1522 3483 ducibus
1562 3427 1691 3497 ejus
1738 3427 2042 3482 Leudiselo
2077 3414 2119 3480 C
2148 3428 2517 3486 Guntrammi
2553 3433 2686 3501 post
2714 3429 2937 3484 obitum
2964 3430 3095 3500 ejus
3120 3428 3495 3485 Childeberto
3526 3429 3624 3485 8|
3669 3446 3804 3501 pro-

398 3525 458 3575 et
499 3519 737 3591 Egilano
788 3519 1041 3589 fugatus,
1085 3533 1217 3571 cum
1252 3515 1534 3571 latebram
1556 3515 2041 3588 Cambanis(466)

398 3608 543 3664 urbe
571 3607 805 3671 foveret,
839 3623 873 3661 a
929 3607 1152 3661 Bosone
1182 3605 1252 3659 de
1284 3621 1427 3676 rupe
1454 3602 1848 3676 praecipitatus
1896 3604 2040 3660 inte-

396 3696 519 3764 riit,
551 3698 704 3767 Greg.
739 3697 863 3751 Tur.

469 3786 572 3842 80
607 3785 715 3840 585
743 3782 1067 3855 Chilperico
1096 3796 1229 3854 rege
1258 3782 1635 3850 Francorum,
1670 3785 1804 3853 post
1860 3782 2046 3840 multa

2152 3519 2422 3575 mittitur.
2447 3515 2724 3573 Nonnulli
2748 3517 3083 3590 principum
3099 3521 3158 3573 et
3181 3517 3401 3573 ducum
3421 3516 3811 3589 Childeberti,

2151 3608 2280 3678 conj
2291 3605 2574 3663 arationis
2604 3614 2803 3662 contra
2832 3622 2969 3662 eum
2990 3605 3257 3673 convicti,
3281 3605 3472 3678 puniti
3494 3611 3658 3662 sunt.
3683 3609 3813 3667 Fre-

2152 3697 2269 3769 deg.
2302 3714 2354 3752 a.
2386 3696 2511 3751 587.
2542 3725 2613 3736 -—
2639 3696 2704 3750 In
2736 3694 3018 3767 Hispania
3051 3694 3292 3752 haeresis
3312 3694 3615 3751 destructa
3643 3700 3705 3752 et
3723 3713 3813 3770 sy-

2154 3786 2344 3841 nodus
2372 3782 2650 3839 Toletana
2680 3781 2921 3838 collecta
2949 3786 3038 3838 est
3066 3782 3362 3839 industria
3384 3783 3635 3839 Leandri
3661 3801 3810 3858 pra;-

1440 3887 1915 3944 COMPENDIUM
1955 3890 2047 3945 EX
2086 3891 2340 3948 CODICE
2377 3888 2753 3947 BERNOLDI.

460 3986 559 4045 581
596 3989 703 4044 Hoc
729 3991 971 4059 tempore
1000 3987 1268 4041 exercitus
1303 3985 1507 4041 Tiberii
1534 3985 1879 4056 imperatoris
1907 3989 2043 4042 Per-

344 4071 352 4077 ’
391 4093 480 4133 sas
512 4080 761 4148 potenter
778 4077 1076 4147 superavit.

463 4164 572 4219 582
592 4163 1060 4234 Constantinopoli
1090 4163 1333 4218 Tiberius
1358 4164 1515 4219 omni
1567 4162 1727 4217 laude
1782 4162 2042 4233 dignissi-

393 4268 518 4308 mus
563 4251 698 4307 obiit
740 4268 840 4323 pro
885 4268 987 4324 quo
1038 4252 1337 4307 Mauricius
1395 4254 1648 4319 regnavit
1715 4253 1881 4307 annis
1926 4270 2041 4308 xxI.

394 4343 582 4397 Romae
610 4341 869 4411 Pelagius
898 4341 1170 4397 secundus
1213 4357 1362 4413 papa
1392 4340 1518 4394 LXV
1571 4339 1712 4394 sedit
1765 4342 1930 4395 annis
1986 4359 2043 4410 x,

395 4428 677 4485 mensibus
706 4446 767 4485 ιι.
801 4431 898 4487 Hic
925 4430 1194 4502 templum
1222 4429 1278 4484 S.
1327 4429 1484 4483 Petri
1523 4426 1725 4482 tabulis
1777 4432 2047 4499 argenteis

396 4519 678 4575 deauratis
699 4520 856 4588 texit,
887 4521 1106 4591 aliaque
1133 4517 1312 4572 multa
1338 4516 1477 4571 bona
1503 4517 1654 4586 fecit.

468 4606 576 4663 583
602 4607 979 4665 (thitdebertus
1007 4608 1493 4696 rexiFrancorum,
1539 4606 1774 4676 acceptis
1832 4623 1875 4696 Lg
1916 4608 2046 4663 mil-
2080 4630 2129 4696 Ι)

400 4697 544 4753 libus
562 4696 864 4754 solidorum
886 4698 1017 4752 auri
1043 4712 1077 4750 a
1105 4695 1368 4749 Mauricio
1400 4694 1532 4763 imp.
1570 4699 1629 4749 ut
1678 4694 2049 4766 Langobardos

399 4785 468 4843 de
490 4785 652 4842 Italia
674 4786 922 4857 pelleret,
952 4799 1077 4838 eum
1095 4782 1296 4838 eisdem
1316 4788 1541 4854 pactum
1572 4784 1836 4855 ﬁrmavit,
1864 4788 1917 4839 et
1940 4787 2046 4841 im-

399 4875 644 4947 peratori
669 4875 961 4947 pecuniam
990 4871 1298 4942 requirenti
1323 4886 1422 4925 nec
1454 4886 1777 4943 responsum
1801 4873 1965 4929 dedit.

370 4956 381 4963 “
469 4963 579 5019 584
609 4962 1001 5018 Guntrammus
1048 4975 1151 5015 rex
1209 4960 1271 5013 in
1323 4958 1635 5017 suburbano
1677 4961 2052 5019 Cabillonensi

400 5051 798 5107 monasterium
827 5050 883 5105 S.
905 5048 1151 5104 Marcelli
1171 5050 1500 5104 construxit.

2223 3991 2329 4045 585
2359 3988 2693 4060 Chilpericus
2721 4002 2820 4041 rex
2847 3987 3206 4056 Francorum,
3234 4001 3335 4058 per
3363 3985 3603 4043 insidias
3662 3990 3807 4045 inte-

2152 4085 2410 4149 remptus,
2443 4077 2697 4131 Parisius
2725 4074 3009 4147 sepelitur.

2222 4167 2330 4220 586
2357 4162 2698 4236 Longobardi
2727 4163 3060 4219 Autharium
3089 4179 3273 4233 regem
3296 4164 3408 4219 sibi
3442 4166 3809 4222 constituunt.

2221 4255 2328 4309 587
2358 4253 2553 4309 Globus
2586 4255 2845 4322 igneus...
2888 4252 3100 4308 cecidit.
3161 4254 3224 4308 In
3280 4254 3547 4325 Hispania
3600 4254 3811 4310 Richa-

2154 4342 2334 4410 redus,
2368 4342 2645 4412 Levigiltli
2680 4344 2823 4413 regis
2876 4342 3168 4398 Gothorum
3223 4342 3423 4397 Ariani
3469 4341 3647 4411 ﬁlius,
3695 4351 3821 4415 post

2152 4435 2381 4487 mortem
2397 4432 2574 4503 patris
2629 4431 2847 4503 effectus
2901 4445 3022 4497 rex,
3076 4447 3112 4485 a
3157 4429 3403 4486 Leandro
3457 4432 3811 4504 Hispalitano

2153 4522 2396 4593 episcopo
2450 4535 2576 4574 cum
2622 4522 2737 4575 tota
2786 4522 2944 4589 gente
3003 4517 3291 4575 Gothorum
3347 4519 3420 4575 ad
3480 4521 3822 4577 catholicam

2156 4608 2330 4681 ﬁdem
2356 4610 2713 4665 convertitur.

2223 4700 2329 4753 588
2358 4700 2421 4753 In
2451 4698 2719 4769 Hispania
2749 4695 2972 4753 haeresis
3019 4697 3309 4752 Ariana...
3358 4698 3521 4769 regis.
3587 4696 3816 4754 Cresam

2156 4788 2369 4859 regina,
2402 4802 2545 4841 uxor
2571 4785 2800 4855 Aunulﬁ
2823 4787 2975 4859 regis
3005 4790 3324 4855 Persarum,
3353 4786 3566 4843 occulte
3624 4788 3809 4860 bapti-

2155 4880 2303 4943 zata,
2322 4874 2664 4948 postmodum
2683 4875 2852 4931 etiam
2877 4876 3142 4931 maritum
3169 4891 3332 4932 suum
3360 4891 3486 4931 cum
3517 4883 3631 4934 tota
3660 4882 3827 4948 gente

2156 4964 2302 5036 apud
2334 4963 2680 5020 Antiochiam
2710 4963 2984 5036 baptizari
3009 4966 3302 5036 persuasit.

1994 5159 2226 5217 ΝΟΤΛΕ.

480 5321 626 5393 (165)
663 5321 762 5377 Hic
792 5328 914 5393 erat
943 5321 1363 5378 Gundobaldus
1405 5321 1726 5393 praetean
1779 5325 2057 5383 Clotharii

368 5474 373 5481 '
411 5392 565 5481 aegis
595 5392 777 5481 filius,
811 5392 880 5481 de
911 5410 1024 5464 quo
1057 5392 1482 5481 plppib_u§nagit
1512 5395 1874 5481 Gregorius“
1889 5398 2056 5481 Tur.,

411 5463 557 5519 Hist.
595 5464 823 5537 Franc,
856 5463 894 5537 lg.
929 5463 1002 5530 v1,
1035 5463 1081 5519 ό.
1115 5466 1181 5518 24
1207 5471 1265 5521 et
1288 5468 1376 5533 26,
1411 5464 1449 5520 l.
1484 5483 1583 5531 vn,
1609 5463 1659 5521 οἶ
1691 5468 1781 5536 36,
1805 5469 1898 5535 38,
1922 5463 2057 5537 ctc.,

480 5251 611 5319 (164
665 5249 937 5319 Pelagius
971 5250 1017 5305 II
1041 5252 1163 5321 jam
1197 5266 1249 5305 a.
1280 5251 1385 5306 578
1416 5267 1567 5323 papa
1597 5252 1708 5308 fuit
1735 5252 1974 5311 electus.

480 5252 631 5447 Q65}
663 5321 762 5403 ilic
792 5328 914 5376 erat
943 5321 1363 5404 Gundobaldus
1405 5327 1750 5405 praetensus
1779 5325 1974 5383 Clotha

480 5410 565 5447 ms
615 5393 777 5447 illus.
811 5392 880 5447 de
911 5410 1024 5447 ouo
1058 5393 1323 5447 pluribus
1362 5399 1482 5447 agit
1512 5395 1830 5447 Gregorius
1889 5398 1974 5447 'I‘n

412 5550 517 5590 nec
550 5535 999 5605 nonAimoinus
1026 5538 1086 5593 in
1118 5536 1330 5593 Hister.
1368 5538 1661 5605 Francor.,
1698 5543 1755 5593 et
1786 5538 1904 5594 alii.

485 5605 634 5675 (166)
669 5604 879 5680 Urbem
913 5608 1313 5665 Convenarum
1355 5609 1532 5663 habet
1583 5604 1895 5680 Gregorius
1943 5613 2061 5667 Tu-

2167 5273 2217 5313 o.
2239 5255 2387 5399 (3%.7)
2419 5326 2576 5384 Mors
2607 5323 2915 5397 Chilperici
2944 5341 2980 5381 a
3007 5324 3283 5399 Gregorio
3304 5326 3377 5382 ad
3410 5342 3507 5382 an.
3565 5327 3680 5384 584
3735 5343 3827 5385 re-

2166 5402 2747 5541 ιἶοῗ1ξιε181)ῐῖἰιοῑξιιιι-ἱιιε
2777 5467 3036 5540 primum
3064 5484 3118 5524 a.
3151 5466 3261 5523 590
3318 5467 3660 5541 baptizatus
3717 5474 3828 5528 est.

2172 5539 2326 5609 Greg.
2362 5539 2515 5604 Tur.,
2545 5539 2585 5593 ι.
2617 5555 2672 5605 x,
2703 5555 2751 5593 e.
2786 5539 2874 5609 28.

2243 5608 2394 5681 (169)
2425 5610 2519 5665 Hae
2551 5614 2698 5683 notis
2749 5608 3035 5683 chronicis
3094 5624 3315 5666 annum
3373 5609 3483 5665 586
3533 5610 3827 5683 indicant,

416 5691 566 5753 rpn_._,
602 5677 699 5750 qui
732 5678 907 5735 etiam
938 5680 1305 5737 Guntrammi
1338 5680 1517 5753 duces
1551 5677 1984 5753 Leudegisilum
2007 5687 2065 5737 et
2173 5677 2518 5753 quanquam
2549 5679 2647 5735 alii
2680 5679 2938 5752 priorem
2970 5684 3250 5737 statuant.

417 5746 660 5821 Egilafn
694 5756 881 5820 vocat,
905 5756 963 5808 et
986 5769 1090 5826 pro
1124 5756 1345 5808 Bosone
1374 5750 1639 5806 Ollonem
1670 5746 1852 5821 ponit,
1887 5751 1926 5807 I.
1959 5769 2061 5820 vn,
