4026 6228
382 386 495 459 127

1195 392 1607 459 HERMANNI
1650 392 2096 458 CONTRACTI
2139 395 2558 463 AUGIENSIS
2601 396 2978 466 ΜΟΝΑωῙ.

3678 391 3807 460 128

1732 554 1959 610 CODEX
1995 555 2398 616 AUGIENSIS.

448 679 556 736 595
583 673 893 749 Gregorius
942 689 1093 746 papa
1120 673 1409 745 synodum
1447 688 1582 726 xxrv
1611 671 2020 743 episcoporum
2049 675 2105 740 Α
2134 680 2469 747 peremptus
2499 681 2606 733 est.
2638 678 2857 749 Fredeg.
2889 695 2924 733 a
2967 693 3055 750 pr.
3089 708 3159 720 —
3210 677 3316 735 Per
3357 676 3483 734 hac
3511 679 3805 750 tempora

378 786 482 842 pro
514 766 765 823 utilitate
795 762 1061 819 Ecclesiae
1106 762 1177 816 ad
1211 762 1489 816 Sanctum
1522 760 1756 815 Petrum
1788 759 2023 831 collegit

375 856 691 913 indictione
721 871 814 908 xxv
845 852 1014 923 (177).
1040 851 1243 905 Franci
1275 855 1331 905 et
1355 849 1614 904 Britanni
1646 849 1802 919 gravi
1836 850 2020 903 utrin-

375 962 487 1017 que
518 944 669 999 cazde
692 958 888 1013 pugna
907 939 1253 1009 confligunt.
1288 939 1389 993 His
1430 938 1637 992 diebus
1666 937 1889 992 Tassilo
1922 954 2020 993 rex

372 1033 705 1104 Bajoarium
763 1049 797 1085 a
843 1029 1212 1084 Cbildeberto
1261 1027 1655 1091 constituitur,
1719 1020 1820 1097 qui
1888 1043 2020 1081 mox

371 1122 589 1179 Sclavis
612 1119 925 1193 superatis,
952 1133 1229 1189 magnam
1252 1115 1457 1171 exinde
1472 1116 1724 1185 praedam
1750 1116 2017 1186 deporta-

367 1213 468 1267 vit.
512 1210 674 1266 Paul.
711 1211 860 1263 Diae.
891 1208 927 1262 l.
960 1224 1035 1273 ιν,
1066 1222 1112 1260 c.
1149 1207 1200 1275 4,
1233 1208 1289 1272 7,
1321 1207 1407 1260 42.

438 1301 543 1354 596
574 1300 827 1354 Sanctus
876 1295 1158 1350 Columba
1202 1294 1503 1365 presbyter
1550 1298 1605 1347 et
1652 1293 1854 1357 abbas,
1889 1297 2020 1364 post

369 1388 557 1444 multa
591 1384 875 1441 miracula
906 1385 963 1439 in
996 1382 1191 1439 insula
1210 1382 1301 1437 Hii
1326 1384 1495 1453 juxta
1521 1382 1876 1448 Hiberniam,
1909 1382 2016 1435 mi-

367 1479 555 1550 gravit
584 1476 654 1531 ad
686 1474 1001 1530 Dominum
1053 1489 1204 1527 anno
1234 1472 1419 1526 aetatis
1474 1487 1665 1525 vam.
1700 1471 1842 1524 Beda
1890 1470 2013 1524 hist.

366 1566 529 1634 Angl.
552 1596 619 1605 -—
643 1564 759 1619 Hoc
784 1569 1043 1636 tempore
1060 1563 1264 1617 beatus
1286 1576 1438 1632 papa
1455 1559 1787 1631 Gregorius,
1822 1559 2018 1614 missis

368 1654 705 1710 doctoribus
724 1652 1069 1723 Augustino,
1092 1649 1335 1714 Mellito,
1362 1649 1584 1703 Joanne
1603 1653 1658 1702 et
1688 1647 1816 1702 aliis
1836 1648 2017 1702 servis

368 1743 493 1810 Dei,
522 1742 844 1815 Anglorum
871 1739 1027 1812 genti
1050 1739 1109 1793 in
1144 1737 1444 1793 Britannia
1462 1738 1703 1791 verbum
1726 1736 1852 1789 vitaz
1870 1753 2015 1807 pras-

367 1832 563 1888 dicare
576 1831 760 1903 jussit
780 1845 1028 1900 eamque
1046 1831 1393 1899 cooperante
1414 1825 1513 1881 Dei
1537 1825 1723 1896 gratia
1744 1824 1813 1879 ad
1840 1824 2015 1879 ﬁdem

365 1921 582 1977 Christi
637 1937 740 1991 per
785 1918 1020 1974 eosdem
1071 1916 1372 1971 convertit.
1425 1914 1560 1969 Ibid.
1594 1945 1660 1954 —
1699 1913 1935 1967 Cometa
1960 1916 2018 1967 et

366 2008 556 2065 multa
581 2008 749 2079 signa
774 2009 1175 2106 apparuerunt
1196 2003 1254 2058 in
1278 2002 1449 2100 coelo:
1464 2001 1761 2057 Exercitus
1783 2000 2016 2106 (‘Jhild'e-
2044 2040 2093 2106 B

362 2097 512 2153 berti
537 2098 764 2153 Varnos
795 2092 1145 2151 rebellantes
1174 2108 1372 2163 pugna
1399 2090 1582 2146 victos
1608 2105 1755 2160 pene
1776 2088 2009 2144 delevit.

360 2187 523 2241 Fred.
559 2204 612 2242 a.
646 2186 773 2240 595.

430 2276 535 2330 597
566 2273 972 2329 Childebertus
1022 2288 1119 2326 rex
1167 2270 1523 2323 Francorum
1570 2266 1737 2322 fortis
1777 2270 1833 2321 et
1862 2271 2012 2322 stre-

361 2380 539 2429 nuus,
573 2362 729 2417 ﬁlius
755 2359 1062 2432 Sigeberti,
1090 2375 1231 2412 xxiii
1265 2355 1427 2426 regni
1460 2372 1633 2420 anno,
1664 2354 1851 2415 aetatis
1879 2370 2013 2409 vero

360 2469 471 2506 xxv
503 2451 649 2522 (178)
680 2465 921 2515 veneno,
955 2451 1019 2501 ut
1048 2446 1235 2511 aiunt,
1279 2462 1313 2498 a
1346 2444 1593 2514 conjuge
1624 2443 1725 2497 84
1779 2446 2014 2513 accepto

363 2539 614 2595 moritur
662 2538 809 2608 (179)
835 2554 848 2604 ;
874 2551 978 2607 pro
1001 2550 1117 2605 quo
1138 2533 1254 2587 duo
1276 2532 1379 2586 ﬁlii
1402 2533 1550 2602 ejus,
1579 2531 2015 2586 Theodebertus

362 2629 422 2683 in
435 2624 1043 2683 Austrifranciaannis
1055 2638 1171 2677 vai
1187 2625 1243 2677 et
1263 2619 1661 2676 Theodericus
1682 2620 1738 2674 in
1756 2622 2015 2691 Burgun-

363 2717 462 2772 dia
482 2732 628 2771 “cum
658 2714 788 2769 avia
816 2710 1163 2768 Brunibilde
1207 2727 1349 2764 xvm
1381 2708 1551 2764 annis
1581 2710 1972 2780 regnaverunt
1999 2725 2012 2775 ;

364 2806 617 2877 ipsoque
675 2818 829 2858 anno
896 2798 1279 2871 Fridegundis
1338 2814 1474 2853 cum
1537 2796 1653 2853 tilio
1718 2796 2013 2852 Clothario

363 2909 612 2967 regnum
639 2907 841 2947 eorum
866 2888 1095 2952 insavit,
1116 2892 1175 2943 et
1195 2904 1294 2943 eos
1314 2903 1446 2941 cum
1466 2886 1719 2941 exercitu
1740 2884 2012 2941 resisten-

362 2988 474 3049 tes,
526 2980 690 3054 gravi
720 2980 873 3035 caede
930 2976 1207 3049 protritos
1249 2974 1490 3048 fugavit.
1546 2974 1765 3045 Fredeg.
1798 2991 1852 3029 a.
1885 2974 2010 3042 596,

362 3072 527 3128 Paul.
563 3072 715 3126 Diae.

350 3142 357 3149 ί
431 3162 541 3216 598
572 3156 957 3229 Fridegundis
976 3155 1178 3227 regina
1198 3157 1385 3209 mater
1408 3151 1686 3207 Clotharii
1718 3151 1873 3224 regis
1886 3168 2014 3208 mo-

363 3251 533 3304 ritur.
566 3247 786 3317 Fredeg.
818 3264 872 3300 a.
901 3262 988 3317 pr.
1011 3275 1080 3284 ——
1110 3243 1212 3298 His
1243 3241 1605 3313 temporibus
1636 3258 1770 3297 cum
1803 3241 2012 3296 Roma-

362 3355 477 3394 nus
508 3336 791 3410 patricius
825 3334 1047 3406 aliquot
1076 3332 1252 3389 urbes
1281 3349 1315 3387 a
1355 3330 1755 3402 Longobardis
1787 3330 2013 3385 dudum

2129 763 2475 835 Agilolpbus
2494 782 2589 821 rex
2608 766 2921 822 nonnullos
2933 767 3112 823 duces
3127 767 3650 839 Longobardorum
3676 765 3802 821 sibi

2131 851 2397 919 rebelles,
2431 852 2576 908 alios
2606 853 2836 921 occidit,
2860 853 3005 910 alios
3027 854 3157 910 aliis
3180 853 3372 909 modis
3405 853 3758 925 perdomuit
3783 870 3798 908 :

2129 939 2254 1011 ipse
2283 941 2458 996 etiam
2492 947 2829 1013 perpetuam
2861 958 2994 997 cum
3044 942 3403 998 Theoderico
3433 958 3572 1014 rege
3606 942 3800 996 Fran-

2129 1046 2330 1084 corum
2363 1046 2564 1101 pacem
2596 1029 2748 1085 fecit.
2811 1032 2971 1085 Paul.
3018 1033 3172 1087 Diae.
3231 1032 3386 1087 Fred.
3450 1047 3506 1085 α.
3554 1030 3691 1085 598.
3726 1061 3801 1072 -ο

2129 1116 2292 1172 Circa
2322 1117 2442 1172 haec
2468 1118 2645 1173 etiam
2668 1122 2931 1189 tempora
2950 1118 3371 1175 monasterium
3385 1119 3587 1175 Sancti
3612 1119 3806 1175 Bene-

2128 1206 2263 1261 dicti
2288 1206 2346 1260 in
2369 1211 2559 1262 castro
2582 1206 2823 1263 Cassino
2844 1207 3050 1273 situm,
3077 1207 3443 1279 fugientibus
3466 1224 3538 1263 ex
3567 1224 3640 1263 eo
3671 1223 3806 1263 mo-

2129 1295 2355 1363 nachis,
2385 1312 2421 1350 a
2449 1296 2848 1367 Longobardis
2870 1296 3108 1352 omnino
3130 1297 3499 1352 destructum
3525 1300 3588 1353 et
3617 1297 3800 1353 deso-

2129 1382 2312 1437 latum
2343 1389 2431 1439 est
2459 1384 2627 1455 (180).
2660 1385 2826 1440 Paul.
2858 1386 3008 1441 Diae.
3039 1400 3089 1439 e.
3125 1385 3211 1441 18.

2195 1473 2302 1525 600
2324 1473 2634 1544 Gregorius
2656 1490 2806 1545 papa
2826 1472 3106 1529 Lindunze
3129 1478 3188 1529 et
3205 1473 3451 1529 Eboraci
3474 1474 3801 1545 episcopos

2125 1559 2185 1616 in
2216 1562 2532 1628 Britannia,
2566 1562 2747 1618 misso
2777 1561 2973 1635 pallio,
3007 1562 3493 1635 metropolitauos
3524 1579 3660 1619 esse
3687 1563 3801 1617 de-

2126 1650 2313 1704 cernit
2334 1649 2646 1706 indictione
2690 1668 2767 1706 IV.
2792 1650 2945 1722 Greg.
2972 1652 3130 1723 epist.
3157 1668 3282 1719 va,
3315 1652 3387 1707 ad
3417 1669 3515 1706 an.
3549 1652 3681 1706 601.
3718 1681 3797 1691 —

2126 1736 2330 1793 Clades
2352 1738 2719 1810 glandularia
2736 1739 3057 1795 Massiliam
3080 1739 3345 1812 aliasque
3359 1739 3624 1811 partium
3646 1737 3799 1796 illa-

2126 1842 2259 1880 rum
2282 1825 2539 1881 civitates
2561 1832 2617 1883 et
2645 1827 2871 1883 Italiam
2902 1829 3153 1901 graviter
3175 1827 3398 1884 attrivit
3421 1845 3435 1895 ;
3460 1829 3537 1883 al.
3571 1845 3629 1883 a.
3656 1827 3796 1883 599.

2125 1944 2194 1953 ——
2216 1913 2277 1968 In
2309 1914 2439 1970 lacu
2460 1916 2719 1972 Dunensi
2743 1932 2896 1987 aqua
2917 1921 3151 1989 repente
3182 1916 3440 1972 bulliens
3470 1920 3531 1972 et
3551 1916 3798 1973 fervens

2125 2018 2399 2074 magnam
2419 2003 2668 2075 piscium
2691 2010 2916 2076 partem
2936 2005 3181 2061 decoxit.
3206 2004 3631 2061 Warinharius
3668 2005 3795 2076 [al.,

2121 2090 2533 2163 Warnbarius]
2566 2094 2757 2164 major
2798 2094 3010 2149 domus
3042 2092 3406 2161 Theoderici,
3441 2092 3610 2148 omni
3645 2092 3797 2148 sub-

2123 2179 2341 2235 stantia
2369 2197 2478 2236 sua
2507 2180 2841 2250 distributa,
2874 2182 3036 2237 obiit.
3070 2182 3292 2251 Fredeg.
3328 2198 3381 2237 a.
3412 2198 3506 2253 pr.

2195 2268 2291 2325 85
2325 2268 2419 2323 601
2485 2268 2846 2325 Brunibildis
2902 2270 2974 2326 de
3028 2286 3208 2342 regno
3264 2268 3667 2326 Theodeberti
3719 2270 3796 2326 ob

2123 2357 2343 2413 scelera
2354 2373 2461 2413 sua
2479 2357 2784 2429 depulsa,a
2805 2358 3061 2429 quodam
3086 2374 3342 2430 paupere
3364 2357 3495 2415 sola
3517 2358 3793 2425 inventa,

2123 2450 2181 2501 et
2212 2446 2284 2500 ad
2306 2444 2731 2501 Theodericum
2754 2460 2969 2518 regem,
2997 2450 3064 2501 ut
3092 2446 3354 2518 rogabat,
3380 2447 3679 2519 perducta
3700 2447 3800 2503 be-

2122 2534 2413 2607 nigneque
2430 2536 2701 2605 suscepta
2720 2532 2907 2590 eidem
2929 2534 3172 2606 pauperi
3191 2534 3607 2606 episcopatum
3629 2536 3801 2591 Auti-

2123 2622 2522 2679 siodorensem
2548 2621 2881 2694 impetravit
2911 2622 3079 2695 (181).
3133 2624 3353 2680 Aimon.
3404 2625 3446 2679 l.
3480 2641 3570 2693 III,
3606 2641 3658 2681 c.
3691 2626 3793 2694 87,

2122 2712 2199 2767 al.
2234 2729 2288 2767 a.
2321 2712 2449 2767 599.

2192 2801 2300 2855 602
2328 2800 2635 2857 Mauritius
2656 2801 2974 2873 imperator
3002 2801 3280 2873 Pbocam,
3300 2801 3655 2875 reipublica
3676 2803 3796 2860 uti-

2122 2888 2453 2960 lem,princi
2459 2905 2589 2960 pem
2607 2887 2829 2945 militias
2843 2890 3348 2962 faciens,eumque
3360 2907 3501 2947 cum
3523 2891 3796 2948 exercitu

2123 2977 2463 3045 mittens,de
2483 2976 2676 3034 Persis
2698 2982 2756 3032 et
2783 2977 2913 3035 aliis
2933 2979 3232 3035 nonnullis
3258 2980 3543 3053 gentibus
3566 2981 3796 3037 trium-

2124 3065 2342 3138 phavit.
2373 3067 2516 3121 Hist.
2548 3066 2756 3122 miscet.
2789 3098 2857 3108 —-
2886 3066 3054 3124 Globi
3074 3068 3252 3142 ignei,
3277 3072 3335 3125 et
3356 3068 3477 3125 alia
3509 3070 3697 3143 signa
3732 3070 3796 3126 in

2124 3154 2267 3210 coelo
2286 3154 2431 3209 visa.
2464 3154 2681 3225 Fredeg.
2713 3170 2767 3208 a.
2793 3156 2918 3210 600.
2950 3186 3021 3197 —-
3037 3156 3484 3213 Tbeodebertus
3507 3162 3572 3213 et
3591 3158 3801 3214 Theo-

2124 3242 2356 3299 dericus
2377 3242 2605 3309 fratres,
2636 3243 2858 3315 ingenti
2881 3260 3079 3317 pugna
3105 3244 3405 3301 Clothario
3436 3262 3581 3319 rege
3614 3264 3799 3320 supe-

2123 3335 2249 3387 rato
2273 3335 2330 3387 et
2349 3332 2601 3389 exercitu
2622 3332 2751 3403 ejus
2774 3332 3059 3389 trucidato
3083 3338 3261 3405 atque
3282 3335 3510 3408 fugato,
3533 3351 3799 3409 regnum

362 3408 587 3499 captas,
610 3425 695 3480 uti
718 3440 852 3479 cum
873 3421 1165 3478 deditione
1188 3419 1707 3492 recepisset,idque
1729 3418 2010 3492 Agilolfus
2041 3408 2085 3474 C
2124 3420 2254 3491 ejus
2276 3420 2561 3491 diripiunt
2589 3424 2645 3476 et
2688 3419 2842 3475 inter
2863 3437 2925 3476 se
2940 3419 3210 3477 dividunt
3234 3440 3248 3491 ;
3280 3422 3524 3480 modica
3553 3408 3800 3482 tantum

360 3532 460 3571 rex
486 3514 677 3570 ultum
699 3513 782 3568 ire
811 3510 1069 3579 molitus,
1102 3508 1276 3566 Italiae
1305 3507 1536 3581 ipsique
1571 3509 1766 3563 Romae
1799 3507 2011 3562 infesto

360 3621 497 3660 cum
528 3602 779 3659 exercitu
810 3599 1165 3668 immineret,
1216 3597 1415 3653 studio
1445 3596 1633 3653 sancti
1674 3612 1836 3667 papa:
1867 3595 2013 3650 Gre-

360 3692 507 3765 gorii
539 3697 596 3748 et
624 3690 901 3761 sulfragio
921 3687 1327 3744 Theodelindaa
1353 3686 1637 3758 religiosae
1663 3684 1876 3756 regines
1902 3700 2014 3755 pax

361 3782 637 3852 utrinque
673 3780 875 3835 effecta
906 3781 1013 3833 est.
1045 3777 1210 3833 Paul.
1255 3776 1411 3832 Diae.
1448 3775 1487 3828 ι.
1524 3792 1596 3841 ιν,
1622 3790 1667 3828 c.
1700 3774 1754 3826 8.
1789 3788 1902 3842 seq.

428 3870 535 3925 599
563 3868 830 3934 Quintrio
852 3866 1148 3940 (Wintrio)
1171 3865 1291 3920 dux
1321 3861 1639 3934 instigante
1668 3859 2013 3915 Brunibilde

2121 3512 2285 3580 parte
2312 3506 2419 3572 illi,
2442 3507 2501 3563 id
2523 3511 2632 3577 est,
2654 3525 2732 3563 xu
2764 3509 3139 3566 comitatibus
3152 3512 3326 3581 juxta
3348 3511 3525 3568 littus
3547 3514 3799 3580 Oceani,

2122 3612 2255 3651 cum
2286 3598 2454 3668 pacto
2483 3596 2644 3668 pacis
2701 3596 2920 3653 relicta.
2976 3598 3137 3656 Fred.
3171 3616 3225 3654 a.
3256 3600 3409 3664 600;
3449 3602 3605 3657 Paul
3636 3604 3795 3659 Diae.

2192 3684 2299 3737 603
2328 3683 2829 3756 Constantinopoli
2858 3684 3082 3742 Pbocas
3124 3687 3312 3743 victor
3354 3689 3429 3744 de
3460 3689 3674 3747 Persis
3705 3707 3797 3748 re-

2121 3788 2328 3827 versus
2348 3771 3140 3845 Mauriciumimperatorem,
3160 3780 3401 3848 peccata
3421 3793 3542 3835 sua
3562 3779 3629 3834 in
3657 3796 3802 3852 pras-

2123 3859 2297 3930 senti,
2330 3861 2396 3913 ut
2448 3859 2574 3931 ipse
2602 3873 2835 3932 semper
2886 3878 3086 3919 orasse
3116 3863 3323 3934 fertur,
3357 3865 3798 3937 exsolventem,

1393 4002 1872 4060 COMPENDIUM
1911 4002 2005 4057 EX
2043 4000 2294 4057 CODIGE
2330 4000 2717 4057 BERNOLDI-

430 4146 537 4201 595
566 4145 859 4213 Gregorius
914 4141 1185 4215 synodum
1243 4154 1381 4194 xxiv
1438 4138 1817 4208 episcoporum
1857 4134 1928 4189 ad
1957 4135 2012 4190 δ.

358 4238 586 4290 Petrum
611 4233 828 4303 collegit
857 4230 1157 4303 indictione
1180 4244 1297 4283 xxv.

2128 4136 2238 4206 ipsi
2266 4137 2519 4191 Romae...
2548 4150 2663 4205 pax
2689 4136 2952 4208 utrinque
2978 4138 3129 4207 facta
3158 4142 3257 4193 est.

2195 4222 2303 4277 599
2330 4224 2422 4277 His
2452 4224 2780 4295 temporibus
2808 4227 3227 4292 monasterium,
3259 4230 3399 4297 etc.,
3434 4230 3507 4284 ut
3530 4231 3698 4303 Aug.

424 4322 535 4377 596
564 4321 619 4376 S.
660 4295 1028 4377 Columbanus
1054 4318 1341 4390 presbyter
1371 4316 1423 4367 et
1451 4310 1638 4377 abbas,
1690 4311 1810 4380 post
1838 4310 2015 4365 multa
2045 4295 2092 4360 D
2192 4310 2300 4365 600
2352 4312 2645 4381 Gregorius
2698 4328 2841 4383 papa
2874 4312 3247 4371 Lundonia...
3323 4295 3672 4375 indictionev
3728 4336 3807 4375 ιν.

356 4411 710 4466 mirabilia...
742 4410 925 4466 atatis
975 4423 1143 4462 Lxxu.
1201 4404 1309 4459 Hoc
1351 4404 1591 4469 tempore
1622 4399 1685 4452 Β.
1724 4395 2014 4466 Gregorius

350 4516 519 4571 papa,
550 4499 802 4553 missis...
852 4498 1060 4551 Joanne
1087 4497 1141 4547 et
1197 4490 1353 4553 aliis,
1383 4485 1687 4555 Anglorum
1712 4492 1925 4555 gentem
1956 4486 2017 4539 in

356 4588 652 4643 Britannia
680 4585 751 4640 ad
777 4584 948 4654 ﬁdem
979 4581 1181 4635 Christi
1209 4574 1499 4631 convertit.

426 4676 533 4731 597
582 4673 958 4728 Childebertus
986 4683 1086 4722 rea:
1114 4667 1452 4719 Francorum
1480 4660 1634 4714 obiit.

428 4763 536 4819 598
566 4763 662 4817 His
710 4758 1066 4830 temporibus,
1115 4744 1243 4807 cum
1291 4750 1636 4803 Romanus...
1690 4750 1877 4818 captas
1918 4764 2019 4819 per

358 4852 700 4909 deditionem
728 4846 1034 4917 recepisset,
1069 4844 1121 4897 et
1148 4839 1218 4894 ob
1250 4836 1310 4892 id
1338 4835 1607 4907 Agilolfus
1636 4850 1737 4891 rex
1756 4835 1939 4893 Italiae
1968 4844 2021 4891 et

2127 4398 2316 4453 Clades
2343 4398 2697 4469 glandularia
2723 4400 2927 4456 multas
2954 4402 3211 4458 civitates
3241 4402 3462 4476 afﬁxit.

2194 4486 2303 4540 602
2331 4486 2628 4541 Mauricius
2682 4488 2818 4558 imp.
2879 4493 3140 4557 Phoeam,
3199 4492 3542 4562 reipublicae
3571 4496 3814 4565 utilem,

2120 4574 2429 4645 principem
2451 4573 2676 4628 militia?
2702 4574 2851 4643 fecit.
2881 4576 3041 4631 Globi
3065 4578 3222 4647 ignei
3258 4580 3324 4633 in
3354 4580 3492 4636 ecelo
3522 4582 3662 4637 visi.

2198 4660 2304 4714 603
2330 4660 2797 4732 Constantinopoli
2850 4664 3057 4720 Phocus
3102 4664 3441 4724 Hauricium
3498 4671 3647 4742 imp.
3685 4676 3817 4727 tur-

2123 4750 2271 4819 piter
2316 4748 2609 4818 interfecit,
2662 4756 2715 4804 et
2740 4751 2853 4821 ipse
2895 4766 2997 4822 pro
3043 4768 3105 4809 eo
3163 4755 3332 4811 annis
3375 4771 3489 4814 vm
3518 4761 3815 4831 regnavit.

2132 4835 2337 4907 Corpus
2363 4833 2422 4889 S.
2465 4835 2754 4892 Victoris...
2785 4841 2839 4894 et
2866 4840 3160 4898 miraculis
3189 4842 3545 4902 declaratur.

1957 4977 2205 5034 NOTAE:

431 5106 583 5178 (177)
615 5102 774 5160 Beda
802 5098 866 5178 in
894 5094 1187 5178 gb‘ron‘ico.
1215 5090 1430 5171 melius
1460 5089 1638 5178 habet
1693 5090 2011 5178 indictione

360 5160 482 5244 xui,
502 5160 646 5301 gues
679 5168 866 5226 mensi
899 5166 1054 5223 Julio
1085 5164 1265 5246 hujus
1295 5160 1797 5243 anniconcordat.

433 5250 521 5301 (17
570 5248 585 5301 )
618 5242 733 5298 Alii
764 5255 918 5295 anno
949 5252 1111 5301 regni
1162 5252 1259 5301 xx,
1300 5235 1487 5287 aetatis
1516 5249 1668 5298 xxv1,
1702 5233 1760 5287 1d
1795 5250 1797 5285 :

433 5232 585 5319 (178)
618 5242 733 5319 Alii
764 5255 918 5295 anno
949 5236 1111 5309 regni
1162 5232 1259 5303 xx,
1300 5232 1487 5316 uitatis
1516 5249 1668 5298 xxv1,
1702 5232 1760 5287 id
1795 5232 2016 5319 factum

362 5302 652 5377 scribunt,
685 5302 1164 5382 ipsumquefcum
1195 5302 1466 5382 cenjuge,
1491 5319 1614 5382 non
1644 5319 1778 5382 vero
1810 5303 1882 5357 ab
1913 5302 2018 5382 i_l1_a

361 5373 585 5446 veneno
615 5373 800 5437 fuisse
846 5373 1235 5435 interfectum.
1286 5373 1447 5430 Paul.
1483 5375 1633 5430 Diae.
1665 5375 1703 5446 ι,
1739 5391 1815 5439 ιν,
1845 5390 1891 5446 e.
1925 5373 2014 5446 42.

434 5457 587 5527 (479)
614 5452 845 5527 Laudes
872 5452 998 5523 ejus
1029 5447 1408 5524 prosequitur
1437 5446 1607 5518 Greg.
1641 5445 1722 5501 M.
1754 5445 1940 5516 Epist.
1972 5443 2015 5499 l.

362 5526 951 5668 VI’(letgll)_6l\llissas_hic
1010 5594 1260 5668 facimus
1289 5592 1611 5668 auctorum
1654 5586 1724 5641 de
1746 5590 2019 5668 tempore

364 5656 546 5739 hujus
567 5656 981 5740 destructionis
1012 5659 1463 5740 sententiasLde
1493 5657 1711 5728 quibus
1743 5656 1868 5740 fuse
1899 5656 2022 5740 agit

366 5730 718 5797 Muratorius
743 5738 801 5794 in
828 5739 954 5796 suis
976 5739 1047 5795 ad
1075 5735 1324 5792 Paulum
1346 5730 1672 5788 Diaconum
1695 5730 1870 5782 notis.
1902 5730 2020 5781 Ma-

2122 5088 2402 5168 billonius
2438 5087 2647 5168 Annal.
2699 5089 2839 5168 Ben.
2868 5095 2910 5149 t.
2952 5092 2994 5163 l,
3029 5112 3089 5168 p.
3119 5095 3254 5168 J76,
3286 5096 3462 5155 illam
3516 5099 3691 5159 circa
3720 5119 3818 5159 an.

2123 5163 2231 5218 580
2248 5159 2618 5236 statuendam
2642 5162 2872 5236 probat,
2894 5159 3166 5236 quamvis
3184 5159 3825 5232 communiorhucus-

2128 5249 2243 5309 que
2262 5229 2463 5309 ppipjo
2504 5228 2724 5309 ann1i_m
2751 5228 2868 5309 589'
2892 5228 3208 5309 adoptarit.

2198 5303 2214 5374 (
2228 5300 2325 5357 18l
2330 5300 2502 5387 Lago
2522 5374 2532 5387 ⁸
2544 5317 2616 5387 ex
2636 5302 2982 5387 Fredegarig
3002 5300 3206 5387 ad_ai_1.
3227 5310 3339 5366 599
3366 5312 3731 5387 desumpta
3760 5315 3823 5373 in

2378 5370 2684 5444 ibliotheca
2740 5370 2882 5431 Ms‘c.
2942 5377 3003 5432 P.
3068 5379 3266 5436 Labbe
3310 5383 3385 5438 ad
3419 5370 3823 5444 Desidérium

2126 5443 2467 5565 episcopum
2496 5441 3031 5524 Autisiodorensem
3062 5451 3431 5523 referuntur,
3466 5455 3578 5528 qui
3610 5441 3822 5515 tamen

2126 5513 2186 5565 in
2219 5510 2323 5565 Gal
2350 5528 2407 5565 1a
2456 5510 2802 5565 Christiana.
2851 5520 2892 5565 t-
2944 5519 3069 5565 XII,
3107 5538 3145 5565 η
3208 5523 3318 5565 ΔΜ
3376 5526 3822 5565 nnmnnimn.

2126 5510 2186 5604 if}
2213 5510 2802 5604 Ξέἶὲἓιεὲἒῖίῖῖὲεέτὲξλε
2826 5520 2892 5604 κι-
2944 5519 3073 5604 Χῌρ
3105 5538 3165 5604 ρ·
3208 5523 3340 5593 468»
3376 5510 3823 5604 πέοιῖίίιίεὲῗὶιῖιὲ

2128 5588 2184 5662 et
2213 5579 2578 5662 Brunibildis
2604 5579 2971 5662 propinquus
3004 5579 3267 5662 di'citurj
3298 5579 3825 5658 audeat—aea;

2127 5652 2313 5781 Siquid
2343 5668 2438 5720 an,
2477 5652 2583 5708 699
2606 5652 2867 5714 narratio
2894 5658 3042 5732 [hmo
3071 5678 3182 5721 ceu
3213 5652 3827 5746 commentitiﬁavreji-

2126 5388 2276 5428 nova
