4026 6228
271 254 395 318 133

1539 258 2009 324 CHRONICON.
2043 291 2119 303 —
2151 257 2341 319 SEC.
2386 257 2518 320 VII.

3598 262 3732 326 -134

1660 392 1795 449 COD
1804 392 1891 447 EX
1930 388 2323 447 AUGIENSIS.

303 488 552 563 aufugit.
585 489 780 555 Quem
814 490 1973 562 eumTheodorieusodio,etinsuperve-
2003 491 2058 556 Α
2157 487 2262 541 617
2320 487 2515 542 Romae
2570 486 2887 544 Deusdedit
2943 489 3090 561 (198)
3166 506 3315 563 papa
3390 491 3530 548 LXX
3584 494 3734 551 sedit

305 577 588 636 nerabilis
607 578 724 634 viri
752 579 1022 635 Leunisii
1048 580 1197 651 (195)
1218 578 1973 652 Mogontiacensisepiscopi

307 666 690 739 instigatione
712 670 1185 739 persequeretur,
1206 666 1303 722 ille
1316 668 1506 723 denuo
1521 666 1777 722 collectis
1801 667 1970 721 undi-

312 771 429 827 que
455 753 701 821 viribus,
736 755 898 827 apud
932 754 1283 811 Tulbiaeum
1322 770 1635 810 occurrens
1691 754 1970 819 conﬂixit,

312 848 372 898 et
397 843 689 899 immensa
716 842 1030 900 hominum
1061 847 1224 916 stage
1257 844 1409 900 facta
1438 843 1651 898 iterum
1673 843 1859 898 vietus
1884 843 1971 897 fu-

311 931 421 1004 git.
453 930 857 988 Theodoricus
876 948 1010 988 vero
1023 930 1319 988 Coloniam
1342 918 1644 1004 ingressus
1665 933 1972 987 thesauros

312 1021 449 1091 ejus
480 1036 547 1077 ac
570 1036 816 1093 regnum
839 1020 1054 1092 rapuit,
1075 1019 1382 1093 filiumque
1402 1021 1528 1091 ejus
1550 1019 1856 1092 parvulum
1880 1036 1975 1075 ne-

314 1107 442 1164 cari
464 1108 667 1180 jussit,
699 1112 758 1164 et
777 1107 974 1180 ipsum
1006 1108 1499 1181 comprehensum
1547 1124 1613 1163 ac
1664 1110 1973 1163 detonsum

316 1195 639 1253 Cavillonis
667 1196 847 1263 misit,
880 1214 986 1253 nec
1016 1197 1201 1253 multo
1233 1200 1364 1270 post
1394 1201 1730 1269 suspectum
1754 1196 1976 1252 habens

315 1286 653 1359 instigante
673 1283 1012 1341 Brunihilde
1031 1285 1216 1341 occidi
1241 1285 1532 1359 praecepit.
1557 1286 1779 1354 Fredeg.
1794 1303 1828 1340 α
1844 1286 1902 1339 61
1919 1288 1974 1351 2,

311 1375 457 1430 Har.
473 1378 568 1429 Αυ.
589 1406 655 1415 —
675 1375 897 1438 Quibus
916 1374 1121 1430 diebus
1134 1374 1339 1430 beatus
1354 1373 1751 1429 Columbanus
1774 1374 1845 1429 de
1860 1374 1979 1428 Bri-

312 1462 521 1537 gantio
539 1462 1203 1536 pulsus,febrieitantem
1217 1462 1446 1519 Gallum
1468 1463 1545 1518 ibi
1561 1461 1815 1535 reliquit,
1831 1463 1981 1535 ipse-

313 1570 434 1626 que
468 1553 525 1607 in
564 1552 788 1607 Italiam
816 1551 1078 1622 veniens,
1111 1556 1170 1607 et
1200 1552 1449 1624 benigne
1479 1552 1551 1606 ab
1574 1550 1823 1624 Agiloll‘o
1844 1567 1978 1623 rege

312 1646 376 1696 et
405 1639 809 1696 Theodelinda
829 1644 1160 1713 susceptus,
1185 1640 1515 1695 cmnobium
1536 1638 1819 1695 Bobiense
1840 1656 1977 1695 con-

313 1730 560 1785 struxit.
588 1730 751 1785 Jonas
779 1730 841 1783 in
871 1730 1015 1795 Vita,
1046 1729 1255 1784 Habiti.
1288 1743 1413 1785 saec.
1452 1745 1490 1783 η
1521 1728 1719 1784 Bened.
1741 1746 1762 1790 ,'
1801 1730 1876 1783 al.
1922 1745 1975 1784 a.

2081 577 2253 632 annis
2286 594 2367 643 III,
2402 591 2602 631 mense
2630 577 2745 632 fere
2779 595 2832 643 1;
2865 577 2966 648 qui
3017 578 3239 634 elerum
3298 584 3356 634 et
3404 583 3733 640 sacerdotes

2082 663 2281 720 dilexit
2309 665 2508 736 eisque
2541 670 2813 735 sumptus
2839 667 3000 721 auxit
3025 685 3037 734 ;
3072 667 3241 736 cujus
3270 672 3531 741 tempore
3563 671 3732 728 Eleu-

2082 752 2315 808 therius
2338 753 2636 825 patricius,
2659 754 2987 809 Ravennam
3006 754 3261 823 veniens,
3286 757 3530 813 Joannis
3552 761 3733 831 patri-

2083 841 2155 895 cii
2188 845 2583 913 peremptores
2614 842 2844 896 oceidit.
2864 844 3001 898 Item
3021 843 3257 916 Neapoli
3281 850 3336 899 et
3357 845 3413 901 in
3438 846 3569 902 aliis
3591 847 3734 905 locis

2082 929 2348 1001 tyrannis
2377 929 2582 983 occisis
2612 946 2809 1001 pacem
2848 930 3019 985 Italia:
3051 933 3576 991 reddidit.Anast.a.
3603 939 3729 993 615·

2083 1048 2150 1059 -
2181 1017 2242 1072 In
2277 1017 2577 1071 Britannia
2608 1017 2907 1073 Ediwinus
2937 1020 3127 1074 occiso
3160 1020 3463 1092 Edilfrido,
3500 1028 3558 1079 et
3597 1025 3733 1082 filiis

2083 1107 2211 1176 ejus
2243 1105 2301 1160 in
2335 1105 2672 1160 Hiberniam
2706 1106 2940 1176 fugatis,
2981 1124 3226 1179 regnum
3258 1109 3415 1165 illius
3474 1129 3576 1183 per
3630 1131 3732 1168 an-

2084 1211 2191 1250 nos
2222 1209 2338 1249 xvu
2369 1194 2598 1265 egregie
2630 1195 2791 1248 rexit.
2829 1196 2976 1250 Beda
3009 1198 3135 1251 hist.
3172 1199 3329 1269 Angl.

2154 1282 2259 1337 618
2286 1283 2675 1337 Τθι-ιιεεῐηοῐυε
2733 1300 2985 1355 magnus
3040 1285 3228 1341 factus
3258 1292 3367 1356 est,
3424 1293 3483 1343 et
3537 1288 3733 1345 clades

2086 1370 2350 1426 scabiosa
2377 1371 2688 1426 subsecuta
2716 1371 2997 1443 populum
3023 1373 3172 1428 Iceda
3194 1379 3377 1431 morte
3393 1378 3633 1447 attrivit,
3654 1379 3736 1433 ita

2086 1463 2151 1514 ut
2184 1459 2400 1513 mortui
2430 1476 2541 1513 non
2571 1465 2811 1530 possent
2840 1462 3099 1533 agnosci.
3134 1463 3319 1517 Anast.
3345 1495 3411 1503 —
3459 1465 3732 1522 Hieroso-

2083 1547 2239 1620 lyma
2270 1547 2419 1601 inter
2448 1547 2592 1601 alias
2646 1546 2940 1603 Palestinze
2993 1550 3167 1604 urbes
3199 1569 3232 1605 a
3288 1551 3543 1609 Chosroe
3600 1570 3734 1627 rege

2087 1640 2395 1691 Persarum
2426 1641 2614 1707 capta,
2649 1640 2704 1690 et
2734 1652 2875 1691 crux
2904 1637 3209 1693 Dominiea
3232 1638 3288 1694 in
3312 1641 3607 1698 Persidem
3640 1645 3737 1698 ab-

2088 1726 2264 1780 ducta
2292 1728 2379 1779 est
2408 1724 2577 1794 (199).

316 1817 454 1872 612.
488 1817 833 1917 :Banctus
866 1833 1100 1917 quoque
1130 1816 1332 1917 Gnallus
1389 1816 1769 1917 solitudinem
1822 1816 1979 1873 eellaa
2007 1852 2056 1917 B
2119 1903 2130 1913 ι
2157 1813 2266 1917 619
2296 1812 2627 1917 Clotharius
2660 1830 2755 1917 rex
2785 1814 3205 1917 Vyarnbarium
3239 1818 3737 1917 [al.LWarnaeha-

316 1923 447 1961 suas
479 1906 627 1975 (196)
648 1904 898 1962 incolere
927 1905 1120 1977 erepit.
1157 1907 1393 1977 Rutpert.
1426 1905 1639 1962 Strabo.

391 1994 505 2049 615
528 1993 923 2050 Theodericus
953 1996 1156 2050 contra
1176 1993 1532 2050 Clotharium
1556 2011 1720 2050 arma
1741 2011 1974 2065 parans,

313 2081 611 2154 proﬂuvio
639 2082 885 2149 ventris,
917 2085 994 2153 et,
1023 2086 1087 2137 ut
1115 2082 1353 2154 quidam
1384 2081 1569 2149 aiunt,
1601 2082 1803 2138 fraude
1836 2083 1978 2138 Bru-

314 2167 567 2224 nihildis
586 2184 811 2224 veneno
832 2168 1001 2225 Metis
1032 2168 1250 2225 interiit
1269 2187 1283 2236 ;
1303 2173 1361 2225 et
1378 2169 1735 2241 Sigebertus,
1758 2187 1824 2226 ex
1846 2188 1978 2226 eon-

314 2257 538 2313 cubina
569 2257 729 2313 filius
759 2258 910 2329 ejus,
944 2274 975 2313 a
1008 2257 1349 2314 Brunihilde
1379 2263 1435 2313 et
1466 2257 1829 2331 principibus
1882 2276 1979 2314 rex

316 2362 430 2418 pro
461 2362 528 2401 eo
557 2346 750 2402 factus
778 2350 888 2403 est.
920 2346 1036 2402 Nec
1057 2346 1241 2403 multo
1259 2350 1393 2419 post
1413 2345 1740 2403 Clotharius
1772 2365 1868 2404 rex
1889 2363 1977 2403 re-

320 2450 512 2507 gnum
542 2435 675 2506 ejus
700 2434 917 2490 invasit
946 2451 1098 2490 anno
1127 2433 1292 2507 regni
1322 2435 1414 2490 sui
1453 2452 1583 2491 xxx.
1641 2437 1864 2506 Fredeg.
1922 2454 1976 2492 a.

320 2522 452 2589 613,
483 2522 617 2578 Har.
648 2523 747 2577 Av.
778 2522 944 2577 Paul.
977 2523 1127 2579 Diae.

393 2611 503 2666 616
532 2611 597 2665 In
630 2609 937 2666 Britannia
963 2609 1315 2677 Edilbertus,
1368 2611 1594 2683 primus
1655 2611 1974 2684 Anglorum

320 2714 533 2772 regum
566 2698 958 2766 Christianus,
980 2716 1134 2755 anno
1165 2700 1329 2771 regni
1360 2717 1448 2755 va
1479 2700 1662 2768 obiit;
1708 2717 1810 2772 pro
1866 2717 1980 2773 quo

323 2787 555 2859 Eatpoli
591 2787 715 2858 [al.,
746 2786 1026 2858 Ebaldus]
1048 2789 1312 2860 regnavit
1330 2789 1501 2844 annis
1518 2806 1671 2845 xx1v.
1697 2789 1826 2845 Bed.
1848 2789 1976 2845 hist.

320 2876 490 2945 Angl.
508 2893 562 2931 a.
576 2875 636 2930 6|
648 2876 702 2930 3.
721 2908 791 2915 —
809 2875 928 2931 Hoc
940 2879 1199 2948 tempore
1213 2876 1470 2933 Isidorus
1483 2876 1844 2949 Hispalensis
1859 2879 1979 2950 epi-

328 2963 549 3037 scd‘pus
580 2963 775 3020 clarus
802 2962 862 3018 in
898 2963 1195 3036 Hispaniis
1224 2964 1493 3032 habetur,
1526 2965 1626 3037 qui
1673 2965 1979 3038 hucusque

326 3054 484 3127 (197)
514 3057 849 3125 temporum
878 3052 1370 3109 abbreviationem
1402 3054 1690 3125 perduxit,
1722 3058 1779 3110 et
1794 3054 1982 3111 multa

322 3143 565 3214 egregia
592 3142 686 3197 ιη
725 3140 1011 3213 opuscula
1039 3141 1239 3197 edidit.
1278 3141 1339 3198 In
1367 3141 1532 3198 Italia
1560 3142 1844 3215 Agilolfus
1882 3161 1981 3200 rex

325 3208 847 3302 Longobardorum
878 3229 1149 3296 moritur,
1181 3246 1284 3301 pro
1306 3246 1421 3302 quo
1450 3208 1978 3287 ﬁliustdaloaldus
2010 3208 2053 3275 (ἶ

322 3336 461 3374 eum
524 3323 711 3374 matre
769 3316 1168 3374 Theodelinda
1226 3318 1487 3392 regnavit
1515 3318 1685 3375 annis
1727 3338 1781 3375 x.
1818 3323 1980 3377 Paul.

329 3408 481 3463 Diae.
497 3408 538 3462 ι.
554 3424 629 3473 1v,
643 3424 690 3462 c.
704 3406 795 3462 93.
810 3438 880 3447 -—
898 3406 1066 3479 Apud
1090 3406 1341 3463 Francos
1356 3407 1688 3480 Sigebertus
1709 3426 1826 3477 rex,
1849 3427 1981 3465 cum

324 3501 534 3552 contra
561 3494 926 3553 Clotharium
956 3495 1270 3550 exercitum
1304 3494 1653 3569 collegisset.
1688 3514 1721 3552 a
1750 3498 1875 3553 suis
1893 3499 1985 3555 de-

326 3589 527 3640 sertus
553 3583 697 3639 etab
718 3583 990 3640 hostibus
1003 3588 1228 3655 captus,
1244 3601 1362 3639 una
1372 3600 1508 3639 cum
1522 3583 1797 3641 fratribus
1817 3587 1982 3657 iussu

329 3671 610 3727 Clotharii
633 3676 972 3745 peremptus
987 3676 1076 3727 est
1099 3690 1112 3741 ;
1137 3688 1171 3727 a
1195 3689 1309 3744 quo
1339 3673 1517 3728 etiam
1547 3672 1675 3746 ipsa
1698 3674 1986 3731 Brunihil-

337 3760 435 3814 dis
457 3760 753 3816 indomitis
765 3760 933 3833 equis
957 3758 1183 3832 alligari
1199 3762 1373 3832 jussa
1392 3762 1541 3817 etab
1564 3762 1649 3817 eis
1669 3762 1981 3835 discerpta,

339 3846 526 3920 digna
537 3848 766 3904 tandem
779 3852 967 3904 morte
979 3847 1568 3920 periit,etClotharius
1582 3851 1983 3908 monarchiam

326 3934 507 4009 regni
538 3937 773 4010 accepit.
806 3937 963 3993 Fred.
998 3954 1051 3993 a.
1082 3936 1208 3993 6l3.
1240 3942 1384 3995 Mar.
1415 3939 1605 3994 Avent.

2087 1903 2284 1972 rium],
2304 1902 2395 1957 cui
2420 1902 2788 1973 aliquantum
2812 1902 3078 1959 infensus
3100 1910 3241 1972 erat,
3276 1907 3736 1980 suffragantibus

2085 1990 2309 2056 multis,
2344 1991 2399 2044 in
2434 1991 2683 2062 gratiam
2716 1990 3021 2062 recipiens,
3057 1993 3114 2047 in
3154 1996 3482 2067 principatu
3545 2001 3735 2069 majo-

2088 2079 2166 2133 ris
2198 2079 2409 2133 domus
2432 2077 2819 2132 conﬁrmavit.
2854 2080 3069 2150 Fredeg.
3104 2098 3159 2136 a.
3186 2082 3311 2136 613.

2155 2169 2261 2221 620
2294 2167 2485 2221 Romae
2514 2166 2847 2221 Bonifacius
2876 2167 3120 2238 quintus
3161 2186 3311 2241 papa
3368 2173 3528 2227 LXXI
3585 2176 3738 2231 sedit

2087 2256 2257 2311 annis
2286 2274 2341 2321 v,
2378 2254 2461 2309 vir
2489 2254 2653 2310 valde
2683 2256 2783 2311 92
2815 2256 2978 2311 mitis
3003 2261 3060 2311 et
3090 2258 3243 2328 pius,
3266 2262 3461 2316 Anast.
3509 2280 3561 2317 a.
3607 2264 3732 2332 6l8,

2085 2349 2243 2399 recte.
2265 2376 2331 2384 -—
2352 2343 2718 2399 Eleutherius
2737 2343 3017 2415 patricius
3035 2346 3400 2417 tyrannidem
3423 2355 3479 2404 et
3490 2367 3735 2423 regnum

2086 2433 2363 2488 affectans
2378 2432 2435 2486 in
2451 2431 2664 2487 Italiaa
2680 2431 2964 2489 militibus
2989 2440 3326 2506 peremptus
3354 2444 3463 2500 est,
3483 2444 3539 2494 et
3561 2447 3737 2513 caput

2086 2523 2215 2593 ejus
2246 2520 2810 2592 Constantinopolim
2845 2521 3114 2577 missum.
3148 2524 3225 2578 at.
3255 2542 3308 2579 a.
3358 2527 3483 2581 619.
3544 2560 3613 2568 -
3672 2530 3735 2585 In

2085 2610 2388 2666 Britannia
2405 2610 2675 2665 defuncto
2699 2609 3133 2683 archiepiscopo
3158 2613 3469 2670 Laurentio
3485 2616 3738 2674 Mellitus

2088 2699 2391 2755 successit.
2424 2699 2554 2753 Bell.
2610 2700 2751 2753 Hist.
2785 2700 2942 2770 Angl.
3006 2731 3069 2740 -
3131 2702 3449 2773 Magundat
3506 2722 3735 2778 magus,

2087 2803 2296 2859 genere
2325 2787 2521 2849 Persa,
2546 2788 2616 2841 ad
2641 2788 2816 2841 ﬁdem
2837 2786 3051 2843 Christi
3074 2805 3389 2847 conversus
3409 2797 3465 2848 et
3486 2799 3737 2850 Anasta-

2088 2876 2212 2931 sius
2244 2875 2456 2941 dietus,
2495 2875 2910 2947 Hierosolymis
2943 2877 3101 2932 mirm
3142 2880 3470 2937 sanctitatis
3528 2900 3735 2939 mona-

2087 2964 2234 3020 chus
2263 2964 2502 3019 ell'ectus
2532 2967 2639 3019 est.

2156 3052 2252 3106 621
2291 3051 2622 3107 Clotharius
2654 3068 2772 3117 lex,
2806 3054 3061 3124 acceptis
3099 3054 3312 3127 amplis
3370 3060 3735 3127 muneribus,

2091 3140 2489 3212 Longobardis
2523 3141 2877 3212 petentibus,
2910 3158 2989 3195 x11
3020 3142 3205 3199 millia
3235 3144 3554 3203 solidorum
3585 3149 3734 3218 auri,

2092 3246 2239 3301 quos
2270 3228 2574 3284 annuatim
2633 3246 2736 3300 pro
2793 3229 2995 3286 invasa
3045 3233 3342 3303 quondam
3402 3236 3742 3308 Burgundia

2092 3318 2327 3373 Francis
2341 3316 2745 3389 persolvebaat
2765 3320 2874 3373 sub
2890 3319 3361 3388 nominetributi,
3382 3324 3739 3396 quibusdam

2092 3406 2556 3471 consiliantibus,
2592 3406 2838 3462 dimisit.
2871 3408 3025 3463 Fred.
3056 3408 3171 3464 chr.
3204 3428 3258 3465 a.
3280 3413 3405 3467 618.

2159 3498 2264 3550 622
2296 3494 2636 3552 Berthrudis
2666 3494 2884 3567 regina,
2920 3513 3064 3552 uxor
3094 3497 3371 3554 Clotharii
3404 3501 3578 3572 regis,
3619 3502 3733 3574 ipsi

2091 3587 2148 3639 et
2176 3583 2449 3638 omnibus
2482 3599 2584 3654 pro
2615 3583 2847 3654 pietatis
2874 3589 2929 3639 et
2960 3602 3189 3640 morum
3249 3587 3590 3643 excellentia
3646 3591 3738 3644 ni-

2092 3673 2275 3727 mium
2309 3670 2599 3741 amabilis,
2628 3672 2791 3726 obiit.
2825 3673 2959 3727 Fred
2991 3674 3124 3729 Chr.
3157 3691 3212 3728 a.
3245 3676 3370 3731 6l9.

2160 3763 2265 3816 623
2294 3760 2395 3816 His
2428 3759 2787 3832 temporibus
2817 3761 3022 3817 beatus
3050 3762 3242 3818 Attale.
3280 3768 3338 3818 et
3393 3770 3525 3835 post
3582 3765 3737 3822 hunc

2092 3849 2397 3913 Bertolfus,
2432 3849 2742 3904 Bobienses
2766 3849 3025 3930 abbates,
3050 3850 3108 3904 in
3136 3850 3483 3908 Alamannia
3505 3871 3737 3926 quoque

2090 3938 2469 3995 beatissimus
2490 3935 2689 3992 Gallus
2719 3937 3035 3994 virtutibus
3066 3937 3420 3995 claruerunt.
3451 3943 3642 3999 Jonas.

298 4115 303 4119 .
1357 4063 1828 4121 COMPENDIUM
1865 4065 1957 4122 EX
1994 4065 2241 4123 CODICE
2282 4062 2661 4118 BERNOLDI.

391 4159 503 4215 616
531 4160 773 4217 Isidorus
802 4162 899 4217 hoc
928 4165 1170 4235 tempore
1199 4161 1546 4233 Hispalensis
1562 4163 1841 4234 episcopus
1858 4164 1972 4219 cla-
2001 4168 2051 4235 Ι)
2150 4162 2256 4217 620
2284 4163 2466 4217 Romae
2488 4162 2826 4232 Bonifacius,
2860 4164 2994 4229 etc.,
3028 4166 3093 4217 ut
3120 4172 3271 4236 Aug.
3305 4194 3372 4204 -—
3401 4166 3461 4220 In
3504 4152 3733 4225 Britan-

314 4264 417 4303 rus
448 4247 697 4304 habetur.
722 4249 1072 4306 Brunihildis
1105 4251 1479 4323 iniquissima,
1511 4252 1664 4323 equis
1695 4251 1975 4308 indomitis

319 4336 575 4406 alligata,
598 4337 762 4408 jussu
785 4338 1060 4407 Sigeberti
1089 4339 1234 4409 (200)
1264 4340 1409 4410 regis
1439 4340 1773 4395 Francorum
1808 4340 1976 4410 digna

314 4432 494 4481 morte
516 4426 711 4496 periit.
743 4427 1045 4483 Prmdictus
1066 4426 1314 4485 Isidorus
1355 4428 1635 4500 hucusque
1689 4427 1976 4484 abbrevia-

315 4516 525 4570 tionem
556 4518 863 4588 temporum
887 4515 1153 4589 perduxit
1164 4558 1176 4574 .

388 4602 499 4658 617
530 4602 718 4661 Romae
755 4605 1043 4662 Deusdedit
1094 4623 1238 4679 papa
1283 4608 1410 4663 LXX
1465 4607 1603 4663 sedit
1657 4609 1822 4663 annis
1873 4608 1977 4662 tri-

320 4690 444 4759 bus,
474 4707 663 4749 mense
688 4694 805 4765 fere
832 4710 961 4752 uno.

388 4779 500 4837 618
523 4781 621 4838 His
640 4784 974 4856 temporibus
1003 4785 1446 4857 Hierosolyma...
1482 4785 1743 4843 abducta.

2080 4253 2197 4319 uia,
2231 4253 2375 4316 etc.,
2409 4252 2474 4304 ut
2497 4251 2643 4323 Aug.
2676 4280 2745 4289 —
2772 4249 3067 4321 Magundat
3119 4268 3316 4321 magus
3345 4294 3384 4309 ..
3432 4257 3736 4315 monachus

2090 4340 2346 4413 efﬁcitur.

2152 4430 2259 4483 622
2282 4427 2573 4483 Gertrudis
2603 4427 2751 4499 (':Ol)
2782 4444 3004 4500 regina,
3028 4446 3169 4486 uxor
3193 4431 3439 4489 Lotharii
3451 4436 3733 4507 piissimo,

2086 4518 2235 4574 bonae
2262 4517 2564 4584 memoriis,
2598 4516 2753 4572 obiit.

2154 4606 2260 4661 623
2294 4606 2385 4660 His
2411 4605 2810 4677 temporibus...
2843 4608 3087 4675 abbates,
3120 4612 3171 4663 et
3203 4609 3257 4664 S.
3285 4610 3472 4667 Gallus
3508 4613 3733 4671 clarue-

2086 4697 2235 4752 runt.

1883 4882 2112 4942 ΝΟΜ).

386 4977 542 5056 (196)
570 4980 678 5038 Hic
702 4980 840 5056 aliis
878 4985 1166 5041 Leonisius
1215 4982 1448 5056 dicitur,
1507 4998 1683 5056 quem
1742 4982 1966 5056 Trithe-

311 5050 473 5129 mius
492 5053 682 5129 virum
709 5055 769 5111 in
784 5055 1015 5129 Christo
1036 5071 1383 5129 magnorum
1395 5050 1674 5129 virtutum
1696 5054 1972 5129 appellat,

311 5123 385 5179 de
415 5124 586 5184 cuius
616 5126 771 5183 facto
804 5127 900 5183 hic
924 5123 1167 5183 narratd
1213 5125 1609 5184 consulendus
1664 5123 1972 5183 Aimoinus

313 5193 452 5249 hist-
486 5193 767 5255 Francor.
804 5198 843 5254 l.
880 5215 966 5263 ιιι,
1000 5215 1051 5254 c.
1080 5198 1172 5253 98.

382 5266 428 5349 (1
440 5269 780 5349 96)-$eilieet
795 5270 863 5349 in
882 5270 1037 5326 saltu
1060 5270 1347 5349 szeticas
1361 5266 1699 5349 Alpesinter
1710 5267 1968 5349 etlacum

310 5335 719 5413 Brigantinum
754 5342 916 5414 sitae,
944 5358 1071 5414 quae
1102 5344 1305 5414 postea
1327 5341 1385 5395 in
1410 5335 1853 5396 celeberrimum
1876 5340 1968 5396 sui

307 5410 559 5472 nominis
589 5410 1029 5472 monasterium
1060 5410 1328 5469 excrevit.

366 5485 514 5560 (197)
535 5488 769 5560 Nempe
788 5499 997 5560 usun1
1015 5500 1087 5560 an
1106 5500 1326 5560 annum
1349 5480 1619 5560 quintum
1644 5479 1895 5560 Iieraclii
1911 5485 1969 5560 et

290 5551 905 5639 gramr'Hispanicam'
923 5555 1061 5639 964,
1091 5555 1191 5639 qui
1213 5551 1533 5639 estannus
1562 5551 1778 5639 Christi
1834 5551 1961 5609 616.

281 5631 481 5702 Exstat
494 5622 624 5700 ωε
637 5630 897 5695 nomine
916 5622 1193 5691 Chronici
1211 5622 1422 5686 lsidori
1442 5623 1503 5684 in
1533 5640 1681 5686 nova
1708 5622 1963 5704 Operam

2079 4981 2750 5056 ejusgeditioneiMadrit.
2786 4983 3031 5056 a._l7‘78,
3064 4987 3106 5038 t.
3139 4984 3183 5047 Ι,
3217 5000 3274 5055 p.
3306 5000 3368 5051 ιι,
3403 4999 3459 5055 p.
3493 4984 3615 5040 121.

2152 5054 2647 5126 (i98)Deusdedit
2675 5055 2747 5109 ad
2781 5053 3091 5126 minimum
3116 5053 3241 5126 jam
3266 5072 3361 5109 an.
3392 5053 3497 5110 615
3553 5057 3725 5113 Boni-

2081 5124 2225 5181 faeio
2256 5124 2330 5180 IV
2354 5143 2514 5195 papae
2541 5124 2839 5181 successit.

2150 5197 2295 5267 (l99)
2324 5197 2451 5250 Vid.
2487 5213 2621 5267 ann.
2653 5198 2778 5262 610,
2812 5197 2912 5251 sed
2946 5197 3017 5251 ad
3050 5201 3322 5252 neutrum
3350 5213 3569 5253 annum
3613 5197 3725 5256 hoc

2079 5266 2305 5340 spectat
2328 5266 2616 5340 ;__co_ntigit
2644 5267 2798 5321 enim
2824 5270 2993 5340 juxta
3021 5269 3346 5325 Chronieon
3382 5268 3725 5325 Alexandri-

2079 5336 2216 5394 n'um
2254 5336 2567 5391 indictione
2599 5354 2637 5390 11
2668 5354 2769 5391 seu
2804 5336 2897 5393 an.
2930 5339 3053 5394 614.

2148 5408 2295 5478 (200)
2323 5407 2446 5481 Non
2478 5424 2511 5461 a
2540 5406 2838 5481 Sigeberto
2871 5408 2928 5462 id
2954 5411 3191 5478 factum,
3226 5411 3327 5469 sed
3355 5410 3719 5481 aClothario,

2077 5484 2141 5534 ut
2170 5484 2320 5534 recte
2352 5477 2524 5532 habet
2542 5479 2687 5546 Aug.

2147 5549 2294 5625 (201)
2326 5548 2411 5625 Ita
2439 5542 2949 5625 etiamCanisiana
2975 5550 3174 5624 editio,
3205 5555 3305 5612 sed
3351 5553 3588 5612 omnino
3640 5552 3719 5613 le-

2075 5618 2333 5703 gendum
2364 5618 2684 5686 Bertrudis.
