4026 6228
401 273 516 333 135

1221 274 1627 335 HERMANNI
1672 273 2115 337 CONTRACTI
2158 274 2572 340 AUGIENSIS
2616 278 2969 344 MONACH.

3686 282 3803 347 136

1701 432 1932 489 CODEX
1973 432 2143 489 AUGI
2155 434 2372 490 ENSIS.

466 531 571 584 624
600 530 664 586 In
693 528 990 585 Britannia
1022 529 1293 584 defuncto
1326 528 1542 585 Mellito
1602 529 2035 602 archiepiscopo
2064 530 2118 598 Α
2150 547 2283 586 cum
2314 532 2544 588 inﬁnita
2564 536 2755 605 praeda
2775 552 3007 592 crucem
3033 535 3397 595 Dominicam
3421 539 3803 613 triumphans

393 620 604 677 Justus
633 618 988 674 substitutus
1018 621 1141 685 est;
1175 618 1274 689 qui
1309 619 1572 691 sequenti
1606 635 1756 673 anno
1799 620 2032 675 beatum
2112 620 2604 695 .Ilierosolymam
2637 626 2875 681 revexit.
2910 627 3213 699 Theophan.
3276 627 3332 683 h.
3388 645 3441 684 a.
3501 660 3572 671 —
3628 630 3799 703 Apud

395 716 1024 774 Paulinum’ordinans
1082 715 1440 787 episcopum,
1500 716 1702 788 Anglis
1760 716 1878 773 illis
1934 718 2035 789 qui

394 808 586 863 adhuc
614 805 823 879 pagani
853 809 1018 860 erant
1048 805 1481 876 praedicatorem
1508 810 1564 862 et
1598 808 1893 861 doctorem
1925 807 2035 861 mi-

393 896 488 952 sit.
522 896 681 950 Beda.
734 896 863 949 hist.
922 894 1084 961 Angl.
1148 893 1480 949 Clotharius
1531 912 1627 950 rex
1682 896 2035 951 Francorum

392 1002 544 1040 anno
575 982 736 1055 regni
768 982 858 1038 sui
889 999 1058 1038 XXXIX
1090 983 1482 1053 Dagobertum
1506 984 1689 1039 ﬁlium
1708 988 2034 1041 consortem

389 1074 598 1144 (regni)
628 1072 781 1139 fecit,
814 1076 889 1138 et,
907 1072 1074 1126 beato
1094 1072 1216 1126 viro
1238 1072 1473 1128 Arnoll‘o
1506 1074 1651 1144 (202)
1678 1074 2038 1145 Pippinoque

390 1162 521 1217 duci
554 1161 1051 1226 commendatum,
1099 1161 1169 1214 ad
1228 1162 1548 1232 regendum
1606 1162 2037 1219 Austril‘ranciaa

389 1250 587 1321 dirigit
615 1265 883 1322 regnum.
918 1249 1053 1304 Frett
1072 1250 1186 1304 chr.
1221 1266 1274 1305 a.
1306 1251 1432 1304 622.

458 1341 566 1394 625
593 1339 788 1394 Romae
818 1336 1109 1393 Honorius
1140 1354 1291 1410 papa
1321 1338 1516 1394 LXXII
1542 1340 1690 1394 sedit
1710 1340 1879 1395 annis
1914 1357 2035 1409 xm,

389 1428 491 1500 qui
524 1426 730 1483 multis
746 1426 918 1481 bonis
940 1427 1183 1482 studens
1200 1427 1474 1484 ecclesias
1498 1428 1694 1499 plures
1717 1429 2037 1495 adornavit,

387 1515 700 1581 renovavit,
733 1514 1034 1570 exstruxit.
1070 1515 1225 1570 Fecit
1255 1515 1558 1572 basilicam
1599 1516 1656 1571 S.
1681 1516 1917 1588 Agnetis
1948 1515 2042 1572 via

387 1604 778 1659 Numentana.
812 1603 955 1657 Item
986 1603 1043 1657 S.
1076 1602 1431 1674 Apollinaris
1465 1603 1522 1657 in
1544 1603 1769 1675 porticu
1784 1604 1841 1657 S.
1868 1602 2039 1658 Petri.

389 1692 532 1748 Item
565 1692 622 1747 S.
656 1691 756 1747 98
788 1691 1039 1757 Quiriaci
1071 1691 1165 1746 via
1193 1692 1467 1747 Ostiensi.
1504 1692 1649 1747 Item
1673 1696 1923 1764 quatuor
1944 1693 2047 1750 Co-

386 1785 746 1838 ronatorum.
781 1780 924 1835 Item
951 1780 1010 1835 S.
1044 1780 1303 1836 Severini
1334 1782 1658 1853 Tyburtina
1688 1782 1852 1837 urbe.
1902 1783 2042 1837 Item

2148 710 2401 767 Francos
2461 712 2848 771 Warnharius
2892 716 3806 792 [seuWarnacharius]majordo-

2146 815 2279 854 mus
2302 794 2569 868 moritur,
2595 806 2652 857 et
2682 803 2944 860 Godinus
2969 805 3125 862 ﬁlius
3148 808 3275 877 ejus
3296 823 3605 864 novercam
3630 825 3803 865 suam

2146 903 2383 944 uxorem
2415 891 3024 965 accipiens,Clothario
3047 901 3429 968 persequente
3446 913 3549 969 per
3569 897 3803 956 diversa

2147 975 2427 1048 fugitans,
2463 984 2753 1051 postremo
2786 986 3122 1055 peremptus
3154 989 3261 1040 est.
3295 986 3452 1041 Fred.
3485 1003 3538 1041 α.
3563 989 3691 1042 626.

2216 1068 2321 1121 629
2348 1067 2676 1124 Clotharius
2707 1088 2805 1126 rex
2834 1088 3113 1144 magnum
3163 1074 3234 1129 de
3289 1078 3409 1130 toto
3453 1090 3634 1147 regno
3694 1093 3800 1132 suo

2148 1152 2424 1227 Clippiaci
2449 1156 2653 1213 habuit
2675 1165 3022 1216 conventum
3045 1161 3177 1229 ;ubi
3198 1177 3413 1236 magna
3430 1163 3725 1220 dissensio
3747 1168 3803 1221 et

2147 1243 2435 1300 tumultus
2466 1251 2698 1303 exortus
2726 1248 2821 1303 vix
2849 1250 3086 1305 tandem
3118 1251 3311 1307 studio
3339 1252 3495 1325 regis
3532 1253 3796 1309 sedatur.

2146 1332 2307 1389 Fred.
2340 1334 2453 1389 chr.
2482 1351 2535 1390 a.
2568 1336 2692 1392 627.

2215 1421 2322 1475 630
2349 1421 2677 1480 Clotharius
2708 1442 2805 1480 rex
2835 1426 3189 1482 Francorum
3222 1428 3409 1495 fortis,
3439 1428 3572 1501 pius
3602 1433 3664 1485 et
3706 1447 3799 1487 re-

2145 1509 2391 1582 ligiosus
2418 1528 2567 1567 anno
2592 1513 2751 1585 regni
2770 1515 2874 1570 94
2898 1532 3005 1570 XLV
3024 1515 3353 1586 defunctus,
3383 1520 3438 1573 et
3454 1517 3718 1575 Parisius
3738 1519 3799 1576 in

2147 1598 2391 1655 basilica
2419 1601 2476 1655 S.
2510 1600 2796 1658 Vincentii
2827 1603 3094 1676 sepultus
3135 1608 3258 1673 est;
3318 1607 3489 1677 cujus
3547 1622 3799 1681 regnum

2151 1688 2507 1760 Dagobertus
2537 1688 2694 1747 ﬁlius
2724 1691 3036 1764 accipiens,
3069 1709 3202 1749 cum
3222 1694 3350 1767 jam
3380 1711 3440 1751 γι
3474 1696 3641 1751 annis
3699 1711 3801 1752 re-

2151 1780 2376 1849 gnaret,
2410 1795 2444 1831 x
2476 1778 2649 1833 annis
2679 1784 2880 1852 postea
2908 1780 3075 1849 rexit,
3109 1782 3340 1838 modica
3369 1786 3598 1840 tantum
3632 1788 3799 1857 parte

385 1871 445 1926 S.
480 1868 765 1926 Pancratii
794 1869 887 1925 via
914 1869 1173 1924 Aurelia.
1218 1870 1362 1925 Item
1398 1870 1456 1925 S.
1506 1871 1711 1925 Lucize.
1775 1872 1917 1926 Item
1975 1872 2033 1926 S.
2067 1901 2115 1966 B
2144 1865 2314 1936 juxta
2331 1865 2650 1966 Vascones
2675 1872 2732 1924 et
2752 1868 3073 1966 Pirenaaum
3096 1871 3257 1927 fratri
3306 1871 3647 1930 Chariberto
3664 1890 3800 1930 con-

382 1959 621 2014 Adriani
651 1962 708 2014 et
735 1958 850 2014 alia
882 1956 1066 2012 multa
1095 1956 1412 2013 laudabilia
1442 1959 1710 2029 patravit.
1734 1960 1921 2015 Anast.

450 2050 555 2103 626
585 2049 757 2103 Samo
789 2046 1052 2119 quidam,
1078 2046 1336 2102 Francus
1355 2047 1698 2117 negotiator,
1732 2048 1875 2103 dum
1895 2065 2029 2105 cum

379 2136 510 2193 aliis
537 2136 607 2191 ad
630 2133 864 2191 Sclavos
890 2135 1163 2198 venisset,
1190 2135 1391 2207 eisque
1413 2139 1616 2191 contra
1640 2137 1906 2207 Hunnos,
1927 2137 2028 2209 qui

375 2230 431 2281 et
443 2229 676 2291 Avares,
692 2223 911 2279 bellum
930 2228 1228 2280 moventes
1243 2224 1559 2280 fortissime
1578 2242 1847 2297 pugnans
1868 2227 2030 2297 adju-

373 2318 587 2383 vasset,
618 2312 731 2385 ipsi
763 2312 1060 2368 victoriam
1093 2312 1246 2367 nacti
1280 2330 1458 2384 super
1489 2330 1550 2367 se
1606 2330 1801 2386 regem
1861 2314 2027 2370 illum

374 2402 630 2474 eligunt;
666 2400 764 2455 ubi
794 2400 995 2455 multis
1027 2400 1222 2455 clarus
1251 2400 1511 2457 victoriis
1531 2418 1679 2456 xxxv
1709 2402 1879 2457 annis
1905 2402 2028 2457 feli-

374 2490 519 2545 citer
548 2504 793 2560 regnum
823 2488 1040 2542 tenuit.
1077 2488 1182 2543 Hic
1214 2488 1292 2542 ibi
1324 2506 1405 2544 xu
1436 2506 1669 2556 uxores,
1721 2495 1778 2546 et
1820 2508 1888 2546 ex
1944 2491 2029 2547 eis

375 2578 529 2632 filios
556 2593 671 2631 xxn
704 2575 974 2646 ﬁliasque
1005 2593 1079 2630 xv
1109 2576 1352 2647 accepit.
1384 2578 1542 2633 Fred.
1573 2580 1687 2633 chr.
1722 2596 1776 2634 a.
1802 2580 1927 2635 623.
1960 2611 2029 2621 -—

378 2666 440 2721 In
474 2664 642 2721 Italia
666 2662 1045 2730 Adaloaldus,
1081 2681 1179 2719 rex
1211 2665 1750 2737 Langobardorum,
1775 2684 1908 2723 cum
1967 2669 2026 2724 in

266 2772 289 2796 ν
375 2753 897 2815 amcntiam,Grzeci
915 2753 1222 2823 cujusdam
1238 2752 1409 2826 legati
1430 2755 1691 2811 malefico
1706 2762 2025 2828 unguento,

375 2857 581 2896 versus
615 2839 929 2896 nonnullos
961 2840 1289 2912 principum
1327 2844 1690 2913 peremisset,
1724 2844 2027 2916 depositus

375 2930 445 2983 de
478 2946 654 2999 regno
687 2945 789 2983 nec
817 2928 999 2983 multo
1023 2934 1152 3000 post
1172 2946 1391 2985 veneno
1413 2932 1735 2987 exstinctus
1750 2938 1839 2988 est
1866 2938 2030 3005 ;post

372 3033 547 3089 quem
580 3017 889 3073 Harialdus
924 3017 1392 3088 [al.,Arioaldus]
1425 3037 1518 3074 rex
1554 3021 1741 3076 factus
1764 3022 1931 3077 annis
1948 3041 2027 3094 VII

374 3105 650 3178 regnavit.
686 3106 789 3160 llic
820 3106 1264 3177 Gundabergam
1299 3107 1479 3161 ﬁliam
1530 3109 1757 3182 Agilnlﬁ
1821 3110 2027 3165 habuit

374 3210 633 3250 uxorem.
665 3195 827 3249 Paul.
863 3196 1009 3249 Diae.
1043 3212 1095 3249 a.
1120 3197 1227 3249 625
1249 3197 1324 3251 al.
1353 3214 1405 3251 a.
1430 3198 1555 3252 623.

2144 1970 2328 2010 cessa.
2361 1956 2520 2010 Fred.
2554 1956 2672 2012 chr.
2706 1974 2759 2012 a.
2786 1958 2914 2014 628.

2210 2044 2308 2098 631
2345 2043 2705 2116 Dagobertus
2735 2061 2835 2101 rex
2862 2052 3063 2105 sancto
3093 2048 3330 2105 Arnolfo
3363 2050 3624 2108 Metense
3672 2052 3795 2124 epi-

2139 2138 2338 2204 scopo,
2370 2137 2427 2188 et
2454 2133 2697 2206 Pippino
2719 2135 2886 2204 duce,
2912 2137 3133 2210 majore
3150 2138 3381 2208 domus,
3405 2139 3797 2197 Chunibertoc

2139 2238 2252 2293 quc
2281 2221 2625 2279 Coloniense
2682 2223 3119 2298 archiepiscopo
3178 2231 3349 2284 utens
3410 2227 3794 2300 consiliariis,

2138 2310 2321 2365 nimio
2350 2326 2548 2366 amore
2570 2312 2814 2382 justitiaa
2845 2314 3131 2386 ﬂagravit,
3165 2319 3222 2371 et
3274 2333 3375 2372 rex
3432 2334 3535 2389 per
3590 2319 3794 2375 omnia

2137 2399 2450 2455 laudabilis
2481 2400 2717 2456 exstitit.
2740 2402 2943 2458 Postea
2963 2420 3117 2472 vero,
3142 2406 3376 2477 propria
3396 2411 3637 2463 secutus
3655 2424 3793 2464 con-

2138 2488 2289 2554 silia,
2324 2487 2572 2543 multum
2607 2491 2679 2545 ad
2706 2490 2990 2547 deteriora
3019 2493 3271 2549 defluere
3302 2495 3478 2567 cmpit
3495 2512 3792 2569 uxoreque

2139 2576 2498 2631 Gomatruda
2510 2578 2838 2649 repudiata,
2856 2578 3229 2637 Nanthildem
3242 2583 3561 2653 quamdam
3578 2584 3651 2640 de
3673 2601 3792 2640 mo-

2138 2665 2393 2720 nasterio
2425 2666 2569 2737 (203)
2603 2666 2857 2738 puellam
2890 2668 3113 2741 accepit
3141 2685 3380 2726 uxorem
3410 2672 3638 2744 Fredeg.
3673 2674 3789 2729 chr.

2140 2770 2174 2808 a
2204 2754 2330 2807 629.

2206 2842 2694 2899 632Charibertus
2720 2843 2979 2917 regulus,
2998 2845 3176 2902 frater
3193 2846 3523 2920 Dagoberti,
3549 2849 3787 2908 Wasco-

2140 2931 2296 2986 niam
2320 2931 2599 2987 invadens
2626 2949 2731 2989 suo
2748 2950 2876 2989 eam
2890 2950 3067 3005 regno
3090 2935 3321 3007 adjecit.
3337 2935 3709 3009 Dagobertus
3721 2956 3790 2996 ex

2136 3017 2391 3088 quadam
2424 3018 2746 3074 concubina
2776 3020 2925 3091 (204)
2949 3021 3314 3093 Sigebertum
3349 3022 3536 3080 ﬁlium
3558 3028 3785 3098 genuit.

2136 3106 2288 3160 Fretl.
2322 3106 2438 3160 chr.
2467 3124 2517 3161 a.
2550 3108 2675 3163 630.
2711 3138 2779 3147 —-
2810 3108 2926 3163 Pax
2956 3114 3237 3182 perpetua
3257 3109 3409 3167 inter
3449 3112 3783 3172 Heraclium

2136 3195 2545 3267 imperatorem
2577 3200 2635 3251 et
2663 3196 3077 3269 Dagobertum,
3110 3197 3318 3271 legatis
3361 3202 3784 3272 mediantibus,

442 3286 547 3338 (527
580 3285 642 3338 1n
673 3283 970 3338 Britannia
1003 3283 1285 3340 Edwinus
1318 3301 1417 3340 rex
1445 3285 1763 3358 Anglorum
1796 3305 1830 3343 θ,
1866 3287 2017 3343 Pau-
2050 3260 2093 3333 δ
2133 3260 2302 3356 pacta
2332 3288 2458 3351 est;
2491 3288 2568 3351 et,
2601 3260 2879 3356 petitione
2908 3260 3299 3359 imperatoris,
3333 3289 3433 3362 qui
3466 3260 3786 3364 imperium

372 3370 491 3427 lino
522 3370 794 3443 episcopo
826 3387 1161 3442 conversus,
1194 3388 1327 3427 cum
1359 3377 1530 3444 gente
1560 3391 1668 3429 sua
1694 3375 2021 3447 baptizatur

372 3476 525 3515 anno
556 3460 840 3515 adventus
887 3458 1201 3530 Anglorum
1254 3460 1312 3515 in
1377 3461 1735 3518 Britanniam
1788 3462 2017 3519 circiter

371 3564 567 3604 ccxxx.
601 3549 732 3604 Bed.
765 3548 891 3603 hist.
929 3549 1090 3617 Angl.
1122 3580 1191 3588 —
1233 3550 1533 3605 Discordia
1581 3550 1732 3607 inter
1782 3551 2017 3609 Clotha-

371 3637 524 3692 rium
557 3653 751 3709 regem
783 3640 840 3692 et
866 3635 1054 3691 ﬁlium
1112 3638 1241 3708 ejus
1304 3640 1691 3711 Dagobertum
1744 3641 2013 3712 incmpta,

370 3726 538 3782 beato
591 3724 826 3781 Arnolfo
878 3723 1131 3798 aliisque
1184 3726 1548 3800 principibus
1621 3729 2017 3786 mediantibus

372 3815 630 3871 sedatur.
664 3814 824 3871 Fred.
851 3813 968 3869 chr.
1000 3832 1055 3870 a.
1088 3815 1213 3871 625.

436 3905 542 3959 628
589 3903 802 3959 Beatus
857 3904 1205 3960 Anastasius
1262 3905 1609 3973 monachus,
1668 3905 1860 3963 multa
1911 3924 2015 3979 pro

367 3991 595 4047 Christo
626 3995 921 4047 tormenta
946 4010 1179 4065 passus,
1211 3995 1447 4050 tandem
1469 3994 1528 4050 in
1547 3995 1803 4062 Perside,
1827 4013 1861 4051 a
1881 4012 2017 4070 rege

367 4080 661 4135 Chosdroe
690 4095 825 4133 cum
857 4078 988 4134 aliis
1030 4098 1135 4135 Lxx
1190 4082 1615 4154 transgulatus,
1670 4084 2015 4155 martyrium

369 4166 696 4237 complevit.
729 4167 857 4221 Bed.
890 4168 1003 4222 chr.
1035 4199 1105 4207 —
1129 4171 1259 4239 Ipso
1277 4187 1430 4225 anno
1446 4171 2015 4243 Heracliusimpera-

370 4259 464 4309 tor
492 4253 782 4308 Persidem
817 4254 1001 4325 petiit,
1044 4254 1315 4327 victoque
1361 4262 1417 4312 et
1463 4259 1652 4313 occiso
1704 4259 2012 4327 Chosdroe,

2129 3389 2304 3427 suum
2318 3390 2351 3427 a
2362 3377 2532 3444 gente
2545 3373 2891 3430 circumcisa
2910 3377 3190 3433 vastandu
3200 3393 3256 3431 m
3288 3387 3780 3453 praecognoverat,

2126 3461 2310 3516 Judaei
2342 3459 2511 3515 multi
2541 3460 2601 3515 in
2628 3477 2808 3534 regno
2843 3464 3219 3534 Francorum,
3254 3466 3405 3522 sicut
3431 3472 3493 3524 et
3521 3469 3664 3526 alibi
3722 3472 3782 3527 in

2126 3549 2671 3621 Romanoimperio,
2701 3551 2992 3625 profligati
3024 3557 3163 3609 sunt
3189 3554 3358 3626 (205).
3418 3555 3535 3613 Nec
3595 3559 3781 3617 multo

2125 3642 2258 3710 post
2288 3638 2501 3694 secutis
2531 3638 2893 3711 temporibus
2921 3640 3331 3698 crudelissima
3345 3659 3490 3718 gens
3508 3646 3782 3705 Sarrace-

2126 3742 2357 3795 norum,
2392 3731 2449 3782 et
2476 3726 2605 3800 ipsa
2628 3727 2992 3796 circumcisa,
3014 3729 3232 3787 multas
3254 3733 3586 3803 provincias
3604 3736 3781 3794 inun-

2125 3816 2273 3871 dans
2294 3816 2621 3883 vastavit,et
2636 3816 2965 3874 Romanum
2978 3818 3292 3875 exercitum
3314 3822 3537 3879 crebris
3558 3825 3779 3898 praeliis

2125 3905 2480 3960 trucidatum
2509 3903 2883 3961 vehementer
2909 3906 3126 3962 attrivit
3154 3909 3308 3964 Fred.
3337 3910 3455 3965 chr.
3487 3928 3543 3968 a.
3578 3914 3706 3970 630.

2197 3993 2322 4048 633.
2358 3992 2421 4048 In
2453 3992 2752 4049 Britannia
2782 3994 3084 4065 Edwinus,
3108 4012 3208 4052 rex
3236 3997 3563 4072 Anglorum
3594 4003 3787 4076 paciﬁ-

2126 4097 2231 4136 cus
2255 4085 2313 4137 et
2341 4081 2495 4153 pius,
2521 4098 2556 4137 a
2582 4081 2950 4150 Ceadwalda,
2973 4085 3095 4155 [al.,
3125 4086 3479 4160 Cedowalla]
3499 4094 3559 4145 et
3591 4091 3789 4149 Penda

2126 4170 2371 4242 paganis
2403 4170 2642 4242 regibus
2655 4170 2842 4228 victus
2861 4176 2920 4227 et
2940 4178 3281 4246 peremptus
3311 4181 3420 4232 est.
3454 4181 3600 4235 Post
3616 4182 3789 4253 cujus

2128 4264 2375 4316 mortem
2435 4258 2539 4313 ﬁlii
2592 4258 2859 4315 Edilt‘ridi
2907 4260 2977 4316 de
3033 4261 3221 4318 Scotis
3252 4265 3491 4332 reversi,
3533 4282 3786 4341 regnum

1404 4354 1878 4412 COMPENDIUM
1918 4358 2007 4413 EX
2046 4358 2298 4415 CODICE
2334 4356 2718 4413 BERNOLDI.

442 4447 547 4500 62h
586 4447 645 4500 In
704 4447 999 4501 Britannia
1051 4448 1301 4520 defuncto
1357 4449 1557 4505 Mellito
1614 4452 2014 4526 archiepiscopo
2043 4459 2091 4523 D
2190 4456 2297 4511 630
2326 4454 2620 4511 Lotharius
2641 4470 2742 4509 rex
2767 4457 3105 4512 Francorum
3140 4458 3323 4530 fortis,
3353 4462 3483 4533 pius
3539 4473 3595 4521 et
3649 4470 3782 4523 reti-

372 4535 625 4589 successit
654 4535 861 4602 Justus,
895 4538 1003 4604 etc,
1036 4541 1101 4589 ut
1127 4540 1275 4609 Aug.

443 4623 549 4677 625
580 4623 765 4678 Romae
796 4624 1063 4677 Honorius
1087 4642 1231 4697 papa
1271 4626 1450 4682 LXXII
1495 4628 1630 4683 sedit
1677 4632 1840 4685 annis
1894 4648 2017 4700 xm,

374 4712 471 4783 qui
495 4712 686 4767 multis
721 4711 873 4766 bonis
900 4714 1151 4783 aperibus
1181 4715 1496 4772 abundavit.

442 4801 549 4855 627
578 4803 641 4857 In
669 4802 1032 4859 Britannia...
1064 4804 1122 4857 in
1163 4804 1514 4861 Britanniam
1541 4822 1681 4879 pene
1736 4811 2021 4866 centesimo

373 4892 710 4963 octogesimo.

440 4982 545 5037 628
574 4983 638 5037 B.
669 4982 1005 5037 Anastasius
1031 4983 1289 5040 multa...
1336 4992 1555 5057 martyr
1581 4986 1841 5058 efﬁcitur.
1901 4990 2024 5059 Ipso

372 5086 537 5127 anno.
569 5070 918 5126 Heraclius...
952 5073 1092 5127 victo
1122 5077 1177 5127 et
1212 5075 1386 5129 occiso
1431 5074 1715 5145 Chosdroe,
1773 5078 2021 5132 Domini-

370 5175 492 5218 cam
518 5176 733 5217 crucem
760 5160 1193 5233 Hierosolymam
1219 5164 1447 5221 revexit.

2129 4546 2315 4613 giosus
2344 4543 2478 4600 obiit
2507 4560 2599 4598 an.
2632 4546 2790 4615 regni
2815 4561 2942 4601 xcv.

2199 4634 2300 4689 631
2348 4632 2679 4705 Dagobertus
2734 4648 2835 4688 rex
2887 4635 3225 4692 Francorum
3273 4638 3333 4694 S.
3392 4641 3630 4715 Arnolfo
3678 4646 3785 4701 He-

2130 4727 2277 4779 tense
2294 4725 2556 4795 ερίδεορο,
2587 4723 2890 4794 etPippino
2935 4726 3145 4796 majore
3197 4725 3389 4784 domus
3444 4738 3605 4789 utens
3657 4750 3786 4791 con-

2129 4812 2390 4878 siliariis,
2419 4812 2594 4866 nimio
2623 4825 2808 4866 amore
2827 4812 3075 4883 justitiw
3102 4815 3381 4883 ﬂagravit.

2201 4902 2307 4956 632
2326 4903 2448 4956 Pax
2470 4902 2739 4971 perpetua
2767 4902 2911 4956 inter
2939 4903 3254 4959 Heracliam
3288 4907 3681 4978 imperatorem
3735 4919 3791 4968 et

2131 4985 2515 5059 Dagobertum,
2553 4988 2749 5057 legatis
2778 4987 3164 5059 mediantibus,
3190 4997 3352 5063 pacta
3379 5003 3477 5053 est.

2201 5077 2306 5133 633
2336 5079 2399 5133 In
2427 5077 2725 5131 Britannia
2752 5075 3015 5144 Eduinus,
3046 5094 3148 5133 rea:
3173 5081 3477 5152 Anglorum
3520 5089 3790 5161 paciﬁcus

2131 5173 2186 5223 et
2201 5168 2348 5239 pius,
2378 5182 2411 5221 a
2434 5166 2671 5237 paganis
2700 5166 2916 5236 regibus
2945 5169 3304 5226 interimitur.

1938 5264 2167 5323 NOTB.

445 5353 590 5426 (202)
616 5354 673 5409 S.
706 5353 931 5432 Amulli
969 5356 1244 5432 Metensis
1299 5357 1558 5432 episcOpi
1616 5357 2019 5432 genealogiam

374 5424 701 5509 [Alei-manna
722 5426 847 5509 jam
908 5424 1669 5509 praemisimus—Pippinu's
1713 5424 2023 5509 vero'dux

374 5496 691 5621 Austrtasiaa
720 5499 777 5550 et
805 5496 992 5568 major
1020 5498 1231 5555 domus
1262 5503 1407 5568 erat,
1439 5496 1763 5557 Laudensis
1810 5517 2023 5575 cogno-

379 5581 543 5621 mina
571 5582 660 5621 us.

379 5581 660 5624 minatus.

452 5635 597 5719 (203)
628 5635 1010 5713 Fredegarius
1038 5639 1100 5699 in
1140 5640 1423 5705 Chronico
1480 5659 1609 5719 cap.
1666 5644 1757 5717 58,
1814 5642 2023 5705 melius

2131 5361 2419 5443 habentne
2427 5359 2764 5443 ministerio,
2796 5358 2943 5415 aulas
2966 5361 3213 5443 scilicet,
3246 5381 3350 5443 seu
3380 5371 3625 5443 reginae.

2225 5433 2349 5509 20a)
2381 5430 2799 5509 Bagintrudem
2819 5436 2987 5509 vocat
3014 5433 3417 5509 Fredegarius.

2225 5434 2327 5487 204
2381 5433 2799 5504 Ragintrudem
2819 5436 2987 5492 vocat
3014 5433 3417 5509 Fredegarius.
3445 5433 3482 5443 “’

2135 5433 2807 5634 εάἓῇἒξοῖἓὶἐιιᾶωοδ
2835 5503 2907 5561 ad
2948 5504 3308 5580 baptismum
3364 5527 3400 5568 a
3456 5513 3789 5591 Dagoberto
