4026 6228
154 352 262 418 {37

1334 442 1349 447 ο
1415 360 1889 426 enacmeon.
1924 396 2001 407 -
2032 360 2218 425 δαῖε.
2268 362 2398 427 vn.

3493 367 3611 430 138

1588 522 1821 580 CODEX
1860 523 2254 581 AUGIENSIS.

173 635 477 708 quondam
512 638 715 709 patris
749 638 847 696 sui
879 638 1210 711 arripiunt;
1242 654 1272 693 e
1298 638 1514 710 quibus
1540 639 1655 694 duo
1687 657 1720 694 a
1744 640 1855 695 {ide
1884 644 1931 710 Α
1968 639 2125 694 filius
2159 656 2225 694 ex
2253 640 2565 697 Nanthilde
2596 640 2799 713 regina
2826 641 3119 708 nascitur;
3155 640 3246 697 cui
3282 659 3397 697 non
3422 642 3607 700 multo

177 724 604 797 Christi,quam
639 727 807 799 apud
843 727 1044 785 Scotos
1077 727 1848 801 didicerant,apostatantes,

178 813 335 870 intra
364 831 554 870 unum
577 831 813 871 annum
847 821 1113 889 pereunt.
1147 814 1313 880 Beda,
1374 814 1502 870 hist.
1560 816 1719 886 Angt.
1780 848 1847 855 —

183 903 284 959 95
315 904 481 975 Apud
514 905 777 961 Francos
810 902 1191 960 Charihertus
1225 902 1486 977 regulus,
1536 903 1713 959 frater
1743 908 1850 960 Da-

184 982 433 1064 goberti,
462 993 736 1059 moritur,
773 997 834 1047 et
862 1008 1107 1065 regnum
1141 992 1270 1062 ejus
1301 1008 1366 1047 ac
1398 989 1705 1047 thesauros
1737 990 1846 1046 Da-

182 1081 469 1154 gobertus
502 1081 677 1137 frater
707 1080 953 1153 accepit.
987 1081 1215 1149 Fredeg.
1248 1081 1363 1135 chr.
1418 1097 1471 1135 a.
1521 1079 1646 1135 63l.
1706 1080 1849 1135 Tres

183 1169 483 1224 exercitus
513 1187 547 1224 a
574 1170 902 1242 Dagoberto
935 1174 1137 1226 contra
1184 1169 1498 1224 Samonem
1530 1172 1586 1222 et
1615 1167 1849 1224 Sclavos

184 1257 446 1313 diversis
474 1259 739 1330 partibus
781 1257 971 1326 missi,
1027 1275 1179 1314 unus
1232 1258 1587 1313 Francorum
1636 1256 1847 1324 victus,

181 1345 310 1400 duo
342 1361 651 1401 suevorum
686 1350 739 1401 et
790 1346 1307 1418 Longobardorum
1357 1345 1604 1400 victores
1662 1345 1843 1401 redie-

176 1438 349 1491 runt.
383 1432 543 1489 Fred.
575 1434 690 1489 chr.
724 1451 778 1489 a.
814 1434 940 1493 631.
1030 1425 1038 1432 ’

253 1523 365 1578 634
397 1521 790 1579 Calamitosus
812 1523 929 1579 iste
960 1540 1151 1580 annus
1178 1523 1290 1578 luit
1332 1522 1535 1595 Anglis
1582 1525 1699 1577 tam
1751 1539 1844 1578 re-

180 1628 329 1684 gum
386 1610 685 1682 apostasia
730 1615 788 1668 et
834 1612 1158 1683 perditione
1209 1628 1386 1684 quam
1439 1611 1740 1666 barbarica
1791 1620 1848 1667 et

181 1699 622 1772 crudeli,quam
655 1717 690 1755 a
710 1699 1063 1756 Ceadwalda
1080 1699 1467 1773 pertulerant,
1499 1700 1842 1757 vastatione.

177 1788 305 1844 Sed
338 1788 540 1843 statim
571 1786 811 1844 Oswald
843 1788 1050 1845 tertius
1078 1787 1236 1845 ﬁlius
1282 1787 1544 1844 Edilfridi
1576 1788 1842 1845 christia-

180 1876 504 1943 nissimus,
539 1877 738 1949 paucis
768 1876 1027 1934 collectis
1060 1878 1116 1933 in
1167 1878 1416 1933 Domino
1461 1878 1739 1948 conﬁsus,
1790 1881 1847 1934 et

179 1965 644 2037 adorata,quam
671 1970 953 2034 erexerat,
984 1966 1177 2039 lignea
1199 1983 1390 2036 cruce,
1414 1968 1691 2022 audacter
1709 1982 1841 2022 cum

178 2054 546 2112 Ceadwalda
576 2072 837 2128 pugnam
868 2055 1041 2122 iniit,-
1073 2071 1257 2127 eoque
1285 2054 1763 2127 victo,provincia
1788 2057 1845 2110 et

177 2144 473 2199 fratribus
504 2142 840 2210 vindicatis,
872 2149 1182 2216 paternum
1228 2160 1475 2218 regnum
1529 2162 1627 2199 vm
1674 2143 1845 2199 annis

179 2232 399 2305 plenus
433 2233 649 2304 pietate
677 2231 951 2288 nobiliter
979 2233 1145 2287 rexit.
1180 2232 1347 2297 Beda,
1394 2234 1520 2288 hist.
1575 2232 1744 2302 Αγιρὶ.
1775 2260 1843 2273 --

180 2321 361 2376 Samo
406 2335 541 2375 cum
591 2318 816 2375 Sclavis
861 2319 1247 2393 Thuringiam
1306 2324 1517 2375 vastat.
1568 2324 1842 2388 Saxones,

182 2407 411 2464 Sclavis
440 2425 503 2464 se
536 2408 807 2464 resistere
838 2407 1426 2481 pollicentes,trihuto
1459 2426 1494 2464 n
1514 2425 1843 2474 vaccarum,

184 2514 341 2570 quas
371 2496 612 2553 Francis
663 2497 970 2553 annuatim
1020 2497 1347 2566 solvebant,
1417 2516 1451 2553 a
1496 2498 1844 2571 Dagoberto.

182 2584 597 2642 absolvuntur.
632 2585 789 2641 Fred.
822 2586 938 2641 chr.
972 2603 1025 2641 a.
1058 2585 1186 2641 631.
1220 2618 1288 2626 -—
1322 2588 1383 2641 In
1416 2586 1584 2643 Italia
1614 2590 1844 2643 mortuo

181 2673 487 2745 Harialdo,
513 2690 650 2747 rege
681 2674 1226 2747 Langobardorum,
1259 2674 1572 2731 Rotharius
1607 2675 1844 2747 [al.,Ro-

181 2764 422 2837 tharis],
451 2780 486 2820 a
516 2762 908 2836 Gundeberga
941 2763 1191 2819 maritus
1249 2767 1594 2836 assumptus
1639 2768 1697 2819 et
1747 2780 1845 2823 rex

182 2852 432 2914 electus.
464 2850 732 2925 regnavit
761 2851 933 2907 annis
960 2868 1085 2906 xm.
1120 2853 1284 2907 Paul.
1318 2853 1467 2908 Diac.
1502 2869 1554 2906 a.
1588 2852 1713 2907 636.

251 2941 364 2998 635
392 2941 504 2997 Per
540 2940 664 2996 haec
699 2944 986 3012 tempora,
1036 2956 1169 3005 cum
1221 2940 1461 3013 Sergius
1515 2939 1844 2999 Constanti-

180 3031 591 3103 nopolitanus,
626 3029 948 3086 adnittente
977 3033 1120 3101 Cyro
1150 3028 1542 3085 Alexandrino
1572 3029 1841 3087 haeresim

178 3117 619 3193 Acephalorum
651 3118 1011 3183 instaurans,
1044 3133 1223 3173 unam
1254 3115 1310 3172 in
1352 3117 1582 3174 Christo
1630 3119 1840 3173 divini-

183 3209 320 3265 tatis
336 3212 395 3265 et
408 3206 805 3263 humanitatis
822 3205 1180 3262 voluntatem
1203 3210 1259 3262 et
1280 3206 1674 3280 operationem
1698 3208 1839 3280 dog-

1875 2010 1920 2074 B

1963 733 2094 799 post
2122 746 2367 800 regnum
2404 746 2580 785 suum
2613 728 2969 784 occidentale
2988 729 3298 785 destinavit
3318 735 3375 787 et
3395 733 3606 788 conﬁr-

1962 815 2159 871 mavit.
2220 818 2379 874 Fred.
2437 819 2556 874 chr.
2620 835 2672 872 a.
2731 819 2856 872 633.
2912 849 2979 856 —
3038 817 3301 875 Ratolfus
3352 821 3605 890 [al.,Ra—

1959 904 2179 977 dulfus]
2207 906 2325 961 dux
2355 906 2689 978 Thuringia:
2720 907 2844 972 99,
2895 906 3115 962 Selavis
3171 924 3323 980 saepe
3366 898 3605 982 congre-

1959 993 2144 1059 diens,
2180 994 2361 1050 victor
2390 1011 2490 1050 eos
2524 996 2779 1067 lugabat.
2816 995 2978 1050 Unde
3009 995 3218 1062 elatus,
3253 1000 3316 1052 ut
3345 998 3462 1070 regi
3495 1016 3600 1055 suo

1959 1081 2238 1137 rebellare
2270 1086 2538 1148 tentaret,
2572 1084 2792 1139 sensim
2825 1083 3054 1139 animos
3087 1085 3402 1143 attollebat.
3436 1087 3599 1144 Fred.

1956 1170 2074 1224 chr.
2103 1188 2154 1225 a.
2189 1172 2313 1226 633.

2027 1260 2131 1313 637
2163 1259 2664 1331 Constantinopoli
2699 1261 2998 1317 Heraclius
3030 1262 3363 1334 imperator,
3398 1283 3431 1322 a
3465 1265 3598 1321 Ser-

1957 1345 2050 1417 gio
2082 1345 2720 1417 Constantinopolitano
2765 1348 3037 1420 episcopo
3088 1350 3145 1404 in
3193 1350 3483 1414 haeresim.
3534 1358 3602 1410 ut

1957 1434 2140 1499 aiunt,
2173 1434 2333 1507 prius
2366 1435 2663 1505 inductus,
2700 1436 2966 1492 moritur.
3002 1437 3109 1493 Pro
3145 1455 3260 1510 quo
3296 1439 3450 1495 illius
3472 1443 3601 1514 ejus

1961 1522 2305 1578 lleraclonas
2336 1522 2459 1596 [al.,
2494 1523 2905 1597 Heracleonas)
2939 1543 3073 1581 cum
3126 1530 3309 1583 matre
3350 1528 3604 1587 Martina

1957 1612 2126 1666 annis
2155 1630 2194 1665 ιι
2236 1611 2505 1684 imperat.
2566 1613 2825 1686 TheOph.;
2860 1615 2935 1669 at.
2969 1631 3022 1670 α.
3055 1616 3189 1684 64Ι;
3232 1617 3340 1673 vid.
3373 1635 3425 1673 α’
3475 1619 3601 1677 639.

1955 1732 2022 1739 -
2054 1704 2161 1755 Per
2190 1700 2308 1755 haec
2328 1706 2592 1773 tempora
2616 1703 2930 1759 Rotharius
2952 1721 3048 1760 rex
3084 1705 3601 1777 Longobardorum

1955 1789 2224 1860 quamvis
2279 1789 2550 1855 Arianus,
2594 1792 2839 1861 justitize
2901 1796 3109 1871 tamen,
3154 1799 3382 1851 amator
3446 1795 3601 1870 leges

1956 1876 2471 1949 Longobardorum
2500 1879 2753 1950 scripsit.
2792 1882 2919 1951 Ipse
2948 1874 3122 1936 etiam
3158 1883 3470 1940 nonnullas
3493 1886 3603 1942 Ro-

1954 1983 2260 2021 manorum
2298 1968 2471 2022 urbes
2502 1968 2736 2038 cepit,et
2764 1967 3201 2026 Ravennatibus
3232 1988 3431 2044 pugna
3460 1991 3596 2031 con-

1954 2054 2180 2126 ﬂigens,
2213 2072 2315 2108 vm
2346 2070 2413 2109 ex
2435 2054 2518 2110 eis
2550 2054 2734 2110 millia
2763 2055 2994 2124 occidit,
3028 2056 3396 2131 reliquosque
3430 2063 3593 2135 fuga-

1952 2142 2049 2197 vit.
2086 2142 2245 2197 Paul.
2278 2143 2430 2198 Βίας.
2459 2160 2492 2197 a
2512 2143 2635 2197 643.

2023 2232 2126 2284 6ἶ8
2154 2231 2344 2285 Romae
2376 2231 2647 2286 defuncto
2680 2249 2830 2304 papa
2860 2232 3129 2301 llonorio,
3156 2236 3404 2293 cessavit
3426 2240 3599 2297 sedes

1953 2318 2270 2391 apostolica
2300 2337 2520 2376 annum
2551 2337 2589 2383 ι,
2624 2337 2854 2376 menses
2886 2339 2984 2389 vn,
3018 2322 3143 2378 dies
3174 2325 3434 2397 x1v,quia
3458 2329 3599 2384 Con-

1954 2408 2334 2480 stantinopoli
2366 2407 2682 2464 auctoritas
2711 2407 3032 2480 impcrialis
3063 2416 3247 2467 morte
3267 2414 3597 2488 principum

1954 2496 2199 2552 nutabat
2228 2498 2392 2568 (206).
2426 2498 2610 2552 Anast.
2645 2530 2712 2538 —
2742 2497 2863 2561 Quo
2890 2502 3153 2571 tempore
3185 2501 3594 2563 Lateranensis

1951 2586 2263 2642 thesaurus
2292 2604 2326 2642 a
2358 2586 2631 2642 Mauricio
2664 2586 3041 2655 chartulario,
3090 2593 3148 2644 et
3194 2589 3425 2648 Hisacio
3475 2594 3600 2665 [al.,

1954 2674 2193 2744 Isaacio]
2224 2675 2464 2747 patricio
2491 2675 2739 2730 exarcho
2773 2675 2948 2731 Italia:
2979 2677 3247 2750 direptus
3278 2685 3339 2735 et
3362 2681 3604 2740 distrac-

1952 2769 2048 2819 tus
2079 2768 2184 2819 est.
2216 2796 2283 2803 —~
2312 2764 2633 2819 Wascones
2672 2764 2950 2820 rebellare
2997 2769 3310 2835 tentantes,
3353 2771 3535 2828 misso
3563 2790 3598 2830 a

1950 2852 2276 2925 Dagoberto
2307 2851 2557 2907 exercitu
2590 2853 2899 2924 perdomiti
2933 2858 3091 2909 sunt.
3134 2856 3464 2916 Brittonum
3494 2878 3594 2918 rex

1951 2942 2021 2996 ad
2053 2940 2442 3013 Dagobertum
2476 2940 2711 2996 veniens
2743 2941 3047 2998 humiliter
3091 2944 3142 3000 ei
3194 2946 3492 3016 satisfecit,
3543 2954 3601 3007 et

1952 3046 2090 3102 pace
2125 3029 2436 3101 impetrata
2464 3029 2655 3084 rediit.
2690 3030 2843 3085 Fred.
2867 3030 2984 3087 chr.
3020 3050 3072 3088 a.
3105 3034 3230 3089 635.

2016 3119 2122 3173 639
2141 3117 2640 3190 Constantinopoli
2661 3123 2888 3175 mortuo
2909 3119 3219 3178 heraclona
3239 3124 3589 3195 imperatore

1948 3209 2125 3263 frater
2152 3206 2280 3276 ejus
2312 3206 2728 3263 Constantinus
2759 3209 3021 3281 regnavit
3050 3227 3283 3269 menses
3334 3232 3389 3269 v1
3440 3217 3591 3290 (207)

180 3297 546 3365 matirasset,
578 3295 895 3367 ipsumque
926 3295 1338 3367 imperatorem
1379 3296 1729 3362 seduxisset,
1764 3296 1835 3351 ab
1946 3296 2107 3353 Paul.
2139 3294 2362 3350 Diac.ln
2393 3295 2694 3351 Britannia
2723 3295 2976 3352 Eadbald
3012 3315 3121 3373 rex,
3140 3299 3590 3361 Cantuariorum

178 3384 508 3459 apostolica
538 3384 677 3440 sede
707 3384 1023 3439 damnatus
1054 3388 1162 3438 est.
1198 3382 1324 3438 Βθιί.
1356 3384 1495 3449 chr.,
1526 3385 1602 3440 at.
1630 3401 1682 3439 α.
1706 3384 1830 3439 634.
1866 3380 1909 3447 C
1945 3383 2265 3456 Anglorum
2297 3384 2566 3451 decessit,
2600 3385 2769 3456 eique
2800 3385 2956 3442 ﬁlius
2988 3386 3441 3448 Erchambertus
3464 3410 3594 3450 suc-

178 3506 245 3516 -—
275 3473 503 3531 Sclavis
545 3488 682 3528 cum
732 3472 984 3527 Samone
1035 3470 1421 3544 Thuringiam
1467 3477 1524 3529 et
1572 3472 1832 3529 conﬁnes
1944 3472 2120 3530 cessit
2148 3472 2318 3529 annis
2348 3472 2780 3542 xxv.Beda,hist.
2815 3475 3059 3547 Angt.~—
3086 3477 3408 3535 Wascones
3432 3484 3597 3538 aDa-

179 3580 365 3638 pagos
398 3561 868 3627 incursantibus,
900 3560 1266 3633 Dagobertus
1293 3560 1481 3616 ﬁlium
1513 3578 1689 3619 suum
1712 3578 1837 3633 par-

176 3653 391 3708 vulum
424 3650 821 3723 Sigebertum,
853 3648 1096 3721 Pippino
1125 3653 1183 3705 et
1208 3648 1484 3722 Adalgiso
1510 3650 1845 3720 ducibus,et

175 3740 543 3797 Chuniberto
567 3737 1005 3810 archiepiscopo
1026 3738 1351 3793 Coloniensi
1369 3741 1841 3795 commendatum

174 3825 629 3884 Austrit'ranciae
671 3841 871 3900 regem
885 3826 1037 3890 fecit,
1056 3825 1225 3898 eique
1248 3827 1446 3882 sedem
1471 3827 1638 3883 Metis
1661 3827 1841 3891 dedit,

176 3912 679 3989 principibusque
712 3918 777 3970 ut
808 3914 1093 3970 terminos
1126 3914 1287 3987 regni
1338 3913 1650 3971 Orientalis
1680 3916 1843 3971 dein-

180 4022 335 4077 ceps
394 4007 698 4059 tuerentur
726 4003 1057 4076 persuasitr
1072 4003 1232 4059 Fred.
1264 4004 1379 4058 chr.
1415 4021 1467 4057 a.
1495 4003 1620 4059 633.

258 4092 374 4147 636
425 4092 749 4165 Dagoberto
792 4091 913 4164 regi
972 4090 1312 4158 Clodoveus,
1365 4108 1467 4146 seu
1522 4092 1848 4148 Ludovicus

1945 3562 2183 3634 goberto
2216 3577 2317 3632 pro
2349 3560 2663 3617 rebellione
2693 3580 2803 3617 sua
2828 3564 3057 3620 veniam
3083 3571 3396 3636 precantur
3418 3572 3474 3626 et
3490 3570 3599 3626 im-

1952 3654 2199 3724 petrant.
2235 3649 2392 3705 Ἐνυεῖ.
2425 3666 2477 3704 a.
2510 3650 2635 3705 636.

2022 3740 2116 3793 97
2152 3739 2258 3792 640
2279 3738 2777 3811 Constantinopoli
2802 3744 2935 3812 post
2957 3747 3207 3799 mortem
3224 3744 3601 3803 Constantini

1952 3826 2325 3898 imperatoris
2359 3825 2514 3881 filius
2546 3827 2735 3898 ipsius
2764 3830 3201 3899 Constantinus,
3236 3835 3336 3904 qui
3368 3838 3424 3889 et
3452 3834 3603 3890 Con-

1955 3921 2139 3982 stans,
2176 3915 2437 3986 regnavit
2466 3931 2560 3970 an.
2595 3932 2771 3971 xxvm
2804 3934 2857 3973 a.
2890 3933 2998 3988 seq.
3033 3948 3101 3959 -ο
3154 3919 3347 3975 Romae
3376 3922 3607 3978 Severi-

1955 4020 2069 4058 nus
2100 4019 2251 4076 papa
2276 4002 2493 4057 LXXIII
2527 4003 2679 4059 sedit
2710 4005 3012 4061 mensibus
3043 4023 3103 4076 ιι,
3136 4006 3344 4064 diebus
3396 4027 3471 4079 IV,
3518 4011 3610 4067 vir

1957 4095 2217 4158 sanctus,
2253 4090 2415 4147 mitis
2447 4085 2666 4164 et’pius
2696 4109 2708 4147 :
2741 4096 2873 4165 post
2904 4110 3080 4166 quem
3113 4098 3361 4153 cessavit
3381 4097 3607 4171 episco-

1237 4206 1714 4264 COMPENDIUM
1754 4208 1846 4263 EX
1883 4207 2131 4263 CODICE
2172 4207 2547 4263 BERNOLDI.

263 4305 378 4360 634
438 4304 718 4363 Oswaldus
790 4307 941 4376 ﬁlius
995 4304 1262 4375 Edilfridi
1320 4304 1845 4373 Christianissimus,

182 4395 391 4466 paucis
419 4395 678 4461 collectis,
712 4403 763 4450 et
792 4394 1016 4450 adorata
1046 4410 1203 4449 cruce
1229 4410 1395 4466 quam
1436 4398 1708 4462 cremat,
1760 4396 1850 4449 in-

186 4487 515 4556 ter-lectores
544 4484 753 4540 Eduini
780 4486 924 4553 regis
953 4484 1233 4557 superavit
1262 4484 1480 4554 ipseque
1519 4487 1632 4539 octo
1678 4498 1855 4539 annos

192 4574 481 4643 regnavit.

271 4663 386 4717 635
432 4663 538 4719 His
593 4662 927 4734 temporibus
987 4677 1110 4717 cum
1169 4659 1410 4731 Sergius.
1445 4704 1456 4716 .
1495 4702 1507 4715 .

198 4758 303 4806 est.

276 4840 387 4894 637
423 4838 897 4911 Constantinopoli
926 4839 1273 4895 Heraclius...
1305 4841 1551 4911 episcopo
1599 4839 1660 4892 in
1698 4838 1865 4894 luere-

100 4972 105 4981 .
201 4931 315 4986 sim
345 4927 746 5001 Acephalorum
774 4927 1029 4983 inductus
1059 4928 1215 4994 obiit,
1246 4944 1346 4999 pro
1383 4944 1489 5000 quo
1540 4926 1867 4982 Heraclonas

1567 4659 1859 4716 damnatus
1889 4639 1936 4704 D
2036 4662 2144 4717 6110
2175 4639 2663 4733 Constantinopoli.

1957 4322 2081 4361 cum
2106 4314 2284 4361 matre
2310 4307 2553 4363 Martiae
2586 4308 2748 4363 annis
2780 4311 3026 4379 regnavit
3067 4310 3295 4368 duobus.

2031 4396 2136 4449 62'8
2194 4396 2373 4451 Romw
2431 4394 2684 4467 defuncto
2743 4400 3004 4455 Honorio.
3052 4442 3064 4455 .
3113 4443 3126 4455 .
3166 4403 3433 4459 mutabat.
3491 4406 3611 4475 Quo

1962 4488 2196 4555 tempore
2228 4484 2611 4540 Lateranensis
2636 4484 2923 4543 thesaurus
2952 4489 3247 4546 distractus
3277 4501 3376 4549 est.

2036 4574 2142 4628 639
2172 4572 2661 4645 Constantinopoli.
2708 4616 2721 4630 .
2767 4618 2780 4631 .
2816 4593 3024 4634 menses
3052 4595 3168 4634 sex.

2710 4707 2723 4719 .
2768 4707 2780 4719 .
2813 4668 2978 4722 amris
3010 4684 3207 4725 xxvm.
3243 4672 3429 4730 Roma:
3457 4674 3619 4732 Seve-

1972 4751 2128 4804 rinus
2152 4767 2318 4822 papa.
2364 4794 2376 4805 .
2424 4792 2436 4805 .
2478 4749 2667 4806 diebus
2713 4757 2967 4824 quatuor,
3014 4763 3135 4827 post
3182 4775 3345 4829 quem
3390 4763 3622 4819 cessavit

1974 4840 2308 4911 episcopatus
2335 4841 2615 4896 mensibus
2638 4843 2897 4913 quinque.

1800 5041 2032 5099 NOT/E.

467 5144 614 5197 Cum
648 5140 937 5225 Himerius
961 5139 1212 5225 triennio
1238 5140 1354 5195 fere
1374 5144 1508 5225 ante
1530 5137 1864 5221 Heracliam
1978 5140 2716 5225 H_eraclio,Constantinum
2742 5143 2927 5201 filium
2943 5148 3070 5217 ejus
3092 5148 3381 5205 seniorem
3406 5165 3638 5206 succes-

209 5211 444 5282 obierit,
478 5230 660 5287 causa
691 5212 881 5268 dilatae
914 5212 1115 5287 tandiu
1151 5211 1610 5287 consecrationis
1657 5211 1864 5287 nonin
1981 5213 2152 5287 sisse,
2187 5213 2285 5284 qui
2319 5218 2512 5287 tamen
2550 5220 2681 5285 post
2709 5221 2942 5271 centum
2968 5211 3041 5273 ac
3070 5223 3189 5275 tres
3238 5223 3383 5287 dies,
3434 5239 3538 5278 seu
3563 5223 3639 5276 25

214 5289 404 5376 morte
438 5284 842 5376 'principum,.
870 5284 970 5339 sed
994 5284 1078 5376 ἰξιι
1138 5283 1590 5376 coure‘pqpenda
1639 5282 1871 5376 videtur
1979 5282 2413 5376 Maiipbrtuus
2441 5282 2635 5376 leonum
2668 5287 2804 5376 fecit
2834 5288 2995 5342 fratri
3031 5306 3137 5344 suo
3173 5282 3536 5376 llepacleonaa
3566 5308 3638 5350 ex

211 5358 369 5431 quod
402 5353 963 5431 electusSeverinus
994 5354 1241 5431 Heraclii
1300 5353 1582 5431 Ecthesin.
1623 5354 1870 5431 probare
1979 5355 2235 5431 Martia}
2258 5354 2497 5409 Heraclii
2520 5356 2770 5431 ﬁlio.Hic
2793 5363 2925 5427 post
2948 5376 3048 5413 sex
3068 5353 3373 5431 regiminis
3395 5380 3636 5422 menses

210 5424 412 5496 nollet,
447 5433 516 5483 ut
544 5427 725 5483 habet
752 5426 1097 5483 Anastasius
1144 5427 1203 5481 in
1249 5424 1619 5481 collectaneis
1669 5442 1701 5479 τι
1745 5424 1868 5479 Sir—

211 5501 432 5558 mondo
460 5498 660 5556 editis.

277 5574 436 5644 (207)
468 5569 878 5644 Haecquidem
903 5568 1278 5644 Hermannus
1295 5583 1363 5622 ex
1387 5565 1498 5644 ﬁde
1525 5563 1686 5644 Pauli
1710 5565 1869 5621 Diac.

203 5638 351 5704 Hist.
389 5638 671 5716 Longob;
704 5638 744 5695 l.
766 5656 862 5716 _1v._
888 5656 939 5695 c.
972 5640 1062 5707 41,
1095 5639 1193 5696 sed
1229 5639 1301 5716 ab
1331 5638 1876 5716 eo_d_ec_eptus;‘e1_z

198 5708 561 5798 Nicephoro'
577 5711 738 5771 enim
766 5711 1078 5780 habemus,
1109 5715 1339 5770 mortuo
1372 5709 1431 5766 11
1467 5708 1633 5767 Febr.
1683 5726 1733 5767 a.
1764 5708 1872 5770 641

542 5842 819 5910 emat.
861 5838 1125 5905 cxmu.
2800 5898 2813 5906 .
3277 5850 3318 5929 υ

1981 5425 2038 5508 ip
2073 5424 2344 5508 exsilium
2378 5443 2510 5481 cum
2546 5430 2729 5481 matre
2760 5424 2925 5508 actus
2955 5424 3363 5508 successorem
3405 5434 3635 5508 accepit

1980 5498 2379 5569 Constantem,
2418 5513 2589 5569 suum
2624 5513 2691 5552 ex
2733 5498 3006 5569 praedicto
3037 5501 3214 5558 fratre
3244 5498 3630 5564 Constantino

1983 5566 2420 5653 nepoﬂtlernﬁinc
2448 5567 2640 5653 etiam.
2661 5566 3004 5641 corrigenda
3034 5577 3171 5627 sunt
3201 5591 3328 5650 quae
3360 5594 3543 5653 supra
3560 5578 3636 5636 ad

1984 5638 2080 5697 an'.
2114 5638 2218 5696 637
2248 5638 2559 5708 habentur,
2593 5643 2649 5697 et
2679 5638 2972 5714 quse‘mox
3002 5638 3351 5717 sequuntur.
