4026 6228
477 394 595 456 183

1251 394 1665 455 HthMANNl
1710 389 2147 455 CONTRACTI
2192 386 2613 454 AUGIENSIS
2658 390 3035 455 MONACHI.

3770 390 3893 451 ιιι

1850 549 2081 607 CODEX
2117 547 2513 605 AUGIENSIS.

481 651 596 720 sui,
620 649 1104 719 Grimoaldusque
1134 653 1362 721 arrepto
1394 651 1907 723 Longobardorum
1940 665 2117 720 regno
2146 648 2200 714 Α
2228 650 2490 705 tanniam
2521 652 2579 705 et
2628 650 2967 707 Hiberniam
3012 649 3263 706 nimium
3313 653 3525 706 vastat.
3557 650 3889 707 Deusdedit

480 739 653 798 annis
682 756 739 793 Ix
769 742 1004 793 strenue
1034 738 1311 808 regnavit.
1361 740 1522 794 Paul.
1579 742 1731 795 Diae.
1764 756 1818 793 a.
1849 740 1972 793 661.
2002 753 2115 809 seq.

548 829 675 885 661.
707 827 824 882 Hoc
854 829 1114 897 tempore
1146 826 1509 896 Pertharich,
1532 828 1753 883 dudum
1778 844 1876 882 rex
1896 827 2120 898 Longo-

480 918 957 979 burdorum,cum
990 914 1062 970 de
1092 915 1294 971 exsilio
1326 933 1597 972 reversus
1617 915 1934 971 Grimoaldi
1970 914 2121 987 regis

478 1005 725 1079 gratiam
758 1003 1039 1074 petiisset,
1076 1004 1439 1076 benigneque
1488 1010 1798 1076 susceptus
1840 1009 2017 1072 esset,
2047 1004 2123 1058 fa-

479 1094 668 1152 ctione
692 1108 999 1163 pravorum
1034 1093 1296 1163 proxima
1338 1097 1502 1147 nocte
1523 1094 1595 1147 ab
1616 1095 1742 1163 ipso
1768 1110 1898 1163 rege
1924 1094 2120 1145 obser-

478 1185 598 1240 vari
653 1183 862 1253 jussus
909 1186 1017 1247 est,
1050 1182 1315 1253 sequenti
1377 1184 1530 1239 102
1578 1183 1672 1237 die
1727 1182 2120 1253 perimendus.

483 1274 596 1330 Sed
628 1274 782 1336 astu,
820 1270 938 1325 imo
964 1269 1076 1325 fide
1125 1270 1375 1325 Hunoldi
1412 1270 1583 1325 amici
1611 1271 1698 1326 sui
1731 1275 1787 1324 et
1816 1269 2124 1339 cujusdam

486 1360 676 1417 ﬁdelis
722 1358 979 1415 vestiarii
1019 1357 1111 1412 sui
1142 1360 1391 1414 eductus
1419 1375 1511 1414 BX’
1536 1360 1676 1413 urbe
1704 1357 2019 1422 Ticinensi,
2051 1358 2122 1411 ad

484 1455 736 1505 Francos
765 1446 1025 1519 confugit
1052 1447 1248 1518 ibique
1279 1447 1466 1503 latuit.
1498 1450 1658 1502 Paul.
1715 1449 1863 1503 Diac.
1909 1463 1962 1501 α.
1995 1447 2122 1500 664.

483 1569 554 1583 -ο
584 1538 701 1593 Hac
729 1535 904 1593 etiam
942 1539 1289 1608 tempestate
1318 1540 1671 1592 Francorum
1705 1536 1992 1591 exercitus
2024 1534 2128 1589 Ita-

484 1629 622 1684 liam
648 1626 974 1698 ingressus,
1005 1640 1139 1680 cum
1173 1625 1231 1680 in
1264 1625 1470 1680 castris
1503 1623 1824 1679 Grimoaldi
1856 1623 2029 1695 regis,
2047 1623 2126 1678 si-

486 1716 707 1773 mutata
739 1714 811 1770 ab
844 1713 972 1785 ipso
1021 1713 1159 1785 fuga
1211 1712 1448 1781 relictis,
1500 1712 1857 1785 epularetur,
1892 1712 2018 1783 ipso
2048 1710 2126 1765 ir-

484 1808 689 1861 ruente
719 1803 790 1861 ad
841 1802 1301 1858 internecionem
1344 1801 1569 1858 deletus
1625 1804 1733 1857 est.
1765 1800 1928 1857 Idem.
1961 1801 2036 1887 at.
2070 1817 2123 1854 a.

485 2069 712 2127 Italiam
744 2073 947 2126 contra
980 2068 1389 2140 Longobardos
1421 2069 1690 2140 petiit,et,
1725 2067 1949 2139 aliquot
1969 2067 2105 2138 Oppi

485 2158 577 2224 dis
604 2174 807 2215 eorum
840 2157 1045 2229 captis,
1081 2156 1475 2212 Rumoaldum
1526 2158 1733 2212 ducem
1781 2157 1967 2211 lilium
2002 2156 2128 2210 Gri-

486 2247 704 2304 moaldi
727 2246 880 2317 regis
902 2244 1056 2315 apud
1082 2245 1471 2299 Beneventum
1494 2244 1882 2310 obsedit.8ed,
1916 2245 2128 2300 adven-

483 2341 645 2394 tante
674 2351 810 2391 cum
839 2333 1095 2389 exercitu
1147 2333 1505 2399 Grimoaldo,
1553 2334 1794 2389 territus
1832 2334 2128 2405 Neapolim

486 2425 1057 2496 repetit,magnaque
1068 2420 1358 2476 exercitus
1379 2422 1468 2476 sui
1493 2423 1829 2492 parte,duce
1851 2423 2127 2488 Saburro,

489 2528 624 2568 cum
656 2509 979 2566 Rumoaldo
1000 2524 1210 2580 pugna
1239 2510 1586 2582 conﬂigente
1615 2515 1671 2565 et
1701 2511 1852 2565 victa
1883 2511 2133 2566 trucida-

487 2605 683 2672 taque,
733 2598 881 2654 nihil
922 2600 1127 2680 contra
1182 2598 1592 2669 Longobardos
1653 2600 1911 2667 profecit.
1963 2601 2124 2655 Paul.

490 2690 646 2745 Diae.
675 2705 728 2744 a.
759 2687 886 2742 663.

558 2778 668 2833 663
694 2775 1115 2833 Constantiuus
1146 2774 1462 2846 imperator
1500 2775 1744 2831 Romam
1775 2777 1954 2845 venit;
1986 2782 2063 2845 et,
2096 2795 2131 2833 a

485 2864 779 2922 Vitaliano
809 2880 961 2936 papa
1007 2862 1324 2919 honorifice
1361 2868 1691 2935 susceptus,
1723 2869 1844 2920 toto
1874 2866 2129 2922 exercitu

488 2970 619 3010 cum
652 2952 839 3009 cereis
863 2951 1167 3008 ecclesiam
1191 2952 1465 3022 intrante,
1498 2953 1665 3009 beato
1688 2957 1856 3009 Petro
1887 2953 2130 3026 pallium

489 3058 632 3101 auro
646 3040 843 3098 textile
863 3040 1108 3107 obtulit;
1146 3044 1223 3105 et,
1255 3042 1402 3096 actis
1434 3041 1513 3096 ibi
1545 3059 1627 3097 xu
1659 3041 1886 3110 diebus,
1921 3049 2132 3100 cuncta

490 3148 638 3205 pene
686 3131 857 3187 Urbis
904 3132 1249 3186 ornamenta
1305 3129 1566 3185 abstulit.
1600 3136 1754 3187 Inter
1795 3148 1924 3204 quae
1954 3134 2130 3190 etiam

489 3221 722 3294 tegulas
766 3235 944 3275 azreas
996 3218 1212 3291 quibus
1269 3208 1505 3274 basilica
1563 3224 1773 3275 sancta:
1833 3220 2025 3276 Mariae
2057 3223 2131 3278 ad

494 3309 797 3383 Martyres,
823 3324 951 3380 quas
973 3307 1269 3362 Pantheon
1285 3307 1608 3379 antiquitus
1619 3309 1954 3372 vocabatur,
1980 3315 2133 3366 tecta

2227 738 2704 811 archiepiscopus
2735 738 3059 811 Anglorum
3091 739 3255 794 obiit.
3273 737 3469 794 Ceidla
3500 739 3625 809 [al.,
3651 737 3889 807 Ceadda)

2227 832 2284 883 et
2312 826 2626 882 Wilfridus
2669 828 3253 883 Nordanumbrorum
3305 825 3564 899 episcopi
3612 824 3887 883 ordinan-

2228 921 2341 971 tur.
2376 917 2507 971 Bed.
2543 916 2671 972 hist.
2706 918 2865 986 Angl.

2298 1007 2403 1059 66":
2435 1006 2496 1059 1η
2522 1005 3244 1071 Britannia,Erchanberto
3271 1021 3406 1078 rege
3425 1004 3884 1061 Cantuariorum

2232 1094 2770 1163 mortuo.l€gbertus
2792 1094 2950 1149 ﬁlius
2971 1095 3098 1164 ejus
3123 1094 3387 1167 regnavit
3414 1094 3587 1149 annis
3612 1111 3690 1148 ιχ.
3718 1092 3889 1165 Angli

2231 1184 2298 1236 ad
2315 1181 2670 1238 Vitalianum
2688 1198 2898 1253 papam
2924 1199 3025 1253 pro
3047 1182 3319 1254 episcopo
3339 1188 3395 1237 et
3416 1183 3654 1237 doctore
3678 1186 3879 1254 postu~

2230 1270 2410 1325 latum
2440 1271 2681 1325 Romam
2716 1270 3146 1337 mittunt.Beda,
3172 1272 3525 1339 Hist.Ang.-—
3547 1270 3653 1325 His
3669 1270 3886 1326 diebus

2232 1360 2386 1431 apud
2422 1360 2671 1414 Francos
2701 1358 3038 1426 Clodoveus,
3071 1376 3175 1415 seu
3212 1360 3539 1416 Ludovicus
3562 1375 3684 1425 rex,
3722 1360 3889 1414 iners

2232 1454 2289 1503 et
2318 1448 2553 1503 infamis
2602 1446 2757 1502 illius
2810 1448 3140 1520 Dagoberti,
3175 1448 3355 1504 frater
3400 1447 3719 1521 Sigeberti,
3752 1464 3887 1504 cum

2232 1535 2489 1593 Parisius
2522 1552 2764 1590 manens
2794 1535 3098 1592 brachium
3127 1538 3316 1592 sancti
3362 1535 3633 1608 Dionysii,
3658 1537 3888 1592 auferre

2233 1640 2417 1679 ausus
2446 1627 2619 1691 esset,
2642 1623 2700 1677 in
2735 1624 3055 1679 amentiam
3087 1640 3293 1681 versus
3340 1628 3450 1681 est.
3481 1624 3642 1680 Fred.
3675 1625 3795 1681 chr.
3830 1642 3881 1679 a.

2232 1714 2356 1767 654.

2304 1802 2411 1855 666
2442 1800 2557 1855 Ηοο
2590 1807 2847 1872 tempore
2878 1816 3009 1855 cum
3045 1801 3265 1872 Lupus,
3299 1801 3419 1856 dux
3446 1801 3879 1872 Forojulianus,

2234 1889 2354 1961 regi
2386 1888 2720 1945 Grimoaldo
2770 1888 3094 1955 rebellaret,
3137 1889 3359 1956 Hunni,
3390 1890 3492 1962 qui
3541 1895 3601 1946 et
3645 1893 3883 1959 Avanes,

554 1936 660 2037 662
706 1980 1149 2047 Constantinus,
1184 1980 1285 2051 qui
1336 1984 1394 2036 et
1449 1982 1739 2036 Constans
1787 1979 2125 2050 imperator,
2157 2013 2205 2078 Β
2235 1936 2457 2049 aboipso
2489 1993 2621 2048 rege
2649 1977 2877 2032 invitati
2911 1936 3213 2033 Venetiam
3245 1936 3535 2049 pethtihet
3564 1983 3655 2035 ter
3687 1936 3882 2052 pugna

2234 2066 2366 2121 victi
2396 2070 2718 2137 quartoque
2738 2066 3053 2121 certamine
3082 2066 3350 2134 victores,
3383 2066 3512 2139 ipso
3554 2068 3721 2140 Lupo
3748 2083 3883 2124 cum

2238 2156 2362 2211 suis
2392 2155 2603 2221 occiso,
2650 2154 3007 2209 Provinciam
3057 2156 3308 2222 vastant,
3355 2156 3539 2211 donec
3584 2162 3712 2212 arte
3758 2156 3882 2212 Gri-

2238 2243 2453 2299 moaldi
2502 2243 2707 2308 territi,
2756 2244 2992 2299 tandem
3043 2244 3231 2300 redire
3277 2244 3461 2300 coacti
3522 2250 3685 2301 sunt.
3719 2246 3880 2301 Paul.

2236 2335 2387 2388 Diac.
2422 2350 2473 2387 α.
2496 2334 2621 2387 665.

2305 2424 2411 2476 667
2441 2421 2605 2476 Circa
2633 2421 2741 2476 hoc
2773 2427 3007 2494 tempus
3053 2421 3241 2477 Sclavi
3288 2423 3360 2478 de
3407 2427 3686 2489 Carunto,
3728 2424 3883 2496 quod

2237 2511 2625 2566 Carentanum
2657 2510 2749 2581 (22
2788 2511 2804 2581 )
2835 2510 3255 2578 dicimus,cum
3289 2512 3545 2567 exemita
3576 2511 3881 2568 Venetiam

2236 2603 2550 2664 vastantes,
2581 2598 2728 2653 duce
2744 2584 3065 2655 .Nuectario
3110 2615 3246 2655 cum
3289 2616 3405 2655 xxv
3434 2616 3683 2656 suorum
3712 2617 3884 2673 super

2237 2704 2336 2744 eos
2367 2687 2643 2752 irruente,
2674 2687 2842 2759 pauci
2903 2703 2971 2743 ex
3028 2688 3291 2760 quinque
3336 2687 3606 2745 millibus
3632 2690 3882 2764 effugere

2237 2777 2331 2832 vix
2360 2780 2615 2847 potuere.
2640 2776 2802 2831 Paul.
2834 2777 2989 2832 Diae.

2305 2867 2413 2921 668
2443 2866 2506 2920 In
2564 2863 2761 2920 Sicilia
2805 2865 3222 2922 Constantinus
3281 2866 3623 2939 imperator,
3670 2866 3777 2939 qui
3829 2869 3884 2922 et

2240 2954 2545 3021 Constans,
2579 2957 2712 3026 post
2742 2952 2958 3009 multas
2985 2954 3314 3011 exactiones
3342 2959 3401 3010 et
3419 2956 3880 3028 depraedationes

2239 3059 2342 3116 per
2369 3041 2695 3114 provincias
2723 3046 2903 3109 actas,
2924 3042 3161 3098 tandem
3193 3059 3227 3099 a
3273 3043 3401 3099 suis
3445 3044 3507 3099 in
3554 3043 3766 3101 balneo
3798 3060 3881 3100 oc-

2240 3130 2636 3187 cisusinteriit
2680 3130 2999 3186 indictione
3026 3148 3107 3186 xu
3148 3132 3297 3203 (222)
3330 3132 3468 3188 Post
3496 3149 3678 3204 quem
3710 3134 3883 3190 Meze-

2240 3220 2366 3275 cius
2396 3220 2517 3291 [al.,
2550 3218 2855 3292 Mizizius],
2890 3219 3206 3291 imperium
3235 3219 3317 3276 ibi
3348 3220 3752 3294 arripiens,ab
3783 3222 3882 3278 Ita-

2236 3308 2349 3364 lico
2379 3307 2631 3364 exercitu
2661 3324 2794 3363 cum
2826 3307 3210 3379 complicibus
3239 3307 3365 3364 suis
3400 3315 3750 3383 peremptus
3777 3314 3881 3377 est,

490 3375 1064 3469 fuera't,diripiensin
1087 3394 1341 3451 Siciliam
1368 3375 1927 3469 praemisitﬁpseque
1950 3399 2125 3470 lcum]
2158 3375 2203 3443 ί)
2239 3402 2296 3455 et
2315 3396 2728 3453 Constantinus
2761 3397 2904 3469 (223)
2926 3375 3083 3453 ﬁlius
3105 3375 3882 3466 Constantisﬁons-tantinos

490 3487 619 3543 suis
649 3487 708 3541 in
740 3485 909 3540 Italia
946 3484 1292 3556 depraedatis
1334 3484 1523 3556 ipsam
1583 3484 1839 3540 insulam
1870 3503 1947 3540 vn
1980 3486 2130 3541 indi-

484 3576 673 3632 ctione
695 3575 842 3645 (219)
875 3573 1130 3641 intravit,
1163 3572 1361 3644 ibique
1390 3573 1794 3645 quinquennio
1824 3575 2011 3631 multa
2040 3576 2129 3631 in-

481 3665 655 3720 famis
680 3663 925 3719 avaritia
957 3667 1014 3717 et
1046 3661 1307 3733 nequitia
1332 3663 1571 3717 mansit.
1605 3662 1731 3717 Bed.
1764 3662 1875 3717 chr.
1930 3666 2088 3733 Angl.

548 3755 654 3809 664
675 3752 920 3824 Eclipsis
943 3750 1083 3805 solis
1114 3768 1150 3805 v
1169 3750 1315 3806 Non.
1341 3750 1474 3804 Maii
1498 3750 1647 3805 facta
1676 3755 1769 3806 est
1791 3751 1933 3807 hora
1957 3753 2127 3825 quasi

475 3842 725 3908 decima,
746 3856 827 3897 νη
853 3839 1172 3895 indictione
1202 3840 1369 3911 (220).
1396 3838 1522 3894 Bed.
1582 3841 1696 3894 chr.
1733 3841 1793 3894 In
1826 3839 2129 3897 Britannia

475 3936 760 3987 conventu
783 3931 855 3986 ab
877 3927 1082 4000 Anglis
1096 3932 1153 3983 et
1176 3927 1362 3983 Sectis
1386 3932 1513 3983 acto
1528 3928 1772 4000 quaestio
1802 3929 1873 3983 de
1903 3928 2127 3986 Pascha

471 4019 771 4086 ventilata,
802 4023 860 4073 et
891 4016 1044 4072 Secti
1076 4033 1109 4071 a
1158 4016 1433 4071 Wilfrido
1482 4017 1819 4088 presbytero
1870 4017 2124 4073 rationa-

473 4106 670 4162 biliter
690 4107 820 4162 victi
842 4110 1002 4160 sunt.
1042 4105 1187 4160 I08
1211 4105 1372 4159 Saeva
1392 4104 1519 4159 lues
1541 4109 1596 4159 et
1628 4105 1963 4177 pestilentia
1994 4108 2122 4163 Bri-

2240 3487 2355 3559 poli
2380 3488 2695 3558 imperator
2720 3486 2930 3553 factus,
2956 3486 3219 3558 regnavit
3250 3486 3423 3542 annis
3443 3503 3566 3542 xvn
3590 3505 3603 3555 ;
3636 3487 3883 3560 impera-

2238 3580 2329 3630 tor
2348 3591 2487 3630 sane
2507 3573 2828 3629 catholicus
2859 3577 2916 3629 et
2945 3574 3099 3646 pius.
3131 3575 3297 3630 Paul.
3325 3576 3480 3631 Diae.
3511 3577 3706 3631 ——Hoc
3733 3592 3881 3631 anno

2236 3663 2630 3718 Theodoricus
2664 3663 2790 3733 [leg.
2824 3662 3185 3733 Theodorus]
3217 3662 3701 3737 archiepiscopus
3728 3682 3763 3720 a
3789 3665 3878 3718 Vi-

2235 3752 2451 3807 taliano
2484 3768 2635 3823 papa
2665 3753 2819 3807 104
2851 3751 3179 3818 ordinatus,
3213 3758 3269 3807 et
3316 3768 3453 3809 cum
3502 3754 3759 3809 Adriano
3788 3754 3879 3808 ab-

2236 3841 2369 3896 bate
2400 3841 2471 3895 ad
2498 3838 2718 3912 Anglos
2750 3838 2989 3905 missus,
3024 3838 3231 3895 multis
3260 3844 3320 3895 et
3350 3841 3528 3896 verbo
3580 3842 3801 3914 profuit
3826 3846 3879 3897 et

2233 3928 2518 4000 exemplo.
2556 3928 2718 3994 Beda,
2751 3929 2880 3984 hist.
2903 3929 3060 3997 Angl.
3090 3930 3331 4000 —Apud
3366 3928 3881 3998 Francos,mortuo

2232 4018 2513 4073 Clodoveo
2543 4018 2800 4089 (224)seu
2836 4016 3286 4090 Ludovico,rege
3318 4018 3727 4086 infami,ﬁlius
3757 4020 3881 4090 ejus

2232 4106 2565 4163 Clotharius
2591 4122 2736 4178 puer
2762 4104 3025 4177 regnavit
3055 4104 3225 4162 annis
3257 4123 3337 4166 Iv.
3370 4107 3533 4164 Fred.
3570 4126 3622 4164 a.
3655 4109 3780 4165 656.

1521 4234 1995 4293 COMPENDIUM
2035 4241 2127 4298 EX
2167 4240 2419 4299 CODlCE
2459 4239 2838 4296 BERNOLDI.

542 4335 642 4389 661
678 4336 785 4389 Hoc
814 4339 1053 4406 tempore
1082 4332 1368 4390 Portarich
1393 4332 1458 4386 de
1482 4333 1679 4388 exsilio
1708 4349 1975 4407 reversus,
2012 4340 2116 4396 ite-

473 4438 599 4477 rum
629 4424 690 4477 in
718 4422 978 4477 exsilium
1011 4424 1092 4476 ire
1121 4421 1431 4491 compulsus
1450 4424 1548 4475 est.

542 4511 650 4565 662
682 4510 1092 4577 Constantinus,
1121 4510 1221 4580 qui
1267 4513 1317 4563 et
1371 4508 1649 4575 Constans,
1684 4509 1903 4567 Italiam
1933 4520 2121 4571 contra

471 4598 855 4667 Langobardos
886 4599 1050 4664 venit,
1074 4597 1165 4652 sed
1194 4596 1345 4650 nihil
1370 4599 1620 4667 pro/coit.

538 4687 644 4741 663
675 4687 1063 4741 Constantinus
1114 4686 1420 4753 imperator
1478 4686 1701 4740 Romam
1754 4689 1917 4752 venit,
1969 4699 2038 4757 et,
2087 4709 2120 4747 a

2224 4344 2275 4396 et
2314 4339 2455 4395 Scoti
2508 4356 2542 4394 a
2588 4336 2860 4408 Wilfrido
2901 4337 3211 4410 presbytero
3264 4340 3685 4398 rationabiliter
3739 4343 3887 4397 vict:

2226 4433 2391 4484 sunt:
2423 4429 2519 4499 qui
2536 4430 2718 4498 postea
2745 4428 3024 4497 episcopus
3052 4426 3362 4484 ordinatur.

2298 4518 2407 4571 665
2432 4517 2601 4585 Angli
2647 4516 2716 4571 ad
2769 4516 3106 4572 Vitalianum
3157 4532 3371 4588 papam
3416 4535 3521 4590 pro
3564 4521 3812 4592 episcopo
3838 4527 3889 4575 et

2229 4605 2440 4661 doctore
2465 4604 2803 4675 postulatum
2838 4604 3059 4659 Romam
3087 4605 3380 4662 miserunt.

2297 4694 2404 4748 668
2433 4698 2497 4748 In
2526 4694 2718 4748 Sicilia
2763 4694 3153 4750 Constantinus
3189 4696 3520 4765 imperator,
3553 4700 3723 4770 quiet
3753 4697 3888 4754 Con-

472 4775 748 4830 Vitaliano
776 4790 921 4845 papa
951 4772 1246 4842 honoriﬁce
1275 4774 1573 4837 susceutus,
1605 4771 1660 4826 S.
1696 4774 1854 4828 Petro
1881 4778 2119 4847 pallium
2146 4770 2191 4834 D
2220 4785 2511 4852 stans,post
2542 4782 2743 4849 multas
2760 4781 3189 4852 depraedationes
3214 4800 3316 4854 per
3345 4789 3671 4855 prouincias
3689 4789 3883 4857 factas,

464 4880 602 4920 auro
630 4864 823 4933 tactile
852 4862 1046 4917 obtulit
1070 4878 1083 4927 ;
1115 4860 1207 4914 sed
1235 4864 1429 4914 cuncta
1447 4876 1584 4931 pene
1602 4868 1926 4920 ornamenta
1955 4868 2109 4924 Urbis

464 4953 711 5008 abstulit.

535 5041 640 5095 664
673 5040 905 5109 Eclipsis
932 5040 1061 5094 solis
1092 5039 1279 5109 quinto
1320 5036 1500 5093 Nonas
1529 5037 1661 5092 Maii
1692 5041 1858 5109 facta.
1890 5043 1951 5096 In
1980 5044 2105 5099 Bri-

460 5130 658 5185 tannia
687 5145 723 5184 a
752 5128 920 5183 Scotis
939 5136 990 5183 et
1008 5127 1195 5199 Anglis
1214 5125 1531 5197 quaestiode
1558 5127 1765 5183 Pascha
1782 5132 2100 5201 ventilatur,

2223 4870 2440 4925 tandem
2470 4888 2504 4926 a
2533 4873 2648 4926 suis
2670 4871 2731 4925 in
2762 4870 2954 4925 balneo
2979 4879 3296 4941 permnptus
3325 4882 3423 4930 est.
3470 4876 3582 4930 Pro
3612 4893 3717 4947 quo
3745 4878 3885 4933 Con-

2214 4961 2489 5013 stantinus
2519 4960 2637 5026 eius
2678 4959 2828 5029 filius
2875 4960 3121 5028 regnavit
3177 4962 3344 5015 annis
3404 4980 3551 5029 xvu,
3588 4967 3890 5037 imperator

2213 5062 2347 5102 sane
2375 5046 2673 5103 catholicus
2702 5048 2750 5102 et
2784 5047 2930 5117 pius.
2988 5049 3103 5100 Hoc
3144 5063 3291 5104 anno
3349 5050 3663 5109 Theodorus
3697 5096 3709 5109 .
3747 5095 3760 5108 .
3795 5093 3810 5107 .
3838 5055 3891 5107 et

2214 5135 2487 5205 exemplo.

2029 5255 2262 5313 NOTAE.

534 5365 686 5507 (219)
715 5370 846 5421 Haec
875 5366 1112 5424 indictio
1143 5383 1362 5423 annum
1393 5367 1497 5421 66’:
1530 5367 1767 5422 indicat.

555 5437 681 5507 220)
713 5438 957 5494 Indictio
1004 5456 1081 5495 vn
1112 5439 1269 5495 hunc
1295 5438 1531 5507 quidem
1574 5456 1767 5494 annuo

555 5437 681 5507 220)
713 5438 957 5511 Indictio
1004 5456 1081 5511 vn
1112 5439 1269 5495 hunc
1295 5438 1531 5511 quidem
1556 5456 1796 5511 pannum
1830 5444 2013 5509 notat,
2048 5441 2108 5496 in

461 5512 802 5633 aduertam?)
829 5510 945 5633 itsta
983 5510 1216 5583 eclipsis
1272 5509 1387 5565 non
1435 5509 1627 5577 tertia,
1654 5511 1755 5566 sed
1791 5512 1983 5582 prima
2015 5513 2109 5568 die

522 5594 599 5633 an
626 5595 731 5633 con
765 5595 842 5633 im
879 5622 892 5633 .

522 5580 599 5651 aii
626 5580 892 5651 contigit-

553 5650 679 5723 221)
706 5649 888 5723 licitis
911 5651 1230 5721 Carinthia,
1258 5650 1467 5708 veteris
1489 5650 1686 5723 Norici
1718 5651 2033 5723 provincia.

551 5720 1046 5802 222)Peretnptus
1077 5729 1165 5787 est
1213 5720 1282 5781 ad
1342 5723 1519 5781 tinem
1573 5720 1960 5796 Septembris,
1991 5738 2108 5797 quo

2216 5373 2344 5444 jam
2370 5372 2645 5429 currebat
2670 5370 2911 5428 indictio
2943 5389 3045 5429 xu.

2290 5445 2441 5585 €223§
2472 5444 2868 5516 Cognomento
2895 5446 3226 5515 Pogonalus.

2292 5516 2416 5585 224
2469 5515 2786 5571 Clodoveus
2819 5515 2870 5570 ll
2909 5516 3035 5584 jam
3082 5534 3135 5573 a.
3183 5518 3293 5574 656
3325 5522 3448 5580 obii

2312 5515 2437 5593 22ft)
2469 5515 2786 5593 Clodoveus
2819 5515 2870 5570 ll
2909 5516 3035 5593 jam
3082 5534 3135 5573 a.
3183 5518 3293 5574 656
3325 5522 3503 5593 obiit,
3539 5526 3890 5584 succedente

2219 5582 2679 5674 ﬁlio‘glothario,
2704 5590 2845 5641 tunc
2875 5582 3131 5661 quatuor
3175 5582 3502 5665 annorum;
3539 5582 3893 5674 qui'regna-

2218 5658 2299 5710 vit
2328 5658 2501 5713 annis
2522 5673 2640 5715 XIV.
