4026 6228
164 296 286 393 445.

1437 310 1909 379 CHRONICON.
1954 340 2036 364 —-
2077 312 2265 379 SE6.
2314 314 2449 383 VII.

3525 313 3643 393 ΝΟ

1597 498 1830 557 CODEX
1866 499 2275 559 AUGIENSIS-

253 645 368 704 669
396 645 751 721 Sarraceni,
786 649 891 723 qui
914 650 1040 723 jam
1092 649 1296 707 multis
1339 650 1707 724 depopulatis
1739 667 1870 724 pro-
1902 650 1949 718 Α
1986 650 2197 721 elatus,
2231 653 2513 710 adversus
2543 651 2879 711 Pertharich
2914 670 3110 728 regem
3144 671 3319 713 suum
3350 654 3634 731 rebellat;

188 734 406 793 vinciis
438 738 770 811 Egyptum
817 740 1117 807 tenebant,
1149 738 1411 796 Siciliam
1463 741 1571 796 hoc
1615 744 1875 813 tempore

187 826 566 894 invadentes,
601 845 861 901 magnas
911 829 1221 885 hominum
1253 834 1483 902 strages
1516 830 1760 896 faciunt,
1793 834 1870 899 et,

201 916 545 990 depraedata
575 916 809 985 insula,
844 917 1053 990 hisque
1085 935 1211 990 qua:
1243 918 1529 974 Constans
1559 917 1877 991 imperator

198 1005 291 1062 ibi
349 1005 668 1080 collegerat
699 1005 937 1070 ablatis,
971 1005 1378 1063 Alexandriam
1414 1007 1678 1063 redeunt.
1712 1007 1872 1062 Paul.

202 1095 379 1150 Diae.

287 1184 404 1239 6‘70
437 1184 497 1238 in
528 1183 844 1253 Britannia,
878 1183 1039 1241 Oswi
1064 1201 1164 1240 rex
1186 1183 1722 1257 Anglorum,t‘rater
1743 1202 1873 1239 san-

205 1272 297 1328 cti
345 1272 623 1338 Oswaldi,
654 1273 832 1328 obiit:
864 1290 969 1345 pro
1028 1290 1143 1345 quo
1172 1273 1448 1345 ngridus
1496 1273 1757 1344 regnavit
1804 1292 1872 1327 xv

202 1362 422 1417 annis.
477 1361 639 1426 Beda,
693 1361 818 1416 hist.
851 1362 1009 1432 Angl.
1045 1392 1113 1400 ε-
1146 1363 1210 1417 In
1248 1360 1426 1426 Italia,
1480 1367 1709 1417 mortuo
1740 1363 1872 1415 Gri-

199 1448 458 1505 moaldo
482 1450 1001 1522 Langobardorum
1022 1466 1179 1522 rege,
1198 1449 1555 1516 Pcrtbarich,
1581 1452 1650 1506 de
1671 1450 1872 1506 exsilio

196 1552 761 1609 reversus,regnum
787 1542 1097 1611 paternum
1118 1555 1332 1611 magno
1354 1539 1870 1611 Longobardorum

199 1628 410 1683 favore
440 1627 680 1697 recepit,
713 1632 770 1682 et
800 1644 904 1699 per
933 1643 1120 1683 annos
1149 1644 1266 1682 xvn
1300 1644 1516 1701 magna
1543 1628 1755 1701 pietate
1788 1628 1872 1683 in-

200 1714 407 1787 signis
440 1713 714 1769 obtinuit.
740 1715 903 1770 Paul.
932 1716 1081 1771 Diae.
1114 1731 1167 1771 a.
1200 1717 1323 1771 671.

284 1803 391 1858 671
433 1803 537 1859 Per
565 1802 683 1859 haec
713 1807 980 1878 tempora
1026 1805 1085 1860 in
1130 1804 1296 1860 Italia
1345 1821 1590 1877 regnum
1645 1805 1869 1877 Longo-

202 1892 544 1949 bardorum
573 1892 908 1949 Pertharich
936 1894 1184 1967 adeptus
1216 1910 1452 1950 summa
1483 1910 1623 1966 pace
1653 1899 1709 1950 et
1736 1911 1870 1967 pro-

202 1980 402 2085 bitate
450 1981 706 2082 regebat.
738 1982 843 2085 {iis
880 1983 1242 2084 temporibus
1271 1982 1659 2049 Childcricus,
1695 1983 1873 2083 i’ratcr
1903 2019 1952 2085 Β

202 2068 501 2126 Clotharii
531 2071 704 2143 regis,
738 2069 895 2128 ﬁlius
917 2070 1208 2139 Ludovici,
1241 2087 1394 2140 cum,
1424 2072 1494 2126 ad
1518 2071 1872 2128 Austrit‘ran-

204 2156 315 2214 cite
348 2174 601 2232 regnum
629 2164 891 2230 vocatus,
913 2159 1116 2217 leviter
1143 2161 1203 2215 in
1227 2176 1293 2216 eo
1316 2164 1372 2215 et
1399 2159 1711 2216 crudeliter
1740 2178 1872 2233 age-

204 2252 323 2313 ret,
359 2265 394 2302 a
453 2247 693 2304 Francis
725 2265 844 2304 una
901 2265 1033 2304 cum
1085 2264 1259 2304 uxore
1299 2253 1357 2303 et
1389 2247 1493 2303 ﬁlii
1525 2249 1870 2305 trucidatur.

207 2334 379 2392 Fred.
416 2353 471 2391 a.
504 2337 632 2392 673.

282 2424 398 2479 6‘72
418 2423 930 2489 RomwNitaliano
951 2440 1104 2496 papa
1124 2421 1440 2479 indictione
1469 2440 1541 2479 xv
1571 2423 1868 2492 defuncto,

209 2517 356 2584 post
381 2530 421 2567 ιι
453 2528 686 2568 menses
713 2511 1049 2567 Adeodatus
1095 2528 1247 2585 papa
1276 2512 1489 2568 LXXIX
1523 2513 1673 2568 sedit
1699 2514 1869 2569 annis

209 2617 295 2668 xv,
332 2600 641 2657 mensibus
671 2618 734 2666 ιι,
764 2600 855 2657 vir
877 2600 1042 2656 valde
1073 2600 1235 2657 mitis
1266 2605 1323 2656 et
1352 2601 1525 2673 pius;
1555 2601 1654 2673 qui
1689 2604 1746 2657 et
1776 2618 1868 2657 ec—

206 2688 438 2746 clesias
486 2690 785 2745 renovavit
816 2693 874 2745 et
902 2689 1148 2758 ornavit,
1181 2694 1239 2744 et
1278 2688 1523 2745 aediﬁcia
1552 2706 1699 2746 nova
1729 2706 1869 2745 con-

204 2777 454 2834 struxit.
488 2779 678 2833 Anast.
742 2807 782 2818 -
809 2778 976 2850 Apud
1008 2778 1281 2846 Francos,
1334 2782 1463 2849 post
1509 2776 1869 2834 Clotharium

205 2883 469 2941 puerum
494 2866 670 2922 frater
690 2865 823 2937 ejus
838 2854 1235 2922 Theodericus
1258 2866 1521 2939 regnavit
1543 2868 1712 2923 annis
1736 2885 1831 2922 χιιι
1853 2886 1866 2936 ;

207 2956 329 3013 sub
362 2971 479 3028 quo
509 2953 822 3024 Ebroinus,
857 2955 1044 3027 major
1063 2955 1295 3021 domus,
1317 2956 1684 3027 tyrannidem
1714 2972 1869 3012 excr-

209 3043 363 3100 euit.
394 3042 556 3099 Fred.
588 3044 801 3099 contin.
834 3059 927 3098 an.
958 3059 1068 3115 seq.
1507 3116 1515 3123 .

282 3132 493 3189 6731a
544 3131 867 3200 Britannia,
917 3131 1164 3205 Egberto
1221 3132 1667 3188 Cantuariorum
1734 3148 1868 3204 rege

206 3227 475 3290 mortuo,
506 3220 685 3278 frater
713 3220 843 3293 ejus
873 3219 1123 3276 Luthere
1146 3222 1266 3294 [al.,
1301 3220 1633 3293 Lotharius]
1661 3238 1868 3295 regna-

1986 741 2086 797 sed
2108 758 2211 812 per
2230 742 2652 799 Chunibertum
2675 743 2828 815 regis
2856 742 3041 799 {ilium
3068 744 3281 817 sapius
3303 746 3639 805 reconcilia-

1985 832 2082 884 tus
2110 834 2166 884 et
2187 830 2510 887 honoribus
2530 836 2737 888 auctus
2768 836 2874 888 est.
2906 834 3067 889 Paul.
3103 835 3276 901 Diac.,
3309 835 3384 890 al.
3419 853 3471 891 a.
3504 837 3630 893 680.

2053 918 2160 972 675
2190 919 2247 973 In
2282 919 2602 983 Britannia,
2634 920 2910 976 Vull'hore
2940 938 3040 977 rex
3072 922 3420 978 Merciorum
3453 924 3597 980 obiit
3623 943 3636 993 ;

1982 1020 2087 1077 pro
2113 1023 2228 1077 quo
2259 1008 2436 1063 frater
2459 1008 2586 1079 ejus
2606 1008 2835 1064 Edilred
2858 1027 3002 1065 xxxv
3024 1010 3193 1066 annis
3217 1011 3501 1083 regnavit,
3532 1012 3634 1085 qui

1983 1098 2263 1166 sequente
2294 1112 2448 1151 anno
2478 1097 2745 1152 Cantiam
2801 1098 3066 1155 vastavit.
3112 1100 3261 1155 Beda
3310 1100 3435 1156 hist.
3469 1102 3628 1173 Angl.

1981 1199 2035 1239 a.
2069 1184 2193 1239 677.

2052 1273 2157 1327 676
2190 1273 2402 1338 Romae,
2459 1273 2733 1329 defuncto
2786 1276 3095 1343 Adcodato,
3148 1280 3279 1348 post
3315 1294 3546 1334 menses
3579 1296 3634 1335 ιν

1980 1360 2180 1416 Donus
2216 1379 2363 1433 papa
2424 1362 2611 1416 LXXX
2671 1363 2823 1417 sedit
2879 1380 3032 1419 anno
3067 1382 3204 1433 uno,
3241 1365 3543 1421 mensibus
3575 1386 3627 1424 v.

1980 1449 2088 1514 Qui
2120 1450 2271 1504 inter
2300 1450 2413 1503 alia
2446 1450 2599 1505 bona
2654 1451 2870 1516 studia,
2906 1452 3195 1523 porticum
3253 1454 3442 1508 sancti
3478 1454 3626 1510 Petri

1979 1552 2271 1593 marmore
2292 1537 2511 1593 stravit.
2542 1538 2665 1603 Qua
2686 1541 2883 1594 astate
2906 1539 3197 1597 immensa
3218 1540 3308 1597 vis
3340 1541 3625 1598 tonitruo-

1979 1640 2112 1679 rum
2134 1630 2191 1680 et
2211 1624 2541 1697 pluviarum
2559 1624 2825 1682 homines
2847 1627 3075 1696 afﬂixit;
3099 1632 3157 1683 et
3173 1627 3629 1701 legumina,qum

1980 1718 2217 1787 propter
2240 1713 2495 1785 pluviam
2519 1713 2711 1785 colligi
2735 1732 2848 1771 non
2875 1720 3164 1788 poterant,
3188 1717 3544 1788 quibusdam
3569 1718 3628 1773 in

1979 1800 2123 1857 locis
2155 1806 2356 1857 renata
2408 1807 2463 1857 et
2494 1803 2563 1857 ad
2598 1803 2999 1860 maturitatem
3032 1805 3271 1861 reducta
3314 1789 3473 1860 sunt.
3518 1811 3630 1862 Co-

1980 1894 2137 1946 meta
2156 1906 2257 1962 per
2282 1908 2339 1945 ιιι
2360 1905 2593 1946 menses
2626 1892 2770 1958 visa,
2795 1894 2852 1947 et
2874 1908 3089 1964 magna
3110 1892 3420 1949 hominum
3453 1893 3628 1967 pesti-

1980 1978 2158 2035 lentia
2188 1980 2245 2034 in
2277 1978 2506 2034 Oriente
2546 1980 2861 2035 subsecuta
2911 1986 3019 2036 est.
3052 1981 3245 2038 Anast.
3292 1983 3465 2050 Beda,
3491 1983 3620 2040 hist.

1982 2069 2144 2139 Angl.
2177 2085 2230 2123 a.
2261 2069 2387 2122 678.

2052 2159 2157 2213 677
2189 2157 2253 2211 ln
2277 2155 2458 2223 Italia,
2476 2156 2810 2212 Pertharich
2831 2174 2927 2212 rex
2941 2157 3455 2229 Longobardorum
3483 2157 3631 2214 Chu-

1980 2244 2274 2302 nibertum
2306 2245 2491 2300 filium
2525 2262 2700 2301 suum
2732 2246 2893 2319 regni
2924 2250 3253 2302 consortem
3284 2246 3453 2314 fecit;
3487 2262 3624 2301 cum

1982 2350 2097 2408 quo
2122 2352 2157 2389 x
2182 2338 2381 2407 postea
2400 2334 2569 2389 annis
2591 2334 2872 2407 regnavit.
2898 2336 3061 2390 Paul.
3086 2336 3237 2391 Diae.
3271 2366 3339 2374 —
3368 2334 3629 2391 Ecclesia

1979 2424 2439 2495 Ravennas,qua3
2468 2422 2946 2495 Autocephaliam
2979 2423 3091 2479 sibi
3125 2440 3419 2496 usurpans
3450 2440 3484 2479 a
3513 2423 3626 2480 Ro-

1977 2526 2156 2569 mana
2213 2512 2555 2580 desciverat,
2605 2512 2765 2569 Dono
2796 2528 2957 2585 papa:
2988 2511 3179 2569 denuo
3235 2527 3296 2568 se
3351 2510 3621 2584 subjecit.

1978 2605 2169 2659 Anast.

2048 2692 2154 2747 678
2184 2692 2397 2759 Romae,
2459 2690 2732 2746 defuncto
2786 2690 2969 2759 Dono,
3023 2693 3156 2761 post
3205 2688 3351 2745 duos
3386 2706 3627 2746 menses

1979 2780 2206 2853 Agatho
2231 2797 2381 2853 papa
2406 2779 2619 2835 LXXXI
2649 2779 2801 2835 106
2831 2779 3156 2845 ordinatus,
3189 2778 3341 2834 sedit
3364 2778 3534 2834 annis
3555 2795 3621 2847 ιι,

1978 2868 2279 2925 mensibus
2311 2886 2386 2936 vn,
2421 2869 2507 2923 vir
2538 2872 2881 2923 mansuetus
2912 2870 2969 2922 et
2998 2867 3307 2940 benignus.
3338 2873 3531 2923 .alnast.
3556 2899 3625 2907 —

1976 2957 2284 3015 Wilfribus
2297 2957 2618 3031 Anglorum
2641 2956 2972 3029 episcopus,
2989 2956 3060 3011 ab
3074 2957 3319 3029 Egberto
3334 2972 3467 3029 rege
3488 2955 3624 3012 sede

1977 3063 2088 3103 sua
2108 3044 2337 3119 pulsus,
2371 3044 2589 3101 multos
2617 3045 2678 3100 in
2709 3044 3169 3118 peregrinatione
3201 3060 3309 3100 sua
3334 3044 3406 3101 ad
3432 3043 3625 3101 Domi-

1979 3152 2121 3191 num
2152 3134 2519 3207 praedicando
2541 3133 2843 3190 convertit.
2882 3132 3020 3188 Beda
3051 3133 3178 3189 hist.
3212 3133 3370 3204 Angl.

2049 3224 2154 3279 679
2183 3222 2597 3279 Constantinus
2644 3223 2946 3294 Augustus
2994 3220 3343 3295 legationem
3375 3221 3622 3278 Romam

200 3310 298 3366 vit
346 3306 527 3366 annis'
571 3326 648 3379 x1,
689 3307 994 3366 mensibus
1045 3325 1119 3365 ιν.
1180 3311 1301 3376 Quo
1341 3326 1492 3366 anno
1525 3310 1866 3367 Theodorus
1913 3383 1935 3385 _7
1978 3313 2161 3383 misit,
2194 3317 2252 3369 et
2282 3316 2347 3367 ut
2370 3329 2473 3385 pro
2493 3311 2864 3369 confutandis
2886 3310 3173 3368 haereticis
3204 3311 3463 3383 synodus
3486 3325 3624 3383 apo-

205 3396 697 3471 archiepiSCOpus
726 3396 1046 3471 Anglorum
1080 3398 1368 3471 synodum
1386 3397 1588 3454 utilem
1612 3398 1861 3473 collegit.
1894 3383 1940 3452 (ἶ
1978 3401 2184 3461 stolica
2207 3383 2549 3458 auctoritate
2579 3399 3076 3472 Constantinopoli
3101 3400 3264 3457 fieret
3284 3397 3624 3472 postulavit.

198 3487 379 3556 'Beda,
415 3487 546 3543 hist.
579 3487 738 3557 Angl.

287 3575 442 3633 105
472 3577 581 3631 674
609 3570 771 3631 Circa
819 3574 940 3631 haec
985 3579 1251 3648 tempora
1293 3573 1528 3631 Alachis
1582 3577 1701 3632 dux
1731 3577 1864 3633 Tri-

198 3662 519 3735 dentinus,
550 3665 621 3722 de
651 3663 864 3722 comite
903 3664 1159 3736 quodam
1189 3662 1395 3720 Norico
1426 3662 1671 3720 victoria
1701 3671 1870 3722 nacta

1974 3490 2200 3564 Agatho
2223 3506 2375 3563 papa
2392 3490 2682 3562 synodum
2710 3505 2813 3544 cxx
2844 3488 3251 3560 episcoporum
3287 3489 3478 3544 Romae
3509 3486 3626 3543 col-

1976 3580 2200 3654 legit,et
2219 3578 2519 3634 haereticos
2541 3593 2720 3633 unam
2741 3577 2801 3633 in
2819 3576 3046 3633 Christo
3071 3576 3469 3650 Operationem
3494 3576 3631 3649 dog-

1980 3664 2324 3722 matizantes
2357 3661 2679 3720 damnavit.
2712 3663 2844 3718 Bcd.
2876 3664 3090 3732 chron.,
3123 3665 3199 3720 at.
3231 3680 3285 3719 a.
3317 3663 3446 3718 680.

1280 3869 1747 3928 COMPENDIUM
1783 3871 1875 3928 EX
1912 3871 2161 3929 CODICE
2193 3867 2569 3925 BBRNOLDI.

285 4048 401 4104 669
422 4046 710 4103 Sarraceni
731 4047 989 4103 Siciliam
1010 4049 1246 4102 vastant.

286 4138 402 4193 670
430 4137 495 4192 In
542 4137 723 4204 Italia,
776 4144 993 4192 mortuo
1039 4134 1349 4192 Grimoaldo
1392 4136 1873 4204 Langobardorum

208 4242 363 4299 rege,
398 4224 689 4281 Pertarieh
718 4239 951 4295 regnum
964 4231 1262 4296 paternum
1284 4241 1399 4280 xvn
1419 4226 1583 4281 annis
1614 4225 1871 4281 obtinuit.

284 4315 405 4373 672
432 4318 612 4371 [tam
665 4314 1006 4369 Vitaliano...
1055 4313 1213 4369 mitis
1258 4319 1312 4369 et
1344 4314 1496 4385 pius,
1546 4315 1643 4386 qui
1700 4315 1877 4369 multa

210 4404 460 4473 aediﬁcia
493 4403 675 4460 Romae
695 4402 1025 4458 construxit.

287 4493 399 4548 673
428 4494 538 4548 Hoc
563 4507 709 4547 anno
740 4489 1109 4546 Theodorus...
1141 4489 1374 4560 collegit.

287 4581 398 4637 674
446 4580 787 4651 Dagobertus
841 4594 946 4635 rex
997 4582 1356 4648 Francorum,
1407 4581 1718 4652 praecipuus
1774 4583 1871 4636 Ec-

213 4671 521 4727 clesiarum
552 4670 653 4725 Dei
684 4674 982 4735 venerator,
1042 4669 1196 4724 obiit.
1230 4669 1492 4740 Regnavit
1522 4685 1695 4725 annos
1726 4686 1875 4727 xuv.

214 4759 464 4816 Parisiis
496 4758 759 4830 sepelitur
786 4758 956 4829 (225).

289 4849 400 4905 6'76
428 4848 642 4915 Rome,
697 4845 951 4916 defuncto
1008 4845 1274 4903 Adeodato
1327 4862 1482 4919 papa
1519 4855 1640 4919 post
1668 4863 1877 4903 menses

218 4942 479 5010 quatuor,
533 4937 722 4993 Donus
765 4950 915 5007 papa
964 4935 1131 4990 LXXX
1179 4936 1328 4993 sedit
1398 4953 1609 4993 annum
1677 4953 1874 5001 unum,

217 5043 427 5085 menses
455 5028 737 5100 quinque;
767 5025 866 5095 qui
878 5026 1157 5095 porticum
1183 5024 1237 5080 S.
1270 5027 1426 5081 Petri
1453 5042 1726 5082 marmore
1743 5033 1881 5081 stra-

1979 4049 2076 4105 vit.
2110 4047 2325 4103 Cometa
2349 4060 2448 4117 per
2477 4052 2582 4100 tres
2606 4058 2817 4100 menses
2846 4044 2981 4099 visa.

2051 4137 2157 4191 677
2186 4136 2427 4190 Ecclesia
2458 4136 2809 4189 Ravennas...
2851 4148 2907 4189 se
2933 4133 3139 4189 iterum
3166 4134 3413 4208 subjecit.

2051 4224 2159 4281 678
2192 4226 2438 4281 (tam...
2496 4222 2688 4278 LXXXI
2712 4221 2849 4277 sedit
2893 4222 3059 4276 annis
3108 4241 3169 4295 II,
3226 4223 3506 4279 mensibus
3552 4239 3628 4279 νι.

1983 4316 2082 4369 Hic
2107 4330 2251 4385 papa
2278 4312 2423 4383 apud
2467 4313 2852 4382 imperatorem
2880 4308 3060 4383 effecit
3090 4320 3152 4368 ut
3185 4313 3464 4383 quantitas
3490 4312 3634 4368 rele-

1984 4411 2225 4468 varetur,
2258 4416 2382 4473 qua:
2424 4418 2524 4474 pro
2570 4400 2922 4457 ordinatione
2973 4401 3250 4472 pontiﬁcis
3300 4400 3464 4459 solita
3516 4407 3635 4457 erat

1985 4493 2129 4559 dari,
2180 4494 2260 4547 ita
2305 4500 2481 4547 tamen
2539 4497 2600 4545 ut
2644 4491 2916 4545 decretum
2958 4491 3214 4559 generale
3261 4490 3327 4545 de
3373 4490 3639 4547 electione

1981 4580 2139 4654 prius
2168 4580 2237 4636 ad
2266 4582 2650 4651 imperatorem
2684 4581 3010 4647 mitteretur,
3043 4595 3209 4651 quam
3232 4580 3327 4635 ille
3354 4594 3638 4635 consecra-

1986 4678 2141 4725 retur
2169 4668 2314 4741 (226)
2350 4671 2548 4724 Anast.
2575 4698 2641 4707 -—
2671 4666 2957 4740 Wilfridus
2989 4668 3291 4741 Anglorum
3334 4670 3637 4741 episcopus,

1987 4776 2021 4816 a
2052 4758 2305 4814 Guiberto
2349 4758 2472 4831 [al.,
2504 4755 2745 4829 Ecberto]
2785 4772 2907 4828 rege
2934 4756 3061 4813 sede
3079 4775 3179 4814 sua
3201 4759 3411 4832 pulsas,
3441 4756 3641 4813 multos

1987 4849 2047 4904 in
2076 4848 2273 4903 exsilio
2299 4848 2369 4904 ad
2397 4847 2694 4904 Dominum
2723 4846 3006 4904 convertit.

2058 4937 2163 4992 679
2197 4936 2605 5001 Constantinus,
2637 4938 2772 5006 etc.,
2808 4938 2873 4990 ut
2901 4935 3048 5006 Aug.

1835 5202 2067 5260 NOTAE.

284 5376 434 5451 (225)
468 5372 742 5451 confusa
773 5366 896 5451 haec
953 5370 1111 5451 sunt,
1145 5369 1461 5451 nee-hujus
1486 5369 1620 5426 anni
1648 5388 1662 5439 ;
1694 5369 1878 5451 Dago:

215 5440 423 5510 hei-tus,
441 5441 904 5524 prim_us_enim,
960 5440 1028 5495 de
1062 5457 1176 5524 quo
1218 5440 1313 5524 llic
1346 5440 1557 5524 sermo,
1592 5458 1745 5524 anno
1775 5440 1883 5524 63.8.

248 5530 333 5583 ost
358 5511 463 5579 xvi
484 5513 1021 5592 regiminishannos
1043 5511 1206 5579 obiit,
1230 5512 1589 5592 Dagobertus
1614 5513 1879 5592 autem-ll

244 5582 305 5658 oc
358 5610 531 5655 anno
552 5582 693 5645 V674
726 5602 759 5641 e
808 5582 1029 5658 Scotia_
1057 5582 1355 5658 revocatus
1408 5601 1649 5658 regnare
1688 5584 1882 5658 cmpit,

201 5654 344 5736 anno
364 5654 500 5727 679
534 5660 890 5721 defunctus.
926 5654 1035 5711 Sed
1066 5654 1325 5728 plurium
1348 5654 1609 5714 veterum
1640 5654 1884 5727 scripto-

1991 5384 2122 5424 rum
2155 5367 2250 5424 hic
2281 5386 2443 5427 error
2498 5368 2611 5434 est,
2646 5370 2748 5439 qui
2782 5366 2989 5425 ambos
3048 5370 3156 5427 hos
3200 5365 3558 5439 Dagobertos
3585 5360 3649 5419 in

1992 5456 2175 5494 unum
2205 5439 2557 5496 conﬂarunt.

2064 5511 2211 5583 (226)
2254 5513 2382 5566 Haec
2415 5506 2652 5583 quidem
2687 5508 2862 5583 codex
2912 5508 3176 5583 Bernoldi
3211 5509 3266 5563 in
3301 5503 3563 5583 margine
3594 5519 3645 5557 a.

1992 5576 2096 5656 676
2128 5576 2284 5638 Dono
2317 5576 2485 5656 papag
2512 5577 2832 5656 adscribit;
2869 5579 3079 5635 melius
3100 5585 3294 5635 tamen
3323 5597 3389 5634 ea
3409 5576 3479 5632 ad
3500 5576 3648 5647 Aga-

1995 5653 2234 5712 thonem
2265 5647 2416 5713 refef
2442 5647 2750 5707 Urstisius.
