4026 6228
392 315 507 382 in

1208 322 1619 391 HERMANNI
1663 319 2564 391 CONTRACTI‘AUGIENSIS
2610 323 2986 390 MONACHI.

3400 296 3411 299 _
3461 294 3589 303 ____.,
3703 284 3809 299 h-Q

3681 318 3821 386 148

1784 485 2018 542 CODEX
2054 484 2457 551 AUGIENSIS.

472 611 578 670 680
608 568 1071 685 Eclipsis‘Lunae
1131 611 1276 683 (227)
1330 615 1387 666 et
1440 627 1655 683 magna
1716 610 2043 667 mortalitas
2072 610 2126 678 Α
2155 614 2212 667 et
2240 611 2391 667 bona
2410 611 2632 684 jugiter
2660 611 2854 667 studia
2908 614 3157 669 sectans.
3211 613 3408 668 Anast.
3442 641 3513 651 —
3551 607 3820 666 Cometa:

406 702 604 759 Romae
632 719 734 775 per
773 700 996 757 aestivos
1030 717 1260 755 menses
1293 700 1464 754 facta.
1498 703 1685 754 Anast.
1726 731 1794 738 -—
1824 700 2048 770 Agatho

406 809 558 864 papa
608 791 828 864 legatos
886 784 1452 859 Constantinopolim
1508 787 1673 842 misit
1732 787 2049 842 indictione

405 898 463 936 ιχ
493 881 659 953 (228),
694 880 794 951 qui
824 878 1141 935 honoriﬁce
1172 878 1244 932 ab
1294 880 1556 948 Augusto
1587 876 1842 948 suscepti
1875 881 2049 948 atque

404 968 656 1036 tractati,
688 970 860 1023 sexta:
911 966 1130 1038 synodo
1164 963 1475 1019 universali
1523 981 1591 1018 cr.
1641 963 2046 1035 episcoporum

406 1058 781 1131 praefuerunt,
832 1061 889 1111 et
941 1054 1232 1109 convictos
1284 1051 1703 1108 rationabiliter
1754 1052 2050 1107 haereticos

408 1163 587 1202 unam
611 1146 667 1199 in
689 1144 915 1199 Christo
930 1143 1286 1197 voluntatem
1302 1147 1356 1197 et
1369 1140 1764 1212 operationem
1784 1155 2050 1194 asseren-

407 1239 494 1291 tes
507 1234 953 1289 damnaverunt.
970 1229 1568 1285 Anast.—Tbeodorus
1583 1228 2053 1299 archiepiscopus

409 1322 735 1394 Anglorum
766 1320 906 1375 item
936 1320 1223 1391 synodum
1258 1317 1489 1389 collegit
1529 1317 1695 1389 (1’29).
1734 1317 1895 1381 Beda,
1924 1316 2051 1371 hist.

410 1413 583 1482 Angl.

482 1499 577 1554 681
616 1495 1135 1567 Constantinopoli,
1168 1498 1327 1551 sexta
1369 1495 1629 1567 synodus
1662 1510 1729 1548 οι.
1755 1492 2054 1564 episcopo-

414 1601 568 1653 rum,
618 1584 940 1639 indictione
966 1602 1043 1647 IX,
1075 1600 1276 1639 mense
1301 1583 1489 1649 Febr.,
1514 1585 1660 1638 acta.
1684 1584 1741 1636 et
1768 1580 2057 1636 Macarius

412 1673 808 1730 Antiochenus
862 1688 1256 1744 sequacesque
1305 1671 1519 1726 erroris
1580 1669 1841 1725 damnati
1894 1672 2053 1724 sunt.

416 1762 640 1829 Quibus
661 1761 1177 1828 damnatis,subito
1201 1759 1466 1832 plurima:
1481 1774 1823 1814 aranearum
1848 1756 1973 1812 tela:
1996 1757 2053 1810 in

414 1850 659 1909 basilica
684 1866 878 1905 coram
910 1850 1054 1904 l01
1085 1848 1358 1903 omnibus
1381 1848 1728 1914 ceciderant,
1754 1845 2057 1901 haereticus

413 1938 682 1995 videlicet
705 1953 893 2009 nugas
941 1938 1194 2008 dejectas
1225 1953 1353 1992 esse
1386 1935 1814 2008 portendentes.
1853 1940 2051 1988 Anast.

485 2030 593 2083 682
650 2028 863 2092 Romae,
920 2026 1191 2080 defuncto
1237 2023 1538 2096 Agathone
1568 2039 1741 2094 papa,
1808 2022 2058 2077 cessavit

413 2117 783 2189 episcopatus
813 2131 964 2169 anno
997 2132 1034 2180 1,
1069 2113 1374 2168 mensibus
1402 2130 1479 2167 vn
1519 2112 1686 2182 (230).
1720 2117 1911 2168 Anast.

481 2206 588 2260 683
620 2204 834 2271 Romaa,
879 2203 992 2258 Leo
1030 2203 1347 2268 secundus,
1396 2217 1547 2272 papa
1594 2199 1857 2264 LXXXII,
1909 2199 2059 2254 sedit

414 2294 717 2352 mensibus
740 2294 857 2348 fere
885 2310 962 2361 x1,
993 2292 1080 2347 vir
1100 2307 1203 2361 per
1223 2288 1421 2345 omnia
1449 2288 1906 2351 eruditissimus,
1940 2287 2056 2343 elo-

414 2380 843 2454 quentissimus
862 2384 1036 2450 atque
1058 2377 1363 2448 piissimus
1386 2393 1400 2442 ;
1424 2376 1524 2447 qui
1547 2375 1770 2447 aliquot
1789 2375 2060 2431 ecclesias

414 2485 702 2526 renovans
724 2466 1012 2522 dedicavit
1041 2469 1215 2536 atque
1236 2466 1480 2533 ornavit,
1514 2481 1621 2519 sua
1650 2464 1880 2519 decreta
1902 2463 2058 2528 fecit,

417 2562 476 2615 et
495 2557 752 2630 plurima
769 2554 997 2626 egregie
1020 2553 1277 2624 scripsit,
1308 2552 1505 2607 docuit
1536 2557 1707 2623 atque
1737 2552 2058 2607 constituit.

418 2648 606 2702 Anast.
642 2676 710 2683 —
743 2644 858 2698 Hoc
891 2658 1043 2697 anno
1088 2658 1199 2695 xv1.
1255 2642 1422 2711 (231),
1467 2640 1561 2696 die
1609 2640 1827 2712 Aprilis
1867 2641 1924 2694 in
1956 2641 2063 2694 Pa-

422 2750 675 2799 rasceve,
699 2736 822 2787 tota
852 2747 997 2802 pene
1021 2734 1185 2785 nocte
1208 2729 1372 2785 Luna
1392 2728 1633 2800 eclipsin
1657 2745 1849 2800 passa.
1879 2728 2063 2801 ngri-

422 2824 534 2879 dus
566 2839 666 2877 rex
693 2819 1035 2893 Anglorum,
1072 2818 1254 2874 misso
1296 2818 1577 2884 exercitu,
1607 2817 1941 2872 Hiberniam
1974 2817 2063 2871 in-

422 2909 615 2970 sulam
648 2909 776 2965 sine
805 2924 982 2963 causa
1028 2906 1341 2962 crudeliter
1369 2909 1574 2960 vastat.
1619 2907 1868 2960 Sanctus
1913 2905 2064 2960 Cud-

424 2999 668 3057 berthus
697 2998 814 3064 [al.,
846 2995 1221 3066 Cuthbertus]
1264 2994 1743 3049 Lindufarnensis
1772 2995 1893 3065 [at.,
1930 2994 2063 3048 Lin-

426 3086 836 3157 disfarnensis]
860 3083 1130 3140 Ecclesiae
1149 3083 1458 3156 episcopus
1482 3082 1803 3148 ordinatur,
1820 3084 1917 3154 qui
1936 3082 2064 3154 plu-

426 3176 594 3232 rimis
624 3174 983 3231 Britanniam
1030 3171 1346 3227 virtutibus
1377 3171 1707 3226 decorabat.
1737 3170 1903 3240 Beda,
1936 3172 2064 3226 hist.

428 3266 587 3336 Angl.

2156 704 2459 771 apparent,
2491 704 2547 755 et
2576 700 2748 755 modo
2775 699 3106 773 Campaniae
3128 700 3366 765 Bobius,
3385 696 3545 754 ultra
3564 696 3823 752 modum

2158 788 2289 844 ﬁam
2301 806 2425 844 mas
2438 789 3148 862 eructans,circumposita
3160 787 3779 845 exussit.PauI.Diac.-
3806 817 3825 825 -

2160 877 2223 932 In
2245 877 2563 943 Britannia,
2583 876 2854 948 ngridus
2878 894 2993 945 rex,
3022 894 3178 942 cum,
3197 876 3577 932 dissuadente
3604 878 3822 929 saneto

2158 965 2463 1033 Cudberto,
2496 965 2686 1020 Pictos
2708 966 2940 1020 incaute
2966 965 3112 1021 bello
3136 968 3381 1037 peteret,
3412 963 3484 1019 ab
3507 962 3658 1034 ipsis
3691 962 3823 1016 vic-

2160 1056 2256 1107 tus
2287 1058 2343 1108 et
2373 1057 2711 1124 peremptus
2762 1053 3019 1120 interiit;
3076 1071 3178 1125 pro
3223 1070 3338 1125 quo
3368 1052 3671 1108 Aldfridus
3714 1066 3825 1105 rex

2162 1141 2294 1212 pius
2322 1147 2379 1197 et
2398 1143 2652 1214 prudens
2675 1142 2936 1213 regnavit
2956 1142 3125 1197 annis
3146 1159 3264 1197 xxx.
3293 1142 3456 1209 Beda,
3480 1141 3610 1195 hist.
3640 1140 3816 1208 Angt.

2230 1232 2336 1285 685
2367 1230 2582 1295 Romae,
2640 1234 2773 1302 post
2828 1231 3050 1285 Pascha
3119 1230 3392 1286 defuncto
3470 1229 3818 1290 Benedicto,

2164 1318 2378 1375 exactis
2392 1317 2524 1389 plus
2547 1319 2777 1373 duobus
2798 1319 3285 1385 mensibus,108
3308 1318 3565 1375 Joannes
3588 1321 3640 1370 V
3662 1334 3821 1389 papa

2166 1407 2427 1462 LXXXIV
2451 1406 2599 1460 sedit
2616 1423 2767 1462 anno
2791 1424 2929 1474 uno,
2958 1408 3048 1462 vir
3069 1408 3207 1463 item
3229 1407 3493 1463 eruditus
3512 1412 3571 1461 et
3589 1405 3820 1461 discre—

2165 1500 2300 1562 tus;
2334 1494 2431 1565 qui
2464 1494 2627 1565 prius
2657 1494 3100 1551 archidiaconus
3144 1495 3371 1568 legatus
3409 1495 3467 1549 in
3500 1510 3555 1549 v1
3582 1493 3821 1566 synodo

2167 1582 2495 1656 apostolica:
2525 1583 2681 1637 sedis
2715 1584 2921 1638 fuerat.
2954 1588 3144 1639 Anast.
3176 1617 3244 1624 —
3276 1581 3819 1656 ConstantinOpoli,

2165 1672 2546 1727 Constantino
2573 1671 2920 1742 imperatore
2970 1673 3246 1728 defuncto
3278 1671 3436 1726 filius
3467 1671 3595 1743 ejus
3621 1669 3822 1725 Justi-

2166 1759 2379 1815 nianus
2402 1760 2663 1831 regnavit
2681 1760 2851 1814 annis
2871 1778 2927 1829 x,
2952 1761 3073 1832 qui,
3095 1760 3300 1816 haeresi
3321 1758 3820 1832 pollutus,ortho-

2167 1848 2332 1903 doxis
2363 1847 2473 1902 fuit
2494 1847 2756 1903 infensus
2803 1853 2862 1903 et
2890 1850 3234 1920 pravus.Hic
3262 1849 3437 1904 etiam
3470 1865 3605 1904 cum
3636 1848 3821 1903 Sara-

2166 1936 2348 2004 cenis,
2381 1935 2706 2007 provincias
2754 1935 2951 2007 plures
3000 1936 3462 2005 devastantibus,
3533 1937 3674 1991 data
3727 1936 3819 1991 eis

2166 2023 2353 2080 multa
2380 2023 2644 2096 pecunia,
2664 2041 2865 2095 pacem
2894 2026 2953 2080 in
2975 2026 3323 2081 decennium
3352 2025 3809 2081 condixit.Paul.

2166 2114 2400 2168 Diac.—-
2419 2112 2481 2166 In
2506 2113 2823 2183 Britannia,
2856 2114 3103 2170 Luthere
3127 2131 3225 2170 rex
3253 2114 3711 2187 Cantuariprum
3736 2113 3822 2168 in-

2165 2201 2342 2268 teriit,
2376 2201 2539 2267 Beda,
2573 2201 2696 2257 hist.
2729 2204 2889 2273 Angl.

2235 2291 2341 2344 686
2370 2293 2585 2354 Romae,
2617 2290 2888 2345 defuncto
2908 2290 3153 2358 Joanne,
3186 2295 3318 2362 post
3348 2308 3411 2345 III
3442 2306 3683 2347 menses
3710 2294 3822 2346 Co-

2168 2394 2284 2434 non
2315 2394 2465 2449 papa
2495 2378 2725 2433 LXXXV
2753 2379 3055 2433 ordinatus
3086 2379 3238 2435 sedit
3264 2379 3573 2434 mensibus
3619 2396 3703 2446 ιιι,
3733 2378 3825 2434 vir

2169 2472 2448 2538 provectae
2464 2467 2923 2533 aetatis,summze
2946 2468 3288 2524 innocentiae
3311 2471 3646 2539 sanctasque
3673 2466 3819 2524 sim-

2170 2554 2449 2627 plicitatis
2475 2573 2488 2622 ;
2524 2555 2644 2625 qui,
2678 2555 3063 2612 dissentiente
3086 2556 3145 2612 in
3170 2559 3422 2613 duorum
3454 2556 3824 2629 presbytero-

2172 2660 2302 2699 rum
2330 2643 2609 2699 electione
2638 2643 2791 2699 clero
2821 2648 2878 2699 et
2909 2644 3144 2716 populo,
3176 2644 3385 2701 tertius
3415 2650 3717 2718 postremo
3748 2645 3820 2701 ab

2173 2731 2438 2802 utrisque
2459 2730 2676 2786 electus
2699 2736 2808 2798 est,
2834 2734 3017 2788 Anast.
3042 2765 3109 2773 —
3143 2734 3203 2788 In
3224 2733 3546 2799 Britannia,
3577 2738 3822 2789 sanctus

2170 2820 2426 2876 Joannes
2458 2819 2935 2893 Hagustaldensis
2957 2820 3223 2877 Ecclesia;
3244 2822 3558 2895 episcopus
3582 2822 3821 2878 ordina-

2172 2914 2269 2964 tus
2294 2908 2503 2963 multis
2534 2908 2743 2963 claruit
2768 2909 3101 2966 virtutibus.
3144 2912 3310 2976 Beda,
3342 2911 3472 2966 hist.
3509 2912 3675 2982 Angl.

2243 2997 2348 3050 687
2365 3000 2578 3059 Romae,
2615 2998 2885 3053 defuncto
2905 3002 3155 3065 Conone,
3177 3000 3394 3055 exactis
3417 3001 3535 3056 fere
3558 3017 3625 3054 ιιι
3657 3016 3821 3055 men-

2175 3085 2361 3154 sibus,
2384 3085 2620 3157 Sergius
2668 3103 2817 3157 papa
2849 3087 3104 3142 LXXXVI
3128 3088 3280 3143 sedit
3304 3088 3479 3144 annis
3498 3105 3625 3151 xm,
3658 3104 3824 3145 men-

2177 3172 2341 3228 sibus
2370 3174 2486 3228 I'ere
2510 3173 2695 3229 1x.Hic
2719 3175 3464 3246 quoque,dissentientibus
3488 3177 3549 3231 in
3567 3177 3823 3233 duorum

2177 3261 2457 3319 electione
2482 3262 2767 3333 partibus,
2802 3264 3011 3319 tertius
3042 3266 3151 3320 Deo
3197 3263 3424 3321 volente
3445 3264 3668 3321 electus
3696 3270 3823 3332 est;

498 3332 601 3408 684
636 3352 854 3419 Romae,
886 3350 1160 3405 defuncto
1194 3346 1657 3413 Leone,cessavit
1695 3348 2067 3419 episcopatus
2097 3332 2141 3400 C
2178 3349 2352 3421 quiin
2375 3332 3435 3422 ﬁdeicatholicafortispersecutionem
3462 3352 3537 3407 ab
3560 3354 3825 3425 Augusto

424 3458 577 3498 anno
607 3442 724 3497 fere
756 3458 792 3507 ι,
828 3443 961 3510 post
987 3454 1163 3510 quem
1198 3436 1538 3493 Benedictus
1569 3436 1882 3504 secundus,
1918 3453 2068 3509 papa

424 3529 711 3597 LXXXIII,
744 3527 895 3583 sedit
926 3526 1231 3582 mensibus
1250 3543 1305 3592 x,
1328 3525 1417 3579 vir
1442 3524 1668 3591 doctus,
1701 3530 1758 3579 et
1789 3525 2064 3581 omnibus

421 3618 555 3691 pius
574 3622 637 3675 et
656 3617 971 3683 beneficus,
995 3613 1269 3671 ecclesias
1300 3616 1639 3669 restaurans
1669 3616 1726 3668 et
1754 3629 2061 3682 exornans,

2174 3438 2508 3494 Justiniano
2525 3454 2737 3509 passus
2757 3442 2927 3504 est,et
2945 3438 3219 3495 ecclesias
3242 3439 3462 3496 multas
3478 3440 3825 3508 construxit,

2175 3525 2470 3605 renovayit
2508 3531 2565 3580 et
2593 3526 2890 3582 exornavit
2926 3532 3102 3598 atque
3151 3528 3393 3598 ditavit;
3440 3528 3531 3584 vir
3560 3529 3828 3586 videlicet

2174 3618 2411 3671 sanctus
2424 3615 2768 3670 etomnibus
2784 3614 2951 3671 bonis
2964 3615 3442 3673 intentus.Anast.
3466 3649 3536 3657 ——
3552 3618 3617 3673 In
3641 3617 3824 3686 Italia,

1466 3754 1925 3812 COMPENDIUM
1964 3755 2052 3813 EX
2097 3755 2348 3812 CODICE
2384 3755 2759 3811 BERNOLDI.

486 3877 593 3949 680
622 3878 852 3948 Eclipsis
914 3876 1086 3941 lunae,
1145 3881 1196 3929 et
1251 3889 1456 3941 magna
1517 3872 1826 3927 mortalitas
1884 3876 2064 3926 Romae

413 3970 577 4038 facta.
612 3965 815 4036 Agatho
862 3980 1077 4034 papa...
1117 3962 1356 4031 suscepti
1400 3962 1636 4014 sextae...
1695 3960 2060 4030 praefuerunt,

416 4062 469 4112 et
497 4063 712 4110 cunctos
729 4054 1071 4107 haereticos...
1098 4050 1515 4112 damnaverunt,
1535 4055 1792 4101 etnovem
1819 4048 2063 4118 capitula

415 4144 874 4212 conscripserunt,
909 4138 1231 4204 Theodorus,
1263 4142 1370 4191 etc.
1381 4178 1397 4205 ,
1430 4140 1494 4190 ut
1521 4136 1669 4206 Aug.

487 4229 589 4283 681
626 4226 1093 4296 ConstantinOpoti
1135 4226 1291 4279 sexta
1320 4223 1624 4293 synodus...
1655 4224 2059 4294 portendentes.

416 4317 622 4389 Agatho
648 4332 788 4386 papa
819 4314 1065 4369 decessit.
1100 4329 1193 4367 an.
1238 4326 1361 4381 seq.

488 4404 593 4460 682
625 4404 807 4458 Romae
833 4402 1085 4471 defuncto
1124 4400 1432 4470 Agathone,
1464 4400 1577 4451 etc.
1597 4443 1610 4464 ,
1642 4402 1709 4451 ut
1737 4399 1881 4470 Aug.

489 4491 595 4545 683
640 4491 820 4545 Romae
884 4491 987 4543 Leo
1048 4486 1334 4552 secundus,
1409 4501 1555 4556 papa
1619 4485 1858 4553 LXXXII,
1923 4487 2062 4543 sedit

416 4581 590 4651 ferme
645 4577 922 4632 mensibus
977 4594 1057 4642 x1,
1089 4577 1180 4629 vir
1230 4591 1330 4646 per
1365 4575 1553 4628 omnia
1580 4571 1984 4629 eruditissimus
2014 4580 2063 4630 te

2242 3872 2347 3926 684
2363 3856 2564 3928 ’Βοηιεε
2594 3873 2916 3942 defuncto...
2971 3889 3183 3929 annum
3228 3876 3345 3945 fere
3384 3891 3633 3931 unum...
3675 3893 3821 3932 men-

2171 3958 2326 4014 sibus
2354 3959 2555 4028 decem,
2583 3961 2671 4013 vir
2719 3961 2854 4015 satis
2904 3960 3222 4018 laudabilis.
3266 3960 3505 4020 Cometa?
3529 3968 3820 4035 apparent.

2242 4048 2348 4102 685
2376 4050 2556 4103 Roma:
2581 4051 2697 4119 post
2727 4049 3007 4105 Pascha...
3040 4050 3177 4106 sedit
3227 4068 3441 4106 annum
3491 4069 3692 4117 unum,
3731 4054 3826 4123 qui

2169 4138 2327 4208 prius
2357 4135 2794 4203 archidiaconus,
2854 4137 3065 4205 legatus
3124 4141 3183 4193 in
3236 4145 3399 4195 sexta
3446 4141 3660 4213 synodo
3688 4141 3824 4197 sedis

2171 4225 2486 4296 apostolicae
2510 4225 2713 4294 fuerat.
2769 4225 3255 4298 ConstantinOpoli,
3298 4228 3662 4285 Constantino
3693 4231 3820 4301 imp.

2170 4313 2441 4385 defuncto,
2471 4312 2622 4383 ﬁlius
2650 4313 2770 4383 eius
2797 4313 3143 4369 Justinianus
3172 4317 3420 4386 regnavit
3449 4319 3619 4373 annis
3648 4336 3703 4386 x,
3733 4320 3827 4389 qui

2170 4403 2370 4459 heresi
2404 4401 2667 4472 pollutus,
2702 4400 3017 4457 orthodoxi:
3044 4411 3124 4458 est
3150 4405 3400 4475 infestus.

2240 4490 2346 4544 686
2374 4490 2558 4545 Rom
2607 4487 2929 4560 defuncto...
2979 4506 3189 4547 menses
3243 4509 3322 4561 x1,
3378 4494 3469 4548 vir
3527 4494 3667 4549 item
3704 4494 3823 4549 Iau-

2168 4576 2389 4631 dabilis.
2410 4578 2471 4631 In
2490 4578 2783 4632 Britannia
2809 4581 2869 4633 S.
2900 4579 3138 4635 Joannes
3168 4580 3621 4652 Hagustaldensis
3633 4583 3824 4655 episco-

411 4667 718 4740 piissimus,
778 4666 875 4735 qui
928 4679 1029 4718 sua
1085 4662 1297 4717 decreta
1347 4662 1497 4731 fecit,
1554 4660 1797 4730 plurima
1841 4665 2062 4734 egregie
2093 4725 2131 4740 ﬁ
2164 4681 2270 4737 pus
2299 4665 2481 4720 clarus
2510 4665 2759 4720 habetur.

414 4725 656 4828 scripsit,
690 4725 867 4808 «tonuit
894 4756 944 4808 et
1001 4750 1300 4806 constituit.
1344 4725 1402 4802 ξς.
1456 4725 1775 4815 Gudbcrtus,
1825 4725 2057 4806 Lindiu-
2090 4725 2136 4789 D
2164 4725 2180 4737 ⁸
2237 4754 2344 4807 687
2366 4755 2542 4832 Romae
2587 4752 2906 4825 defuncto...
2952 4757 3069 4826 fere
3097 4772 3172 4825 Ix,
3206 4759 3304 4828 qui
3332 4758 3392 4813 in
3423 4757 3531 4830 ﬁde
3559 4758 3823 4815 catholica

411 4846 689 4918 [emensis
721 4843 978 4897 Ecclesia:
1008 4840 1304 4911 episcopus,
1352 4837 1701 4891 Britanniam
1725 4838 1915 4894 multis
1944 4841 2058 4896 vir-

412 4934 621 4991 tutibus
646 4933 946 4988 decoravit.

2167 4842 2329 4906 fortis
2352 4842 2787 4912 persecutionem
2838 4843 2905 4897 ab
2936 4844 3075 4914 Aug.
3107 4847 3434 4903 Iustiniano
3476 4863 3682 4921 passus
3725 4852 3818 4919 est,

2167 4931 2257 4985 vir
2283 4932 2482 5002 quippe
2510 4932 2727 4986 sanctus
2754 4933 2806 4986 et
2836 4932 3089 4988 omnibus
3114 4933 3271 4990 bonis
3300 4936 3575 4992 intentus.

2011 5053 2242 5109 NOTJE.

506 5172 635 5233 227)
665 5166 898 5221 Scilicet
934 5167 995 5218 17
1023 5164 1160 5219 Jun.
1194 5168 1250 5218 et
1282 5164 1341 5217 11
1378 5162 1511 5218 Dec.

506 5240 633 5309 228)
666 5237 859 5307 Legati
893 5234 1190 5309 apostolici
1225 5235 1317 5309 die
1366 5235 1434 5289 ιίΟ
1481 5234 1627 5309 Nov.
1652 5234 2059 5309 Constantino-

415 5305 596 5383 polim
618 5305 1031 5383 pervenerunt,
1086 5306 1180 5383 ubi
1209 5308 1335 5376 jam
1368 5305 2057 5383 numerabatuuindictio

414 5376 493 5446 ix,
519 5376 930 5501 qga'durante,
963 5377 1072 5432 hoc
1104 5382 1158 5431 et
1181 5383 1455 5449 sequente
1484 5393 1636 5432 anno
1665 5376 1954 5432 celebrata
1970 5382 2059 5432 est

414 5466 560 5501 svno
608 5465 695 5501 us.

414 5465 695 5523 syaoqus-

2238 5166 2386 5248 (236)
2419 5168 2629 5238 Pagius
2664 5168 2720 5222 in
2754 5170 3018 5248 Leone‘II
3051 5172 3250 5228 sedem
3273 5173 3569 5231 duntaxat
3599 5179 3816 5248 septem

2171 5238 2473 5319 mensibus
2497 5256 2740 5319 vacasse.
2766 5242 2999 5319 probat,
3019 5249 3392 5319 mortemque
3414 5238 3744 5319 Agathonis
3765 5252 3820 5303 et

2170 5309 2383 5400 Le’q‘n‘iis‘
2415 5311 2916 5400 [lardi-nationem
2952 5314 3143 5369 eidem
3175 5309 3331 5400 anno
3364 5309 3719 5400 GBgvilligat.

2238 5379 2385 5451 (231)
2419 5380 2640 5453 Pascha
2670 5381 2778 5436 hoc
2837 5398 2987 5438 anno
3036 5385 3230 5441 evenit
3260 5387 3359 5443 die
3390 5390 3462 5443 19
3495 5379 3740 5453 Aprilis,
3766 5393 3820 5443 et

2166 5450 2477 5531 Barasceve
2508 5451 2600 5505 die
2624 5453 2689 5531 18
2706 5453 2995 5531 acciderat
3021 5473 3033 5522 ;
3059 5456 3239 5529 igitur
3256 5455 3502 5531 eclipsis
3534 5450 3642 5517 illa
3663 5450 3818 5516 nocte

485 5515 926 5600 (229)“(3apitula
957 5518 1136 5600 huius
1193 5518 1965 5600 syngdiﬁexhibebLabbeus
1996 5519 2054 5573 in
2166 5520 2433 5600 diem“an
2454 5527 2734 5600 sequente
2763 5515 3031 5597 contigit,
3075 5515 3424 5600 quamquam
3456 5515 3731 5589 aliasﬁdie
3766 5533 3821 5586 I6

413 5588 524 5648 sua
565 5588 914 5658 cellectione,
967 5596 1010 5643 t.
1051 5589 1140 5657 VI,

412 5659 625 5719 Concil.
649 5659 839 5732 Angl.,
872 5669 913 5716 t.
949 5662 997 5731 Ι,
1030 5678 1086 5732 p.
1122 5661 1241 5716 468.

1201 5587 1253 5660 ρ’.
1308 5591 1463 5645 1875.
1497 5590 1632 5651 Vidll
1661 5587 2056 5659 Spelmannus
2164 5589 2377 5662 Aprilis
2408 5587 2556 5648 facta
2588 5597 2837 5649 notetur.
