4026 6228
162 372 273 446 149

1389 381 1862 450 CHRONICON.
1895 415 1975 433 —
2005 385 2196 451 SIEC.
2242 387 2400 454 VIII.

3467 383 3587 459 180

1546 547 1779 604 CODEX
1814 545 2209 606 AUGIENSIS.

160 669 434 729 defuncto
484 670 830 730 Pertharico
877 688 1012 747 rege
1069 673 1601 747 Longobardorum,
1645 672 1820 728 Cuni-
1849 674 1906 741 Α
1937 674 2084 745 tyrio
2117 675 2394 746 coronati,
2427 682 2483 735 et
2512 678 2726 737 divinis
2748 679 3047 739 miraculis
3063 682 3362 753 declarati,
3388 683 3578 761 aPip-

155 760 362 818 bertus
390 761 548 818 {ilius
577 761 709 833 ejus
738 779 839 818 rex
869 767 1167 829 strenuus,
1202 762 1363 818 mitis
1402 767 1458 819 et
1488 763 1696 829 bonus,
1733 779 1819 817 re-

156 852 359 922 gnavit
383 851 555 909 annis
585 869 688 907 xu.
724 852 894 907 Paul.
928 852 1078 907 Diae.
1111 869 1164 907 a.
1198 852 1323 907 686.

229 969 337 1023 688
366 967 708 1033 Ceadwald,
752 984 854 1024 rex
891 966 1342 1024 occidentalium
1382 967 1699 1033 Saxonum,
1746 966 1818 1021 ad

156 1056 342 1112 ﬁdem
373 1056 587 1113 Christi
613 1060 1204 1123 eonversus,Romam
1222 1056 1461 1122 venit,et
1482 1055 1541 1111 in
1564 1056 1818 1110 Sabbato

156 1149 371 1201 sancto
411 1144 643 1201 Paschze
677 1162 711 1200 a
740 1146 943 1217 Sergio
976 1162 1124 1218 papa
1162 1146 1491 1217 baptizatus
1524 1148 1581 1198 et
1613 1144 1820 1200 Petrus

152 1239 435 1305 vocatus,
482 1233 628 1288 inibi
669 1234 726 1289 in
771 1232 921 1289 albis
969 1234 1304 1300 defunctus,
1363 1234 1436 1288 ab
1491 1234 1617 1305 ipso
1671 1250 1819 1305 papa

155 1340 409 1379 summo
431 1323 652 1377 honore
666 1322 987 1383 tumulatus
1001 1329 1056 1378 et
1069 1322 1364 1394 epitaphio
1378 1324 1686 1378 decoratus
1708 1329 1814 1377 est.

155 1412 294 1468 Bed.
331 1412 462 1466 hist.
487 1412 646 1481 Angl.
668 1428 721 1465 a.
753 1414 823 1465 68
865 1454 878 1466 .
906 1442 971 1451 —
1008 1413 1069 1466 In
1094 1427 1271 1481 regno
1295 1412 1671 1477 Francorum,
1692 1412 1818 1482 Pip-

154 1500 361 1573 pinus,
383 1500 543 1555 ﬁlius
564 1499 799 1571 Ansgisi
817 1498 920 1553 filii
941 1499 1126 1554 sancti
1146 1499 1816 1565 Arnplfi,'l‘heodericum

154 1591 294 1647 109
323 1605 520 1661 regem
553 1586 739 1642 tilium
762 1587 1033 1643 Ludovici
1057 1587 1116 1642 in
1138 1588 1411 1643 Testritio
1435 1606 1632 1660 pugna
1661 1589 1814 1656 vicit,

153 1681 237 1744 et,
294 1679 651 1749 potestatem
705 1676 869 1747 regni
910 1676 1261 1732 Francorum
1308 1677 1574 1749 adeptus,
1617 1677 1734 1732 dux
1764 1680 1821 1732 et

154 1766 356 1836 major
376 1766 589 1821 domus
620 1763 887 1838 regnavit
918 1765 1090 1821 annis
1131 1782 1309 1833 xxvu,
1354 1765 1587 1821 interim
1623 1769 1815 1821 tamen

155 1853 480 1918 Ludovico,
512 1852 880 1908 Childeberto
911 1857 967 1908 et
990 1853 1314 1926 Dagoherto
1355 1854 1547 1927 regale
1578 1871 1814 1922 nomen,

152 1959 281 1998 non
334 1940 698 2013 dignitatem,
758 1940 1133 1997 habentibus.
1194 1942 1350 1998 Fred.
1400 1947 1544 1997 cont.
1599 1960 1652 1997 a.
1685 1944 1813 1997 687.

150 2032 365 2097 Annal,
390 2031 511 2086 Met.

224 2147 338 2202 689
364 2145 535 2203 Circa
557 2143 668 2200 hoc
696 2148 930 2216 tempus
958 2145 1018 2200 in
1038 2145 1204 2201 Italia
1220 2147 1456 2202 Alachis
1476 2147 1594 2202 dux
1614 2151 1815 2219 tyran-

151 2236 356 2293 nidem
374 2234 615 2299 invasit,
629 2238 708 2301 et,
725 2234 904 2305 Papia
920 2239 1221 2305 occupata,
1242 2236 1814 2307 regequeCuniberto

150 2325 216 2381 in
246 2321 806 2389 insulaComarina,
830 2321 969 2393 quia
989 2323 1155 2394 copia
1174 2323 1429 2379 militum
1456 2324 1647 2396 impar
1666 2329 1811 2393 erat,

152 2429 219 2469 se
250 2410 715 2477 communiente,
763 2414 1005 2466 cunctos
1042 2415 1095 2467 et
1129 2412 1382 2467 maxime
1413 2412 1652 2469 clericos
1681 2430 1810 2469 cru-

151 2501 308 2557 delis
335 2498 688 2571 insequitur.
726 2499 886 2554 Paul.
919 2500 1069 2554 Diae.
1093 2516 1187 2554 an.
1219 2500 1345 2554 690.

226 2614 337 2670 690
367 2613 734 2681 Theodorus,
764 2611 1116 2669 venerabilis
1141 2614 1468 2686 Anglorum
1502 2616 1811 2689 archiepis-

156 2720 364 2776 copus,
391 2719 546 2757 anno
578 2702 869 2758 adventus
898 2701 989 2758 sui
1010 2702 1071 2757 in
1103 2702 1465 2759 Britanniam
1494 2722 1657 2772 χχιιι,
1685 2710 1813 2760 aeta-

149 2793 231 2849 tis
259 2808 398 2847 vero
436 2807 682 2846 Lxxxvm
716 2790 995 2857 decessit;
1039 2791 1161 2862 qui,
1204 2791 1357 2847 inter
1395 2792 1508 2848 alia
1538 2794 1708 2862 bona,
1742 2795 1809 2849 li-

149 2882 325 2938 brum
362 2878 823 2952 pcenitentialem
844 2896 1055 2953 magna
1077 2880 1426 2937 discretione
1444 2883 1806 2955 conscripsit.

152 2971 327 3035 Beda,
361 2970 497 3024 hist.
529 2969 693 3037 Angl.
1241 2980 1245 2984 '

220 3077 321 3131 691
344 3074 522 3147 Apud
540 3074 1228 3142 Francos,Theodoricus
1250 3092 1349 3131 rex
1365 3093 1516 3133 anno
1533 3081 1688 3151 regni
1716 3098 1807 3135 χιχ

157 3165 450 3231 moritur;
477 3180 582 3235 pro
606 3180 722 3235 quo
744 3161 901 3218 filius
933 3164 1061 3234 ejus
1089 3163 1416 3220 Ludovicus
1439 3183 1600 3237 puer,
1630 3186 1663 3222 a
1686 3168 1809 3241 Pip-

145 3255 288 3328 piuo
320 3258 382 3310 et
432 3251 676 3308 Francis
706 3269 806 3307 rex
836 3251 959 3308 solo
1002 3252 1239 3308 nomine
1284 3253 1505 3323 factus;
1547 3258 1808 3328 regnavit

145 3344 321 3401 annis
342 3360 387 3398 ιι
419 3342 592 3415 (232).
615 3341 774 3397 Fred.
806 3346 948 3397 cont.
981 3342 1185 3397 Annal.
1228 3341 1346 3398 Met.

210 3470 322 3524 692
344 3467 750 3536 Hoetempore
770 3465 1123 3521 Cunibertus
1140 3482 1238 3520 rex
1263 3465 1801 3539 Longobardorum,

146 3562 387 3629 recepto
442 3555 541 3610 Dei
588 3554 783 3626 gratia
834 3570 1032 3626 regno,
1082 3554 1234 3609 votis
1293 3557 1557 3610 omnium
1607 3573 1805 3629 pugna

141 3645 297 3701 victo
356 3648 417 3699 et
464 3645 769 3715 perempto
810 3641 1083 3697 Alachiso
1131 3647 1400 3713 tyranno,
1452 3649 1649 3715 optata
1679 3647 1805 3701 suis

142 3733 433 3803 deinceps
461 3747 601 3802 pace
628 3730 912 3803 regnavit.
956 3731 1120 3786 Paul.
1156 3732 1306 3786 Diae.
1340 3749 1393 3785 α.
1426 3734 1553 3787 690.

220 3846 338 3902 693
369 3845 533 3916 Apud
566 3845 837 3912 Francos,
872 3849 1004 3916 post
1046 3845 1403 3901 Ludovicum
1450 3848 1628 3903 frater
1676 3851 1805 3919 ejus

140 3933 584 4001 Childebertus,
613 3934 765 4004 regis
795 3950 1009 3990 nomen
1041 3934 1311 4007 adeptus,
1350 3937 1610 4008 regnavit
1630 3939 1803 3994 annis

143 4041 291 4080 xvn.
328 4023 556 4094 Fredeg.
590 4030 730 4079 cont.
765 4041 818 4078 a.
853 4023 977 4079 695.
1010 4024 1112 4079 An.
1142 4024 1263 4079 Met.

209 4131 321 4186 694
348 4127 454 4185 His
487 4128 693 4184 diebus
718 4130 834 4185 duo
857 4128 1026 4202 Angli
1061 4130 1401 4201 presbyteri,
1439 4131 1605 4203 niger
1632 4140 1681 4187 et
1718 4134 1800 4189 al-

133 4219 253 4275 bus
284 4216 579 4283 Hewaldi,
612 4218 808 4274 studio
840 4219 1019 4273 divini
1061 4220 1217 4274 verbi
1249 4220 1501 4287 accensi,
1530 4222 1669 4275 dum
1700 4227 1798 4278 Sa-

131 4306 400 4363 xonibus
448 4306 853 4378 praedicarent,
898 4323 932 4361 a
962 4306 1316 4378 quibusdam
1367 4307 1602 4365 rusticis
1645 4327 1799 4365 mar-

1932 762 2068 834 pino
2100 764 2345 821 Colonia:
2378 767 2649 824 tumulati
2679 775 2836 826 sunt.
2872 771 3039 840 Beda,
3071 772 3200 829 hist.
3243 776 3402 845 Angl.

2001 880 2006 888 -
2037 851 2106 905 95
2127 855 2646 929 Constantinopoli,
2666 859 3034 917 Justinianus
3058 862 3374 935 imperator
3391 865 3573 921 haere-

1928 939 2099 1006 ticus,
2152 958 2184 996 a
2228 943 2410 999 Leone
2444 951 2498 1000 et
2548 946 2776 1001 Tiberio
2815 949 3063 1022 aliisque
3102 954 3572 1022 conjuratoribus

1928 1027 2163 1097 iniuriis
2202 1032 2465 1099 alfectus,
2509 1035 2788 1092 abscissis
2840 1040 3081 1093 naribus
3125 1057 3301 1112 regno
3338 1040 3567 1113 pulsus,

1927 1117 2060 1173 110
2089 1119 2249 1173 exsul
2283 1121 2338 1175 in
2360 1122 2603 1178 Pontum
2628 1126 2889 1192 secessit,
2923 1131 2980 1181 et
3008 1128 3117 1183 Leo
3138 1134 3434 1202 arreptum
3459 1131 3569 1186 im-

1928 1206 2153 1276 perium
2196 1211 2365 1264 annis
2398 1230 2457 1264 ιιι
2491 1213 2762 1269 obtinuit.
2804 1217 2965 1269 Paul.
3018 1218 3170 1272 Diae.
3208 1251 3265 1259 —
3305 1219 3406 1273 Vir
3435 1236 3568 1275 san-

1927 1298 2055 1348 ctus
2086 1296 2501 1355 Willibrordus
2533 1318 2564 1355 a
2586 1301 2781 1373 Sergio
2814 1320 2961 1375 papa
2986 1306 3460 1379 archiepiscopus
3483 1326 3568 1363 or-

1926 1382 2183 1457 dinatus,
2217 1392 2270 1440 et
2303 1386 2570 1443 Clemens
2604 1396 2859 1457 vocatus,
2893 1394 3051 1463 genti
3088 1394 3403 1450 Fresonum
3436 1414 3568 1451 ver-

1927 1470 2064 1524 bum
2127 1472 2253 1527 vitae
2312 1476 2654 1546 praedicans,
2711 1479 2979 1549 plurimis
3031 1482 3207 1537 saluti
3251 1483 3378 1539 fuit.
3433 1486 3564 1541 Bed.

1925 1560 2051 1615 hist.
2085 1562 2241 1632 Angl.
2274 1581 2365 1617 an.
2399 1566 2523 1619 690.
2553 1567 2834 1622 Alcuinus.

1994 1647 2101 1703 696
2152 1652 2213 1704 In
2280 1651 2584 1708 Britannia
2640 1656 2961 1726 provincia,
2987 1658 3567 1720 Nordanumbrorum

1926 1738 2166 1808 quidam
2217 1741 2601 1799 Truthelinus
2644 1760 2882 1817 corpore
2912 1752 3139 1820 raptus,
3173 1754 3227 1805 et
3257 1750 3567 1809 horrendis

1916 1825 2309 1899 jocundisque
2339 1829 2500 1895 visis,
2520 1832 2649 1887 vita:
2680 1834 2961 1897 redditus,
2986 1837 3484 1897 districtissimam
3511 1845 3569 1898 et

1927 1920 2190 1972 sanctam
2242 1917 2515 1990 deinceps
2569 1921 2734 1977 duxit
2781 1924 2981 1979 vitam.
3028 1927 3200 1994 Beda,
3233 1927 3364 1984 hist.
3403 1932 3563 2002 Angl.

1844 2042 1891 2107 B
1927 2036 1992 2045 —
2024 2005 2140 2061 Hoc
2175 2010 2435 2078 tempore
2481 2009 2718 2079 Sergius
2776 2027 2946 2082 papa.
2984 2014 3225 2071 Domine
3256 2017 3543 2076 revelante

1926 2111 2162 2165 capsum
2207 2112 2341 2150 cum
2388 2096 2649 2168 portione
2706 2099 3016 2156 Dominicce
3077 2105 3269 2160 crucis
3324 2106 3562 2164 invenit.

1923 2186 2109 2239 Anast.
2147 2186 2309 2241 Beda?
2340 2186 2456 2241 chr.

1993 2272 2099 2325 697
2121 2272 2183 2327 In
2208 2273 2528 2343 Britannia,
2565 2280 2804 2331 sanctus
2835 2277 3179 2350 Cudbertus,
3214 2298 3282 2336 ex
3312 2284 3563 2341 anacho-

1923 2363 2044 2415 reta
2081 2360 2410 2433 CpiSCOleS,
2460 2366 2591 2434 post
2629 2363 2845 2420 multas
2887 2364 3133 2422 virtutes
3173 2370 3444 2442 migravit
3489 2374 3561 2429 ad

1921 2447 2272 2517 Dominum;
2308 2451 2477 2521 cujus
2510 2450 2687 2506 vitam
2720 2451 2872 2507 Beda
2901 2455 3203 2528 presbyter
3220 2461 3275 2513 et
3305 2476 3479 2530 prosa
3508 2465 3567 2518 et

1922 2537 2272 2594 hexametris
2303 2539 2568 2595 versibus
2594 2540 2793 2595 edidit.
2827 2543 2958 2598 Bed.
2991 2544 3106 2599 chr.
3140 2578 3207 2587 ——
3242 2549 3369 2619 Ipso
3410 2565 3565 2607 anno

1920 2624 2106 2681 Ostric
2157 2627 2279 2697 [al.,
2332 2627 2582 2702 Ostrida]
2631 2628 2828 2702 regina
2879 2648 2912 2686 a
2958 2633 3083 2689 suis
3123 2641 3425 2709 perempta
3452 2642 3562 2695 est.

1920 2716 2087 2782 Beda,
2120 2716 2248 2772 hist.
2282 2717 2443 2788 Angl.

1988 2805 2093 2859 698
2110 2805 2631 2878 Constantinopoli,
2649 2807 2916 2865 Tiberius
2933 2809 3243 2883 imperium
3258 2813 3561 2885 invadens,

1918 2892 2166 2948 Leonem
2216 2893 2627 2966 imperatorem
2661 2914 2737 2951 vn
2777 2898 2968 2964 annis,
3015 2900 3231 2970 quibus
3276 2902 3401 2975 ipse
3430 2908 3566 2977 post

1917 2980 2075 3035 hunc
2108 2983 2410 3053 regnabat,
2444 2983 2501 3038 in
2527 3000 2754 3041 carcere
2784 2987 2988 3042 tenuit.
3033 2989 3195 3045 Paul.
3227 2992 3378 3047 Diae.

1987 3071 2089 3123 699
2122 3070 2239 3126 Hoc
2270 3075 2529 3143 tempore
2574 3074 2832 3146 synodus
2871 3075 3261 3148 Aquileiensis
3300 3081 3469 3152 facta,
3502 3086 3562 3140 et

1916 3158 2178 3229 quidam,
2213 3160 2312 3231 qui
2345 3160 2654 3216 concilium
2691 3163 2964 3235 quintum
2999 3166 3327 3225 universale
3357 3168 3557 3228 nolue-

1916 3250 2044 3301 rant
2076 3247 2351 3320 recipere,
2384 3266 2416 3304 a
2438 3250 2636 3323 Sergio
2650 3269 2799 3325 papa
2830 3256 3073 3311 correcti
3096 3260 3252 3312 sunt.
3278 3260 3411 3315 Bed.
3436 3262 3553 3318 chr.

1914 3336 2074 3407 Angl.
2107 3354 2196 3393 an.
2232 3339 2357 3392 698.

1834 3410 1877 3476 C
1913 3422 1921 3429 ’
1983 3426 2091 3479 700
2120 3430 2184 3479 In
2217 3426 2766 3493 Italia,Cunibertus
2785 3449 2884 3487 rex
2905 3433 3424 3506 Longohardorum
3447 3439 3558 3495 for-

1912 3514 1987 3569 tis
2018 3518 2075 3568 et
2100 3515 2253 3586 pius,
2289 3518 2544 3573 moriens
2580 3518 2695 3574 filio
2716 3521 2956 3590 parvulo
2984 3522 3280 3595 Luitporto
3311 3543 3558 3597 regnum

1916 3603 2171 3674 reliquit,
2204 3605 2374 3675 eique
2392 3610 2639 3661 tutorem
2673 3609 3272 3680 Asprendum,virum
3303 3615 3559 3684 pruden-

1912 3696 2031 3746 tem
2053 3696 2109 3746 et
2139 3695 2660 3763 strenuum,dedit;
2684 3697 2783 3752 sed
2818 3703 2950 3769 post
2978 3716 3074 3754 vm
3100 3717 3332 3756 menses
3354 3701 3564 3773 Ragin-

1913 3781 2112 3835 hortus
2142 3781 2275 3847 dux,
2308 3781 2621 3839 Gotaberti.
2659 3785 2755 3853 [al,
2786 3786 3116 3857 Godeberti]
3148 3788 3372 3846 dudum
3400 3790 3560 3861 regis

1915 3869 2093 3935 ﬁlius,
2148 3869 2445 3941 Luitporto
2494 3889 2624 3926 cum
2669 3874 2793 3929 suis
2838 3891 3035 3946 pugna
3083 3876 3253 3945 victo,
3313 3895 3561 3951 regnum

1914 3956 2023 4013 sibi
2051 3957 2371 4028 usurpavit,
2407 3961 2505 4014 sed
2532 3961 2735 4015 eodem
2760 3978 2910 4018 anno
2944 3968 3213 4020 mortuus
3242 3969 3350 4021 est.
3379 3966 3561 4038 Cujus

1912 4045 2070 4101 filius
2111 4045 2449 4102 Harihertus
2494 4049 2616 4119 [al.,
2657 4048 2978 4121 Aripertus]
3029 4056 3369 4125 susceptum
3404 4071 3560 4127 apa-

1912 4140 1998 4189 tre
2052 4150 2295 4205 regnum
2356 4153 2434 4189 xu
2486 4137 2601 4191 fere
2647 4138 3150 4197 annis‘ohtinuit.
3212 4142 3319 4206 Qui
3371 4143 3561 4201 denuo

1914 4225 2270 4294 Luitpertum
2312 4241 2445 4279 cum
2497 4226 2621 4281 suis
2663 4244 2861 4299 pugna
2908 4229 3063 4295 vicit,
3116 4231 3357 4305 fugavit,
3410 4233 3562 4306 cepit

1911 4316 2083 4384 atque
2115 4313 2377 4383 peremit.
2413 4316 2572 4371 Paul.
2604 4317 2763 4372 Diae.

1197 4483 1672 4543 COMPENDIUM
1706 4488 1799 4543 EX
1829 4489 2083 4545 CODICE
2124 4489 2505 4547 BERNOLDI.

204 4635 318 4689 688
350 4633 748 4690 Ccadwald....
781 4633 1067 4689 decoratus
1094 4644 1193 4691 est.

208 4722 324 4776 689
374 4724 437 4776 1η
482 4723 645 4777 Italia
688 4720 909 4777 Atachis
937 4723 1055 4778 dux
1081 4724 1438 4795 tyrannidem
1479 4726 1699 4794 invasit,
1748 4730 1799 4783 et

131 4813 393 4867 maxime
419 4812 644 4867 clericos
673 4813 1001 4881 insequitur.

202 4900 318 4955 690
349 4899 723 4957 Theodorus...
761 4901 1011 4969 decessit,
1062 4903 1161 4974 qui
1203 4902 1411 4958 librum
1441 4904 1794 4974 pamitentia-

138 4990 250 5046 lem
277 4989 416 5042 satis
444 4990 633 5046 utilem
662 4990 1004 5061 conscripsit.

209 5077 323 5132 694
356 5078 449 5133 Itis
475 5080 670 5136 diebus
699 5079 812 5135 duo
841 5078 1007 5149 Angli
1041 5080 1373 5152 presbyteri,
1404 5095 1529 5135 cum
1570 5082 1804 5136 Saxoni-

140 5167 241 5222 bus
264 5169 657 5238 praedicarent,
710 5168 985 5238 martyrio
1026 5170 1272 5224 coronati
1303 5172 1353 5223 et
1382 5171 1678 5224 miraculis
1708 5171 1801 5224 dc-

153 5257 375 5330 clarati,
417 5276 452 5315 a
491 5259 737 5332 Pippino
777 5256 1022 5313 Colonia?
1048 5262 1179 5313 sunt
1221 5258 1501 5313 tumulati.
1536 5257 1799 5314 Bolland.

143 5345 179 5399 3
200 5344 323 5403 Oct.

213 5435 315 5494 695
338 5433 834 5508 Constantinopoli
866 5432 1215 5491 Justim‘anus
1245 5436 1381 5505 imp.
1432 5433 1741 5506 haereticus,
1768 5452 1804 5491 a

1827 4644 1873 4707 D
1904 4642 2079 4696 Leone
2106 4648 2157 4696 et
2188 4641 2393 4697 Tiberio
2423 4643 2676 4699 abscissis
2708 4648 2950 4715 naribus,
2980 4667 3142 4720 regno
3162 4640 3423 4721 cirpalsus
3453 4659 3555 4719 est,

1909 4737 1961 4786 et
1989 4732 2105 4802 ipse
2134 4732 2236 4786 Leo
2266 4747 2494 4802 regnum
2520 4741 2625 4788 tres
2652 4751 2822 4791 annos
2845 4737 3104 4793 obtinuit.
3146 4742 3243 4796 Vir
3284 4739 3341 4795 S.
3384 4742 3563 4796 Willi-

1915 4819 2215 4874 brordus...
2265 4822 2562 4875 Fresonum
2604 4823 2948 4892 praedicans,
2995 4827 3294 4882 virtutibus
3341 4828 3566 4885 claruit.

1914 4907 2048 4963 Vita
2081 4908 2233 4980 apud
2268 4908 2486 4964 Mabill.
2522 4924 2634 4965 ε,ωο
2661 4928 2721 4965 ιιι
2749 4912 2962 4968 Bened.
2995 4931 3051 4985 p.
3087 4932 3127 4982 ι,
3161 4932 3212 4985 p.
3248 4916 3375 4968 691.

1983 4997 2089 5051 696
2116 4997 2337 5068 Sergius
2372 5014 2583 5069 papa...
2620 5000 2847 5056 invenit.

1981 5084 2087 5138 697
2117 5086 2178 5139 In
2206 5087 2563 5142 Britannia...
2598 5088 2672 5144 ad
2692 5090 2988 5144 Dominum
3012 5097 3132 5161 post
3160 5091 3363 5145 multas
3390 5092 3565 5147 virtu-

1911 5174 2014 5237 tes,
2045 5174 2201 5243 cujus
2230 5176 2399 5230 vitam
2430 5177 2578 5231 Beda
2607 5179 2890 5249 presbyter
2917 5179 3224 5251 descripsit.

1984 5261 2089 5314 698
2120 5262 2613 5334 Constantinopoli,
2645 5270 2777 5330 etc.,
2804 5270 2867 5320 ut
2899 5270 3050 5339 Aug.

1986 5348 2089 5401 699
2138 5352 2246 5407 Hoc
2304 5359 2544 5423 tempore
2599 5354 2843 5423 synodus
2897 5355 3280 5427 Aquileiensis,
3328 5359 3467 5426 etc.,
3498 5364 3565 5415 ut

1911 5437 2063 5507 Aug.

1736 5605 1972 5661 NOT/E.

202 5734 343 5808 (232)
366 5725 957 5807 Fredegariicontin.
977 5733 1145 5800 recte,
1164 5729 1337 5788 annis
1361 5730 1786 5789 Ivzohiitenim
1817 5747 1911 5787 an.
1943 5731 2071 5793 695.
