4026 6228
448 335 563 404 illi

1252 320 1664 415 ιιιιιιΜΑΝιιι
1706 347 2152 415 CONTRACTI
2195 347 2613 415 AUGIENSIS
2658 346 3039 413 MONACHI.

3743 344 3867 413 182

1816 511 2048 569 GODEX
2084 510 2483 569 AUGIENSIS.

525 623 653 682 111
680 624 779 679 701
803 625 1018 693 Romae,
1039 626 1307 682 defuncto
1320 628 1913 700 Sergio,JoannesVI,
1942 646 2093 701 papa
2122 630 2175 697 Α
2202 628 2631 700 possessionem
2661 627 2895 701 Alpium
2927 627 3270 698 Cottiarum,
3304 627 3530 684 dudum
3561 643 3597 683 a
3624 626 3864 699 Longo-

456 711 776 780 LXXXVII,
810 714 960 769 sedit
990 714 1159 771 annis
1192 734 1272 770 ιιι.
1300 718 1603 773 mensibus
1638 736 1694 785 II,
1730 719 1914 773 Anast.

522 819 629 876 702
661 822 723 875 In
750 820 930 886 Italia,
960 820 1049 876 his
1072 822 1441 889 diebus,cum
1465 825 1825 891 Haribertus,
1854 824 2097 896 reliquis

457 908 709 964 inimicis
738 910 904 964 victis
936 915 992 965 et
1019 912 1297 978 subactis,
1330 914 1699 983 Asprandum
1726 914 1974 969 infestus
2006 929 2097 969 se-

457 1002 750 1069 queretur,
769 997 886 1066 ille,
910 999 1131 1054 viribus
1153 1001 1361 1071 impar,
1383 1002 1569 1072 primo
1586 1002 1936 1067 Ravennam,
1964 1002 2098 1056 inde

455 1087 526 1142 ad
555 1087 1023 1143 Theodebertum
1054 1089 1323 1158 Bajoaria!
1348 1091 1555 1145 ducem
1587 1091 1865 1164 confugit,
1902 1092 2098 1162 ibique

455 1192 513 1231 Ix
545 1177 716 1232 annis
748 1178 985 1232 mansit.
1022 1179 1180 1232 Paul.
1214 1180 1364 1233 Diae.
1402 1181 1440 1233 Ι.
1473 1198 1551 1241 v1,
1576 1198 1620 1234 e.
1652 1184 1741 1234 2‘2.

523 1284 629 1339 703
660 1283 814 1338 Beda
834 1270 1393 1356 presbyter-Anglus,
1422 1286 1507 1340 vir
1523 1288 1748 1352 doctus,
1777 1304 1961 1358 usque
1986 1287 2099 1341 huc

455 1370 744 1426 Chronica
776 1371 1019 1427 minoris
1046 1372 1179 1427 libri
1212 1374 1291 1428 De
1311 1375 1696 1446 Temporibus
1721 1377 1867 1445 (“333)
1890 1376 2097 1447 perdu-

454 1459 559 1514 xit.
603 1491 667 1499 —
699 1463 817 1514 Hoc
862 1464 1121 1532 tempore
1170 1478 1302 1517 cum
1334 1462 1597 1517 Gisull‘us
1639 1465 1754 1517 dux
1796 1463 2096 1518 Beneventi

458 1534 843 1619 Campaniam
881 1553 1137 1605 vastaret
1166 1554 1223 1605 et
1266 1552 1521 1623 captivos
1553 1552 1884 1619 abduceret,
1934 1552 2101 1623 eique

457 1636 662 1693 nullus
700 1637 1015 1705 resisteret,
1049 1656 1081 1694 a
1110 1639 1333 1694 Joanne
1360 1658 1508 1711 papa
1540 1657 1736 1713 pacem
1769 1641 2099 1713 postulante

458 1725 702 1782 donaria
735 1726 1025 1797 accipiens
1046 1728 1303 1799 captivos
1320 1729 1573 1784 reddidit
1589 1746 1911 1802 pacemque
1944 1730 2096 1785 fecit.

463 1816 626 1871 Paul.
668 1815 827 1871 Diae.
855 1816 1038 1871 Anast.

528 1922 631 1976 701
681 1921 741 1976 In
793 1921 1113 1989 Britannia,
1165 1923 1417 1990 Edilred,
1466 1942 1566 1980 rex
1606 1924 1976 1993 Merciorum,
2009 1943 2100 1981 re-

418 2058 424 2065 .
458 2025 637 2081 gnum
678 2026 850 2065 suum
892 2011 1180 2067 Coenredo
1216 2012 1477 2081 tradidit,
1527 2016 1586 2068 et
1626 2012 1751 2085 ipse
1783 2013 1988 2084 factus
2017 2018 2103 2069 est
2135 2000 2182 2065 Β

457 2097 800 2153 monachus.
836 2097 1000 2164 Beda,
1033 2099 1157 2155 hist.
1194 2101 1350 2171 Angl.

522 2204 629 2259 705
657 2204 1179 2277 Constantinopoli,
1213 2207 1585 2263 Justinianus
1623 2208 1961 2281 imperator,
1998 2226 2098 2263 au-

452 2292 591 2349 xilio
611 2292 863 2349 Terbelli
882 2294 1036 2365 regis
1058 2294 1450 2365 Vulgarorum
1468 2297 1778 2369 imperium
1794 2297 2099 2369 recipiens,

454 2383 704 2437 Leonem
735 2386 793 2436 et
821 2382 1124 2438 Tiberium
1158 2383 1388 2454 imperii
1428 2402 1763 2456 pervasorcs
1806 2404 1940 2441 cum
1972 2386 2103 2443 aliis

456 2468 663 2524 multis
675 2469 904 2524 occidit.
923 2469 1277 2525 Gallicinum
1299 2470 1697 2544 [Callinicum]
1714 2474 2101 2546 patriarcham

456 2561 805 2613 excaecatum
839 2557 1083 2613 Romam
1110 2560 1291 2627 misit,
1313 2566 1367 2615 et
1400 2561 1601 2617 inloco
1624 2566 1750 2633 ejus
1768 2564 1978 2635 Cyrum
2001 2564 2100 2618 ab-

456 2647 674 2713 batem,
706 2646 805 2717 qui
836 2662 897 2701 se
932 2647 988 2701 in
1022 2647 1201 2704 Ponto
1224 2650 1483 2706 exsulem
1518 2650 1760 2720 aluerat,
1797 2652 2098 2724 promovit.

457 2735 537 2790 De
570 2735 675 2790 hoc
708 2735 1058 2806 imperatore
1099 2737 1281 2793 fertur
1311 2740 1464 2810 quod
1506 2745 1737 2811 quoties
1776 2741 1848 2795 de
1878 2741 2101 2795 truncis

458 2824 700 2880 naribus
724 2823 1071 2896 profluvium
1104 2828 1356 2897 terserit,
1378 2844 1523 2900 pene
1555 2828 1723 2883 toties
1747 2828 2000 2900 aliquem
2031 2830 2101 2886 de

459 2912 718 2968 inimicis
751 2912 874 2967 suis
896 2914 1105 2985 perimi
1129 2917 1396 2987 jusserit.
1422 2918 1582 2973 Paul.
1610 2919 1758 2973 Diae.
1783 2950 1850 2958 —
1883 2919 2098 2985 Romae,

455 3002 713 3058 Joannes
736 3009 858 3075 VII,
895 3022 1043 3080 papa
1066 3006 1404 3071 LXXXVIII,
1432 3007 1583 3061 sedit
1607 3007 1777 3061 annis
1796 3025 1861 3075 ιι,
1892 3008 2104 3064 mensi-

456 3090 570 3147 bus
601 3093 717 3150 fere
746 3113 864 3166 vm,
890 3098 975 3152 vir
996 3095 1281 3151 facundus
1313 3100 1367 3149 et
1397 3096 1682 3150 eruditus.
1714 3097 1906 3151 Anast.
1940 3128 2007 3137 —
2040 3097 2101 3152 In

457 3180 777 3253 Britannia,
796 3185 1100 3241 Aldfridus
1126 3202 1220 3239 rex
1236 3184 1839 3252 Nordanumbrorum,
1860 3185 1948 3240 vir
1970 3186 2101 3258 pius

456 3272 513 3324 et
532 3272 812 3344 prudens,
845 3274 1010 3339 obiit,
1033 3278 1090 3328 et
1116 3289 1218 3345 pro
1234 3288 1298 3327 eo
1319 3272 1471 3327 ﬁlius
1501 3274 1629 3342 ejus
1653 3274 1907 3329 Osredus
1930 3276 2100 3331 annis

2206 717 2403 772 bardis
2462 724 2690 790 captam
2737 722 2912 790 atque
2952 718 3270 785 detentam,
3323 734 3425 790 per
3483 712 3867 790 privilegium

2206 806 2398 861 aureis
2445 805 2653 862 litteris
2701 806 2986 879 scriptum
3036 812 3237 862 sancto
3296 811 3467 862 Petro
3526 806 3867 878 Joannique

2214 911 2375 966 papa:
2407 896 2681 949 reddidit.
2708 897 2866 949 Paul.
2893 897 3044 951 Diae.

2275 984 2381 1035 708
2422 983 2635 1049 Romae,
2689 983 2983 1039 Sisinnius
3017 1000 3168 1055 papa
3215 983 3483 1039 LXXXIX
3527 983 3864 1051 ordinatus,

2208 1072 2642 1142 ingravescente
2674 1073 2951 1144 podagra,
2985 1090 3057 1127 xx
3089 1077 3321 1128 tantum
3354 1073 3564 1129 diebus
3590 1073 3868 1145 supervi-

2207 1159 2316 1226 xit;
2341 1164 2473 1231 post
2502 1177 2676 1231 quem
2699 1161 3117 1217 Constantinus
3138 1179 3287 1234 papa
3315 1161 3404 1217 XC
3433 1162 3680 1218 effectus
3706 1164 3867 1218 sedit

2206 1248 2377 1304 annis
2409 1267 2506 1315 vn,
2540 1249 2747 1305 diebus
2776 1268 2870 1316 xv,
2892 1249 2982 1304 vir
3002 1249 3166 1305 valde
3199 1249 3357 1305 mitis
3379 1255 3435 1306 et
3465 1250 3620 1322 pius,
3648 1255 3706 1306 et
3728 1268 3865 1306 om-

2210 1336 2384 1392 nibus
2432 1338 2601 1393 bonis
2633 1338 2845 1393 studiis
2887 1339 3145 1394 intentus
3186 1343 3244 1394 et
3273 1337 3521 1395 stabilis.
3568 1342 3762 1396 Anast.
3799 1371 3867 1380 —

2208 1425 2553 1482 Aldhelmus
2583 1426 2913 1499 episcopus.
2936 1429 3025 1482 vir
3045 1429 3253 1484 doetus
3274 1434 3332 1484 et
3358 1427 3661 1501 eloquens,
3689 1446 3870 1499 prosa

2211 1519 2512 1588 metroque
2543 1517 2786 1582 facetus,
2819 1517 2983 1572 obiit.
3020 1517 3226 1582 Mabill,
3250 1533 3377 1574 seco.
3396 1535 3483 1586 ιιι,
3510 1518 3713 1575 Bened.
3742 1534 3802 1591 p.
3827 1537 3869 1583 ι,

2210 1603 2470 1660 Bolland.
2503 1608 2575 1660 25
2601 1605 2752 1661 Maii.
2868 1604 2869 1611 “

2278 1694 2385 1747 709
2425 1695 2778 1758 Coenredus,
2830 1712 2928 1750 rex
2975 1694 3342 1763 Merciorum,
3391 1700 3450 1751 et
3478 1710 3704 1751 cumeo
3738 1695 3872 1751 Offa

2211 1781 2408 1854 regius
2432 1783 2691 1852 juvenis,
2724 1781 2884 1838 Illius
2920 1783 3171 1856 Sigiheri
3204 1781 3377 1855 regis,
3411 1782 3628 1839 relictis
3663 1784 3867 1857 regnis

2212 1868 2459 1925 Romam
2490 1871 2755 1935 veniunt,
2790 1870 2989 1942 ibique
3020 1871 3288 1927 monachi
3330 1870 3518 1927 eﬂecti
3551 1871 3865 1929 mortalem

2213 1975 2329 2015 non
2366 1959 2547 2014 multo
2578 1963 2709 2031 post
2738 1959 2915 2015 vitam
2948 1959 3249 2015 finierunt.
3278 1959 3406 2017 Bed.
3443 1962 3573 2033 epit.
3605 1992 3679 2002 —
3709 1960 3869 2017 Wil-

2214 2048 2401 2103 fridus
2423 2048 2731 2120 episcopus
2754 2048 3122 2117 venerabilis,
3150 2065 3301 2105 anno
3331 2049 3707 2121 episcopatus
3740 2068 3867 2117 xcv,

2213 2141 2346 2207 post
2374 2137 2580 2193 exsilia
2609 2136 2942 2209 multosque
2972 2137 3203 2194 labores
3233 2137 3398 2202 obiit,
3421 2138 3592 2210 eique
3623 2130 3783 2196 Acca
3812 2140 3871 2194 in

2211 2225 2685 2297 Hagusltaldensi
2703 2227 3047 2298 episcopatu
3068 2227 3872 2300 successit.Beda,hist.Angl.;

2210 2315 2420 2370 Mabill.
2454 2317 2493 2370 ι.
2525 2331 2609 2382 c.;
2642 2316 2890 2371 Bolland.
2923 2317 2993 2370 24
3024 2315 3203 2387 April.
3766 2321 3770 2325 ‘

2281 2405 2387 2458 710
2415 2405 2728 2474 Adrianus,
2760 2406 2943 2460 abbas
2967 2403 3337 2471 venerabilis,
3371 2421 3547 2471 anno,
3581 2421 3654 2461 ex
3681 2422 3802 2478 quo
3833 2424 3871 2462 a

2213 2491 2499 2547 Vitaliano
2530 2510 2681 2565 papa
2709 2494 2768 2548 in
2802 2493 3163 2549 Britanniam
3194 2506 3329 2548 cum
3349 2493 3651 2551 Theodoro
3681 2496 3871 2552 archi-

2210 2581 2481 2654 episcopo
2533 2583 2752 2638 missus
2803 2586 2911 2651 est,
2962 2600 3051 2637 xu
3108 2581 3270 2639 obiit.
3320 2582 3734 2641 Cbildebertus
3767 2602 3867 2641 rex

2210 2670 2586 2736 Francorum,
2633 2670 2789 2727 [ilius
2821 2671 3189 2738 Theoderici,
3227 2671 3477 2727 moritur
3504 2688 3660 2727 anno
3695 2674 3860 2747 regni

2210 2778 2322 2819 xvu
2351 2778 2363 2827 ;
2400 2776 2501 2832 pro
2533 2777 2650 2832 quo
2680 2760 3044 2833 Dagobertus
3075 2760 3231 2816 ﬁlius
3260 2759 3432 2817 annis
3462 2777 3516 2817 ν.
3548 2762 3710 2819 Fred.
3734 2779 3867 2818 con-

2208 2853 2313 2906 tin.
2347 2850 2547 2905 Annal.
2580 2851 2699 2905 Met.
2732 2868 2825 2904 an.
2857 2866 2967 2920 seq.

2280 2939 2415 2995 113
2443 2938 2543 2993 711
2579 2937 3106 3009 Constantinopoli,
3139 2937 3499 3011 Philippicas
3545 2939 3868 3011 imperator

2210 3029 2401 3083 factus
2447 3026 2847 3082 Justinianum
2906 3027 3318 3098 imperatorem
3365 3027 3597 3096 occidit,
3632 3032 3692 3084 et
3740 3028 3866 3102 ipse

2211 3133 2431 3172 annum
2487 3133 2502 3169 1
2553 3119 2610 3169 et
2642 3132 2694 3170 γι
2728 3108 2961 3171 menses
2991 3114 3275 3187 regnavit,
3308 3115 3628 3172 catholicos
3672 3134 3866 3189 perse-

2211 3222 2398 3277 quens
2431 3209 2486 3259 et
2516 3203 2801 3259 haereticis
2824 3204 3043 3260 favens.
3080 3204 3210 3260 Bed.
3232 3204 3351 3259 chr.
3392 3205 3560 3261 Paul.
3595 3208 3754 3262 Diae.

2279 3295 2388 3348 712
2445 3293 2784 3348 Haribertus
2844 3311 2943 3347 rex
3003 3292 3519 3366 Longobardorum
3575 3296 3860 3363 moritur;

618 3379 673 3416 ιιι
705 3364 983 3438 regnavit.
1017 3364 1266 3454 Sanctus
1300 3362 1480 3417 Heddi
1512 3363 1818 3454 cpiscopus
1837 3364 2097 3454 occidcn-
2133 3361 2175 3427 C
2216 3387 2347 3454 post
2378 3399 2551 3454 quem
2586 3382 2984 3454 Luitprandus
3013 3359 3187 3453 (πεδί),
3220 3382 3381 3437 paul.
3413 3384 3573 3439 οίαε,

451 3446 661 3506 talium
714 3456 1005 3509 Saxonum
1038 3452 1211 3520 obiit;
1238 3468 1340 3524 pro
1374 3468 1487 3523 quo
1529 3452 1729 3507 Daniel
1763 3457 1819 3507 et
1858 3452 2094 3509 Aldhel-

452 3556 590 3598 mus
621 3541 875 3614 episcopi
915 3542 1044 3599 facti
1078 3548 1233 3597 sunt.
1270 3540 1437 3605 Beia,
1469 3540 1596 3595 hist.
1628 3542 1785 3612 Angl.

519 3652 626 3707 706
673 3650 929 3706 Joannes
962 3666 1113 3722 papa
1152 3648 1470 3704 oratorium
1526 3652 1737 3703 sancta:
1784 3647 1976 3705 Mariae
2024 3649 2096 3702 ad

449 3744 721 3799 sanctum
749 3739 983 3795 Petrum
1015 3737 1338 3794 construxit
1359 3741 1417 3791 et
1441 3737 1689 3803 ornavit,
1722 3741 1778 3791 et
1798 3736 1993 3807 plures
2026 3737 2097 3791 ad

449 3828 724 3887 ecclesias
756 3831 998 3884 ornatus
1029 3825 1336 3899 impendit.
1383 3826 1545 3882 Beda?
1573 3825 1690 3880 chr.
1724 3826 1882 3897 Angl.

519 3919 625 3974 707
657 3917 774 3973 Hoc
805 3922 1065 3989 tempore
1086 3915 1428 3971 Haribcrtus
1463 3932 1562 3969 rex
1586 3914 2097 3986 Longobardorum

2273 3472 2380 3524 713
2403 3469 2901 3541 Constantinopoli
2932 3471 3283 3527 Anastasius
3305 3470 3705 3544 Pbilippieum
3725 3490 3865 3531 oeu-

2205 3558 2280 3614 lis
2335 3564 2393 3614 et
2450 3575 2625 3631 regno
2674 3558 2938 3630 privavit,
2984 3563 3041 3614 et
3077 3558 3205 3631 ipse
3238 3560 3412 3616 annis
3460 3577 3526 3615 ιιι
3578 3564 3863 3635 regnavit.

2207 3649 2372 3704 Paul.
2405 3648 2556 3703 Diae.

2276 3738 2381 3791 714
2434 3736 2777 3791 Anastasius
2830 3736 3167 3808 imperator,
3228 3737 3430 3793 missis
3470 3739 3862 3796 Constantino

2208 3842 2368 3898 papa:
2401 3825 2635 3892 litteris,
2660 3842 2724 3881 se
2748 3824 3044 3881 catholicae
3063 3825 3197 3882 ﬁdei
3221 3826 3509 3884 fautorem
3526 3828 3858 3887 declaravit.

2208 3915 2339 3971 Bed.
2382 3914 2497 3969 chr.
2532 3944 2602 3954 —
2632 3913 2916 3986 Pippinus
2954 3914 3118 3972 ﬁlius
3162 3914 3422 3989 Ansgisi,
3457 3933 3645 3991 nepos
3679 3918 3866 3978 uncti

1495 4053 1970 4109 COMPENDIUM
2011 4054 2102 4109 EX
2142 4054 2395 4110 CODICE
2437 4053 2814 4109 BERNOLDI.

522 4174 622 4226 701
664 4174 845 4229 Romae
873 4171 1146 4240 defuncto,
1173 4175 1307 4237 etc.,
1341 4174 1406 4224 ut
1433 4171 1579 4241 Aug.

521 4261 630 4314 703
664 4260 872 4314 Beda...
902 4259 1180 4329 perduxit.
1212 4260 1323 4312 Hoc
1370 4260 1674 4328 tempore...
1724 4259 1964 4328 captivos
2006 4258 2099 4313 ab-

453 4348 692 4411 duceret,
740 4364 777 4401 a
823 4348 1031 4401 Joanne
1057 4363 1200 4416 papa
1228 4362 1418 4417 pacem
1446 4347 1752 4416 postulante
1783 4346 1924 4401 dona
1955 4349 2102 4401 acci-

452 4437 611 4507 piens
640 4434 879 4504 captivos
908 4432 1172 4487 reddidit.

524 4523 630 4577 704
669 4524 733 4577 In
770 4523 1064 4576 Britannia
1110 4522 1341 4577 Edilred
1380 4538 1480 4577 res:
1528 4523 1870 4590 Merciorum,
1904 4524 2095 4580 relicto

453 4628 618 4684 regno
646 4610 976 4666 monachum
1002 4626 1059 4666 se
1085 4612 1231 4681 fecit.

522 4701 628 4756 705
669 4699 1194 4772 Constantinopoli...
1245 4704 1388 4769 regis
1428 4701 1857 4771 Bulgarorum...
1902 4717 2094 4772 perva-

451 4882 715 4937 truneatis
744 4880 971 4935 naribus
991 4882 1303 4952 pro/avium
1334 4882 1568 4946 terserit,
1601 4882 1755 4936 toties
1784 4881 2089 4950 aliquem...

442 4971 687 5042 jusserit.
713 4971 896 5026 Roma:
922 4971 1222 5025 Joannes...
1246 4980 1298 5026 et
1314 4971 1587 5026 eruditus.
1622 4969 1679 5023 S.
1704 4968 1879 5025 Ileddi
1897 4970 2095 5038 episco-

444 5076 549 5132 pus
576 5060 835 5132 migravit
863 5059 933 5114 ad
964 5061 1277 5117 Dominum.
1316 5060 1449 5115 Vita
1470 5060 1624 5131 apud
1641 5056 1857 5114 Mabill.
1892 5073 2001 5111 saec
2032 5074 2095 5111 ιιι

450 5149 686 5216 Bened.,
722 5165 776 5219 p.
812 5164 851 5213 ι,
884 5151 941 5203 et
971 5148 1238 5204 Bolland.
1269 5151 1304 5201 7
1335 5148 1453 5202 Jul.

516 5240 624 5293 706
655 5238 708 5293 S.
735 5238 969 5293 Joannes
1011 5255 1223 5310 papa...
1260 5237 1566 5293 construxit
1600 5238 1653 5290 et
1680 5235 1885 5290 multas
1929 5235 2093 5291 eccle-

451 5330 563 5384 sias
587 5327 824 5381 ornavit.

522 5416 628 5469 707
660 5416 764 5468 Hoc
793 5422 1030 5485 tempore
1063 5415 1404 5484 Haribertus,
1438 5417 1570 5481 etc.,
1606 5417 1669 5467 ut
1697 5414 1845 5483 Aug.

2277 4171 2385 4224 708
2416 4170 2599 4226 Romae
2627 4168 2936 4225 Sisinius...
2969 4168 3158 4225 diebus
3187 4186 3282 4225 xv.
3340 4232 3351 4245 κ

2278 4258 2384 4312 709
2416 4258 2717 4313 Coenretus
2740 4275 2906 4313 rex...
2938 4274 3049 4313 non
3075 4259 3248 4315 multo
3274 4266 3394 4331 post
3427 4260 3704 4318 obierunt.
3748 4263 3873 4319 Wil-

2206 4347 2388 4419 fridus
2463 4347 2760 4418 Anglorum
2815 4348 3093 4419 episcopus
3162 4348 3320 4417 obiit,
3380 4350 3473 4404 cui
3545 4350 3687 4406 Acca
3741 4368 3870 4408 suc-

2210 4438 2387 4492 cessit.

2275 4525 2384 4579 710
2411 4524 2690 4579 Adrianus
2720 4523 2953 4581 abbas...
3003 4524 3156 4580 obiit.
3187 4525 3251 4580 In
3289 4525 3423 4581 Vita
3460 4526 3521 4582 S.
3554 4527 3871 4586 Theodori.

2208 4629 2338 4668 saec.
2390 4629 2450 4677 ιι,
2502 4613 2713 4668 Bened.
2753 4644 2823 4653 —-
2853 4613 3200 4670 Hildebertus
3236 4630 3337 4671 rex
3364 4617 3709 4673 Francorum
3737 4620 3874 4675 obiit

2202 4717 2302 4773 pro
2322 4717 2426 4772 quo
2457 4702 2785 4770 Dagobertus
2814 4704 2980 4758 annis
3010 4704 3271 4775 quinque.

334 4778 341 4787 ί
449 4806 593 4848 sares
624 4790 839 4847 occidit.
875 4788 1204 4846 Gallicinum
1232 4791 1680 4863 patriareham...
1711 4792 1916 4862 quoties
1940 4807 1974 4845 a
2001 4790 2096 4845 de-
2125 4812 2171 4876 D
2281 4792 2375 4845 711
2420 4791 2955 4862 Constantinopoli...
3006 4793 3228 4862 favens;
3261 4793 3407 4850 unde
3449 4799 3507 4857 et,
3532 4810 3569 4851 α
3597 4798 3870 4854 Constan-

2203 4880 2317 4935 tino
2342 4895 2487 4950 papa
2509 4879 3047 4948 anathematizatur;
3078 4885 3430 4954 quapropter,
3463 4886 3628 4954 regni
3653 4888 3871 4957 ρνίησί-

2202 4968 2360 5039 pibus
2388 4984 2510 5023 eum
2558 4984 2655 5036 pro
2701 4970 3170 5025 excommunicato
3211 4969 3603 5038 devthsz,
3655 4976 3867 5045 regium

2204 5056 2456 5112 diadema
2484 5056 2751 5117 deponere
2777 5056 3152 5127 compellitur.

2273 5147 2382 5201 712
2409 5146 2750 5211 llaribertus,
2776 5150 2916 5211 etc.,
2946 5150 3011 5200 ut
3038 5151 3186 5220 Aug.

2272 5233 2377 5290 7H
2418 5234 2804 5290 Anastasius...
2845 5250 2902 5290 se
2930 5235 3263 5291 catholicum
3310 5237 3650 5297 declaravit.
3691 5242 3873 5314 Pippi-

2204 5340 2375 5378 nus...
2400 5325 2630 5379 Carolus
2659 5325 2912 5395 regnavit
2942 5326 3107 5380 annis
3137 5343 3314 5382 xxvu.

2040 5508 2272 5563 NOTAE.

708 5626 964 5701 Estkejus
997 5628 1144 5683 liber
1172 5630 1243 5683 De
1269 5626 1598 5701 temporibus
1620 5623 1961 5701 inscriptus.

530 5696 683 5768 (234)
712 5698 790 5750 Ex
812 5697 986 5752 Paulo
1021 5702 1269 5753 Diacono
1302 5698 1602 5752 Hariberto
1637 5696 1921 5749 successit
1946 5700 2101 5769 .Ans-

2261 5623 2591 5749 rapdus,det
2626 5623 2762 5677 huic
2793 5623 2998 5677 eodem
3030 5640 3183 5679 anno
3230 5623 3509 5682 defuncto
3545 5627 3708 5685 Illius
3747 5630 3872 5701 eius

2267 5711 2326 5749 ui
2357 5711 2497 5749 nran
2552 5711 2638 5749 us.

2267 5711 2539 5766 uitpranu
2552 5711 2638 5771 us.
