4026 6228
378 297 493 356 163

1190 291 1597 355 HERMANNI
1642 289 2084 353 CONTRACTI
2130 289 2548 355 AUGIENSIS
2593 288 2971 354 MONACHI.

3666 283 3779 350 164

1735 468 1964 524 CODEX
2003 468 2403 527 AUGIENSIS.

378 608 631 681 quodam
657 609 906 662 torrente
922 605 1107 677 aquis,
1132 604 1365 659 reﬁcere
1388 604 1620 669 meruit,
1643 602 2013 674 acceptisque
2044 604 2095 669 Α
2128 602 2334 671 bactis,
2368 604 2602 659 obsides
2626 604 2868 675 accepit.
2906 602 3104 659 Fuldis
3134 600 3356 658 Sturmi
3395 600 3581 657 abbas
3610 597 3785 668 obiit,

379 716 481 771 pro
514 713 649 768 pace
680 712 757 749 χιι
788 694 1111 760 obsidibus,
1145 694 1335 748 rediit.
1370 694 1507 747 Ann.
1542 692 1698 747 Fuld.
1724 723 1791 730 —
1822 692 2016 746 Roma:

379 790 508 858 post
537 783 892 855 Stephanum
925 782 1216 836 Adrianus
1252 798 1401 854 papa
1428 781 1578 836 sedit
1635 780 1806 836 annis
1863 796 2014 834 XXIV.

443 877 547 929 773
578 871 836 938 Carolus,
872 871 943 926 ab
975 870 1231 925 Adriano
1266 887 1413 942 papa
1444 887 1546 941 pro
1577 869 1913 924 defensione
1935 884 2020 923 re-

374 979 501 1019 rum
535 960 717 1017 sancti
751 959 900 1015 Petri
930 964 1185 1031 rogatus,
1214 958 1437 1014 Italiam
1462 958 1623 1031 petit,
1646 962 1721 1023 et,
1745 957 2019 1012 claustris

373 1051 605 1122 Alpium
629 1048 682 1103 vi
742 1050 982 1120 potitus,
1046 1048 1405 1103 Desiderium
1465 1046 1782 1118 fugientem
1830 1045 2017 1117 Papiae

372 1140 522 1196 I25
548 1138 797 1203 obsedit,
831 1141 887 1192 et
916 1139 1042 1207 ipse
1075 1137 1318 1191 Romam
1351 1137 1552 1191 orandi
1581 1135 1769 1207 gratia
1791 1135 2016 1201 adiens,

375 1228 595 1283 Pascha
624 1226 767 1280 inibi
792 1225 1099 1281 celebravit
1130 1224 1298 1295 (27l).
1334 1226 1533 1279 Annal.
1568 1224 1731 1279 Auld.

438 1317 544 1371 774
579 1313 937 1386 Longobardi
974 1330 1106 1368 cum
1141 1313 1439 1368 Desiderio
1472 1330 1603 1383 rege
1653 1329 1758 1366 suo
1816 1310 2018 1366 Carolo

371 1421 433 1460 se
463 1404 724 1467 tradunt,
758 1418 910 1456 anno
942 1419 1009 1456 ex
1041 1418 1156 1472 quo
1189 1400 1412 1456 Italiam
1444 1417 1577 1454 cum
1615 1399 1857 1455 Alboino
1890 1414 2020 1470 rege

371 1494 729 1548 intraverant
761 1507 883 1555 cev,
906 1490 1149 1562 ipseque
1180 1506 1356 1561 regno
1389 1506 1589 1544 eorum
1623 1493 1680 1544 et
1726 1487 2019 1544 thesauris

374 1581 613 1654 potitus,
648 1579 896 1633 abducto
917 1595 1115 1634 secum
1150 1594 1282 1649 rege
1333 1594 1465 1632 cum
1515 1579 1784 1648 conjuge,
1839 1576 2021 1631 victor

377 1670 564 1725 rediit.
600 1668 779 1723 Annal
806 1668 961 1731 Fuld.
992 1667 1112 1723 Met.

443 1762 697 1813 Saxones
728 1762 964 1829 pactum
996 1756 1327 1828 frangentes
1356 1754 1591 1811 Hessios
1622 1758 1825 1826 petunt
1851 1772 1862 1821 ;
1915 1755 2015 1809 sed

373 1846 677 1903 ecclesiam
705 1845 858 1918 apud
887 1844 1177 1908 Friteslar,
1203 1861 1234 1898 a
1251 1849 1451 1899 sancto
1474 1844 1766 1899 Bonifacio
1790 1843 2016 1898 dedica-

374 1942 519 2001 tam,
551 1934 666 1991 Deo
696 1933 1036 2005 prohibente
1070 1933 1374 1988 incendere
1407 1936 1721 2004 nequeunt.
1748 1933 1830 1986 Al.
1864 1950 1894 1985 (ι
1924 1948 2015 2003 pr.
2052 1968 2098 2032 Β

373 2029 720 2096 -—Corpora
750 2027 1081 2077 sanctorum
1141 2021 1416 2077 Gordiani
1476 2027 1533 2076 et
1592 2020 1891 2093 Epimachi
1949 2021 2018 2075 de

374 2115 557 2169 Roma
586 2114 643 2167 in
677 2112 1085 2167 Alamanniam
1121 2110 1403 2165 translata
1430 2117 1567 2165 sunt
1598 2111 1766 2179 (272),
1800 2141 1866 2148 -
1916 2106 2018 2163 Ec-

373 2203 546 2258 clesia
567 2201 750 2257 sancti
768 2201 992 2255 Nazarii
1020 2200 1376 2254 Lanrosham
1401 2199 1666 2255 dedicata
1686 2203 1794 2253 est.
1819 2198 2016 2253 Annal.

372 2292 526 2347 Fuld.

439 2380 546 2433 773
573 2376 810 2432 Carolus
840 2376 951 2430 late
979 2377 1274 2429 Saxonum
1307 2379 1491 2430 terras
1523 2379 1731 2440 vastat,
1772 2379 1828 2429 et
1878 2375 2017 2429 duo-

376 2469 487 2522 bus
517 2484 614 2520 eos
640 2464 855 2537 przeliis
899 2470 1061 2518 vasta
1092 2470 1253 2533 stage
1316 2468 1570 2534 superat.
1625 2464 2021 2537 Roudgaudus

374 2555 521 2627 (273)
552 2552 969 2625 Longobardus
1005 2551 1182 2606 Italiae
1213 2568 1457 2623 regnum
1511 2552 1756 2607 allectat.
1818 2554 2016 2608 Annal.

375 2644 537 2698 Fuld.
575 2644 699 2709 Reg.

444 2732 553 2785 776
583 2728 821 2786 Carolus
853 2729 989 2784 item
1027 2728 1253 2783 Italiam
1288 2728 1450 2800 petit,
1482 2734 1538 2783 et
1596 2731 2021 2802 Roudgaudum

378 2822 595 2877 victum
639 2818 867 2873 occidit.
929 2818 1184 2873 Saxones
1242 2819 1379 2873 item
1435 2818 1780 2875 rebellantes
1838 2819 2022 2875 Caroli

378 2908 646 2983 praesidia
675 2907 824 2962 bello
854 2911 1076 2978 petunt.
1110 2907 1290 2962 Annal
1320 2907 1475 2963 Fuld.

445 3000 553 3054 777
581 2997 838 3067 Saxones
869 2994 1055 3075 multa
1085 2995 1321 3050 tandem
1349 2997 1503 3052 caede
1551 2997 1857 3069 perdomiti
1915 3001 2023 3054 Ca-

379 3086 500 3142 rolo
531 3085 887 3150 subduntur,
919 3087 975 3139 et
1004 3084 1312 3139 Christiani
1337 3085 1690 3153 efﬁciuntur,
1716 3103 1778 3142 se
1804 3104 2025 3159 suaque

380 3175 578 3231 omnia
604 3172 924 3240 tradentes,
953 3172 999 3227 si
1042 3171 1195 3227 ultra
1242 3173 1414 3228 {idem
1468 3173 1771 3230 violarent.
1826 3177 2023 3233 Annal.

379 3264 534 3319 Fuld.
846 3266 853 3273 ’

2128 698 2186 747 et
2216 692 2422 764 Bagolt'
2452 694 2572 764 [al.,
2608 690 2954 765 Baugull‘us]
2992 691 3295 747 successit.
3360 689 3565 745 Annal.
3626 686 3788 743 Fuld.

2127 780 2389 837 Laurish.

2198 870 2304 923 780
2331 868 2594 936 Carolus,
2618 869 2817 925 habito
2850 869 2907 924 in
2939 868 3192 925 Saxonia
3221 869 3529 933 conventu,
3577 869 3637 922 et
3666 865 3789 921 dis-

2128 958 2337 1029 positis
2370 962 2489 1014 tam
2520 959 2816 1014 Saxonum
2849 975 3027 1030 quam
3058 956 3396 1013 Sclavorum
3423 954 3626 1023 rebus,
3662 955 3792 1027 ipse

2128 1050 2373 1102 Romam
2394 1047 2599 1103 orandi
2630 1046 2817 1119 gratia
2848 1047 3010 1102 adiit.
3043 1046 3221 1101 Annal
3256 1044 3413 1100 Fuld.

2196 1138 2297 1189 781
2324 1136 2606 1207 Pippinus
2638 1135 2797 1191 ﬁlius
2828 1134 3017 1190 Caroli
3048 1138 3241 1190 Romae
3259 1133 3332 1189 ab
3352 1131 3613 1188 Adriano
3636 1147 3793 1204 papa

2127 1223 2456 1295 baptizatus
2482 1228 2590 1293 est,
2623 1228 2834 1279 etcum
2872 1224 3047 1278 fratre
3079 1221 3364 1278 Ludovico
3404 1237 3505 1278 rex
3547 1223 3792 1277 unctus.

2128 1310 2374 1373 Tassilo,
2410 1312 2527 1366 dux
2547 1312 2842 1383 Bajoariae,
2875 1312 3048 1367 ﬁdem
3067 1309 3449 1381 subjectionis
3467 1307 3676 1366 Carolo
3703 1323 3795 1364 sa-

2128 1406 2423 1455 cramento
2453 1405 2511 1456 et
2540 1400 2846 1456 obsidibus
2870 1401 3081 1455 firmat.
3104 1400 3307 1454 Annal.
3337 1397 3493 1453 Fuld.
3543 1427 3618 1439 -——
3639 1397 3792 1453 Con-

2128 1489 2355 1544 stantia:
2387 1488 2695 1561 episcopus
2720 1492 2777 1544 et
2806 1490 2988 1544 abbas
3018 1488 3274 1545 Joannes
3304 1486 3450 1543 obiit
3475 1501 3490 1543 :
3522 1500 3632 1559 pro
3672 1502 3794 1558 quo

2130 1576 2309 1648 Egino
2341 1578 2650 1650 episc0pus
2671 1594 2856 1633 annos
2875 1594 3054 1645 xxxu,
3071 1581 3130 1633 et
3146 1576 3356 1633 Petrus
3375 1575 3576 1647 Augia
3603 1574 3792 1630 abbas

2129 1683 2314 1721 annos
2335 1683 2391 1733 ν,
2412 1670 2468 1721 et
2490 1667 2643 1738 apud
2666 1672 2933 1723 sanctum
2958 1665 3189 1722 Gallum
3208 1664 3583 1737 Roudpertus
3602 1663 3794 1720 abbas

2128 1771 2349 1811 annum
2384 1756 2802 1827 ipraefuerunt.
2837 1754 3025 1827 (lepid.
3061 1785 3129 1794 —
3153 1754 3308 1809 Inter
3336 1751 3451 1808 alia
3492 1751 3792 1825 prodigia,

2128 1860 2328 1900 cruces
2361 1843 2562 1899 multis
2586 1844 2646 1899 in
2668 1844 2927 1900 vestibus
2958 1847 3260 1915 apparent.
3292 1840 3548 1914 Sanguis
3579 1845 3797 1898 eterra

2130 1939 2187 1989 et
2215 1950 2345 1989 aere
2376 1934 2613 1989 ﬂuxisse
2641 1932 2872 1988 dicitur.
2909 1932 3109 1988 Annal.
3143 1930 3305 1989 Fuld.

2199 2024 2305 2077 782
2326 2021 2565 2077 Carolus
2594 2021 2731 2077 item
2765 2021 2822 2076 in
2853 2021 3103 2077 Saxonia
3130 2023 3484 2076 conventum
3535 2018 3795 2089 habens,

2128 2112 2350 2183 legatos
2369 2112 2664 2166 Danorum
2684 2115 2739 2166 et
2759 2110 3107 2165 Hunnorum
3130 2108 3369 2164 audivit.
3385 2109 3510 2172 Quo
3533 2123 3790 2176 reverso,

2131 2202 2386 2257 Saxones
2400 2199 2625 2272 legatos
2634 2200 2683 2269 ej
2695 2216 2783 2268 us,
2803 2199 2863 2253 in
2878 2198 3110 2254 Sclavos
3129 2213 3262 2254 cum
3276 2196 3531 2253 exercitu
3546 2197 3791 2263 missos,

2131 2289 2517 2361 persuadente
2539 2288 2904 2355 Widikindo,
2935 2286 3251 2343 commisso
3270 2283 3491 2357 praelio,
3521 2301 3640 2339 non
3665 2285 3793 2341 sine

2132 2395 2346 2450 magna
2375 2376 2538 2433 clade
2555 2394 2663 2433 sua
2682 2376 3033 2432 interimunt
3058 2394 3070 2443 ;
3092 2375 3165 2430 ob
3187 2390 3439 2447 quorum
3461 2373 3789 2429 vindictam

2130 2464 2372 2523 Carolus
2400 2470 2691 2522 Saxonum
2721 2470 2975 2537 quatuor
3003 2463 3190 2520 millia
3219 2466 3276 2519 et
3303 2463 3668 2535 quingentos
3699 2462 3794 2517 de-

2132 2553 2342 2610 collare
2364 2555 2567 2626 jussit.
2597 2556 2797 2610 Annal.
2839 2554 3000 2609 Fuld.
3034 2553 3154 2607 Met.
3185 2583 3251 2592 —
3282 2552 3451 2623 Apud
3512 2554 3793 2606 sanctum

2132 2644 2361 2700 Gallum
2393 2643 2604 2699 Waldo
2632 2643 2811 2699 abbas
2835 2641 3065 2714 praefuit
3084 2642 3417 2696 annumiet
3446 2639 3768 2695 dimidium

2132 2733 2332 2805 Ilepit.

2202 2822 2306 2875 783
2333 2820 2616 2892 Hiltigard
2642 2820 2843 2893 regina
2864 2835 3007 2875 uxor
3026 2817 3210 2875 Caroli
3242 2835 3284 2873 ιι
3305 2815 3431 2874 Kal.
3453 2817 3588 2873 Maii
3615 2818 3786 2888 (274),

2131 2915 2188 2964 et
2218 2908 2430 2964 Bertha
2459 2914 2647 2965 mater
2675 2909 2803 2980 ejus
2836 2926 2892 2964 ιν
2925 2908 3006 2964 Id.
3030 2906 3149 2963 Jul.
3181 2907 3345 2963 obiit.
3373 2904 3621 2962 Carolus
3644 2906 3789 2961 item

2133 2998 2388 3053 Saxones
2408 2996 2499 3052 bis
2522 2997 2642 3052 acie
2659 2998 2976 3069 conﬂigens
2999 3012 3213 3068 magna
3241 2995 3377 3052 127
3408 2997 3607 3066 strage
3625 2994 3786 3062 vicit,

2132 3086 2588 3157 Fastradamque
2617 3103 2683 3142 eo
2712 3102 2865 3142 anno
2896 3084 3061 3141 duxit
3085 3100 3344 3141 uxorem.
3390 3083 3591 3138 Annal.
3627 3082 3789 3139 Fuld.

2132 3184 2184 3232 et
2215 3174 2331 3231 Met.

2202 3265 2311 3319 784
2338 3264 2550 3320 Junior
2578 3262 2814 3319 Carolus
2844 3280 2879 3319 a
2909 3266 3071 3335 patre
3103 3263 3161 3317 in
3194 3260 3506 3317 Saxoniam
3561 3261 3790 3318 missus

447 3353 554 3406 778
583 3349 820 3406 Carolus
853 3350 1161 3422 Hispanias
1196 3349 1342 3405 bello
1376 3351 1535 3422 petit,
1584 3356 1660 3417 et,
1719 3352 2022 3409 obsidibus
2054 3334 2096 3400 Ο
2136 3352 2488 3411 Westfaldos
2507 3351 2703 3425 praelio
2734 3352 2893 3419 vicit,
2914 3334 2980 3407 et
3008 3350 3257 3407 domuit.
3287 3350 3488 3406 Annal.
3527 3349 3687 3405 Fuld.
3723 3381 3796 3390 —

376 3439 651 3512 acceptis,
682 3438 1190 3510 Wasconibusqne
1207 3442 1263 3493 et
1279 3437 1554 3494 Narbaris
1578 3439 1890 3511 (Navarris)
1923 3459 2023 3496 su—

379 3530 582 3597 bactis,
609 3527 797 3584 rediit.
823 3528 1021 3582 Annal.
1047 3528 1303 3599 Lauresh.
1332 3558 1394 3567 —
1422 3528 1657 3582 Interim
1686 3530 1834 3585 I26
1849 3531 2025 3586 Saxo-

379 3635 482 3674 nes
506 3618 644 3672 item
668 3616 912 3672 rebelles
929 3617 1073 3671 duce
1088 3615 1427 3671 Widikindo
1448 3617 1798 3673 Francorum
1820 3619 2024 3674 termi-

378 3723 483 3761 nos
516 3721 700 3775 usque
722 3705 792 3760 ad
820 3704 1083 3759 Rhenum
1106 3710 1365 3770 vastant;
1391 3705 1489 3761 sed
1513 3705 1855 3778 insequente
1877 3707 2026 3779 regis

377 3795 627 3852 exercitu
661 3810 876 3866 magna
900 3812 968 3848 ex
999 3800 1161 3866 parte
1191 3794 1323 3850 cmsi
1359 3793 1610 3867 fugiunt.
1646 3797 1844 3851 Annal.
1864 3797 2021 3852 Fuld.

444 3886 551 3939 779
579 3883 819 3992 Carolus
849 3883 988 3938 item
1022 3883 1349 3939 Saxonibus
1381 3900 1577 3956 pugna
1616 3884 1781 3941 victis
1812 3890 1870 3941 et
1926 3903 2025 3942 su-

2137 3443 2302 3516 Apud
2339 3446 2609 3497 sanctum
2640 3440 2871 3496 Gallum
2902 3439 3118 3495 Werdo
3140 3439 3323 3495 abbas
3346 3438 3579 3511 praefuit
3601 3454 3797 3495 annos

2135 3550 2265 3588 xxv.
2300 3529 2488 3600 llepid.

2204 3622 2312 3675 785
2340 3618 2642 3673 Widikind
2685 3617 2853 3684 Saxo,
2886 3617 2959 3672 ad
3022 3615 3378 3671 deditionem
3424 3614 3630 3671 Carolo
3691 3630 3798 3671 ve-

2138 3710 2323 3774 niens,
2357 3708 2685 3779 baptizatus
2716 3710 2824 3774 est,
2858 3709 2914 3760 et
2945 3709 3065 3760 tota
3095 3705 3347 3760 Saxonis
3385 3704 3634 3760 subacta
3681 3709 3796 3761 est.

2135 3798 2471 3869 Coujuratio
2503 3795 2872 3851 orientalium
2907 3794 3263 3849 Francorum
3288 3798 3492 3849 contra
3516 3793 3796 3850 Carolum

2136 3890 2263 3941 orta
2292 3893 2348 3941 et
2377 3900 2714 3957 compressa
2742 3888 2850 3939 est.
2875 3884 3077 3939 Annal.
3113 3882 3274 3938 Fuld.
3308 3882 3520 3953 Eginh.
3634 3946 3639 3953 ἱ

1426 4042 1898 4099 COMPENDIUM
1936 4044 2027 4100 EX
2068 4043 2320 4101 CODICE
2355 4040 2733 4097 BERNOLDI.

444 4176 553 4229 773
585 4174 807 4230 Carolus
836 4174 969 4230 ab...
998 4176 1180 4246 petiit,
1219 4183 1292 4240 et,
1348 4174 1621 4229 Desiderio
1678 4193 1797 4247 rege
1815 4179 2024 4234 obsesso

377 4265 586 4334 Papiae,
610 4263 723 4332 ipse
752 4263 1045 4318 Romam...
1069 4265 1149 4317 ibi
1169 4263 1489 4317 celebravit.

444 4351 550 4405 774
578 4349 921 4421 Langobardi
947 4367 1072 4405 eum
1100 4350 1382 4406 Desiderio
1407 4366 1533 4420 rege
1585 4366 1775 4406 eorum
1831 4353 2025 4411 Carolo

376 4457 432 4498 se
460 4440 865 4506 trarlunt,anno
896 4455 998 4493 cev
1022 4455 1092 4493 es:
1121 4455 1224 4511 quo
1248 4440 1469 4494 Italiam
1491 4455 1612 4494 eum
1638 4455 1760 4515 rege
1807 4442 2026 4500 Alboino

379 4533 742 4585 intraverant.
777 4527 1013 4597 Corpora
1044 4525 1182 4582 SS...
1213 4527 1485 4581 translata
1515 4531 1662 4581 sunt.

426 4619 556 4672 ’775
593 4615 822 4671 Carolus
867 4614 1172 4669 Saxoniam
1202 4616 1404 4670 iterum
1435 4616 1784 4673 rebellantem
1834 4628 2024 4677 vastat.

448 4707 556 4760 776
588 4704 820 4760 Carolus
856 4703 1215 4773 Rudgaudum
1263 4719 1492 4773 regnum
1538 4706 1720 4762 ltaliw
1768 4709 2027 4780 aﬁectan-

378 4799 488 4850 tem
517 4794 728 4849 occidit.

449 4885 552 4939 777
585 4882 827 4937 Saxones
859 4879 1080 4935 tandem
1101 4881 1339 4936 multa...
1369 4881 1705 4953 efﬁciuntur.

346 4970 349 4977 ’
448 4974 555 5026 778
587 4971 814 5027 Carolus
844 4970 1135 5039 Hispanias
1164 4971 1336 5040 petiit,
1362 4973 1554 5041 quibus
1581 4973 1819 5029 subactis
1866 4975 2026 5031 redit.

383 5061 626 5117 Saxones
656 5060 860 5115 iterum
878 5057 1168 5115 rebellant.

451 5150 522 5206 77
588 5147 818 5203 Carolus
840 5148 1041 5201 iterum
1062 5145 1304 5203 Saxones
1331 5153 1627 5220 superauit.

2202 4177 2309 4232 780
2340 4175 2564 4231 Carolus
2592 4174 2869 4246 dispositis
2898 4175 3059 4231 rebus
3113 4174 3397 4231 Saxonum
3448 4178 3502 4230 et
3558 4173 3798 4231 Sclavo-

2135 4283 2281 4333 rum,
2312 4267 2497 4336 ipse...
2531 4263 2693 4320 adiit.

2204 4354 2299 4410 78l
2342 4355 2610 4426 Pippinus
2637 4353 2790 4423 ﬁlius
2821 4352 3006 4409 Caroli
3037 4354 3217 4409 Romae
3243 4353 3311 4409 ab
3350 4351 3592 4408 Adriano
3645 4368 3804 4424 papa

2136 4444 2471 4515 baptizatur,
2503 4445 2555 4497 et
2582 4441 2650 4497 ab
2680 4441 2866 4497 eodem
2894 4458 2929 4496 α
2958 4442 3224 4512 baptismo
3252 4441 3582 4512 suscipitur,
3604 4444 3660 4496 et
3670 4457 3801 4495 eum

2133 4535 2310 4603 fratre
2339 4531 2609 4586 Ludovico
2639 4545 2740 4585 rex
2777 4531 3027 4602 ungitur.
3087 4527 3488 4585 Constantine...
3544 4530 3802 4601 praefue-

2137 4624 2286 4677 runt.
2319 4622 2427 4676 Hoc
2454 4627 2689 4691 tempore
2716 4624 2900 4676 truces
2930 4627 3307 4691 apparuerunt
3345 4617 3534 4674 multis
3574 4619 3638 4672 in
3688 4633 3804 4674 ves-

2138 4711 2302 4766 tibus.
2334 4709 2636 4779 Sanguis...
2667 4707 2903 4763 dicitur:

2057 4820 2106 4884 D
2207 4800 2313 4852 782
2346 4796 2569 4853 Carolus
2599 4796 2881 4852 Saxonum
2907 4797 3050 4852 4500
3078 4796 3347 4852 decollare
3393 4797 3585 4867 jussit.
3642 4795 3805 4868 Apud

2138 4888 2194 4943 S.
2227 4886 2447 4942 Gallum
2485 4884 2668 4941 Waldo
2695 4885 2863 4940 abbas
2887 4887 3119 4957 prwfuit
3137 4900 3282 4941 anno
3303 4901 3433 4941 uno.

2208 4976 2313 5032 783
2344 4974 2690 5044 llildigart...
2720 4976 2862 5031 Julii
2887 4975 3040 5030 obiit.

2207 5066 2312 5120 784
2340 5065 2538 5120 Junior
2558 5063 2853 5119 Carolus...
2886 5050 3236 5136 Westphalos
3266 5061 3412 5119 bello
3441 5062 3680 5119 domuit.

2208 5155 2317 5209 785
2353 5151 2700 5209 Widikind...
2736 5153 3041 5224 baptizatus
3065 5156 3162 5207 est.

1970 5312 2199 5372 NOT/E.

458 5428 610 5574 £271;
638 5432 755 5484 Hoc
770 5429 1045 5513 ultimum
1072 5437 1296 5504 spectat
1315 5435 1386 5490 ad
1411 5452 1631 5490 annum
1665 5439 2031 5507 sequentem.

480 5502 617 5574 272__
640 5505 850 5574 Locum
877 5504 1095 5559 indicat
1124 5504 1534 5563 Gottwicensis
1565 5508 1764 5572 codex,
1824 5524 2031 5574 nempe

480 5502 617 5580 272).
640 5502 1534 5580 Locum_i_ndigat:Gottwicensis
1565 5502 1764 5580 codex,
1782 5578 1793 5580 _
1809 5524 2034 5580 nempe

391 5569 799 5705 Conﬂiidpnam.
836 5573 962 5631 Vid.
995 5574 1282 5645 Bolland.,
1313 5582 1354 5635 t.
1392 5596 1452 5635 ιι.
1488 5578 1620 5634 Maii
1650 5578 1723 5632 ad
1752 5569 1920 5634 diem
1945 5569 2033 5644 f0,

391 5650 446 5703 et
536 5641 697 5704 abill.
724 5646 932 5705 Annal.
950 5646 1188 5705 Bened..
1210 5653 1252 5705 t.
1283 5666 1422 5705 ιω).
1445 5652 1574 5705 228.
1598 5664 1723 5705 sea.
1754 5665 1768 5705 :
1798 5649 1863 5705 it.
1888 5654 1932 5705 t.
1958 5665 2032 5705 ιν.

389 5650 446 5703 et
475 5641 697 5705 Mabill.
724 5646 932 5707 Annal.
950 5646 1188 5717 Bened.,
1210 5641 1422 5725 t.'n,p.
1445 5652 1574 5724 228,
1598 5664 1723 5726 seq.
1754 5665 1768 5719 ;
1798 5649 1863 5707 it.
1888 5654 1932 5708 t.
1958 5641 2032 5723 1v,

2142 5438 2757 5580 p.(127283.)Botgaudns,
2790 5522 2893 5580 seu
2918 5510 3270 5580 Rotgausus,
3301 5507 3423 5563 dux
3451 5510 3583 5563 erat
3628 5506 3810 5565 Foro-

2143 5577 2446 5638 Juliensis.
2478 5577 2607 5634 Vid.
2642 5577 2857 5636 Cointii
2887 5577 3099 5634 Annal.
3133 5579 3205 5635 ad
3239 5578 3299 5636 h.
3332 5582 3388 5637 2.

2214 5651 2362 5732 (274)
2391 5647 2521 5709 Vid.
2553 5646 2820 5710 Bolland.
2847 5649 2919 5710 30
2949 5648 3135 5729 April.
