4026 6228
195 322 312 381 165

1433 324 1905 392 CHRONICON.
1935 361 2013 372 —
2044 328 2233 388 SJEC.
2268 327 2425 390 VIII.

3509 336 3623 399 166

2135 462 2261 516 SIS.

2135 462 2171 516 S
2249 503 2261 515 .

276 544 387 599 786
417 543 671 600 Carolus
704 545 886 601 misso
918 561 1018 617 per
1046 546 1348 604 Autulfum
1381 547 1502 621 [al.,
2181 461 2418 621 [Ssynodo
2451 565 2664 621 magna
2687 549 2742 603 in
2770 549 3190 605 Franconol‘urt
3208 551 3425 618 habita,
3450 553 3624 611 haere-

206 632 469 688 exercitu
518 633 788 689 Britones
820 634 1067 702 domuit,
1098 639 1156 691 et
1204 637 1329 709 ipse
1377 636 1620 693 Romam
1667 638 1873 694 orandi

204 722 405 794 gratia
434 722 601 777 adiit.
629 726 914 779 Auctores
935 725 1063 795 conj
1074 723 1359 781 urationis
1382 730 1582 782 contra
1602 727 1871 783 Carolum

205 809 464 867 diversis
496 810 685 883 poenis
716 811 1065 867 multantur.
1096 811 1252 868 Lullo
1275 814 1664 887 Moguntiensi
1689 816 1874 872 archi-

204 898 492 971 episcopo
541 900 854 956 Richull‘us
901 901 1190 956 successit
1237 904 1408 959 annis
1441 904 1638 976 [suppL
1674 905 1870 975 xxvn].

206 988 418 1059 Augia:
453 993 584 1061 post
623 989 859 1044 Petrum
888 989 1097 1046 Waldo
1130 990 1312 1046 abbas
1362 997 1599 1049 octavus
1645 994 1875 1065 praefuit

206 1076 393 1132 annis
421 1094 515 1132 xx.
548 1078 747 1132 Annal.
787 1078 943 1133 Fuld.

284 1167 399 1221 787
430 1164 691 1233 Carolus,
724 1167 1118 1222 Beneventum
1169 1172 1393 1239 petens,
1429 1169 1660 1225 obsides
1707 1186 1871 1225 acce-

210 1254 332 1325 pit.
371 1254 688 1309 Ruoddrud
715 1256 835 1325 [al.,
857 1255 1159 1327 Rotrudis]
1192 1256 1313 1311 ﬁlia
1342 1258 1470 1328 ejus
1492 1258 1874 1314 Constantino

206 1342 565 1414 imperatori
599 1342 1002 1414 desponsatur.
1035 1342 1284 1415 Eclipsis
1325 1343 1467 1401 solis
1506 1362 1576 1400 xv
1607 1345 1733 1401 Kal.
1768 1347 1871 1401 Oc-

205 1431 340 1485 tob.
379 1432 575 1487 Annal.
610 1430 765 1485 Fuld.
1197 1416 1207 1429 '

282 1520 398 1574 788
426 1519 650 1576 Tassilo
681 1520 801 1575 dux
840 1521 1137 1592 Bajoarize,
1170 1521 1534 1578 inﬁdelitatis
1578 1528 1635 1578 ct
1683 1524 1874 1596 perju-

206 1609 285 1663 rii
322 1609 649 1677 convictus,
685 1626 720 1664 a
749 1610 952 1665 Carolo
983 1609 1198 1666 ducatu
1233 1611 1512 1683 privatur.
1544 1614 1873 1667 Graecorum

205 1697 509 1753 exercitus
539 1714 573 1753 a
603 1698 846 1754 Francis
874 1702 931 1755 et
974 1699 1133 1755 Italis
1171 1700 1446 1755 vincitur.
1483 1701 1624 1756 Item
1656 1701 1874 1766 Hunni,

206 1787 322 1858 qui
358 1790 414 1841 et
443 1791 677 1855 Avares,
709 1804 743 1842 a
772 1786 956 1842 Caroli
1003 1788 1317 1844 vincuntur
1360 1789 1635 1845 exercitu.
1673 1790 1871 1844 Annal.

206 1875 383 1930 Fuld.
418 1879 555 1931 Nam.

287 1964 404 2017 789
433 1963 692 2029 Carolus,
740 1963 935 2020 valido
995 1965 1252 2038 undique
1301 1964 1541 2022 collecto
1595 1966 1871 2029 exercitu.

203 2052 451 2107 Albium
477 2052 718 2107 ﬂuvium
743 2052 978 2116 transit,
1001 2057 1057 2109 et
1076 2053 1330 2122 Sclavos,
1356 2055 1454 2126 qui
1482 2053 1650 2108 Wilzi
1673 2054 1873 2109 dicun-

202 2129 334 2207 t'ur,
371 2140 566 2213 praelis
595 2142 875 2214 protritos
906 2142 1260 2214 subjugavit.
1294 2144 1393 2198 An.
1426 2143 1581 2198 Fuld.
1615 2143 1811 2214 Eginli.

278 2231 399 2284 790
426 2230 594 2285 Hunc
643 2246 864 2285 annum
896 2230 1137 2286 Carolus
1185 2231 1309 2287 sine
1359 2231 1505 2287 bello
1537 2232 1872 2287 Wormatize

204 2319 454 2392 quietus
484 2318 787 2392 transegit.
820 2318 1027 2374 Annal.
1060 2320 1216 2375 Fuld.

283 2408 393 2462 79l
428 2406 683 2475 Carolus,
708 2406 997 2463 trifariam
1020 2408 1205 2464 diviso
1234 2408 1484 2464 exercitu
1509 2414 1690 2465 terras
1714 2410 1871 2465 Hun-

209 2514 437 2553 norum
475 2496 831 2570 ingrediens,
866 2498 1016 2553 l'erro
1065 2501 1120 2552 et
1171 2496 1303 2571 igne
1353 2498 1639 2554 devastat.
1672 2499 1870 2554 Annal.

203 2584 381 2641 Fuld.
414 2586 606 2641 Loisel.

287 2673 449 2730 128
490 2674 597 2758 792
641 2674 873 2745 Synodo
931 2672 1264 2746 Ratisponas
1321 2673 1578 2743 collecta,
1635 2675 1873 2731 haeresis

202 2762 513 2820 Feliciana
543 2762 826 2818 damnata
852 2767 962 2829 est,
996 2761 1201 2818 Coneil.
1237 2763 1415 2819 Germ.
1440 2769 1483 2819 t.
1508 2766 1548 2831 Ι,
1574 2781 1630 2836 p.
1652 2765 1779 2820 287.
1803 2797 1872 2805 —

201 2851 554 2924 Conjuratio
585 2850 813 2923 Pippini
848 2855 1050 2906 contra
1086 2851 1313 2907 Patrem
1344 2851 1614 2908 Carolum
1645 2853 1876 2909 detecta

203 2945 264 2998 et
330 2938 621 3014 supplicio
675 2943 980 2996 auctorum
1040 2939 1247 3012 punita
1304 2945 1410 2996 est.
1462 2942 1662 2997 Annal.
1712 2942 1869 2997 Fuld.

200 3030 420 3102 Eginh.

278 3118 396 3173 793
426 3118 628 3191 Pugna
648 3117 800 3173 inter
828 3121 1175 3174 Sarracenos
1198 3122 1254 3173 et
1279 3118 1526 3174 Francos
1557 3117 1616 3174 in
1638 3118 1870 3188 Gothis,

199 3206 555 3263 Sarracenis
603 3205 1031 3278 superioribus,
1078 3206 1396 3262 commissa
1452 3211 1559 3262 est.
1618 3208 1873 3264 Saxones

198 3295 361 3352 item
394 3310 557 3351 more
586 3311 694 3351 suo
723 3293 1032 3351 rebellant.
1065 3295 1265 3350 Annal.
1297 3295 1452 3350 Fuld.

1982 638 2063 691 sis
2097 637 2230 692 item
2268 637 2555 692 Feliciana
2585 638 2865 694 damnata
2894 643 3002 693 est.
3040 640 3237 696 Annal.
3268 643 3527 697 Lauresh.
3556 676 3589 684 -‹

1981 726 2259 780 Fastrada
2288 726 2489 797 regina
2522 732 2747 781 mortua
2781 732 2835 781 et
2872 727 3220 799 Moguntiaci
3256 731 3484 801 sepulta
3514 738 3620 789 est.

1982 814 2468 885 Pseudosyuodus
2490 814 2819 869 Graecorum
2843 817 3010 883 (275),
3032 833 3133 886 pro
3155 817 3464 874 aderandis
3488 821 3626 876 ima-

1982 902 2219 973 ginibus
2253 903 2469 965 habita,
2503 904 2573 955 ab
2606 903 2893 973 episcopis
2939 905 3214 959 damnata
3244 910 3347 960 est.
3384 907 3625 964 Carolus

1982 990 2120 1045 item
2152 990 2479 1045 Saxonibus
2510 992 2766 1045 subactis
2814 993 3043 1046 tertiam
3093 994 3348 1050 virorum
3399 1003 3623 1067 partem

1982 1080 2301 1135 transtulit.
2338 1080 2437 1133 llis
2486 1080 2846 1151 temporibus
2894 1079 3210 1148 Alewinus,
3244 1084 3341 1153 qui
3377 1090 3432 1139 et
3460 1086 3625 1140 Albi-

1984 1185 2117 1235 nus,
2150 1169 2303 1238 apud
2340 1184 2532 1237 regem
2565 1172 2917 1238 maturosque
2948 1168 3063 1222 vita
3110 1174 3165 1223 et
3213 1170 3479 1227 doctrina
3508 1172 3624 1227 Cll-

1983 1273 2084 1310 rus
2116 1255 2382 1311 habetur.
2417 1256 2615 1310 Annal.
2647 1256 2802 1310 Fulll.
2836 1256 3027 1326 Eginh.

2051 1347 2157 1398 795
2186 1346 2461 1409 Saxones,
2496 1361 2626 1398 cum
2662 1344 2911 1398 Witzam
2960 1346 3167 1400 ducem
3215 1347 3625 1406 Abodritarum

1982 1433 2053 1487 ad
2088 1449 2280 1503 regem
2310 1432 2575 1487 Carolum
2609 1432 2931 1486 venientem
2967 1434 3371 1505 peremissent,
3403 1443 3629 1495 vastata

1984 1521 2120 1577 item
2166 1522 2399 1592 regione
2448 1540 2554 1575 sua
2608 1520 2795 1595 puniti
2848 1521 3081 1577 obsides
3130 1524 3387 1579 tradunt.
3433 1526 3628 1583 llunni

1986 1627 2217 1682 quoque
2242 1610 2438 1664 missis
2463 1609 2666 1681 legatis
2690 1628 2750 1664 se
2772 1627 2903 1664 cum
2930 1615 3083 1665 terra
3103 1628 3211 1666 sua
3233 1612 3341 1684 ipsi
3366 1615 3624 1686 tradunt;

1984 1699 2477 1754 Christianitatem
2510 1700 2879 1770 promittunt.
2914 1700 3112 1754 Annal.
3147 1702 3306 1757 Fuld.
3340 1704 3537 1772 Eginh.

2057 1789 2208 1844 129
2236 1790 2343 1841 796
2393 1788 2606 1856 Romae,
2658 1787 2929 1842 defuncto
2960 1789 3109 1857 (276)
3154 1791 3408 1847 Adriano
3456 1810 3625 1866 papa,

1904 1914 1950 1978 Β
1987 1878 2098 1932 Leo
2122 1876 2195 1930 Ill
2221 1893 2368 1947 papa
2389 1876 2540 1930 sedit
2564 1876 2735 1930 annis
2760 1893 2850 1931 xx.
2874 1876 3237 1948 Principibus
3260 1879 3625 1949 Hunnorum,

1984 1968 2213 2038 Cagano
2243 1969 2301 2019 et
2329 1965 2602 2035 Jugurro,
2638 1963 2787 2018 civili
2823 1964 2971 2019 bello
3004 1969 3340 2039 peremptis,
3365 1974 3519 2025 terra
3538 1988 3629 2027 eo-

1986 2072 2114 2109 rum
2148 2053 2539 2123 omnibusque
2575 2052 2865 2106 thesauris
2896 2053 3154 2119 Carolus,
3191 2072 3289 2124 per
3319 2057 3627 2113 Ehericum

1984 2142 2434 2213 Forojuliensem
2460 2142 2665 2194 ducem
2691 2145 2746 2194 et
2772 2140 3077 2210 Pippinum
3106 2142 3285 2196 ﬁlium
3312 2161 3509 2209 suum,
3535 2164 3631 2218 po-

1980 2233 2122 2286 titus
2149 2236 2255 2285 est.
2279 2230 2487 2284 'l‘udun
2540 2246 2770 2300 quoque
2803 2230 3069 2300 princeps
3092 2247 3312 2298 eorum,
3338 2235 3408 2288 ad
3434 2233 3627 2304 ipsum

1980 2320 2237 2383 veniens,
2258 2336 2390 2374 cum
2417 2318 2629 2390 populo
2653 2335 2758 2372 suo
2783 2318 3109 2389 baptizatus
3126 2326 3214 2374 est
3234 2326 3291 2375 ot
3314 2321 3629 2381 honoriﬁce

1982 2411 2050 2464 ad
2086 2426 2194 2464 sua
2226 2407 2509 2462 remissus
2532 2410 2637 2461 est.
2664 2407 2913 2461 Saxonia
2945 2407 3117 2461 etiam
3151 2407 3362 2465 iterum
3396 2411 3628 2469 rebellis

1982 2500 2052 2553 ab
2088 2498 2212 2569 ipso
2246 2513 2488 2569 pervasa
2517 2500 2795 2550 vastatur.
2832 2497 3028 2550 Annal.
3066 2498 3218 2551 Fuld.
3251 2500 3447 2569 Eginh.

2050 2589 2154 2640 797
2188 2584 2511 2640 Barcinona
2542 2584 3001 2656 urbs‘llispanize
3028 2585 3229 2641 Carolo
3262 2589 3488 2644 reddita
3516 2597 3625 2647 est.

1982 2674 2477 2745 Constantinopoli
2528 2674 2953 2729 Constantinus
3007 2675 3325 2746 imperator
3352 2695 3386 2731 a
3416 2679 3629 2735 Grzncis

1982 2769 2316 2819 excaecatur.
2350 2762 2601 2817 Saxonis.
2643 2762 2782 2817 item
2815 2780 2848 2817 a
2881 2762 3081 2817 Carolo
3126 2782 3312 2835 usque
3342 2768 3412 2821 ad
3446 2768 3627 2823 Ocea-

1984 2870 2123 2907 num
2159 2856 2405 2918 vastata,
2430 2856 2485 2905 et
2508 2851 2566 2904 in
2598 2850 2951 2905 deditionem
2981 2867 3082 2922 per
3109 2852 3345 2907 obsides
3376 2859 3625 2926 recepta.

1982 2944 2084 2996 An.
2118 2940 2276 2997 Fuld.
2314 2940 2537 3011 Theoph.

2051 3030 2156 3083 798
2186 3027 2427 3084 Carolus
2461 3027 2517 3081 in
2548 3026 2797 3082 Saxonis
2841 3043 2975 3082 cum
3025 3028 3277 3084 exercitu
3327 3030 3625 3100 hiemavit,

1981 3123 2039 3173 et
2068 3115 2519 3172 Transalbianos
2548 3120 2822 3180 Saxones.
2847 3116 2947 3187 qui
2977 3115 3196 3187 legatos
3216 3120 3344 3188 ejus
3369 3135 3495 3174 com
3506 3136 3630 3192 pre-

1983 3206 2322 3269 henderant,
2358 3202 2472 3258 late
2523 3204 2788 3271 vastavit,
2821 3209 2877 3259 et
2908 3222 3008 3277 per
3054 3205 3274 3277 legatos
3319 3225 3457 3263 suos
3490 3226 3629 3265 con-

1982 3300 2133 3352 serto
2164 3292 2361 3365 proelio
2391 3297 2641 3364 quatuor
2674 3291 2855 3348 millia
2883 3310 2951 3348 ex
2988 3294 3072 3350 eis
3104 3296 3336 3364 occidit,
3368 3296 3629 3369 reliquos

1264 3386 1741 3458 COMPENDIUM
1783 3402 1873 3458 sx
1913 3400 2164 3457 comes
2208 3398 2584 3454 BERNOLDI.

278 3500 394 3555 786
424 3498 650 3554 Carolus
679 3500 883 3554 iterum
913 3499 1135 3554 Romam
1168 3500 1269 3554 ivit
1295 3500 1496 3555 orandi
1521 3502 1725 3571 gratia.
1755 3501 1864 3556 Au-
1898 3503 1941 3569 C

201 3591 399 3658 giae...
435 3590 599 3643 annis
626 3588 846 3656 viginti.
1544 3614 1553 3617 ν

279 3677 396 3730 787
429 3675 675 3731 Rudtrud
702 3675 823 3745 ﬁlia
854 3675 1105 3731 Caroli...
1137 3677 1513 3749 (lesponsalur.

284 3765 403 3819 789
436 3765 537 3819 lloc
565 3779 706 3820 anno
736 3765 964 3820 Carolus
997 3781 1206 3820 uxxm
1244 3783 1382 3838 pene
1428 3783 1699 3822 canonum
1727 3768 1875 3839 capi-

207 3853 348 3909 tula
375 3853 537 3907 totius
566 3855 720 3922 regni
738 3855 830 3909 sui
847 3855 1109 3926 episwpis
1137 3857 1466 3923 transmisit,
1490 3863 1550 3910 ut
1568 3856 1684 3927 ejus
1712 3857 1872 3911 ouati-

207 3944 296 3999 lio
327 3940 650 4012 corrigenda
676 3945 950 4011 corrigere
974 3948 1190 4015 possent
1220 3944 1388 4016 (277).

276 4030 396 4085 790
425 4032 580 4085 Ilum:
608 4047 818 4086 annum
849 4030 1076 4087 Carolus
1106 4034 1417 4091 Wormatiae
1446 4036 1662 4105 quietus
1691 4041 1874 4090 trans-

276 4123 346 4176 il.

199 4138 234 4177 e
276 4138 346 4176 ιι.

231 4138 381 4264 9791
418 4209 648 4265 Carolus
676 4218 888 4264 terram
914 4210 1240 4265 Hunnorum
1269 4210 1531 4268 devastat.

267 4299 386 4352 792
415 4296 699 4369 Synodo...
733 4297 999 4354 damnata
1028 4302 1128 4355 est.

2047 3500 2154 3553 793
2185 3498 2443 3553 Saxones.
2458 3539 2492 3551 ..
2528 3498 2815 3553 rebellant.

2049 3589 2151 3643 794
2186 3587 2465 3659 Synodo...
2520 3588 2799 3641 Feliciana
2853 3586 3115 3642 damnata
3172 3592 3269 3643 est.
3320 3588 3630 3660 Pseudosy-

1980 3678 2219 3732 nodus...
2277 3676 2541 3730 damnata
2595 3678 2689 3728 est.
2740 3676 2832 3729 llis
2892 3677 3227 3746 temporibus
3283 3677 3627 3734 Aletrinas...

1980 3764 2226 3820 habetur.

2048 3853 2156 3907 795
2186 3853 2370 3907 Hunni
2412 3851 2594 3905 missis
2633 3851 2823 3920 legalis
2852 3867 2910 3906 se
2937 3868 3062 3905 cum
3092 3855 3239 3906 terra
3284 3869 3384 3907 sua
3435 3855 3630 3912 Carolo

1980 3943 2224 4009 tradunt,
2257 3949 2307 3997 et
2337 3939 2809 3994 Christianitatem
2831 3948 3159 4011 promittunt
3189 3942 3357 4011 (278).

2048 4032 2157 4085 796
2186 4032 2392 4097 Romae,
2420 4028 2736 4097 defuncto...
2769 4030 2933 4084 annis
2963 4046 3055 4083 xx.

2047 4120 2155 4175 797
2188 4117 2723 4188 Constantinopoli...
2751 4125 3080 4175 excazcatur.

2048 4211 2154 4265 798
2184 4209 2389 4263 Helena
2419 4209 2660 4262 mater...
2692 4222 2827 4277 pace
2855 4209 3028 4264 misit.

1902 4390 1947 4444 T
2023 4429 2035 4441 .

268 4475 427 4559 (275)
460 4472 809 4559 Iute‘l‘ligit‘u‘r
848 4475 945 4556 hic
977 4475 1310 4559 concilium.
1337 4476 1639 4559 l‘iiccscum
1671 4495 1733 4559 ri,
1762 4390 1937 4559 9.11:0!)
1951 4389 2087 4559 [Eam
2111 4475 2516 4559 cumdisrcretis
2535 4475 3386 4559 Shftornnanoru‘m‘pontiﬁcum
3408 4474 3623 4559 Siricii,

190 4543 470 4620 707,pro
500 4543 811 4620 cultuiSS.
836 4546 1172 4620 imaginum
1220 4548 1509 4620 habitum,
1532 4553 1589 4605 et
1613 4566 1647 4605 a
1676 4543 1861 4606 Patri-

202 4564 470 4672 IUI,FPPO
500 4564 664 4600 cuitu
711 4564 811 4602 SS.
845 4564 1172 4620 imaginum
1220 4564 1509 4616 uacuum,
1532 4564 1589 4605 et
1613 4566 1647 4605 a
1677 4564 1857 4606 ratri-

192 4619 316 4744 gus
383 4616 964 4744 rantioigrgggnsibus
984 4636 1285 4692 perperam
1305 4618 1857 4678 intellectum.Conc.

239 4706 386 4744 erm.
451 4732 463 4742 .
528 4730 541 4744 .
623 4730 634 4742 .
773 4731 786 4744 .
908 4734 914 4740 .

239 4706 386 4745 erm.
420 4706 463 4742 ῐ.
498 4706 541 4745 1.
577 4706 634 4745 ι).
660 4706 786 4744 ζδό.
908 4734 914 4740 .

269 4706 386 4743 rm.
420 4705 463 4742 ι.
498 4705 550 4769 1,.
577 4705 634 4770 p.
660 4705 786 4744 288.
908 4734 914 4740 .

269 4760 429 4831 (276)
449 4758 697 4831 Scilicet
731 4777 835 4815 VIII
868 4759 987 4816 Kal.
1026 4759 1183 4827 Jan.,
1216 4760 1309 4816 cui
1357 4760 1539 4818 altera
1586 4778 1719 4818 mox
1768 4762 1861 4819 die

192 4829 661 4906 successit_Leo;
696 4831 851 4904 quod
905 4831 1046 4888 adeo
1095 4831 1285 4889 adhuc
1315 4832 1387 4887 ad
1419 4833 1593 4889 ﬁnem
1647 4833 1859 4906 prioris

191 4903 337 4959 anni
368 4902 645 4974 pertinet.

266 4972 421 5048 (277)
453 4976 606 5030 Sunt
636 4972 756 5039 hinc
786 4972 1134 5048 capitularia
1152 4974 1651 5048 Aquisgranensia
1680 4975 1859 5047 hujus

195 5044 358 5111 anni,
392 5044 522 5119 qua:
552 5048 787 5101 exstant
828 5044 890 5099 in
920 5044 1172 5101 editione
1213 5044 1523 5103 Balu'ziana
1552 5051 1607 5104 et
1637 5044 1856 5119 passim

194 5118 251 5174 in
285 5116 737 5174 collectionibus
764 5115 1169 5173 conciliorum.

193 5136 251 5174 ιι]
285 5132 737 5175 εοιιεειιοηιουε
764 5132 1169 5173 conciliorum.

262 5189 620 5262 (278)Circa
650 5188 773 5243 haec
806 5192 1072 5260 tempora
1112 5188 1172 5243 in
1210 5189 1473 5262 margine
1503 5188 1718 5262 codicis
1751 5191 1855 5245 Ba-

192 5259 367 5319 varici
396 5259 649 5335 legitur
697 5259 952 5335 sequens
1000 5263 1156 5335 nota,
1191 5259 1482 5335 primazva,
1515 5265 1579 5335 ut
1599 5261 1854 5335 videtur,

190 5353 365 5392 manu
390 5330 722 5406 asc'ripta._«g
740 5330 1058 5406 SCiendum
1077 5330 1280 5386 Carolo
1302 5348 1515 5406 magno
1532 5332 1851 5406 Adgrianum

186 5425 400 5484 papam
429 5402 640 5464 Romae
662 5402 885 5458 librum
908 5402 1563 5484 de‘disseocontinentem
1594 5404 1856 5484 Cangnes

1973 4547 2311 4613 Innocentii,
2335 4546 2577 4613 Zosimi,
2596 4547 2898 4613 Bonifacii,
2923 4546 3239 4613 Ccnlestini,
3270 4547 3498 4611 Leonis,
3526 4547 3628 4601 lli-

1970 4618 2119 4685 larii,
2154 4617 2467 4690 Simplicii,
2502 4616 2722 4682 Felicis,
2746 4618 2981 4682 Gelasii,
3018 4618 3328 4690 Anastasii,
3352 4620 3626 4690 Symma-

1969 4690 2085 4753 chi,
2148 4689 2487 4753 llormisdae,
2548 4690 2824 4761 Gregorii.
2881 4691 3045 4744 llunc
3107 4689 3625 4761 librumiquidam

1966 4762 2287 4816 Adrianum
2322 4760 2788 4832 cognominant.»
2817 4762 3084 4815 Codicem
3126 4761 3283 4815 hunc
3315 4760 3625 4832 Ilarzheim

1969 4850 2087 4886 sure
2118 4830 2443 4887 collectioni
2476 4830 2867 4887 Conciliorum
2902 4832 3247 4896 Genmaniaz,
3277 4834 3318 4884 t.
3344 4830 3386 4896 Ι,
3412 4847 3466 4901 ρ.
3495 4831 3622 4901 191,

1970 4904 2248 4972 inseruit;
2280 4904 2338 4958 in
2363 4920 2477 4975 quo
2512 4908 2703 4975 tamen
2736 4904 3080 4975 pontiﬁcum
3115 4901 3344 4975 decreta
3376 4899 3489 4975 non
3521 4899 3624 4975 lia-

1968 4975 2198 5037 bcntur.
2219 4969 2346 5047 quin
2375 4969 2505 5047 vero
2538 4969 2771 5047 exhibet
2801 4972 2961 5047 inter,
2981 4971 3258 5047 epistolas
3288 4969 3622 5047 pontiﬁcias

1967 5046 2040 5101 ad
2097 5040 2379 5101 lCcclesias
2439 5046 2759 5100 Germania:
2814 5040 3159 5099 destinatas.
3196 5040 3387 5112 Pergit
3444 5040 3625 5112 citata

1967 5123 2105 5173 nota
2138 5137 2199 5173 :u
2240 5118 2396 5171 Idem
2428 5118 2671 5171 Carolus
2723 5118 2872 5171 duos
2924 5116 3102 5168 libros
3150 5129 3218 5167 ex
3268 5111 3623 5171 tractatibus

1967 5206 2068 5244 seu
2102 5188 2471 5268 sermonibus
2494 5188 2593 5241 SS.
2622 5188 2858 5268 Patrum
2877 5186 3270 5268 _p_cr‘Paulum
3301 5183 3619 5268 piaconem

1967 5278 2138 5315 suum
2169 5258 2420 5329 collegit,
2453 5274 2519 5311 eo
2552 5259 2703 5329 quod
2747 5252 3019 5329 quislibet
3060 5254 3392 5329 apocrypha
3438 5252 3624 5313 nollet

1965 5331 2227 5386 ecclesia.
2252 5325 2398 5399 Nam
2434 5325 2688 5398 praedicti
2718 5325 2832 5383 duo
2864 5328 2994 5382 libri
3029 5325 3130 5399 per
3159 5325 3441 5399 circulum
3476 5329 3617 5385 anni

1966 5401 2217 5474 singulis
2251 5398 2662 5474 festivitatibus
2692 5415 2835 5469 pene
2857 5400 2975 5453 sive
2999 5398 3619 5474 jejuniisadpnoctur-

1964 5467 2126 5527 naias
2162 5472 2433 5525 lectiones
2477 5467 2744 5525 sufﬁcere
2786 5467 3034 5539 possunt
3058 5467 3196 5524 cum
3232 5467 3613 5539 Bibliotheca.

182 5472 593 5558 apostolorum
622 5491 770 5558 cum
803 5472 1070 5558 conciliis
1091 5474 1342 5558 Nicaano,
1366 5476 1687 5558 Ancyran‘o,
1715 5476 1857 5558 Neo-

178 5545 537 5620 césariensi,
617 5545 973 5620 Gangrens‘i,
1028 5545 1448 5620 _An_tiocheno,_
1492 5545 1852 5620 Laodicensi,

175 5615 871 5696 Constantinopolitano,
904 5615 1384 5696 Chalcedonensi,
1411 5616 1769 5696 Sardicensi,
1798 5621 1856 5675 et

174 5686 471 5792 quoddam
493 5686 829 5777 exceptum
856 5704 927 5753 ex
942 5688 1231 5756 Africanis
1262 5686 1526 5752 conciliis
1551 5686 1853 5751 continen-

1965 5541 2205 5599 Perl'ecti
2238 5545 2375 5595 sunt
2396 5545 2587 5598 autem
2612 5539 2694 5595 illi
2728 5540 2842 5595 duo
2867 5538 2996 5593 libri
3022 5556 3175 5596 anno
3197 5538 3427 5596 Domini
3449 5543 3619 5600 808.»

1965 5619 2081 5671 Hoc
2106 5611 2537 5742 tHtomiliarium
2595 5610 2756 5671 Pauli
2817 5608 3055 5669 Diaconi
3109 5609 3330 5689 passim
3388 5612 3618 5687 editum

1964 5702 2102 5767 pros
2130 5701 2163 5745 α
2195 5725 2207 5742 .
