4026 6228
436 420 548 491 1⁸11

1248 426 1658 495 HERMANNI
1702 420 2150 492 CONTRACTI
2192 420 2610 494 AUGIENSIS
2654 428 3028 495 MONACHI.

3733 420 3860 491 172

1807 584 2041 644 CODEX
2077 578 2479 647 AUGIENSIS.

511 690 612 747 811
640 689 801 748 Heito
823 690 1005 747 abbas
1032 688 1228 763 Augiae
1250 693 1307 745 et
1328 689 1639 761 episcopus
1668 686 1928 752 Basilem,
1951 701 2083 741 cum
2113 684 2170 755 Α
2198 688 2256 740 et
2283 687 2533 759 pleuresi
2567 689 2855 761 pulsatus,
2887 707 2924 744 v
2951 687 3072 746 Kal.
3096 687 3264 746 Febr.
3292 684 3647 761 Aquisgrani
3679 684 3856 755 obiit,

439 776 681 851 Hugone
711 784 768 833 et
798 778 1034 845 Haione,
1067 778 1381 833 comitibus
1408 778 1557 847 (291)
1595 776 2086 845 Constantinopo-

440 867 545 923 lim
567 869 805 935 missus,
826 868 1212 939 Odoporicum
1239 864 1730 937 [llodmporicum]
1751 881 1923 918 suum
1946 862 2087 918 scri-

441 957 577 1029 psit.
611 955 849 1012 Interim
872 957 1162 1011 Nicit'orus
1189 953 1594 1025 [Nicephorusl
1617 955 1935 1025 imperator
1954 966 2089 1006 cum

440 1044 799 1118 Vulgaribus
832 1062 1103 1117 pugnans
1135 1044 1362 1099 occisus
1396 1049 1503 1098 est.
1536 1042 1796 1096 Tandem
1843 1038 2091 1094 Michael

443 1134 762 1207 imperator
782 1133 971 1189 factus
989 1133 1210 1204 legatos
1229 1131 1413 1187 Caroli
1434 1129 1803 1203 imperatoris
1825 1128 2089 1184 remittit.

443 1226 587 1281 Tres
617 1223 903 1279 exercitus
933 1225 1126 1277 fausto
1158 1221 1353 1276 omine
1382 1221 1443 1275 in
1475 1221 1748 1284 Linones,
1780 1219 1839 1272 in
1866 1218 2091 1271 Panno-

444 1312 596 1380 nias,
630 1314 786 1368 184
813 1312 873 1366 in
905 1311 1170 1365 Britones
1228 1312 1300 1364 ab
1353 1310 1704 1382 imperatore
1756 1306 2088 1361 mittuntur.

443 1400 689 1459 Carolus
719 1416 818 1455 rex
840 1398 996 1455 ﬁlius
1022 1398 1390 1471 imperatoris
1418 1415 1458 1452 ιι
1489 1398 1634 1452 Non.
1666 1396 1894 1451 Decem.
1928 1393 2092 1450 obiit.

345 1562 349 1566 ὶ
446 1490 649 1547 Annal.
682 1489 840 1544 Fuld.

352 5990 381 6013 ἱ

518 1580 625 1634 812
654 1576 1000 1649 Hemmingo
1025 1593 1157 1649 rege
1190 1579 1440 1641 mortuo,
1472 1580 1595 1631 orto
1626 1574 1777 1629 inter
1807 1573 2000 1628 Danos
2026 1571 2097 1627 de

447 1666 611 1739 regni
636 1666 888 1737 primatu
910 1664 1131 1737 praelio,
1152 1666 1352 1719 decem
1382 1662 1568 1718 millia
1586 1660 1861 1734 nongenti
1880 1665 1937 1716 et
1959 1677 2097 1732 qua-

447 1753 720 1825 draginta
738 1751 1019 1808 cecidisse
1033 1750 1573 1807 feruntur.Michael
1597 1747 2095 1821 imperator,lega-

444 1841 524 1898 tis
553 1841 740 1898 Caroli
771 1840 1057 1908 remissis,
1084 1856 1223 1895 suos
1246 1840 1422 1895 etiam
1456 1855 1658 1910 pacem
1682 1838 2096 1893 conﬁrmatum

448 1930 629 1987 misit.
650 1928 1034 1985 Beneventani
1054 1927 1259 2000 viginti
1283 1929 1541 2001 quinque
1567 1926 1751 1982 millia
1772 1926 2096 1983 solidorum

2195 776 2394 848 ibique
2408 776 2890 836 bonoriﬁce’la5
2907 777 3174 850 sepultus
3198 780 3288 834 est
3309 793 3462 834 anno
3486 775 3676 832 astatis
3698 793 3855 843 ιλιι,

2197 865 2360 936 regni
2390 882 2563 935 XLVII,
2598 868 2871 938 subjectis
2905 865 3081 922 Italian
3136 881 3287 934 xuv,
3333 863 3565 936 imperii
3606 881 3725 931 xxv,
3763 863 3858 920 in-

2199 952 2450 1009 dictione
2478 972 2578 1009 vu.
2612 959 2721 1010 Pro
2752 972 2867 1027 quo
2897 955 3052 1010 ﬁlius
3082 955 3211 1026 ejus
3251 953 3601 1023 Ludovicus,
3634 969 3860 1025 cogno-

2202 1046 2396 1097 mento
2430 1042 2585 1112 Pius,
2620 1045 2881 1116 regnavit
2910 1043 3080 1099 annis
3110 1061 3287 1099 xxvn.
3309 1043 3417 1107 Qui
3450 1041 3652 1099 statim
3681 1042 3858 1098 audi-

2201 1130 2277 1185 tis
2296 1135 2353 1185 et
2374 1130 2657 1186 absolutis
2672 1132 2934 1204 gentium
2953 1133 3315 1188 diversarum
3334 1129 3563 1203 legatis,
3579 1128 3861 1202 generale

2203 1218 2556 1290 colloquium
2590 1220 2942 1293 Aquisgrani
2974 1220 3200 1288 habuit,
3232 1223 3290 1275 et
3324 1217 3510 1275 multa
3537 1234 3642 1290 per
3659 1222 3859 1275 totum

2203 1325 2449 1381 regnum
2501 1325 2807 1380 perperam
2863 1314 3031 1383 gesta
3084 1308 3350 1365 correxit.
3407 1308 3610 1365 Annal.
3667 1308 3857 1378 Fuld.,

2202 1397 2427 1468 Eginh.,
2462 1398 2691 1468 Thegan.

2275 1486 2380 1541 815
2408 1487 2709 1542 Exercitus
2741 1485 3003 1543 Perioldo
3055 1485 3352 1542 Danorum
3401 1485 3524 1557 regi
3572 1484 3646 1540 ad
3695 1482 3863 1540 auxi-

2205 1574 2351 1630 lium
2385 1592 2418 1630 a
2448 1575 2735 1631 Ludovico
2786 1592 2919 1647 rege
2971 1573 3194 1631 missus
3234 1591 3305 1630 XL
3336 1572 3479 1646 (296)
3512 1573 3750 1630 obsides
3784 1573 3861 1629 ab

2203 1663 2476 1719 hostibus
2507 1663 2737 1735 accipit.
2769 1662 3016 1727 Quidam
3061 1678 3131 1718 ex
3177 1661 3457 1718 Romanis
3496 1659 3863 1733 primoribus

2205 1752 2266 1808 in
2297 1768 2499 1808 necem
2532 1751 2737 1809 Leonis
2759 1768 2919 1825 papas
2941 1751 3317 1822 conjurantes
3338 1749 3685 1824 puniuntur.
3708 1750 3859 1805 Ann.

2206 1842 2384 1909 Fuld.,
2418 1841 2674 1896 Laurish.

2276 1931 2381 1984 816
2392 1929 2618 1997 Sorabi,
2632 1929 2895 2001 itemque
2912 1931 3228 1984 Wascones
3246 1926 3528 1984 rebellare
3544 1927 3861 1984 molientes

449 2018 578 2075 auri
607 2018 893 2112 tributum
925 2014 1125 2072 Carolo
1158 2015 1517 2112 persolvunt.
1551 2015 1769 2071 Classis
1796 2015 2097 2112 Danorum
2128 2046 2177 2112 Β
2207 2018 2695 2091 comprimuntur.
2727 2017 2913 2075 Leone
2942 2033 3093 2090 papa
3122 2017 3183 2073 in
3213 2034 3315 2072 vui
3360 2015 3483 2073 Kal.
3516 2015 3681 2073 Junii
3702 2016 3860 2089 (297)

447 2106 783 2163 Hiberniam
813 2105 1093 2161 invadens
1125 2121 1158 2160 a
1187 2104 1375 2159 Scotis
1402 2104 1555 2159 victa
1584 2108 1690 2159 est.
1730 2120 1822 2159 an.
1856 2102 2014 2158 Fuld.

518 2197 623 2250 813
644 2195 881 2251 Carolus
904 2194 1225 2265 imperator
1252 2192 1654 2248 Amalharium
1684 2193 2096 2249 Treverensem

450 2284 953 2357 archiepiscopum
977 2288 1034 2338 et
1055 2283 1289 2337 Petrum
1314 2279 1795 2337 Nonantulanum
1828 2280 2093 2335 abbatem

446 2372 589 2429 item
621 2370 1184 2441 Constantinopolim
1217 2370 1399 2434 misit,
1424 2385 1675 2439 quorum
1707 2368 2097 2440 Odoporicum

450 2461 592 2516 item
615 2461 898 2531 scriptum
920 2458 1353 2529 habetur(292).
1379 2460 1507 2529 Ipse
1531 2459 1888 2513 Ludovicum
1912 2456 2097 2512 filium

451 2550 780 2605 consortem
812 2546 1066 2618 imperii,
1094 2546 1499 2602 Bernbardum
1534 2546 1678 2619 (293)
1710 2563 1942 2618 quoque
1972 2546 2100 2618 Pip-

449 2636 574 2710 pini
588 2635 798 2703 filium,
817 2638 1085 2707 nepotem
1103 2652 1275 2690 suum
1294 2634 1470 2691 Italiae
1486 2652 1680 2707 regem
1698 2636 1850 2690 fecit.
1868 2636 2095 2706 Thegan.

452 2757 521 2767 —
550 2724 740 2789 Quina
769 2724 915 2796 (294)
949 2740 1268 2797 permagna
1284 2723 1911 2797 conciliaMogontiaci,
1944 2724 2100 2780 Rhe-

452 2815 590 2884 mis,
612 2814 882 2881 Turonis,
907 2813 1261 2879 Cavillionis,
1280 2813 1495 2869 Arelati
1524 2830 1624 2885 pro
1647 2817 1803 2869 statu
1825 2813 2100 2870 Ecclesia-

452 2918 587 2958 rum
619 2901 742 2957 fieri
767 2902 971 2973 jussit.
1008 2902 1159 2957 Pons
1191 2902 1541 2973 Mogontiaci
1566 2919 1742 2973 super
1768 2901 2037 2957 Rhenum
2069 2920 2102 2958 a

455 2990 659 3048 Carolo
711 2994 971 3046 structus
1020 2991 1289 3046 incendio
1339 2990 1526 3062 periit.
1579 2992 1778 3046 Annal.
1827 2992 1991 3046 Fuld.
2034 3023 2102 3032 -——-

458 3080 809 3137 Constantiae
835 3078 1016 3151 Egino
1037 3080 1347 3152 episcopus
1378 3079 1543 3135 obiit.
1573 3080 1709 3135 Post
1736 3096 1910 3151 quem
1939 3080 2101 3137 Wol-

458 3170 599 3226 ﬂeoz
631 3168 941 3240 episcopus
970 3167 1160 3224 factus
1202 3173 1311 3234 est,
1362 3169 1464 3241 qui
1511 3168 1837 3224 coenobium
1871 3186 2103 3242 quoque

460 3260 521 3315 S.
555 3257 703 3314 Galli
734 3275 790 3313 1v
812 3260 938 3330 jam
972 3257 1143 3313 annis
1192 3257 1384 3313 tenuit
1426 3257 1598 3329 (295).
1632 3259 1801 3330 Apud
1833 3264 2103 3316 sanctum

466 3344 697 3402 Gallum
738 3344 1059 3417 Gozpertus
1087 3344 1269 3400 abbas
1295 3344 1524 3417 praefuit
1554 3345 1723 3401 annis
1752 3363 1923 3403 xxvn.

535 3435 640 3490 814
669 3410 909 3491 Carolus
956 3434 1273 3505 imperator
1295 3410 1578 3505 magnus,
1612 3451 1744 3490 cum
1778 3436 1941 3508 prius
1972 3437 2102 3494 the-
2133 3410 2176 3477 α

458 3540 666 3579 sauros
688 3541 828 3580 suos
848 3522 1002 3578 inter
1021 3541 1115 3577 xxi
1141 3522 1675 3594 archiepiscopatus
1698 3526 1859 3597 regni
1884 3526 1975 3581 sui
1998 3545 2100 3583 ca:-

453 3616 724 3685 terosque
756 3612 1128 3685 episcopatus
1172 3616 1230 3666 et
1285 3610 1570 3668 Ecclesiae
1597 3612 1909 3684 divisisset,
1943 3615 2101 3675 febre

2207 2107 2501 2177 defuncto,
2549 2106 2883 2179 Stephanus
2929 2104 3081 2160 sedit
3130 2104 3437 2161 mensibus
3484 2121 3586 2161 vn.
3638 2105 3751 2172 Qui
3782 2103 3861 2160 ad

2208 2196 2562 2253 Ludovicum
2584 2211 2781 2267 regem
2804 2195 2860 2249 in
2885 2193 3187 2250 Franciam
3212 2193 3475 2260 veniens,
3499 2193 3698 2250 Remis
3715 2208 3862 2249 eum

2206 2286 2619 2358 imperatorem
2668 2282 2980 2351 coronavit,
3014 2281 3475 2354 muneribusque
3511 2286 3570 2338 et
3596 2280 3863 2340 amicitia

2209 2377 2412 2429 mutuo
2442 2373 2527 2428 illi
2559 2374 2804 2444 junctus
2860 2371 3106 2427 Romam
3153 2369 3344 2427 rediit.
3388 2371 3713 2444 Imperator
3754 2388 3863 2441 sy-

2209 2464 2360 2518 nodo
2410 2462 2563 2534 (298)
2592 2459 2835 2518 collecta
2888 2458 3075 2516 multa
3128 2459 3199 2516 de
3242 2462 3397 2516 statu
3455 2463 3511 2515 et
3566 2458 3857 2532 religione

2210 2551 2608 2608 coenobiorum
2639 2551 2785 2607 bene
2815 2549 3126 2621 disposuit.
3159 2549 3301 2605 Ann.
3331 2547 3497 2606 Fuld.
3532 2579 3601 2590 —
3649 2549 3859 2623 Augie

2208 2639 2454 2696 basilica
2484 2641 2541 2695 S.
2568 2639 2783 2706 Mariae,
2807 2656 2841 2694 a
2863 2638 3105 2695 Heitone
3127 2637 3335 2695 abbate
3355 2641 3413 2694 et
3427 2636 3701 2711 episcopo
3721 2653 3864 2694 con-

2210 2734 2451 2797 structa,
2484 2727 2750 2785 dedicata
2779 2730 2885 2782 est.

2280 2819 2383 2872 817
2416 2816 2710 2889 Stephano
2741 2832 2892 2888 papa
2932 2832 3007 2870 1x.
3061 2814 3189 2870 Kal.
3222 2814 3389 2871 Febr.
3422 2814 3718 2881 defuncto,
3750 2819 3862 2872 Pa-

2211 2906 2428 2964 schalis
2458 2906 2611 2962 sedit
2653 2904 2824 2960 annis
2876 2921 2975 2959 vn.
3034 2903 3282 2976 Eclipsis
3314 2903 3463 2977 (299)
3505 2903 3649 2960 solis
3677 2904 3863 2962 Nonis

2211 2997 2378 3054 Febr.
2410 2995 2582 3061 facta,
2615 2997 2674 3049 et
2704 2996 2929 3049 cometa
2962 2991 3087 3048 visa
3134 2995 3241 3049 est.
3278 2992 3478 3066 Legati
3506 2992 3718 3050 Leonis
3745 2993 3861 3049 im-

2211 3084 2495 3158 peratoris
2511 3082 2581 3138 de
2597 3079 3100 3154 Constantinopoli
3119 3096 3222 3152 pro
3241 3096 3383 3152 pace
3402 3079 3478 3136 ad
3494 3078 3861 3139 Ludovicum

2211 3173 2455 3230 veniunt
2482 3171 2912 3243 imperatorem.
2948 3168 3277 3226 Ludovicus
3304 3169 3624 3241 imperator
3642 3169 3859 3227 Letha-

2212 3263 2367 3317 rium
2389 3261 2535 3333 (800)
2557 3258 3015 3333 primogenitum
3038 3273 3215 3313 suum
3240 3256 3474 3329 imperii
3501 3262 3860 3330 consortem,

2215 3351 2574 3407 Ludovicum
2591 3353 2649 3405 et
2664 3347 2974 3420 Pippinum
2991 3345 3144 3403 ﬁlios
3161 3362 3301 3402 suos
3315 3345 3596 3418 Bajoariaa
3614 3351 3674 3403 et
3688 3349 3868 3421 Aqui-

2214 3440 2383 3498 tania:
2409 3455 2574 3511 reges
2621 3437 2891 3510 praefecit.
2947 3434 3234 3493 Sclaomir
3282 3436 3401 3491 dux
3436 3436 3859 3495 Abodritarum

2211 3528 2469 3588 rebellat.
2504 3526 2877 3582 Bernhardus
2906 3542 3005 3581 rex
3052 3523 3227 3581 Italia:
3276 3523 3557 3582 rebellare
3590 3526 3862 3597 molitus,

2211 3635 2344 3675 cum
2378 3617 2551 3672 rebus
2581 3615 2706 3671 suis
2755 3615 3110 3687 desperaret,
3168 3616 3378 3685 patruo
3409 3613 3751 3687 imperatori
3786 3617 3861 3674 ad

1483 3728 1957 3787 COMPENDIUM
1997 3734 2090 3790 EX
2128 3732 2383 3793 CODICE
2422 3729 2802 3787 BERNOLDI.

516 3826 617 3883 811
650 3828 801 3883 Hetto
830 3826 998 3882 abbas
1027 3826 1223 3895 Augiee
1252 3832 1304 3881 et
1352 3827 1632 3898 episcopus
1661 3828 1918 3900 Basilea’,
1950 3832 2092 3889 mis—

442 3932 535 3971 sus
556 3916 1100 3987 Constantinopolim.
1134 3914 1543 3986 Hodaeporicum
1569 3932 1733 3971 suum
1763 3920 2000 3990 scripsit.

511 4005 618 4060 812
645 4004 872 4061 Michael
903 4006 1035 4077 imp.
1063 4005 1260 4073 legatis
1281 4002 1467 4060 Caroli
1487 4006 1751 4073 remissis,
1774 4023 1898 4064 suos
1926 4011 2093 4065 etiam

433 4110 628 4166 pacem
654 4095 1040 4164 conﬁrmatum
1068 4095 1247 4149 misit.
1280 4096 1652 4150 Beneventani
1680 4097 1860 4151 25000
1886 4099 2088 4155 solido-

440 4198 569 4237 rum
596 4185 725 4238 auri
743 4184 1012 4238 tributum
1042 4184 1232 4239 Carolo
1260 4184 1591 4253 persolvunt.

511 4269 618 4325 813
650 4270 877 4325 Carolus
906 4271 1274 4340 imperator...
1305 4273 1477 4339 misit,
1502 4288 1734 4343 quorum
1762 4274 1902 4329 liber
1931 4276 2092 4331 itine-

2205 3831 2418 3889 Arelati
2440 3844 2544 3902 pro
2572 3831 2721 3885 statu
2740 3827 3113 3883 Ecclesiarum
3127 3827 3253 3897 ﬁeri
3263 3826 3456 3898 jussit.

2274 3920 2378 3977 814
2398 3917 2635 3996 .Carolus
2656 3918 3021 3988 imperator...
3048 3916 3146 3989 qui
3190 3916 3380 3970 statim
3407 3917 3666 3986 generale
3692 3919 3861 3976 collo-
3916 3976 3923 3981 ,

2202 4010 2395 4082 quium
2424 4006 2755 4078 Aquisgrani
2783 4004 2996 4076 habuit,
3047 4008 3101 4060 et
3145 4003 3321 4059 multa
3355 4020 3654 4077 perperam
3701 4013 3861 4077 gesta

2197 4113 2298 4170 per
2325 4110 2555 4167 regnum
2591 4096 2850 4151 correxit.

2269 4187 2380 4242 815
2409 4182 2635 4253 Quidam
2667 4198 2738 4239 ex
2767 4183 3023 4239 Romanis
3054 4181 3462 4255 primoribus...
3506 4185 3854 4256 puniuntur.

2270 4275 2375 4330 816
2403 4274 2579 4328 Leone
2621 4288 2771 4344 papa
2812 4270 3064 4341 defuncto
3110 4288 3214 4327 VIII
3263 4271 3383 4327 Kal.
3413 4273 3590 4329 Jun...
3622 4288 3857 4332 corona-

438 4366 614 4426 ratus,
672 4360 1079 4432 Ilodaporicum
1139 4364 1271 4417 item
1346 4364 1611 4432 scriptum
1662 4360 1917 4417 habetur.
1974 4366 2089 4435 Ipse
2197 4366 2298 4429 vit,
2328 4362 2522 4419 deinde
2553 4362 2777 4417 Romam
2823 4360 3009 4417 rediit.
3067 4362 3370 4432 Imperator
3415 4362 3691 4435 synodo...
3726 4366 3862 4422 bene

436 4448 772 4505 Ludovicum
816 4449 998 4518 ﬁlium
1050 4451 1212 4519 regni
1283 4456 1582 4505 consortem
1662 4449 1818 4523 fecit.
1882 4452 2088 4509 Mortuo
2198 4453 2485 4524 disposuit.

436 4538 673 4610 Pippino
701 4539 818 4609 ﬁlio
845 4540 961 4611 ejus
990 4555 1112 4610 rege
1139 4538 1333 4606 Italiae,
1381 4538 1563 4607 ﬁlium
1612 4538 1786 4609 ipsius
1814 4541 2087 4598 Bernhar-

2267 4543 2372 4597 817
2410 4540 2681 4610 Stephano
2729 4555 2938 4611 papa...
2996 4540 3162 4595 annis
3207 4555 3310 4596 v11.
3355 4539 3543 4610 Legati

435 4626 588 4694 dum,
620 4631 862 4699 nepotem
905 4645 1065 4684 suum
1108 4642 1294 4695 regem
1347 4627 1476 4695 fecit
1522 4626 1724 4683 Italian
1776 4633 2088 4700 Permagna
2118 4626 2166 4659 υ
2195 4632 2427 4688 veniunt
2447 4631 2852 4702 imperatorem.

432 4715 665 4771 concilia
729 4717 1082 4787 Moguntiaei,
1163 4715 1400 4781 Rhemis,
1482 4714 1710 4769 Turonis
1763 4716 2084 4789 Cavillanis,

2002 4834 2234 4892 NOTIE.

505 4930 656 5058 ()291)
706 4930 1030 4985 Turonensi
1085 4930 1310 4980 scilicet
1364 4930 1420 4979 et
1472 4930 1882 5000 Forojuliensi.
1920 4931 2084 4989 Hetto

434 5018 503 5057 su
551 5002 832 5058 scribitur
862 5001 921 5054 in
952 4999 1305 5053 testamento
1327 4995 1513 5052 Caroli
1534 4999 1612 5056 M.
1637 4999 1747 5057 hoc
1769 5018 1921 5058 anno
1946 5021 2084 5059 con-

432 5074 575 5146 dito.
610 5074 1058 5146 Testamentum
1107 5066 1361 5146 hoc.,_‘ut
1416 5069 1681 5146 perhibet
1709 5074 2083 5146 Eginhardus

706 4925 1030 4985 Turonensi
1085 4921 1310 4980 scilicet
1336 4927 1420 5000 get
1472 4925 1882 5000 Foroiuliensi.
1920 4931 2087 4989 Hetto
2197 4936 2392 4989 autem
2424 4948 2519 4987 an.
2550 4931 2677 4986 815.

2263 5004 2412 5144 (296)
2444 5002 2693 5059 Annales
2724 4999 2890 5057 Fuld.
2925 5018 2994 5056 Lx
3020 5000 3258 5058 obsides
3288 5004 3629 5057 numerant.

2287 5076 2413 5144 297)
2442 5073 2697 5130 Annales
2748 5073 3068 5131 Fuldenses
3116 5072 3337 5129 habent
3385 5088 3487 5130 vui
3532 5073 3629 5128 Kal

2287 5072 2413 5147 297)
2442 5073 2697 5130 Annales
2748 5073 3068 5147 Fuldenses
3116 5072 3337 5147 habent
3385 5088 3487 5147 vui
3532 5073 3655 5128 Kal.
3688 5075 3853 5144 Julii,

430 5144 651 5226 (Ralu'z'.
684 5142 949 5226 Capitut.
986 5142 1027 5226 ξ,
1062 5154 1117 5209 p.
1148 5137 1317 5226 7.4787),
1361 5137 1787 5226 conscriptum
1808 5150 2082 5226 est_ann_o
2193 5137 2505 5226 manifesto
2536 5161 2776 5226 errore,“
2801 5162 2958 5226 cum_
2983 5144 3497 5226 Stephanushejus
3538 5137 3855 5226 successor

430 5208 556 5290 811.
581 5208 860 5290 _I_iett_oiiis
881 5208 1331 5290 Hodoeporicum
1358 5208 1675 5290 intercidit,
1710 5217 1948 5290 Legatio
1982 5218 2080 5274 Mi-

430 5285 651 5340 chaelis
684 5284 866 5338 altero
898 5298 1049 5337 anno
1082 5282 1251 5337 facta.
1277 5282 1474 5350 Eginh.

524 5356 652 5431 292)
680 5353 964 5431 Ruspiam
988 5354 1208 5431 editum
1232 5352 1445 5431 legitur
1467 5355 1576 5412 hoc
1606 5357 2072 5431 Hodmporicum.

525 5426 651 5493 293)
684 5425 745 5479 Id
769 5426 894 5495 jam
927 5443 1078 5497 anno
1105 5424 1309 5497 priore
1324 5425 1565 5482 factum.

524 5497 650 5567 294)
680 5496 899 5552 Cuncta
928 5495 1045 5553 hinc
1075 5495 1319 5553 concilia
1347 5515 1463 5555 una
1483 5499 1630 5555 serie
1652 5506 1912 5557 recenset
1934 5502 2077 5558 Lab-

428 5567 574 5623 beus
593 5567 662 5646 in
686 5586 795 5646 sua
815 5569 1152 5646 collectione
1175 5569 1357 5646 1.__VII,
1384 5588 1437 5641 p.
1474 5573 1632 5646 1239,
1656 5578 1714 5646 et
1740 5574 2074 5646 Moguntin-

427 5654 563 5714 cum
590 5641 895 5714 Harzhoim
931 5642 987 5697 in
1020 5660 1181 5698 conc.
1211 5642 1403 5697 Germ.
1438 5660 1474 5714 ιν.
1509 5644 1553 5707 l,
1586 5660 1641 5714 p.
1678 5645 1800 5699 404.

497 5712 644 5785 (295)
675 5713 802 5770 Vid.
837 5716 909 5770 ad
942 5731 1035 5769 an.
1079 5714 1203 5768 809.
1235 5713 1413 5785 Juxta
1444 5712 1790 5783 Ratpertum
1823 5714 2072 5770 Gozber-

421 5784 517 5843 tus
538 5786 796 5860 primum
810 5804 905 5844 an.
925 5787 1050 5854 816,
1067 5785 1247 5842 abbas
1267 5784 1486 5841 electus
1509 5789 1614 5853 est,
1636 5802 1706 5841 ex
1724 5786 2071 5857 Hepidanno

2188 5432 2382 5489 Germ.
2421 5450 2457 5487 ι.
2492 5433 2536 5499 I,

2182 5219 2310 5345 ipim
2340 5221 2411 5343 2J2
2437 5217 2575 5300 Jun.
2610 5216 2786 5273 fuerit
2835 5215 3161 5285 ordinatus,
3212 5215 3359 5272 obiit
3403 5219 3602 5272 autem
3636 5216 3755 5273 Leo
3787 5234 3849 5274 ιιι

2262 5306 2331 5344 us
2397 5307 2539 5345 unn.

2262 5306 2331 5344 118
2358 5306 2539 5345 Junll.

2261 5361 2409 5432 (298)
2440 5362 2538 5473 Est
2593 5359 2750 5473 halagn
2773 5359 3034 5432 synodus
3086 5356 3608 5431 Aquisgranensis.
3666 5358 3846 5417 Cone.

2900 5501 3010 5558 fuit
3037 5501 3149 5556 hac
3170 5500 3285 5566 die,
3318 5498 3421 5555 illa
3450 5504 3650 5557 autem
3704 5500 3846 5560 solis

2189 5574 2434 5640 contigit
2465 5575 2530 5628 19
2556 5574 2721 5629 Febr.

2188 5721 2212 5771 ι
2260 5645 2406 5770 (300)
2601 5644 2802 5701 charta
2828 5643 3132 5702 divisionis
3162 5642 3318 5716 apud
3343 5641 3649 5700 Baluzium
3679 5644 3847 5718 Capit

2219 5760 2231 5771 .
2292 5758 2308 5771 .
2341 5732 2397 5771 ο.
2540 5759 2551 5771 .

2290 5758 2308 5786 ,
2340 5732 2397 5787 p.
2425 5717 2551 5771 575.
