4026 6228
102 403 228 474 m

1361 395 1844 466 CHBONICON.
1872 428 1951 448 --
1982 398 2173 467 S/EG.
2216 398 2326 467 1X.

3433 396 3549 466 m

1509 559 1746 619 CODEX
1780 558 2182 620 AUGIENSIS.

98 665 477 727 deditionem
504 659 1011 736 venit.Ratgarius
1041 657 1353 718 Fuldensis
1376 659 1558 718 abbas
1581 677 1616 716 a
1670 660 1782 715 fra-
1811 659 1867 728 Α
1896 660 2156 734 spatium
2184 660 2361 719 leucas
2390 660 2566 720 unius
2588 660 2648 719 in
2681 662 2924 721 modum
2963 660 3195 739 aggeris
3241 661 3542 723 intumuit.

96 754 311 814 tribus
329 758 647 812 accusatus
676 756 737 809 et
766 750 1070 807 convictus
1101 747 1431 823 deponitur.
1460 748 1562 805 An.
1621 748 1777 805 Fuld.

177 847 350 904 180
377 846 485 901 818
524 842 865 900 Bernartius
894 856 1012 909 rex,
1062 838 1203 895 item
1256 838 1593 896 rebellionis
1642 855 1778 895 con-

98 933 568 1007 x‘ictus,judicio
600 931 964 988 Francorum
982 932 1298 984 excaecatus
1330 928 1596 995 moritur,
1616 944 1778 983 com-

102 1023 426 1098 plicesqne
474 1023 603 1094 ejus
660 1017 908 1075 diversis
955 1017 1145 1072 modis
1178 1017 1365 1089 puniti
1405 1014 1779 1088 episcopique

96 1112 374 1186 depositi
396 1107 896 1168 sunt.Ludovicus
917 1106 1238 1179 imperator
1269 1105 1634 1161 Cismarinos
1655 1103 1776 1159 Bri-

98 1205 344 1261 tannos
376 1197 744 1267 rebellantes,
774 1195 964 1254 exciso
1004 1195 1348 1251 Mormanno
1376 1194 1522 1249 duce
1554 1209 1776 1260 eorum,

101 1290 382 1348 domuit.
423 1286 672 1360 Eclipsis
692 1285 828 1342 solis
845 1301 949 1340 vm
988 1284 1071 1340 Id.
1105 1282 1247 1340 Julii
1307 1283 1456 1337 facta
1488 1280 1657 1353 (30l).
1705 1282 1777 1335 Ir-

102 1378 406 1451 mingard
430 1374 767 1448 imperatrix
786 1374 930 1431 obiit
957 1392 992 1430 γ
1012 1373 1159 1429 Non.
1178 1371 1378 1428 Octob.
1415 1368 1616 1426 Fuldis
1635 1369 1780 1442 Eigil

101 1469 308 1526 abbas
336 1463 736 1523 constituitur.
787 1462 983 1520 Annal.
1019 1460 1200 1529 Fuld.,
1233 1460 1464 1529 Thegan.

177 1557 299 1613 819
325 1554 624 1612 Sclaomir
656 1552 773 1608 dux
794 1550 1213 1608 Abodritarum
1240 1548 1444 1605 exsilio
1468 1549 1780 1604 damnatus

104 1651 169 1704 et
202 1660 466 1719 regnum
500 1644 631 1716 ejus
660 1642 994 1713 Ceaddrogo
1024 1639 1337 1696 Trasconis
1383 1637 1504 1694 ﬁlio
1553 1638 1779 1704 datum,

101 1735 361 1810 Synodo
390 1730 749 1806 Aquisgrani
779 1730 929 1801 (302)
975 1729 1176 1786 habita
1233 1727 1425 1784 multa
1486 1728 1557 1783 de
1622 1730 1780 1782 statu

100 1823 525 1885 Ecclesiarum
538 1826 594 1879 et
609 1820 1005 1877 coenobiorum
1023 1821 1270 1874 tractata
1290 1817 1782 1888 sunt.lmperator

96 1913 334 1972 Judith
358 1910 543 1968 ﬁliam
563 1908 791 1982 Welphi
811 1908 1044 1965 comitis
1075 1907 1241 1963 duxit
1271 1922 1511 1962 uxorem
1532 1922 1604 1961 ex
1663 1921 1781 1977 qua

100 2001 404 2060 Carolum
433 2000 656 2073 genuit.
713 1997 1017 2054 Exercitus
1077 1996 1136 2051 in
1191 1995 1518 2052 Pannonias
1577 1998 1854 2096 contraB

99 2084 510 2149 Liudwidum
544 2087 669 2161 [al.,
697 2086 1014 2143 Liutwitus
1035 2094 1087 2141 et
1135 2083 1450 2154 Liutulfus]
1502 2083 1773 2139 Sclavum

99 2178 506 2239 rebellantem
520 2192 697 2249 parvo
729 2174 937 2231 effectu
995 2172 1270 2230 mittitur.
1305 2171 1590 2245 Pippinus
1618 2171 1776 2227 ﬁlius

99 2266 495 2341 imperatoris
523 2264 822 2320 Vascones
855 2260 1205 2318 rebellantes
1263 2260 1521 2332 subjicit.
1576 2260 1775 2316 Fuldis

102 2355 373 2416 ecclesia
391 2353 575 2411 sancti
606 2350 891 2410 Bonifacii
923 2352 995 2407 ab
1025 2350 1305 2407 Heistolfo
1338 2350 1775 2422 archiepiscopo

100 2446 400 2505 dedicata
426 2447 533 2499 est.
556 2442 758 2498 Annal.
794 2440 952 2497 Fuld.

182 2535 307 2590 820
332 2533 479 2589 Tres
497 2531 783 2589 exercitus
813 2532 1015 2586 contra
1037 2527 1414 2585 Luidwidum
1443 2543 1514 2584 ex
1533 2527 1778 2586 diversis

100 2622 400 2701 partibus
420 2621 670 2678 immissi
690 2617 1057 2676 Pannoniam
1081 2634 1298 2691 magna
1320 2634 1389 2673 ex
1418 2620 1582 2690 parte
1612 2617 1777 2673 deva-

102 2715 304 2773 stant.
326 2712 473 2768 Bera
490 2725 686 2767 comes
699 2708 1059 2775 Barcinonaz,
1077 2721 1213 2762 reus
1229 2705 1776 2776 majestatis,duello

102 2801 450 2868 convictus,
466 2797 669 2856 exsilio
694 2798 1035 2854 damnatur.
1051 2796 1131 2851 Ex
1149 2794 1533 2850 inundatione
1554 2794 1775 2867 pluvia-

101 2907 255 2951 rum
285 2888 476 2946 nimia
504 2886 840 2961 pestilentia
868 2901 1082 2958 magna
1111 2888 1169 2940 et
1186 2883 1371 2940 fames
1397 2884 1773 2940 facta.Annal.

99 2977 296 3123 Pagi
328 3062 661 3121 Ludovicus
691 3062 1011 3134 imperator
1030 3075 1279 3132 regnum
1310 3059 1465 3115 inter
1481 3058 1633 3115 filios
1688 3059 1775 3115 di-

99 3154 289 3221 vidit,
322 3151 533 3209 exsilia
552 3148 1057 3218 relaxavit,debita
1075 3149 1304 3204 cunctis
1349 3148 1594 3215 dimisit,
1641 3165 1774 3220 pos-

103 3243 421 3303 sessiones
441 3240 504 3296 in
556 3241 771 3297 ﬁscum
829 3239 1095 3295 redactas
1139 3237 1418 3292 restituit.
1466 3237 1775 3293 Lotharius

104 3333 281 3390 ﬁliu
312 3330 446 3401 ejus
468 3344 709 3384 uxorem
731 3326 915 3383 duxit.
944 3327 1176 3396 Thegan.
1201 3325 1605 3397 -Ceaddrago
1627 3325 1773 3381 duce

1963 752 2113 806 137
2141 752 2466 809 Ludovicus
2497 753 2813 827 imperator
2858 756 2928 810 de
2984 751 3234 827 publicis
3294 752 3548 827 peccatis

1894 838 2018 894 suis
2049 840 2346 911 publicam
2367 843 2767 914 pmnitentiam
2784 841 2901 915 egit
2925 847 2981 897 et
2997 859 3240 915 quisque
3262 841 3322 898 in
3367 858 3545 917 regno

1891 946 1996 1009 suo
2020 928 2363 1002 corrigenda
2384 931 2649 986 correxit.
2677 932 2986 988 Lotharius
3013 933 3071 987 in
3096 931 3546 1005 ltaliam,Pippi-

1891 1035 2004 1074 nus
2035 1018 2208 1073 ducta
2227 1036 2401 1074 uxore
2426 1020 2484 1075 in
2526 1020 2906 1091 Aquitaniam
2930 1038 3098 1093 reges
3151 1020 3317 1077 missi
3378 1024 3538 1077 sunt.

1887 1104 2085 1161 Fuldis
2110 1106 2256 1177 Eigil
2283 1108 2462 1163 abbas
2485 1108 2645 1175 obiit,
2675 1109 2765 1164 cui
2804 1109 3102 1177 Rabanus,
3133 1109 3221 1164 vir
3249 1109 3454 1166 doctus
3479 1113 3537 1167 et

1890 1194 2218 1251 divinorum
2251 1196 2533 1251 librorum
2586 1201 2859 1253 tractator
2906 1197 3200 1271 egregius,
3233 1198 3535 1255 successit.

1889 1284 2089 1338 Annal.
2122 1284 2282 1339 Fuld.
2316 1316 2382 1325 —
2413 1285 2613 1356 Augize
2636 1286 2873 1341 Bettone
2913 1286 3120 1341 abbate
3154 1290 3212 1342 et
3268 1286 3539 1360 episcopo

1890 1373 2177 1445 privatam
2213 1379 2270 1428 et
2301 1374 2560 1444 quietam
2590 1374 2770 1429 vitam
2817 1376 3151 1447 adOptantc,
3197 1374 3542 1433 Erlebaldus

1891 1462 2072 1517 abbas
2104 1463 2400 1534 Xpraafuit
2420 1465 2589 1519 annis
2609 1481 2733 1518 xm.
2769 1464 2927 1520 Ebbo
2972 1465 3290 1521 Remorum
3348 1463 3539 1521 archi-

1891 1551 2202 1624 episcopus
2232 1552 2389 1624 genti
2411 1553 2906 1610 Nortmannorum
2929 1555 3173 1610 verbum
3202 1554 3305 1611 Dei
3328 1552 3541 1628 praedi-

1890 1646 1999 1698 cat.
2025 1641 2224 1696 Annal.
2260 1641 2418 1697 Fuld.

1962 1730 2085 1785 823.
2111 1730 2418 1785 Lotharius
2443 1748 2540 1785 rex
2554 1730 2747 1799 Italiae,
2782 1735 3021 1804 rogante
3055 1749 3206 1805 papa
3232 1732 3536 1802 Paschale,

1890 1818 2210 1891 imperator
2239 1819 2311 1875 ab
2340 1836 2406 1875 eo
2430 1821 2625 1876 Romae
2653 1825 2983 1877 coronatur.
3017 1821 3365 1879 Lutdwidus
3395 1823 3541 1880 Pan-

1891 1909 2079 1965 neniae
2101 1915 2409 1982 tyrannus,
2439 1908 2500 1963 in
2524 1909 2877 1965 Dalmatiam
2926 1911 3348 1983 transfugiens,
3403 1912 3538 1970 dolo

1890 1998 2057 2053 ducis
2079 1996 2389 2054 Provinciae
2420 2001 2759 2069 peremptus
2791 2001 2900 2053 est.
2929 2000 3085 2053 Inter
3114 1998 3231 2054 alia
3266 1999 3533 2072 prodigia

1893 2091 2258 2143 terraemotus
2279 2091 2552 2158 Aquense
2573 2085 2857 2157 palatium
2885 2086 3200 2142 concussit.
3224 2088 3287 2142 In
3307 2088 3536 2143 territo-

1885 2175 1970 2231 rio
1987 2175 2245 2231 Tullensi
2272 2174 2463 2247 puella
2477 2175 2745 2246 quaedam
2761 2175 2989 2229 duoden
3000 2174 3091 2230 nis
3105 2174 3531 2249 tricnnio(304),

1885 2264 2002 2320 fere
2023 2264 2149 2319 sine
2172 2263 2297 2319 cibo
2319 2268 2375 2319 et
2395 2267 2535 2335 potu
2561 2280 2705 2318 sana
2720 2268 2776 2319 et
2798 2263 3071 2319 manibus
3094 2263 3218 2319 suis
3234 2263 3529 2330 laborans,

1885 2353 2311 2426 permansit.ln
2344 2370 2492 2426 pago
2538 2352 2799 2408 Saxoniaa
2850 2352 3128 2409 Firihsazi
3182 2353 3333 2425 (305)
3390 2371 3536 2410 xxm

1884 2442 2053 2511 villae,
2087 2447 2142 2497 et
2172 2442 2229 2497 in
2262 2440 2395 2498 aliis
2427 2440 2741 2514 provinciis
2765 2440 2918 2497 ultra
2934 2441 3176 2497 solitum
3195 2440 3395 2513 plures
3416 2442 3532 2498 ful-

1886 2529 2044 2585 mine
2072 2532 2358 2585 crematin.
2386 2527 2642 2600 Fulgura
2662 2527 2833 2583 erebo
2856 2543 3061 2606 sereno
3082 2527 3224 2584 ccclo
3251 2527 3530 2596 cecidere,

1887 2618 2009 2691 agri
2032 2620 2241 2689 praeter
2261 2616 2495 2673 solitum
2519 2615 2686 2671 multi
2708 2615 2991 2687 grandine
3006 2615 3238 2683 vastati,
3266 2616 3421 2673 veris
3453 2617 3540 2674 in-

1883 2710 1974 2763 ter
2002 2706 2192 2779 ipsam
2218 2709 2275 2762 et
2305 2704 2536 2778 magnis
2558 2704 2856 2777 lapidibus
2887 2704 3245 2777 quibusdam
3284 2706 3345 2762 in
3390 2704 3538 2763 locis

1883 2794 2307 2852 decidentibus.
2328 2793 2666 2850 Pestilentia
2682 2810 2916 2866 quoque
2946 2793 3154 2867 ingens
3178 2796 3367 2866 .facta.
3412 2801 3525 2852 Αη.

1884 2884 2037 2942 Fuld.

1954 2973 2059 3027 824
2092 2972 2209 3027 Rex
2238 2970 2625 3043 Vulgarorum
2649 2971 2926 3044 Omortag
2942 2987 3045 3043 pro
3068 2988 3208 3044 pace
3237 2971 3311 3028 ad
3342 2972 3526 3045 impe-

1883 3066 2135 3118 ratorem
2168 3060 2523 3115 Ludovicum
2555 3059 2737 3115 misit.
2782 3060 2975 3115 Romae
3025 3061 3322 3133 Eugenius
3378 3077 3531 3135 papa

1884 3156 2017 3223 post
2032 3148 2371 3205 Paschalem
2393 3148 2544 3204 sedit
2559 3148 2730 3204 annis
2745 3149 3033 3205 1:1.Hiems
3060 3156 3266 3222 praeter
3287 3149 3526 3206 solitum

1884 3238 2094 3311 frigida
2118 3242 2173 3294 et
2198 3237 2438 3310 prolixa.
2466 3239 2527 3291 In
2560 3237 2851 3293 territorio
2872 3238 3390 3311 Augustodunensi
3407 3237 3529 3312 gla-

1882 3329 1999 3384 cies
2030 3327 2101 3382 de
2126 3343 2257 3382 aere
2280 3325 2559 3382 cecidisse
2578 3325 2791 3381 dicitur
2816 3343 2889 3383 xv
2940 3328 3153 3399 pedum
3215 3327 3411 3401 longa,
3442 3343 3526 3384 VII

104 3397 541 3479 Abodritarum
582 3415 844 3491 perﬁdiis
910 3419 1129 3486 notato,
1187 3413 1491 3482 Sclaomir,
1570 3413 1771 3470 exsilio
1803 3397 1846 3465 (ἶ
1885 3397 3524 3487 lata,ngrossa.LudovicusimperatorfiliumLotharium

105 3512 429 3568 revocatus
471 3512 788 3578 tactusque
836 3504 1061 3571 morbo,
1102 3508 1373 3577 percepto
1422 3502 1774 3574 baptismate

105 3596 286 3653 obiit.
320 3596 485 3650 Anni.
518 3592 679 3649 Fuld.

179 3679 743 3753 8221nThuringia
790 3692 994 3750 cespes
1042 3676 1407 3750 longitudine
1452 3694 1484 3732 L
1536 3677 1774 3749 pedum,

103 3769 440 3830 latitudine
466 3768 909 3837 mv,altitudine
924 3780 1088 3837 xvm,
1111 3766 1184 3822 de
1199 3766 1327 3822 loco
1348 3783 1454 3822 suo
1478 3784 1589 3821 xxv
1602 3768 1778 3839 pedes

106 3850 452 3918 translatus
475 3858 703 3931 integer
720 3855 1035 3913 invenitur.
1085 3857 1147 3911 In
1205 3855 1471 3911 orientali
1528 3857 1780 3912 Saxonia

102 3953 298 4011 nocte
318 3946 785 4020 quadam,juxta
812 3944 1006 4002 lacum
1026 3947 1250 4001 Arnseo
1281 3945 1451 4016 (303),
1477 3942 1652 4002 tellus
1677 3961 1782 4018 per

1884 3521 1988 3577 pro
2008 3504 2361 3576 quibusdam
2381 3503 2738 3575 corrigendis
2755 3504 3001 3559 Romam
3019 3505 3334 3577 misit.lpse
3347 3504 3533 3561 rebel-

1883 3593 2102 3649 lantem
2133 3591 2495 3647 Britanniam
2529 3592 2677 3646 ferro
2710 3596 2765 3647 et
2795 3592 2928 3662 igne
2976 3598 3215 3649 vastans
3273 3592 3526 3660 domuit,

1883 3680 2505 3739 Annal.Fuld.——181
2530 3680 2726 3753 Augia}
2785 3680 3058 3736 Wetinus
3112 3680 3459 3750 monachus,
3499 3697 3532 3736 e

1888 3784 2129 3840 corpore
2144 3768 2355 3821 ductus
2368 3770 2425 3821 et
2443 3767 2538 3821 red
2550 3769 3154 3839 uetus,posttriduum
3175 3769 3319 3824 obiit
3334 3787 3347 3837 ;
3362 3769 3533 3840 cujus

1885 3856 2139 3913 visiones
2174 3855 2342 3910 Hetto
2401 3855 2712 3926 episcopus
2771 3871 2965 3926 prosa,
3026 3860 3083 3912 et
3130 3855 3535 3914 Walabfridus

1887 3944 2121 4002 heroico
2153 3948 2338 3998 metro
2369 3942 2607 4014 scripsit
2628 3941 2796 4014 (306).

1174 4068 1650 4126 COMPENDIUM
1690 4070 1782 4126 EX
1819 4069 2072 4133 CODICE
2112 4067 2491 4124 BERNOLDI.

188 4187 306 4244 818
358 4186 666 4244 Ludovicus
720 4184 1016 4257 imperator
1075 4183 1410 4243 Cismarinos
1480 4186 1779 4267 Britannos

119 4279 583 4436 Ἕέαέῃηοάο
638 4363 979 4435 Aquisgrani
1034 4362 1247 4429 habita,
1285 4362 1464 4418 multa
1518 4362 1583 4418 de
1636 4366 1784 4418 statu

111 4455 499 4513 Ecclesian
526 4452 793 4525 disposita
819 4459 963 4508 sunt.

1891 4195 2015 4242 tone
2045 4184 2240 4240 abbate
2293 4191 2346 4240 et
2398 4184 2641 4255 episcopo
2698 4184 2940 4256 quietam
2991 4186 3165 4241 vitam
3220 4185 3535 4261 adopttmte,

1889 4272 2212 4330 Erlebaldus
2251 4274 2418 4329 abbas
2447 4273 2695 4329 decimus
2721 4274 2988 4329 successit.

1961 4363 2067 4417 823
2125 4363 2480 4419 Lotharius...
2545 4362 2720 4417 Roma
2776 4367 3088 4419 coronatur.
3176 4367 3313 4436 Agri
3368 4365 3536 4423 multi

1888 4459 2093 4523 prater
2118 4452 2341 4506 solitum
2367 4450 2642 4520 grandine
2667 4455 2791 4508 sunt
2822 4456 3037 4521 vastati,
3069 4456 3284 4526 magnis
3340 4454 3538 4527 lapidi-

184 4545 305 4601 820
331 4544 417 4598 Ex
444 4541 807 4599 inundatione
832 4542 1155 4613 pluviarum
1196 4541 1524 4611 pestilentia
1582 4556 1789 4611 magna
1898 4542 1997 4596 bus
2026 4540 2235 4595 alicubi
2263 4540 2654 4595 decidentibus.

123 4636 303 4776 fugai
662 4720 799 4791 imp.
857 4734 1090 4791 regnum
1154 4719 1307 4773 inter
1371 4716 1517 4786 ﬁlios
1572 4716 1783 4786 divisit,

116 4809 341 4869 milia
368 4807 666 4877 relaxavit,
699 4806 885 4864 debita
911 4808 1119 4863 cunctis
1136 4806 1366 4862 dimisit.

196 4899 317 4957 822
361 4897 747 4955 Ludovicus...
806 4899 1057 4968 egregius
1111 4897 1389 4952 successit.
1430 4895 1631 4964 Augise
1660 4895 1788 4951 Het-

1820 4622 1866 4686 D
1967 4630 2070 4683 824
2094 4630 2277 4684 Βοτηιῐι
2331 4631 2605 4698 Eugenius
2648 4645 2795 4701 papa
2850 4634 2965 4703 post
3020 4632 3345 4690 Paschalem
3397 4633 3544 4690 sedit

1894 4718 2059 4774 annis
2098 4717 2294 4773 tribus.
2329 4718 2520 4789 Augia?
2570 4719 2831 4775 Wettinus
2885 4721 3185 4778 monachus
3232 4738 3262 4779 e
3316 4737 3539 4796 corpore

1895 4806 2087 4863 ductus
2109 4815 2229 4879 post
2260 4807 2575 4865 triduum...
2608 4809 2828 4865 Helio...
2864 4810 3113 4882 scripsit.

1723 5017 1952 5075 NOTAE.

192 5121 359 5194 (301)
391 5118 639 5192 Eolipsis
667 5119 785 5176 ista
796 5118 1049 5192 pertinet
1078 5117 1201 5175 ad7
1233 5114 1375 5185 Jul.,
1410 5132 1524 5172 non
1540 5132 1674 5172 vero
1719 5117 1792 5171 ad

218 5234 356 5335 ᾖ)
379 5261 565 5335 #Gonc.
596 5262 732 5319 Ger.
767 5262 914 5335 t._II_,
938 5277 994 5332 p.
1021 5259 1110 5316 Η.

218 5265 356 5335 202)
389 5265 565 5318 Gonc.
596 5265 732 5319 Ger.
767 5265 807 5317 t.
843 5265 914 5327 ΙΙ,
938 5277 994 5332 p.
1021 5265 1110 5316 Η.

195 5265 360 5408 ἶ303)
376 5333 516 5408 inde
548 5349 789 5408 nomen)
816 5331 996 5408 liabet
1049 5331 1332 5408 oppidum
1376 5330 1790 5408 _Arntsee._se_u

118 5400 439 5467 Arenseein
458 5406 637 5462 veteri
660 5403 926 5461 marchia
948 5400 1640 5473 BrandenburgicaJacui
1658 5402 1793 5457 huic

122 5480 435 5551 adjacens.

198 5545 356 5621 (304)
388 5547 650 5621 Annales
671 5546 1006 5621 Fuldengas
1035 5545 1236 5621 decem
1284 5546 1512 5621 tantum
1561 5560 1796 5621 menses

126 5615 377 5690 habent,
410 5619 497 5677 uti
529 5623 590 5677 et
616 5618 878 5675 Annales
908 5615 1245 5689 Eginbardi,
1276 5615 1379 5669 sed
1412 5615 1483 5670 ad
1508 5632 1644 5670 ann.
1692 5616 1798 5670 825

128 5693 457 5752 triennium
476 5695 732 5767 ponunt.

198 5767 353 5841 (305)
390 5756 584 5840 Pagus
631 5763 731 5821 hic
781 5759 915 5819 aliis
974 5760 1190 5817 Frisazi
1234 5757 1428 5816 dictus
1495 5756 1673 5831 vulgo
1736 5757 1799 5813 in

1901 5117 2164 5190 Saxonis:
2178 5116 2511 5190 confinibus
2524 5117 2582 5190 in
2608 5117 2972 5190 Westphalia
2990 5116 3407 5183 collocatur,de
3428 5134 3544 5190 quo

1902 5187 2331 5263 consulendum
2363 5186 2685 5263 Chronicon
2733 5186 3136 5263 thtwicense,
3169 5206 3225 5263 p.
3271 5190 3400 5263 609.
3444 5186 3549 5245 Ἐκ

1902 5260 2012 5314 hoc
2061 5263 2258 5314 autem
2318 5257 2465 5329 loco,
2505 5260 2716 5313 erroris
2782 5257 3187 5319 convincitur”
3218 5259 3545 5329 Paullinus,

1902 5331 2175 5407 eumdem
2204 5345 2419 5401 pagum
2453 5328 2512 5381 in
2547 5329 2809 5384 marcbia
2840 5332 3355 5407 Brandenburgica
3406 5328 3544 5389 con?-

1906 5403 2178 5458 stituens.

1976 5468 2428 5544 (306)_lieltonis
2481 5469 2795 5540 descriptio
2841 5473 3107 5541 prosaica
3148 5474 3546 5543 desideratur;

1905 5542 2210 5598 walafridi
2246 5545 2442 5595 autem
2464 5556 2700 5595 carmen
2758 5547 2946 5596 exstat
2997 5544 3057 5597 in
3116 5545 3335 5600 Canisii
3388 5542 3547 5602 Lect.

1905 5614 2099 5685 Antiq.
2132 5617 2174 5668 t.
2216 5612 2303 5685 ll,
2335 5629 2391 5683 p.
2428 5629 2503 5685 11,
2554 5630 2608 5683 p.
2659 5613 2786 5680 204,
2848 5630 2976 5669 nov.
3019 5615 3111 5669 ed.
3157 5614 3285 5670 Vid.
3333 5617 3548 5684 Coint.,

1906 5684 2117 5743 Annal.
2146 5689 2187 5743 t.
2213 5684 2331 5756 VII,
2360 5701 2414 5759 p.
2448 5684 2573 5740 733.
