4026 6228
169 279 295 348 177

1439 278 1907 349 CHRONIGON.
1940 313 2017 330 ω-
2047 282 2233 348 διΕΟ.
2282 284 2381 349 ΙΧ.
2406 289 2420 309 ⁸

3494 293 3611 358 178

1575 445 1809 503 CODEX
1837 445 2236 505 AUGIENSIS.

163 544 561 613 bito,omnes
584 543 686 617 qui
708 543 821 601 sibi
838 544 1115 601 contrarii
1138 543 1721 615 fuerant,honoribus
1743 542 1853 617 pri-
1880 545 1937 612 Α
1966 545 2341 616 Antwerpam
2373 544 2599 611 urbem,
2623 550 2680 599 et
2707 543 2766 599 in
2797 544 2962 601 ostiis
2979 546 3151 603 Mosae
3168 548 3347 607 situm
3367 551 3608 611 Witlam

158 634 364 706 vavit,
400 634 694 707 quosdam
735 635 915 691 etiam
963 632 1197 706 praediis
1244 632 1529 707 spoliavit,
1564 635 1851 707 quosdam

162 721 395 778 exsilio
420 722 720 796 relegavit,
744 722 1094 793 animosque
1123 726 1244 778 tam
1268 721 1522 778 ﬁliorum
1543 738 1720 794 quam
1747 738 1850 776 ca:-

162 814 455 868 terorum
488 815 694 867 contra
723 827 787 868 se
811 815 871 868 et
897 810 1104 867 Judith
1132 826 1368 867 uxorem
1400 826 1569 866 suam
1601 809 1854 882 graviter

166 898 461 957 irritavit.
494 901 699 958 Annal.
730 900 889 957 Fuld.

248 991 372 1047 832
406 992 729 1063 Imperator
780 993 987 1046 contra
1032 987 1245 1045 Filium
1302 987 1657 1044 Ludovicum
1716 1004 1850 1043 cum

165 1079 457 1137 exercitu
505 1080 830 1151 Augustam
868 1076 1229 1133 Vindelicam
1278 1078 1437 1133 venit
1470 1095 1482 1133 :
1519 1093 1634 1149 quo
1678 1077 1850 1133 resis-

164 1171 381 1236 tente,
414 1172 620 1223 contra
647 1167 957 1241 Pippinum
996 1166 1246 1223 alterum
1292 1165 1479 1221 ﬁlium
1512 1166 1582 1221 ad
1614 1167 1850 1238 Aquita-

165 1257 361 1314 niam
390 1273 456 1313 se
486 1256 769 1313 convertit
792 1271 1045 1329 eumque
1074 1271 1253 1329 regno
1285 1254 1549 1328 privavit.
1575 1255 1686 1311 Sed
1718 1255 1854 1310 inde

1963 634 2040 704 [al
2049 675 2087 700 .,
2103 632 2390 707 Witham]
2414 632 2740 705 emporium
2762 632 3105 707 incendunt,
3125 641 3182 692 et
3202 655 3235 693 a
3259 640 3607 700 Fresonibus

1959 720 2247 777 tributum
2279 722 2593 794 accipiunt.
2627 722 2729 777 An.
2762 723 2918 777 Fuld.
2943 752 3013 767 —-
3034 724 3234 798 Augim
3256 727 3419 785 Heito
3445 731 3605 787 Basi-

1960 808 2060 865 lezs
2091 811 2400 882 episcopus
2429 810 2573 866 obiit
2602 814 2657 865 et
2687 811 2969 883 sepelitur
2988 813 3155 885 (321).

2030 900 2136 953 837
2170 899 2440 953 Ticinum
2472 916 2535 953 ιιι
2568 899 2692 954 Kal.
2717 900 2851 955 Jan.
2875 902 3057 958 octies
3087 909 3263 960 noctu
3293 909 3607 966 tremuisse

1961 986 2195 1043 dicitur.
2217 986 2383 1043 Multi
2406 987 2737 1059 principum
2762 987 2938 1044 Italiae
2961 992 3163 1048 morbo
3180 994 3608 1068 absumpti.Co-

1962 1080 2117 1131 meta
2146 1076 2203 1130 in
2236 1076 2402 1147 signo
2437 1076 2617 1130 Libro:
2647 1077 2771 1131 visa
2791 1078 2956 1149 (322).
2979 1079 3323 1138 Nortmanni
3353 1084 3411 1139 in
3444 1086 3605 1143 Wal-

1961 1180 2057 1218 cra
2080 1165 2202 1235 [al.,
2224 1163 2536 1235 Walacria]
2576 1163 2771 1220 insula
2801 1166 3116 1223 commissa
3150 1186 3347 1242 pugna
3374 1190 3448 1229 xv
3475 1174 3601 1231 Kal.

1959 1252 2100 1308 Julii
2133 1252 2348 1308 multos
2384 1252 2759 1320 interimunt;
2791 1254 3046 1327 itemque
3076 1255 3445 1317 Dorestatum
3475 1275 3608 1321 vas-

1960 1344 2152 1396 tantes
2182 1340 2470 1395 tributum
2502 1358 2536 1395 a
2572 1340 2926 1397 Fresonibus
2974 1343 3288 1415 accipiunt.
3314 1348 3416 1403 An.
3448 1350 3604 1406 Fuld.

2031 1430 2136 1484 838
2165 1430 2554 1485 Terrsamotus
2601 1446 2672 1484 xv
2720 1428 2848 1486 Kal.
2899 1431 3066 1487 Febr.
3100 1450 3337 1506 vespere
3395 1436 3605 1495 factus.

1960 1519 2145 1574 Naves
2176 1522 2378 1574 contra
2397 1517 2793 1575 Nortmannos
2818 1520 3135 1577 aediﬁcatae.
3162 1524 3485 1596 Imperator
3514 1543 3612 1601 op-

1960 1606 2167 1663 timam
2190 1611 2413 1679 partem
2434 1608 2595 1679 regni
2616 1607 2734 1663 ﬁlio
2745 1608 2970 1679 juniori
2983 1610 3184 1667 Carolo
3206 1613 3385 1669 dedit.
3403 1617 3606 1681 Annal.

249 1701 375 1757 833
406 1701 744 1774 Imperator,
778 1702 1013 1772 recepta
1042 1715 1240 1765 uxore,
1273 1701 1475 1754 contra
1504 1697 1657 1755 ﬁlios
1688 1697 1758 1754 ad
1791 1713 1854 1753 se
1962 1697 2169 1751 Bertin.
2203 1713 2296 1751 an.
2320 1714 2410 1768 pr.
2435 1728 2501 1738 —
2528 1697 2839 1753 Lotharius
2869 1702 2927 1753 et
2958 1699 3281 1757 Ludovicus
3309 1703 3518 1762 fratres
3546 1706 3608 1763 in

159 1790 400 1847 venire
428 1788 708 1859 volentes,
729 1788 970 1845 collecto
992 1788 1247 1845 exercitu
1277 1788 1337 1842 in
1377 1788 1660 1844 Alsatiam
1691 1803 1855 1842 arma
1963 1783 2307 1840 Tridentina
2341 1783 2487 1839 valle
2535 1785 2687 1840 inter
2716 1803 2777 1841 se
2809 1785 3166 1858 colloquium
3197 1790 3475 1849 habuere.
3503 1796 3611 1849 An-

159 1878 521 1937 commovit
554 1896 569 1934 :
601 1878 700 1933 ubi
730 1877 997 1934 veniente
1028 1894 1163 1932 cum
1208 1876 1345 1977 ﬁliis
1373 1876 1649 1949 Gregorio
1680 1892 1852 1948 papa,
1884 1913 1932 1977 Β
1961 1874 2077 1928 nal.
2114 1875 2319 1929 Bertin.
2370 1890 2599 1977 an.“pr.
2651 1874 2992 1945 Imperator,
3020 1876 3219 1933 habito
3267 1880 3607 1955 Noviomagi

160 1969 525 2042 imperator
553 1984 588 2023 a
627 1966 751 2023 suis
800 1966 1069 2039 proditus
1099 1982 1165 2021 ac
1196 1964 1436 2021 relictus
1486 1965 1546 2020 in
1595 1964 1851 2021 ﬁliorum
1884 1961 1930 1977 "
1963 1967 2269 2029 conventu,
2304 1961 2547 2018 consilio
2592 1964 2983 2034 quorumdam
3016 1966 3302 2023 Ludovico
3350 1968 3471 2025 ﬁlio
3518 1988 3607 2027 re-

160 2074 446 2116 suorum
476 2060 828 2130 potestatem
860 2055 1108 2112 devenit.
1141 2055 1342 2110 Annal.
1374 2053 1531 2109 Fuld.
1961 2068 2145 2124 gnum
2184 2050 2557 2107 orientalium
2591 2050 2968 2121 Francorum,
2992 2054 3146 2124 quod
3172 2054 3245 2109 ab
3276 2072 3342 2111 eo
3373 2073 3607 2129 accepe-

249 2147 370 2203 834
403 2146 732 2219 Imperator
751 2143 977 2214 judicio
1015 2144 1424 2216 episcoporum
1467 2141 1647 2198 armis
1678 2142 1850 2212 depo-
1962 2143 2073 2208 rat,
2104 2139 2402 2195 interdixit
2433 2156 2446 2194 :
2480 2139 2636 2210 quod
2668 2137 2765 2194 ille
2798 2139 3016 2195 invidia
3043 2158 3355 2213 pravorum
3389 2145 3608 2202 factum

160 2237 348 2305 sitis,
383 2237 458 2292 ad
491 2235 780 2308 agendam
807 2233 1208 2306 panitentiam
1238 2231 1562 2287 includitur
1590 2232 1757 2303 (315),
1795 2234 1853 2287 et
1963 2229 2175 2298 sciens,
2203 2227 2515 2284 cumidem
2541 2243 2786 2299 regnum
2809 2227 3136 2297 invasisset,
3159 2230 3479 2303 imperator
3500 2233 3612 2289 col-

158 2343 342 2382 uxor
374 2324 504 2396 ejus
533 2324 593 2378 in
625 2321 854 2379 Italiam
884 2320 1206 2394 relegatur;
1241 2321 1340 2377 sed
1374 2337 1506 2378 mox
1535 2324 1731 2376 aestate
1763 2336 1850 2376 re-
1962 2316 2109 2373 lecto
2130 2316 2385 2372 exercitu
2410 2316 2460 2371 vi
2484 2332 2618 2371 eum
2644 2315 2926 2387 expellere
2953 2318 3175 2373 statuit.
3209 2320 3487 2392 Pippinus
3510 2339 3611 2380 rex

156 2418 371 2488 cepta
401 2428 598 2479 uxore,
629 2416 685 2468 et
712 2411 895 2467 armis
940 2409 1281 2466 Lotharium
1314 2409 1502 2465 ﬁlium
1533 2408 1591 2464 in
1625 2408 1850 2465 Italiam
1966 2404 2311 2476 Aquitania},
2354 2404 2511 2459 ﬁlius
2565 2404 2959 2476 imperatoris,
3009 2421 3211 2463 mense
3265 2408 3610 2468 Novembris

154 2500 423 2577 repulit
443 2501 613 2573 (316).
650 2500 899 2557 Nithard.
934 2500 1088 2570 They.
1115 2499 1415 2555 —Eodem
1456 2515 1608 2555 anno
1658 2513 1854 2571 pugna
1962 2495 2109 2566 (323)
2140 2494 2302 2550 obiit.
2333 2494 2532 2549 Annal.
2566 2493 2719 2548 Fuld.
2746 2525 2810 2534 —
2842 2495 3012 2566 Apud
3058 2500 3329 2553 sanctum
3376 2498 3608 2558 Gallum

155 2596 405 2650 contra
427 2589 776 2645 Matfredum
799 2593 857 2644 et
881 2589 1264 2659 Lantpertum
1290 2587 1460 2656 facta,
1484 2588 1543 2641 in
1568 2587 1856 2659 quainter
1964 2583 2245 2656 Gozperto
2297 2583 2493 2638 abbati
2546 2582 2884 2639 BernwiCus
2936 2585 3239 2642 successit.
3271 2588 3512 2660 Ratpert.
3540 2619 3612 2632 ——

1963 2673 2162 2745 Augiaa
2192 2670 2498 2728 Erlebaldo
2531 2672 2739 2728 abbate
2778 2672 3035 2742 cedente,
3070 2673 3398 2733 Ruodhelm
3429 2678 3611 2736 abbas

1962 2778 2019 2817 x1
2052 2761 2282 2833 praefuit
2311 2760 2481 2816 annis
2512 2778 2588 2817 ιν.

2034 2852 2078 2905 1
2088 2851 2189 2907 Δ,
2202 2848 2307 2905 839
2323 2848 2647 2905 Ludovicus
2659 2849 2811 2921 patri
2834 2847 3172 2921 imperatori
3184 2853 3511 2911 cedendum
3526 2872 3615 2914 ra-

1962 2938 2475 3010 tus,inBajoariam
2492 2938 2586 2994 red
2595 2937 3009 3011 iit.Imperator
3020 2939 3308 2999 celebrato
3317 2944 3481 3015 juxta
3493 2944 3615 3001 Bri-

163 1346 455 1415 rediens,
488 1345 699 1401 timore
730 1344 984 1401 ﬁliorum
1015 1360 1195 1401 uxore
1225 1343 1493 1400 abdicata
1518 1343 1685 1415 (313),
1706 1344 1854 1399 difﬁ-

164 1434 383 1491 culter
430 1436 703 1506 Aquense
750 1432 1033 1506 palatium
1073 1432 1321 1506 repetiit.
1356 1430 1601 1505 Eclipsis
1641 1431 1782 1488 solis
1812 1450 1853 1488 ιι

163 1524 343 1596 (314)
365 1522 516 1579 Non.
545 1522 683 1579 Maii
704 1526 763 1579 et
782 1523 956 1579 Luna
975 1537 1080 1579 xm
1102 1520 1228 1578 Kal.
1261 1521 1422 1580 Junii
1453 1520 1623 1577 facta.
1649 1520 1848 1577 Annal.

163 1612 356 1669 Fuld.

158 2680 342 2736 alios
376 2677 585 2752 plures
636 2677 845 2733 cecidit
892 2676 1014 2733 Odo
1066 2692 1261 2732 comes
1306 2674 1766 2743 Aurelianensis,
1797 2678 1855 2732 et

157 2768 435 2825 Theodo
466 2766 653 2823 abbas
682 2765 1066 2834 Turonensis,
1100 2767 1242 2821 Ann.
1276 2763 1432 2820 Fuld.

172 2844 177 2847 '
248 2858 375 2913 835
404 2857 731 2929 Imperator
778 2870 916 2910 cum
966 2853 1107 2909 ﬁliis
1158 2852 1401 2926 Pippino
1457 2856 1514 2909 et
1572 2852 1855 2909 Ludovico

158 2944 472 3020 Lugduni
506 2945 655 3016 (317)
694 2959 976 3016 magnum
1022 2941 1231 2998 habuit
1277 2943 1423 2997 141
1481 2944 1853 2997 conventum.

159 3034 552 3093 Nortmanni
584 3037 954 3089 Dorestatum
980 3032 1127 3104 (318)
1148 3034 1398 3087 vastant.
1424 3031 1567 3088 Ann.
1598 3031 1753 3087 Fuld.
1786 3063 1855 3071 —
1965 3028 2273 3100 gantinum
2298 3025 2905 3097 lacum(324)l‘ascha,
2921 3032 3121 3099 postea
3138 3029 3335 3087 habito
3349 3036 3613 3090 Worma-

154 3124 453 3182 Basilica
475 3123 667 3179 sancti
695 3121 842 3178 Galli
873 3120 1138 3176 dedicata
1167 3122 1273 3175 est.
1309 3119 1496 3191 Hepid.
1962 3116 2054 3171 tiae
2067 3114 2649 3180 conventu,Lothario
2665 3114 2780 3170 ﬁlio
2794 3116 2863 3171 de
2884 3116 3048 3172 Italia
3060 3118 3389 3176 advenienti
3412 3136 3614 3178 recon-

246 3214 374 3269 836
394 3214 721 3285 Imperator
736 3213 1086 3266 conventum
1103 3209 1254 3281 apud
1275 3208 1694 3264 Theodenhove
1707 3208 1854 3280 (319)
1899 3279 1926 3285 _
1965 3204 2217 3269 ciliatur,
2242 3205 2472 3276 ipsique
2498 3207 2553 3259 et
2575 3204 2778 3260 Carolo
2802 3204 2919 3259 lilio
2942 3222 3185 3278 regnum
3216 3210 3482 3279 partitur.
3501 3211 3614 3265 An-

156 3279 732 3375 palatium-babuit,
749 3302 819 3354 ad
844 3314 1017 3370 quem
1037 3279 1348 3353 Lotharius
1371 3296 1526 3352 ﬁlius
1544 3298 1672 3367 ejus
1693 3279 1852 3369 gravi
1885 3279 1928 3345 Ο
1964 3293 2643 3364 nal.Bertin.—Bajoaria
2662 3297 2891 3348 tantum
2906 3294 3195 3351 Ludovico
3220 3298 3360 3369 quia
3379 3315 3514 3354 eum
3535 3301 3619 3355 of-

152 3392 398 3447 morbo
420 3390 694 3446 detentus
721 3387 918 3448 venire
948 3403 1066 3442 non
1097 3384 1285 3458 potuit
1305 3386 1474 3457 (320).
1503 3385 1850 3441 Nortmanni
1962 3384 2225 3439 fendorat
2246 3381 2481 3438 relicta:
2508 3381 2896 3453 Lotharioque
2921 3382 3145 3439 Italiam
3168 3388 3618 3460 repetente,ipse

1259 3502 1738 3558 COMPENDIUM
1768 3502 1861 3557 EX
1892 3500 2147 3557 CODICE
2179 3498 2560 3554 BERNOLDI.

244 3606 374 3660 832
406 3606 710 3676 Imperator
736 3605 929 3658 contra
962 3601 1104 3659 ﬁlio:
1145 3616 1270 3656 suos
1312 3602 1614 3657 exercitum
1640 3602 1808 3655 movit
1836 3619 1859 3655 .·
2039 3600 2143 3653 837
2173 3599 2420 3653 Ticinum
2468 3599 2625 3651 tertio
2656 3597 2773 3650 Kal.
2806 3597 3067 3652 Januarii
3092 3600 3255 3654 octies
3298 3608 3460 3655 noctu
3506 3603 3617 3655 tre-

160 3710 443 3751 mrem
472 3695 663 3747 timore
689 3692 935 3761 filiorum
955 3690 1253 3746 abdicavit.
1968 3687 2173 3740 muisse
2201 3684 2424 3739 dicitur.

260 3780 391 3837 833
446 3782 742 3852 Imperator
805 3782 937 3835 item
1002 3782 1194 3835 contra
1256 3778 1400 3849 ﬁlio:
1465 3779 1528 3833 in
1597 3778 1863 3834 Alcatiam
2039 3775 2145 3829 838
2173 3775 2475 3847 Imperator
2502 3771 2686 3826 habito
2716 3779 2980 3827 conventu
3007 3774 3327 3842 Noviomagi
3354 3774 3620 3833 Ludovico

169 3872 361 3929 venit
394 3887 416 3924 .'
457 3870 540 3925 ibi
594 3870 831 3925 veniente
884 3867 1142 3939 Gregorio
1191 3884 1336 3939 papa
1394 3884 1519 3923 cum
1568 3867 1703 3937 ﬁliis
1744 3869 1862 3922 tim-
1968 3865 2084 3935 ﬁlio
2115 3879 2344 3934 regnum
2371 3865 2715 3917 Francorum
2745 3861 3061 3917 interdixit.
3094 3865 3268 3917 Puoto
3298 3861 3419 3932 [al.,
3453 3863 3620 3937 Bodo]

165 3963 455 4033 parcior,
484 3976 519 4013 a
558 3960 677 4015 suis
720 3958 965 4027 relictus,
1013 3958 1075 4012 in
1118 3957 1361 4027 ﬁliorum
1398 3963 1717 4029 potestatem
1764 3955 1861 4012 de-

414 4138 715 4210 Imperator
733 4135 1018 4208 judicio...
1052 4133 1372 4190 includitur.

264 4227 386 4283 835
414 4225 782 4298 Imperator...
812 4240 1079 4294 magnum
1106 4228 1427 4280 conventum
1457 4223 1667 4279 habuit.

1968 3954 2229 4009 diaconus
2253 3952 2454 4023 palatii
2474 3950 2531 4005 in
2553 3949 2900 4005 Judaicmum
2929 3952 3129 4023 lapsus.
3153 3951 3361 4008 Annal.
3395 3951 3615 4012 Bertin.

1972 4040 2479 4201 ad8§3d§n32erator
2499 4127 2615 4199 ﬁlio
2636 4144 2729 4185 suo
2755 4128 3009 4185 Lothario
3040 4130 3442 4203 repaciﬁcatur.
3465 4131 3620 4191 Ebbo

1970 4223 2259 4278 Remorum
2286 4218 2727 4291 archiepiscopus
2760 4217 3091 4288 degradatur
3121 4220 3289 4292 (325).

1794 4320 2027 4378 NOT/E.

68 4528 73 4589 ἰ
185 4499 433 4634 Ρῑ(314)
462 4564 718 4621 Annales
769 4561 1089 4634 Fuldenses
1133 4562 1370 4618 habent.
1403 4579 1440 4618 v
1477 4566 1664 4619 Nonas
1710 4561 1861 4634 Maii,

342 4636 509 4692 nulla
555 4637 666 4693 hoc
716 4652 871 4707 anno
900 4633 1042 4691 solis
1082 4634 1324 4690 defectio
1372 4634 1633 4707 contigit,
1668 4639 1726 4689 et
1768 4633 1868 4689 illa

78 4678 91 4747 ἶ
194 4678 383 4765 illi};
392 4678 509 4764 ’ἑὸἶῖ
536 4678 675 4764 isi
684 4678 820 4780 ρέἵιῖ

276 4781 432 4853 (315)
463 4775 716 4836 Facinus
748 4777 857 4853 hoc
879 4793 1033 4853 anno
1065 4775 1256 4853 priore
1286 4775 1869 4853 patratumgpro-dunt

96 4866 105 4903 ι
204 4847 377 4919 gesta
414 4847 931 4908 'exauctorationis
989 4847 1139 4919 apud
1207 4847 1538 4919 Du’chcsne,
1588 4851 1630 4902 t.
1682 4848 1750 4913 Il,
1804 4863 1862 4917 p.

102 4888 105 4900 ι
247 4869 377 4908 Θεία
433 4869 931 4908 ϐΧᾶΠΟῘ-ΟΓΒΠΟΠΙΒ
989 4869 1139 4919 δρυα
1207 4869 1538 4916 UUCIICSDC,
1589 4869 1630 4902 ῐ..
1684 4869 1750 4913 ll,
1805 4869 1862 4917 ρ.

102 4936 109 4975 ἱ
204 4869 334 4994 §32,
370 4923 467 4979 ubi
512 4924 693 4981 etiam
745 4920 962 4993 legitur
1002 4919 1272 4974 Ludovici
1307 4918 1389 4973 Pii
1432 4918 1683 4991 desuper
1729 4934 1865 4973 con-

208 4996 453 5073 questio-

274 5070 426 5143 (316)
450 5064 742 5143 Fugiente
775 5060 1058 5143 Lothario‘
1098 5060 1573 5143 Ludovicus‘jam
1606 5060 1664 5114 in
1711 5060 1867 5143 Qua-

114 5160 121 5185 υ
210 5131 843 5216 ἀνᾴεθέὶωανίωρεὴο
897 5131 1204 5205 restitutus
1255 5136 1362 5187 est.
1406 5131 1621 5187 AStron.
1655 5131 1725 5186 ad
1771 5148 1863 5186 an.

110 5232 117 5247 ι
207 5215 411 5362 δϐξίέῃ)
432 5283 706 5362 Videtur.
727 5274 1101 5362 hiq‘indig‘ari
1130 5277 1450 5362 conventus
1482 5273 1865 5362 V‘Vormat‘ieg-

72 5416 83 5447 ί
202 5344 464 5420 εἱέίεοὶῖο
513 5369 649 5447 seq.
690 5346 957 5416 habitus,
989 5345 1249 5418 Thegani
1297 5345 1546 5417 append.
1595 5344 1865 5401 Lambec.

201 5435 330 5495 Bibl.
363 5439 513 5492 6838-
552 5427 596 5500 l:
639 5435 910 5500 ":..°°."'..
1051 5491 1062 5500 .
1119 5488 1130 5500 .
1215 5490 1254 5500 ..
1293 5487 1308 5500 .
1358 5486 1392 5500 ..
1499 5487 1512 5500 .
1593 5487 1604 5498 .

254 5485 638 5585 {318)"Hodie
668 5485 847 5585 IKyck
870 5488 1182 5557 Duerslede,
1214 5486 1396 5562 Belgii
1426 5487 1566 5543 urbs
1590 5487 1648 5543 in
1676 5485 1866 5543 Ultra-

187 5570 386 5714 έοέξίιρεέ

468 5653 535 5713 et
577 5642 720 5704 hac
773 5686 775 5695 ,

246 5656 382 5749 (319)

269 4424 410 4505 _3_13)
441 4421 553 4478 Alii
583 4422 694 4479 hoc
722 4422 797 4478 ad
830 4436 1053 4477 aunum
1082 4421 1189 4476 830
1218 4420 1495 4476 referunt.
1514 4421 1630 4505 γει.
1660 4420 1863 4476 Ludov.
1897 4423 1943 4487 D

468 5628 720 5713 Rheso
772 5630 1070 5696 Theodonu
1114 5633 1274 5709 villa,
1303 5634 1406 5691 aut
1456 5629 1669 5698 Toleni:
1708 5628 1868 5703 villa,

1976 4415 2529 4488 nuncDieden/io/‘en
2558 4414 2807 4488 ducatus
2833 4415 3282 4488 Luxemburgici
3313 4416 3516 4474 civitas
3545 4419 3621 4475 ad

1977 4487 2298 4544 Mosellam.
2332 4487 2585 4542 Pertinet
2614 4504 2743 4542 vero
2786 4485 2880 4542 hic
2911 4485 3229 4543 conventus
3278 4489 3350 4543 ad
3399 4507 3622 4547 annum

1974 4559 2249 4687 priorem.
2286 4559 2538 4626 Thegan.,
2584 4558 2784 4642 Annal.
2842 4560 3049 4640 Bertin.
3076 4560 3623 4645 -—Substituendus

2018 4648 2069 4686 ιο
2099 4635 2189 4686 est
2219 4634 2539 4685 conventus
2569 4635 3083 4687 Aaunszranensns.
3108 4632 3305 4686 Annal.
3342 4637 3546 4687 Bertin.

2018 4632 2069 4686 ic
2099 4635 2189 4686 est
2219 4634 2539 4701 conventus
2569 4631 3083 4701 Aquisgranensis.
3108 4632 3305 4686 Annal.
3342 4636 3546 4687 Bertin.

2046 4704 2194 4775 (320)
2225 4704 2457 4775 Spectat
2503 4700 2560 4755 id
2621 4700 2691 4755 ad
2733 4700 3218 4758 Wormatiensem
3269 4708 3622 4760 conventum

1976 4773 2087 4829 hoc
2118 4790 2268 4828 anno
2301 4773 2675 4828 celebratum.

2047 4846 2196 4914 (321)
2227 4845 2499 4899 Sudanus
2523 4844 2583 4898 in
2614 4844 2829 4898 Basilca
2873 4861 3030 4899 sacra
3080 4843 3245 4898 illum
3272 4844 3398 4913 jam
3431 4859 3483 4898 a.
3516 4844 3625 4898 830

1979 4922 2278 4971 mortuum
2311 4915 2470 4970 dicit.

2230 4991 2560 5068 A‘s‘tronom.
2594 4986 2758 5068 ponit
2786 4987 2846 5041 in
2878 4987 3046 5068 signo
3073 4984 3350 5068 Yirginis.

2070 5060 2195 5129 323)
2226 5056 2338 5111 Alii
2390 5054 2613 5129 obitum
2654 5059 2781 5126 ejus
2836 5054 3023 5113 mensi
3074 5054 3263 5129 Junioi
3298 5054 3620 5129 ascribunt.

1976 5125 2106 5202 Vid.
2142 5125 2473 5202 PagiCrit”
2514 5143 2565 5181 a.
2610 5125 2735 5194 838,
2762 5133 2819 5183 et
2866 5130 3115 5194 Bunan.,
3168 5125 3622 5184 Reichshistorie

1974 5207 2018 5256 t.
2040 5196 2376 5277 'l‘ll,_p.:_175
2405 5214 2527 5277 seq.

2049 5270 2196 5342 (324)
2228 5270 2445 5341 Nempe
2498 5270 2555 5321 in

1978 5345 2188 5399 Bertin.

2049 5415 2195 5487 (325)
2232 5410 2592 5487 (Pagiusuin
2649 5408 3145 5487 (_2ri_tic_a__Ba_ronii
3198 5410 3647 5487 depositionejp‘

1976 5479 2138 5617 balisca:
2173 5479 2246 5543 ad
2290 5479 2385 5540 an.
2434 5481 2543 5539 835
2583 5482 2779 5539 refert.
2809 5479 2941 5538 Vid.
2975 5480 3161 5541 Gallia
3205 5479 3417 5540 Christ.
3450 5486 3493 5541 t.
3527 5481 3622 5554 IX,

1978 5573 2036 5617 ι).
2143 5598 2156 5614 .

2611 5268 2868 5323 Bodoma
2925 5269 3142 5341 palatio
3191 5270 3369 5343 regio.
3418 5234 3620 5324 Annal.
