4026 6228
480 331 594 394 1³19

1290 331 1700 393 HERMANNI
1746 328 2187 393 CONTRACTI
2231 332 2649 394 AUGIENSIS
2696 326 3074 392 MONAGHI.

3771 323 3883 389 180

1860 470 2092 527 CODEX
2125 471 2524 529 AUGIENSIS.

480 584 615 625 cum
641 568 759 625 filio
781 568 980 625 Carolo
1002 569 1073 623 ad
1094 569 1516 640 disponendam
1540 568 1925 640 proﬁciscitur
1945 569 2116 641 Aqui-
2146 574 2195 639 Α
2228 574 2419 642 strage
2445 570 2592 626 facta
2614 569 2942 625 Ludovicus
2964 570 3020 624 et
3039 565 3281 625 Carolus
3296 563 3505 622 castris
3527 561 3704 637 potiti
3729 566 3883 619 sunt.

478 656 722 714 taniam.
751 656 981 713 Cometa
1014 654 1071 711 in
1096 656 1260 727 signo
1283 655 1513 724 Arietis,
1539 656 1749 712 emlum
1772 657 1958 714 instar
1990 676 2122 713 san-

482 745 679 819 guinis
707 746 952 801 rubeum
985 744 1340 817 igniculiquc
1371 762 1473 818 per
1492 763 1625 803 aera
1646 747 1970 803 discurrere
1992 747 2120 802 visi.

482 834 680 889 Annal.
713 832 868 887 Fuld.

550 922 656 977 840
687 922 1013 977 Ludovicus
1056 937 1118 977 se
1160 922 1451 993 privatum
1502 923 1723 991 dolens,
1757 923 1959 978 multis
2011 922 2123 977 sibi

478 1010 750 1068 adunatis
779 1026 883 1083 per
910 1011 1344 1077 Alamanniam,
1370 1012 1537 1083 quasi
1565 1013 1826 1069 debitum
1858 1016 2125 1084 repetens

476 1116 745 1173 regnum,
767 1099 1189 1155 Franconol‘urt
1209 1101 1384 1161 venit,
1410 1105 1609 1156 contra
1631 1118 1802 1173 quem
1830 1106 1992 1173 pater
2024 1102 2127 1155 im-

476 1192 711 1262 perator
736 1188 1061 1245 Ludovicus
1102 1189 1299 1243 relicta
1330 1190 1641 1261 Aquitania
1681 1191 1877 1262 cupias
1908 1189 2126 1261 colligit

476 1292 731 1348 eumque
758 1292 863 1349 per
909 1277 1295 1349 Tburingiam
1329 1280 1396 1331 ad
1431 1279 1710 1333 barbaros
1755 1278 1991 1350 pulsum
2027 1294 2127 1349 per

481 1366 819 1424 Sclavorum
840 1369 1043 1437 gentes
1066 1365 1351 1421 laboriose
1370 1367 1699 1439 Bajoariam
1724 1373 1980 1439 repetere
2001 1383 2126 1421 coe-

485 1455 591 1528 git.
620 1455 801 1509 Annal
843 1454 1053 1519 Berth.,
1076 1456 1298 1510 Nilh.—~
1321 1458 1428 1511 Aer
1451 1458 1618 1528 quasi
1648 1457 1889 1529 sanguis
1917 1471 2127 1528 coagu-

485 1543 643 1598 latus
671 1543 731 1597 in
762 1542 994 1599 Paschte
1020 1547 1280 1615 tempore
1312 1546 1527 1601 rubens
1560 1546 1849 1617 apparuit.
1886 1544 2129 1615 Eclipsis

485 1630 718 1688 solisvn
738 1632 871 1686 Idus
887 1631 1019 1688 Maii
1045 1637 1176 1704 post
1195 1637 1416 1688 sextam
1436 1634 1547 1689 diei
1568 1634 1771 1688 horam
1795 1634 1945 1689 facta
1959 1632 2125 1705 (3'26).

486 1720 903 1793 -—-Imperator
961 1720 1288 1777 Ludovicus
1344 1723 1546 1777 morbo
1605 1727 1925 1795 correptus,
1958 1725 2014 1777 et
2069 1721 2127 1776 in

485 1808 802 1881 quamdam
846 1807 1031 1865 Rheni
1063 1809 1315 1865 insulam
1346 1827 1521 1883 prope
1553 1810 1943 1883 Ingelenheim
1989 1809 2127 1864 duc-

2237 660 2543 715 Lotharius
2573 675 2707 714 vero
2751 656 2982 731 fugiens
3010 658 3281 729 Aquense
3314 652 3602 727 palatium
3634 651 3809 724 petit,
3837 655 3888 708 et

2233 747 2554 803 recollectis
2586 747 2845 819 undique
2888 745 3093 818 cepiis,
3128 744 3426 818 digressos
3462 760 3497 799 a
3539 758 3605 799 se
3638 740 3887 797 invicem

2236 840 2460 904 fratres,
2487 838 2676 908 primo
2712 835 3069 891 Ludovicum
3096 837 3384 890 autumno
3413 836 3472 888 et
3498 830 3702 888 hieme
3733 832 3892 886 Caro-

2235 926 2357 981 lum
2394 925 2449 980 in
2483 923 2688 980 Galliis
2715 925 2932 981 frustra
2952 920 3549 996 persequilaboravit.
3568 919 3821 976 Cometa
3838 918 3892 975 in

2235 1015 2401 1087 signo
2435 1013 2670 1086 Aquarii
2702 1030 2805 1069 vm
2845 1012 2968 1069 Kal.
3001 1013 3133 1069 Jan.
3167 1010 3310 1069 visa.
3341 1009 3543 1067 Annal.
3572 1007 3768 1075 Fuld.,
3799 1009 3892 1065 Ni-

2234 1103 2411 1159 thard.
2439 1135 2503 1143 —
2528 1100 2863 1158 Grimaldus
2899 1098 3403 1172 archicapellanus
3453 1096 3739 1154 Ludovici
3789 1113 3893 1153 cm-

2235 1191 2476 1248 nobium
2508 1191 2695 1247 sancti
2725 1190 2869 1246 Galli
2902 1189 3167 1246 beneﬁcii
3212 1188 3336 1244 loco
3369 1188 3442 1244 ab
3471 1203 3539 1244 eo
3571 1185 3897 1259 accipiens,

2236 1280 2425 1336 tenuit
2456 1279 2625 1335 annis
2655 1297 2810 1335 XXXI.
2840 1277 3031 1351 Hepid.

2307 1370 2414 1424 842
2443 1368 2585 1425 Visa
2614 1368 2810 1424 fratris
2840 1366 3183 1441 pertinacia,
3217 1364 3539 1424 Ludovicus
3575 1367 3635 1421 et
3652 1362 3897 1421 Carolus

2240 1457 2420 1529 copiis
2443 1457 2701 1513 collectis
2723 1457 2875 1528 apud
2899 1458 3365 1529 Argenturacum
3378 1453 3525 1526 (328)
3540 1452 3901 1510 conveniunt

2237 1562 2489 1618 eumque
2544 1545 2818 1617 persequi
2879 1547 3172 1611 statuunt,
3232 1547 3290 1602 et
3346 1542 3502 1616 apud
3561 1542 3901 1599 Sentiacam

2238 1634 2502 1706 (Sineirk)
2531 1633 2730 1690 villam
2762 1634 3087 1700 inventum,
3118 1649 3252 1688 cum
3285 1650 3320 1687 a
3349 1631 3472 1687 suis
3504 1630 3899 1699 desereretur,

2236 1740 2354 1777 xvu
2387 1722 2509 1777 Kal.
2535 1721 2719 1794 April.
2746 1722 2942 1795 fugere
2972 1719 3338 1793 compellunt
3368 1734 3747 1793 regnumque
3775 1719 3901 1791 ejus

2238 1812 2323 1867 eis
2354 1809 2524 1883 Alpes
2558 1811 2706 1866 inter
2743 1826 2805 1865 se
2837 1809 3221 1881 dispertiunt;
3257 1808 3355 1881 qui
3388 1824 3627 1865 rursum
3654 1806 3898 1864 collecto

483 1902 599 1967 tus,
624 1896 925 1970 designato
955 1897 1013 1952 in
1056 1896 1370 1971 imperium
1414 1900 1685 1954 Lothario
1719 1899 1857 1966 filio,
1889 1915 1970 1952 xu
2003 1896 2126 1953 Kal.
2160 1936 2208 2000 Β
2238 1898 2489 1954 exercitu
2522 1899 2676 1972 apud
2725 1899 3137 1961 Mariasoonam
3170 1896 3368 1954 Gallia
3411 1897 3620 1953 urbem
3667 1913 3776 1954 eos
3809 1913 3902 1953 ex-

480 1986 621 2042 Julii
654 1986 814 2053 obiit,
838 1991 895 2041 et
922 1986 1089 2041 Metis
1113 1989 1167 2040 in
1194 1987 1438 2042 ecclesia
1474 1989 1658 2042 sancti
1693 1987 1910 2042 Arnolli
1945 1985 2131 2058 sepul-

482 2080 579 2131 tus
607 2078 712 2130 est.
748 2074 1055 2129 Lotharius
1088 2076 1157 2129 de
1192 2075 1355 2130 Italia
1389 2076 1620 2130 rediens
1657 2092 1902 2147 regnum
1936 2090 2130 2129 susce-

464 2164 568 2237 Ipit
599 2181 612 2220 :
648 2164 802 2237 quod
854 2164 1133 2219 fratribus
1164 2165 1289 2234 ejus
1324 2166 1611 2220 Ludovico
1660 2172 1716 2220 et
1765 2166 1967 2220 Carolo
2018 2180 2133 2219 non

484 2253 825 2321 ferentibus,
860 2254 1087 2325 primus
1119 2254 1168 2308 ei
1204 2255 1529 2308 Ludovicus
1565 2272 1711 2319 cum,
1731 2256 1913 2326 copiis
1945 2254 2133 2310 orien-

485 2343 691 2399 talium
723 2343 1078 2398 Francorum
1111 2358 1289 2413 prope
1324 2344 1673 2414 Moguntiaci
1701 2344 1981 2411 occurrit;
2015 2343 2134 2397 vix-

489 2448 600 2502 que
630 2447 831 2502 pugna
860 2430 1062 2494 dilata,
1091 2447 1223 2485 cum
1277 2432 1584 2486 Lotharius
1634 2437 1836 2487 contra
1865 2432 2134 2488 Carolum

489 2519 707 2575 Gallias
738 2522 978 2590 peteret,
1017 2519 1343 2574 Ludovicus
1382 2519 1491 2574 sibi
1527 2522 1776 2575 Francos
1804 2520 2136 2589 orientales,

489 2608 764 2672 Saxones,
787 2606 1163 2678 Thuringios,
1188 2606 1543 2663 Alamannos
1568 2608 1979 2681 Bajoariosque
2003 2626 2135 2663 eou-

490 2696 749 2752 fcnderat.
783 2695 984 2750 Annal.
1015 2695 1197 2765 Fultl.,
1231 2696 1478 2751 Nitharil.

562 2786 663 2840 841
702 2784 1026 2840 Ludovicus
1050 2801 1183 2839 cum
1206 2785 1543 2841 orientalem
1571 2786 1756 2841 Rheni
1785 2786 1968 2859 ripam
1993 2804 2135 2858 pra:-

495 2872 663 2930 sidiis
685 2878 1048 2944 occupasset,
1067 2873 1337 2929 Lothario
1361 2876 1512 2930 143
1541 2875 1759 2931 omissa
1780 2875 1967 2931 Caroli
1991 2875 2140 2932 inse-

497 2963 730 3019 cutione
760 2963 1057 3029 redeunte,
1077 2967 1133 3017 ot
1153 2980 1351 3018 mense
1372 2963 1548 3035 Aprili
1567 2965 1736 3035 juxta
1759 2966 2138 3020 Wormatiam

497 3051 648 3109 clam
662 3051 926 3107 Rhenum
948 3067 1080 3106 cum
1099 3051 1349 3107 exercitu
1370 3056 1766 3120 transeunte,a
1784 3054 2137 3125 quibusdam

496 3140 623 3199 suis
640 3156 786 3214 pene
802 3140 1066 3213 proditus
1089 3145 1143 3196 et
1160 3158 1191 3195 a
1211 3141 1382 3196 fratre
1398 3140 1851 3210 circumventus,
1866 3142 1925 3196 in
1943 3144 2141 3215 Bajoa—

499 3230 649 3287 riam
680 3230 865 3286 redire
886 3228 1224 3301 compulsus
1246 3234 1353 3300 est,
1381 3230 1803 3302 Lothariusque
1841 3231 2039 3286 relicta
2068 3231 2139 3287 ad

2244 1992 2492 2060 spectat;
2530 1988 2884 2058 tandemque
2932 1987 3164 2043 cunctis
3214 2002 3417 2059 pacem
3447 2001 3628 2057 quam
3676 1984 3902 2042 bellum

2243 2077 2642 2143 mallentibus,
2668 2081 2755 2132 ter
2784 2075 3177 2148 quadragenis
3203 2074 3543 2148 proceribus
3565 2074 3791 2146 juratis
3822 2089 3903 2129 re-

2244 2183 2423 2239 gnum
2458 2166 2514 2219 in
2550 2165 2663 2220 tria
2693 2164 3066 2237 partiendum
3099 2164 3191 2219 die
3213 2166 3435 2220 statuta
3465 2163 3782 2219 mandant.
3812 2164 3904 2218 Ni-

2246 2254 2424 2311 tharcl.
2450 2287 2517 2294 ——
2550 2253 2873 2309 Ludovicus
2922 2252 2981 2307 in
3030 2252 3281 2308 Saxonis
3328 2246 3805 2323 conjurationem
3835 2250 3903 2307 li-

2245 2346 2541 2399 bertorum
2572 2346 2775 2398 contra
2793 2341 3083 2409 dominos,
3108 2341 3447 2398 auctoribus
3469 2338 3662 2413 capite
3691 2340 3903 2413 plexis,

2245 2432 2622 2505 compescuit.
2643 2435 2785 2486 Cum
2808 2431 2985 2503 legati
3018 2434 3238 2486 statuta
3267 2429 3361 2486 die
3391 2429 3753 2486 concordare
3783 2446 3901 2486 non

2246 2525 2503 2594 possent,
2538 2520 2772 2593 partitio
2805 2520 2859 2574 in
2907 2519 3067 2575 aliud
3109 2523 3343 2591 tempus
3374 2519 3663 2575 differtur.
3693 2520 3902 2575 Annal.

2246 2611 2401 2666 Fuhl.
2437 2612 2592 2665 144
2621 2608 2817 2680 Augize
2848 2604 3282 2673 Walachfridus
3311 2606 3516 2663 Strabo
3546 2606 3636 2662 vir
3666 2608 3903 2676 doctus,

2247 2701 2429 2757 abbas
2470 2717 2551 2753 xu
2586 2698 2817 2771 praefuit
2846 2698 3016 2753 annis
3044 2713 3147 2765 vn,
3177 2695 3281 2769 qui
3311 2695 3501 2753 multa
3551 2696 3779 2768 ingenii
3810 2697 3906 2754 sui

2248 2789 2611 2844 monimenta
2642 2791 2825 2842 metro
2855 2790 2914 2842 et
2943 2803 3117 2860 prosa
3148 2785 3404 2857 reliquit.

2318 2879 2423 2933 843
2440 2876 2738 2950 Descripto
2766 2892 2944 2949 regno
2965 2879 3022 2930 et
3042 2874 3099 2930 in
3127 2874 3240 2932 tria
3260 2874 3469 2940 diviso,
3502 2874 3906 2950 fratribusque

2246 2965 2517 3021 Viriduni
2536 2965 3035 3032 convenientibus,
3051 2962 3360 3019 Lotharius
3376 2979 3511 3019 cum
3531 2963 3907 3037 imperatoris

2248 3055 2482 3110 nomine
2506 3053 2731 3109 Italiam
2754 3056 2811 3107 et
2833 3051 3079 3108 Galliam
3106 3050 3421 3125 Belgicam,
3445 3068 3574 3125 qua)
3608 3069 3772 3110 nunc
3803 3070 3906 3111 us-

2249 3160 2363 3215 que
2403 3143 2474 3198 ab
2496 3158 2562 3198 eo
2584 3159 2827 3215 regnum
2861 3140 3114 3197 Lotharii
3139 3141 3354 3197 dicitur
3375 3141 3544 3213 (329);
3570 3141 3908 3200 Ludovicus

2251 3230 2647 3298 Germaniam,
2674 3230 3022 3295 Pannonias,
3053 3228 3328 3285 Noricum
3364 3233 3421 3284 et
3461 3228 3904 3300 Alemanniam;

499 3318 835 3393 praesidium
861 3318 1044 3374 Rheni
1067 3318 1362 3391 copiarum
1387 3323 1548 3391 parte
1570 3320 1641 3373 ad
1669 3301 2139 3392 persequendum
2171 3301 2214 3368 Ο
2250 3320 2490 3377 Carolus
2533 3320 2787 3393 reliquas
2819 3317 3138 3375 Galliarum
3172 3317 3500 3392 provincias
3549 3318 3858 3392 accipiunt
3889 3335 3903 3374 :

500 3408 673 3465 rediit
687 3407 979 3464 Carolum.
1002 3407 1274 3475 Nil/iard.,
1301 3410 1497 3462 Annal.
1525 3410 1747 3463 Bert.——
1772 3408 2005 3464 Interim
2032 3410 2141 3464 Lu-

499 3497 738 3554 dovicus
769 3498 840 3552 ad
874 3496 1155 3552 auxilium
1188 3496 1369 3551 Caroli
1413 3514 1515 3569 per
1546 3498 1785 3552 nuntios
1816 3503 2139 3565 revocatus,

497 3586 939 3644 occurrentibus
960 3585 1017 3640 in
1046 3586 1355 3641 lthzetiensi
1382 3586 1673 3641 territorio
1697 3586 1914 3642 relictis
1940 3588 2141 3642 Lotha-

496 3675 788 3748 riicOpiis,
805 3692 869 3730 ιιι
886 3674 1023 3730 Idus
1038 3674 1168 3729 Maii
1191 3690 1382 3747 pugna
1402 3675 1678 3739 conﬂixit,
1694 3680 1749 3729 et
1769 3674 2137 3730 Adalbcrtum

494 3765 766 3821 comitem
798 3781 931 3819 cum
982 3762 1187 3818 multis
1235 3764 1364 3818 aliis
1405 3764 1587 3817 victor
1635 3764 1966 3835 prostravit.
2004 3766 2141 3819 Inde

492 3854 740 3911 transito
772 3853 994 3918 Rheno,
1020 3853 1294 3908 adunatis
1324 3868 1458 3907 cum
1492 3853 1669 3907 fratre
1698 3851 1901 3907 Carolo
1932 3853 2136 3923 copiis,

490 3958 624 4000 cum
657 3942 927 3999 Lothario
950 3942 1349 3997 monarchiam
1383 3945 1709 4013 appetente,
1734 3942 1804 3995 de
1828 3941 2138 4012 partitione

490 4029 653 4102 regni
666 4030 1015 4087 concordare
1032 4046 1144 4085 non
1164 4030 1590 4102 possentJuxta
1606 4029 1969 4084 Fontinatam
1987 4030 2135 4101 (327)

488 4118 686 4175 villam
718 4135 797 4174 vu
823 4118 945 4173 Kal.
984 4117 1126 4173 Julii
1175 4118 1297 4173 acie
1344 4117 1688 4189 confligunt,
1719 4121 1775 4171 et
1825 4117 2137 4175 innumera

2254 3410 2601 3481 firmataque
2632 3411 2997 3464 sacramento
3030 3423 3191 3480 pace,
3221 3405 3469 3480 digressi
3502 3414 3665 3464 sunt.
3696 3409 3905 3466 Annal.

2251 3500 2483 3565 Bertin.,
2507 3498 2729 3552 Fuld.—
2751 3495 2990 3552 Carolus
3009 3495 3389 3568 Aquitaniam
3416 3494 3683 3568 Pippino.
3709 3497 3908 3553 fratris

2249 3587 2339 3642 sui
2373 3586 2603 3658 Pippini
2630 3586 2769 3649 filio,
2789 3585 3015 3641 auferre
3048 3582 3295 3639 moliens
3315 3599 3569 3655 eumque
3590 3584 3906 3651 infestans,

2247 3676 2501 3748 plurima
2542 3675 2759 3746 proprii
2808 3674 3095 3730 exercitus
3145 3672 3363 3728 damna
3390 3671 3668 3744 ipertulit.
3696 3672 3904 3729 Juditb

2247 3764 2587 3837 imperatrix
2642 3762 2803 3817 obiit.
2857 3762 3053 3817 Annal.
3102 3760 3351 3815 Futd.—
3381 3760 3578 3816 Romae
3624 3761 3911 3835 Gregorio

2246 3870 2398 3926 papa
2453 3853 2749 3918 defuncto,
2783 3851 3023 3923 Sergius
3071 3850 3125 3905 Il
3172 3850 3327 3906 sedit
3378 3866 3565 3906 annos
3612 3866 3679 3905 ιη
3731 3850 3906 3923 (330).

2248 3943 2436 3998 Mauri
2469 3943 2860 3997 Beneventum
2892 3944 3200 4012 occupant.
3232 3939 3318 3994 Al.
3352 3955 3407 3993 a.
3439 3954 3549 4010 seq.

2315 4034 2379 4085 84
2392 4032 2419 4085 4
2448 4029 2690 4086 Carolus
2718 4046 2816 4084 rex
2845 4028 3169 4085 Galliarum
3198 4027 3606 4083 Bernhardum
3633 4026 3915 4086 Barcino-

2245 4136 2486 4176 nensem
2508 4120 2713 4174 ducem
2737 4116 2882 4173 nihil
2906 4116 3044 4173 mali
3067 4116 3465 4189 suspicantem
3482 4115 3715 4172 occidit.
3738 4116 3916 4174 Exer-

1530 4232 2003 4287 COMPENDIUM
2044 4233 2136 4288 EX
2174 4234 2427 4290 CODICE
2468 4232 2844 4288 BERNOLDI.

559 4333 665 4387 840
692 4334 1007 4405 Imperator,
1040 4333 1155 4403 ﬁlio
1183 4348 1280 4387 suo
1312 4332 1564 4386 Lothario
1606 4330 1674 4383 ad
1719 4331 2012 4399 imperium
2038 4331 2128 4387 de-
2159 4336 2205 4400 D
2236 4335 2346 4389 tria
2371 4333 2586 4405 partiri
2615 4334 2967 4388 constituunt.
3001 4332 3193 4403 Augia?
3229 4328 3654 4403 Walach/ridus.
3700 4372 3715 4385 .
3765 4374 3779 4387 .
3826 4374 3842 4386 .
3889 4374 3904 4387 .

488 4422 723 4493 signato,
752 4440 831 4477 xu
864 4424 980 4477 Kal.
1013 4422 1151 4477 Julii
1180 4422 1315 4476 obiit
1347 4423 1397 4473 et
1427 4418 1576 4472 illatis
1602 4419 1881 4488 sepelitur.

556 4512 657 4565 841
709 4511 1008 4566 Ludovicus
1060 4512 1276 4576 Junior,
1328 4507 1584 4562 adunatis
1629 4523 1755 4561 cum
1807 4509 1982 4579 fratre
2034 4526 2131 4567 suo

489 4597 680 4657 Carolo
708 4602 898 4673 copiis,
947 4616 1073 4655 cum
1114 4599 1370 4654 Lothario
1399 4595 1775 4652 monarchiam
1821 4606 2129 4669 appetente,

486 4688 554 4746 de
598 4692 900 4763 partitione
948 4690 1104 4760 regni
1157 4684 1483 4742 concordare
1528 4700 1639 4739 non
1685 4694 1917 4755 possent,
1963 4688 2132 4757 juxta

484 4780 840 4837 Fontinacam
889 4778 1083 4833 villam
1136 4792 1215 4830 vn
1276 4774 1397 4829 Kal.
1456 4773 1595 4829 Julii
1649 4776 1765 4828 acie
1818 4775 2130 4846 conﬁgunt;

483 4869 786 4925 Ludovicus
814 4874 863 4922 et
899 4866 1127 4923 Carolus
1155 4864 1347 4918 castris
1389 4864 1553 4934 politi
1599 4866 1744 4931 sunt,
1794 4866 1980 4934 fugato
2031 4868 2128 4921 Lo-

485 4957 685 5014 thario.
1434 4994 1445 5003 .

551 4973 685 5015 ario.
1434 4994 1445 5003 .

551 5047 658 5103 842
687 5044 918 5104 Tandem
945 5044 1155 5102 cunctis
1201 5057 1386 5115 pacem
1423 5043 1736 5114 optantibus
1790 5061 2024 5113 regnum
2070 5046 2130 5101 in

2237 4422 2488 4493 pi'arfuit,
2522 4422 2616 4493 qui
2644 4424 2812 4475 metro
2842 4424 2891 4474 et
2912 4436 3079 4491 prosa
3101 4421 3422 4492 conscripsit
3449 4420 3646 4475 multa.

2309 4511 2415 4564 843
2444 4509 2734 4568 Lotharius
2765 4525 2889 4564 cum
2930 4510 3277 4580 imperatoris
3304 4509 3530 4565 nomine
3557 4507 3790 4565 Italiam
3813 4525 3909 4565 ac-

2237 4600 2380 4672 cepit
2420 4602 2471 4652 et
2518 4598 2796 4665 Belgicam
2827 4598 3092 4664 Galliam,
3144 4612 3269 4671 quae
3314 4612 3464 4653 nunc
3508 4612 3684 4671 usque
3727 4597 3799 4653 ab
3845 4613 3908 4654 eo

2239 4703 2468 4759 regnum
2500 4687 2743 4743 Lotharii
2771 4686 3009 4749 dicitur;
3055 4686 3352 4743 Ludovicus
3388 4685 3769 4756 Germaniam,
3800 4685 3908 4743 Ca-

2238 4778 2390 4831 rolus
2405 4775 2626 4831 'Gallias
2652 4776 2908 4830 obtinuit.

2309 4866 2413 4920 844
2439 4866 2702 4936 Defuncto
2746 4863 2997 4935 Gregorio
3045 4881 3190 4939 papa
3240 4865 3464 4937 Sergius
3514 4863 3791 4921 secundus
3815 4880 3905 4920 se-

2239 4954 2319 5011 dit
2343 4954 2507 5010 annis
2529 4952 2706 5009 tribus
2736 4953 2907 5027 (331).

2071 5160 2302 5220 NOT/E.

554 5259 705 5335 (326)
732 5260 982 5335 Annales
1030 5259 1193 5316 Fuld.
1230 5278 1242 5317 :
1278 5280 1331 5317 1v
1362 5262 1490 5317 Idus
1538 5258 1669 5318 Maii
1698 5264 1753 5318 in
1789 5260 1979 5332 vigilia
2025 5262 2121 5320 As-

480 5333 772 5397 censionis,
797 5348 922 5402 quae
953 5333 1062 5388 hoc
1092 5350 1242 5389 anno
1273 5339 1394 5390 erat
1426 5352 1486 5389 III
1516 5335 1695 5388 Nonas
1725 5335 1872 5397 Maii.
1906 5353 2007 5389 seu
2031 5336 2123 5391 die

484 5406 693 5478 quinta
744 5402 899 5479 Maii,
933 5422 1049 5477 qua
1086 5405 1319 5479 eclipsis
1377 5406 1496 5479 haec
1551 5408 1701 5461 facta
1756 5412 1845 5461 est
1878 5423 1891 5463 :
1925 5412 1983 5462 et.
2040 5407 2123 5463 sic

484 5473 719 5549 quoque
740 5473 923 5549 habet
950 5473 1240 5534 annalisfa
1269 5477 1659 5535 Bertinianus.

555 5547 705 5621 (327)
735 5547 1145 5621 Fontaniaeum
1198 5550 1413 5605 habent
1457 5549 1711 5606 Annales
1763 5548 1926 5604 Fuld.
1963 5550 2125 5617 Mct.,

482 5619 753 5695 Fontenai
770 5621 829 5675 in
853 5638 991 5695 pago
1020 5624 1502 5695 Aulissiortorensi.

555 5690 699 5773 (328)
725 5688 1175 5771 Argentoratum
1206 5694 1422 5754 habent
1445 5688 1699 5751 Annales
1732 5688 1899 5747 Fuld.

2305 5260 2451 5334 (329)
2481 5264 2590 5315 Seu
2639 5257 3037 5334 Lotharingia.
3070 5258 3305 5334 Celebre
3352 5256 3476 5334 hoc
3513 5262 3605 5315 est
3655 5261 3898 5334 pactum

2230 5330 2656 5397 Virodunense,
2682 5350 2713 5387 a
2732 5349 2848 5404 quo
2867 5330 3193 5388 Ludovicus
3206 5330 3597 5389 Germanicus
3613 5330 3784 5404 regni
3802 5331 3897 5404 sui

2232 5421 2418 5461 annos
2435 5404 2496 5476 in
2515 5401 2782 5476 pluribus
2799 5404 3220 5475 diplomatibus
3236 5418 3550 5476 numerare
3567 5401 3896 5460 consuevit.

2305 5475 2452 5547 (330)
2484 5474 2797 5547 Gregorius
2845 5474 3103 5545 primum
3144 5494 3255 5532 xxv
3281 5474 3552 5532 Januarii
3595 5491 3757 5533 anno
3803 5490 3897 5532 se-

2236 5546 2450 5620 quente
2478 5546 2642 5620 obiit.
2678 5548 2864 5620 Anast.
2902 5548 3033 5613 I’ag.

2307 5618 2453 5691 (331)
2485 5618 2782 5692 De_morte
2814 5618 3082 5692 Gregorii
3116 5617 3187 5677 1V
3218 5619 3451 5679 variant
3477 5622 3774 5689 auctores,
3804 5617 3899 5676 cui

2234 5688 2344 5750 hoc
2374 5688 2528 5749 anno
2558 5688 2796 5765 Sergius
2827 5688 3135 5755 successit.
