4026 6228
438 328 557 393 183

1242 330 1650 393 HERMANNI
1696 326 2137 391 CONTRACTI
2183 328 2597 391 AUGIENSIS
2644 326 3015 392 MONACHI.

3734 320 3856 388 184

1804 485 2036 542 CODEX
2074 486 2471 543 AUGIENSIS.

440 623 507 664 se
534 611 929 681 pugnaturum
964 623 1096 661 cum
1130 607 1397 661 hostibus
1428 605 1705 671 crederet,
1738 603 1978 659 Carolus
2008 604 2079 657 ti-
2110 605 2165 672 Α
2193 604 2393 658 fertur.
2429 603 2648 659 Insoliti
2671 604 2822 659 aeris
2846 602 3112 659 turbines
3132 605 3188 657 et
3216 601 3558 674 grandines,
3583 600 3855 673 fulgura,

447 712 606 753 more
634 694 936 767 perculsus
959 694 1317 749 Gotefridum
1352 710 1485 749 cum
1512 694 1637 748 suis
1655 694 1711 747 in
1745 692 2083 747 societatem

446 782 869 857 regniassumit
888 783 1087 855 eisque
1102 788 1313 838 terram
1334 783 1405 837 ad
1429 782 1878 836 inhabitandam
1901 780 2080 833 dedit.

446 873 649 930 Fames
672 886 885 943 magna
906 871 1273 926 Germaniam
1293 876 1347 926 et
1368 870 1616 926 maxime
1637 871 1791 925 circa
1818 868 2086 925 Rhenum

446 958 754 1033 oppressit,
779 963 835 1013 et
861 959 1180 1015 Rhabanus
1208 959 1679 1031 archiepiscopus
1703 957 1921 1013 multos
1951 973 2089 1028 pau-

446 1065 608 1122 peres
638 1046 800 1103 aluit.
836 1048 1035 1102 Annal.
1064 1048 1220 1102 Fuld.

514 1140 616 1193 851
652 1137 975 1192 Ludovicus
1008 1153 1105 1190 rex
1133 1136 1383 1191 Sorabos
1416 1135 1696 1190 terminos
1733 1136 2089 1189 Francorum

447 1226 811 1295 infestantes,
842 1230 1070 1279 vastata
1085 1224 1316 1295 regione
1341 1240 1542 1277 eorum
1567 1222 1926 1295 perdomuit.
1960 1221 2091 1290 Pip-

446 1316 623 1388 pinus
668 1330 767 1368 rex
819 1312 1277 1383 comprehensus
1320 1329 1353 1365 a
1400 1312 1522 1366 suis
1554 1316 1609 1365 et
1649 1316 1854 1382 patruo
1892 1307 2090 1363 Carolo

446 1402 702 1459 traditus
751 1405 807 1455 et
852 1404 925 1455 ab
955 1417 1020 1455 eo
1053 1404 1278 1464 tonsus,
1323 1399 1655 1454 Suessionis
1692 1399 1749 1451 in
1800 1399 2093 1453 monaste-

449 1491 604 1545 rium
638 1489 823 1544 sancti
858 1488 1114 1544 Medardi
1145 1494 1410 1543 retrusus
1432 1492 1519 1542 est
1548 1487 1715 1557 (342).
1739 1484 2016 1539 Similiter
2037 1487 2095 1537 et

450 1576 691 1634 Carolus
742 1578 917 1631 frater
964 1578 1090 1646 ejus
1130 1577 1353 1647 junior,
1403 1593 1537 1631 cum
1576 1575 1646 1629 ad
1694 1575 1889 1645 ipsum
1921 1572 2093 1643 proti-

450 1666 590 1723 cisci
621 1666 807 1730 vellet,
844 1683 875 1720 a
906 1665 1217 1723 comitibus
1246 1665 1431 1720 Caroli
1454 1664 1718 1735 ejusdem
1742 1666 1970 1733 captus,
2001 1676 2094 1714 eo-

452 1772 567 1827 que
590 1756 837 1826 jubente
870 1759 1096 1820 tonsus,
1129 1754 1187 1808 in
1219 1753 1563 1808 Corbeiense
1596 1751 1927 1806 ccenobium
1960 1765 2097 1803 cus-

454 1844 623 1900 todia:
655 1843 905 1899 traditus
936 1847 1022 1898 est
1049 1844 1193 1913 (343)
1234 1843 1433 1897 Annal.
1469 1841 1622 1895 Fultl.

522 1935 627 1987 852
653 1935 862 2004 Magna
893 1932 1151 2003 synodus
1197 1937 1253 1986 et
1282 1930 1569 2002 generalis
1610 1933 1929 1984 conventus
1977 1926 2095 1980 Mo-

453 2021 709 2095 guntiaci
734 2037 767 2075 a
797 2020 1076 2085 Rbabano
1108 2019 1544 2091 archiepiscopo
1574 2022 1629 2073 et
1652 2016 1935 2071 Ludovico
1969 2029 2103 2085 rege

453 2109 709 2177 habitus,
744 2108 1046 2179 multaque
1076 2112 1331 2163 correcta
1362 2111 1520 2161 sunt.
1560 2107 1716 2161 Cone.
1751 2104 1928 2159 Germ.
1960 2111 1997 2158 t.
2035 2104 2098 2169 ll,

450 2216 506 2271 p.
541 2200 661 2253 165.
694 2229 759 2238 -
790 2196 1097 2253 Herioldus
1120 2197 1520 2252 Nortmannus
1552 2194 1651 2249 diu
1675 2195 1822 2248 bene
1853 2209 1886 2247 a
1913 2192 2100 2245 Ludo-

448 2288 573 2344 vico
604 2290 907 2351 tractatus,
941 2285 1272 2357 suspicione
1298 2282 1646 2355 proditionis
1677 2300 1709 2336 a
1742 2280 2099 2352 quibusdam

451 2376 689 2432 Francis
722 2374 1051 2445 perimitur.
1086 2374 1267 2428 Annal
1299 2372 1552 2426 Γα1‹1.-
1586 2369 1893 2424 Translato
1914 2366 2100 2423 sancti

453 2463 701 2536 Remigii
733 2463 1048 2518 Remorum
1081 2461 1502 2533 archiepiscopi
1520 2461 1593 2514 ab
1618 2458 1927 2513 llincmaro
1946 2458 2099 2527 ejus-

456 2554 593 2609 dem
649 2551 815 2606 urbis
845 2551 1285 2622 archiepiscopo
1334 2549 1609 2604 Kalendis
1664 2547 1866 2603 Octob.
1926 2547 2098 2601 facta.

460 2641 595 2698 Boll.
627 2648 663 2696 t.
695 2643 745 2703 Ι,
782 2640 891 2695 Oct.
925 2638 1013 2694 die
1044 2640 1093 2693 1.

524 2729 631 2784 853
675 2727 1020 2783 Nortmanni
1051 2743 1154 2799 per
1191 2725 1438 2797 Ligerim
1484 2724 1860 2780 ascendentes
1893 2728 1948 2779 et
1976 2722 2103 2778 Gal-

455 2819 567 2875 lias
594 2819 914 2882 vastantes,
938 2815 1239 2871 basilicam
1264 2831 1495 2887 quoque
1517 2812 1700 2869 sancti
1733 2811 1962 2867 Martini
1984 2812 2100 2866 Tu-

460 2907 622 2963 ronis
659 2904 1000 2960 incendunt.
1046 2904 1324 2975 Aquitani
1368 2902 1553 2959 Caroli
1604 2901 1849 2973 injurias
1883 2900 2099 2973 questi,

462 2994 839 3062 Ludovicum,
874 2998 940 3049 ut
969 3010 1144 3066 super
1174 3010 1235 3049 se
1266 2996 1485 3065 regnet,
1528 2991 1616 3047 vel
1668 2990 1855 3045 ﬁlium
1906 3005 2101 3061 regem

463 3085 659 3148 donet,
693 3082 1027 3139 sollicitant.
1055 3082 1254 3138 Annal.
1278 3080 1436 3137 Fttld.

533 3175 641 3229 854
679 3172 1003 3228 Ludovicus
1060 3171 1418 3243 aaquivacum
1482 3170 1667 3225 tilium
1724 3167 2102 3240 Aquitaniam

465 3263 726 3326 mittens,
772 3259 1074 3317 instabiles
1123 3276 1322 3316 eorum
1370 3260 1597 3315 animos
1639 3256 2101 3329 deprehendens,

2192 697 2249 746 et
2278 692 2535 746 touitrua
2557 692 2722 749 facta.
2750 690 3004 747 Ecclesia
3029 690 3216 746 sancti
3237 690 3488 746 Chiliani
3520 691 3671 760 (344)
3694 690 3856 747 148

2194 780 2436 835 fulmine
2467 788 2726 836 cremata
2750 781 2897 836 Non.
2931 780 3113 846 Junii,
3138 784 3194 834 et
3216 785 3418 851 postea
3437 777 3593 834 muri
3612 777 3859 834 turbine

2195 868 2372 923 diruti
2403 874 2561 924 sunt.
2596 869 2925 941 Gozpaldus
2948 868 3134 939 ipsius
3165 866 3329 923 urbis
3345 866 3660 939 episcopus
3682 867 3855 935 obiit,

2197 958 2291 1013 cui
2320 961 2511 1015 Arnus
2540 959 2843 1014 successit.
2870 957 3074 1013 Annal.
3113 956 3278 1012 Fuld.
3303 988 3370 997 —
3394 956 3725 1013 Ludovicus
3758 973 3861 1012 rex

2202 1050 2468 1104 Rastizen
2500 1050 2707 1104 ducem
2753 1045 3190 1102 Marahensium
3233 1046 3569 1101 Sclavorum
3622 1052 3857 1119 petens,

2199 1142 2422 1193 vastata
2451 1155 2517 1192 ex
2549 1143 2709 1209 parte
2740 1136 2992 1207 regione,
3032 1135 3353 1207 subjugare
3396 1134 3700 1207 nequivit:
3738 1151 3862 1207 quo

2199 1242 2449 1294 reverso,
2485 1225 2859 1281 Marabenses
2891 1222 3097 1292 secuti,
3146 1223 3422 1295 contigua
3458 1227 3623 1280 trans
3653 1212 3859 1280 Danu-

2202 1316 2365 1369 bium
2414 1314 2539 1370 loca
2588 1317 2834 1370 vastant.
2897 1311 3205 1368 Lotharius
3271 1311 3592 1385 imperator
3649 1312 3861 1370 relicto

2204 1404 2423 1459 mundo
2456 1404 2755 1475 divisoque
2789 1402 2939 1457 inter
2968 1400 3118 1456 ﬁlios
3151 1417 3351 1472 regno,
3394 1401 3760 1458 monachum
3793 1418 3862 1458 se

2206 1491 2449 1546 Prumize
2484 1491 2636 1557 fecit,
2664 1495 2721 1546 et
2749 1506 2866 1546 non
2899 1488 3083 1545 multo
3126 1494 3258 1561 post
3287 1504 3351 1545 ιιι
3385 1489 3507 1545 Kal.
3541 1490 3752 1545 Octob.
3785 1491 3862 1545 ad

2206 1597 2450 1651 regnum
2482 1580 2713 1636 caeleste
2744 1578 3031 1651 migravit.
3065 1578 3203 1633 Post
3245 1594 3420 1650 quem
3451 1578 3557 1634 ﬁlii
3583 1581 3717 1651 ejus
3750 1579 3868 1635 Lu-

2206 1669 2443 1724 dovicus
2474 1668 2791 1740 imperator
2826 1667 3073 1735 Italiam,
3102 1672 3161 1722 et
3188 1666 3496 1724 Lotharius
3524 1667 3866 1742 Cisalpinae

2206 1762 2400 1830 partes
2430 1756 2591 1829 regni
2618 1760 2873 1811 tenuere.
2920 1754 3164 1828 Igniculi
3197 1755 3383 1812 crebri
3424 1756 3614 1812 instar
3651 1758 3864 1830 spieu-

2207 1847 2396 1902 lorum
2429 1847 2499 1901 ab
2532 1845 2762 1901 Oriente
2789 1844 2846 1899 in
2878 1845 3246 1900 Occidentem
3278 1861 3382 1916 per
3410 1861 3545 1902 aera
3582 1845 3724 1902 ferri
3764 1864 3865 1905 xv:

2210 1934 2332 1989 Kal.
2366 1934 2639 1989 Novemb.
2678 1950 2778 2005 per
2818 1937 2997 1988 totam
3027 1938 3256 1989 noctem
3277 1932 3406 1988 visi.
3453 1935 3654 1991 Annal.
3690 1935 3858 1992 Fuld.

2210 2025 2394 2078 Berlin
2407 2064 2418 2075 .

2280 2113 2384 2166 856
2417 2110 2695 2165 Rhabano
2728 2110 3131 2182 Moguntiense
3170 2110 3606 2184 archiepiscopo
3635 2129 3677 2167 ιι
3708 2113 3863 2169 Non.

2211 2201 2376 2255 Febr.
2413 2199 2707 2266 defuncto,
2746 2196 2987 2252 Carolus
3036 2197 3268 2270 Pippini
3318 2199 3473 2272 regis
3531 2201 3867 2272 Aquitania

2211 2288 2391 2355 ﬁlius,
2446 2289 2541 2359 qui
2575 2303 2606 2342 e
2637 2286 2904 2342 custodia
2946 2286 3313 2342 Corbeiensis
3354 2288 3603 2344 cmnobii
3652 2290 3727 2345 ad
3761 2307 3868 2363 pa-

2210 2382 2364 2431 trum
2404 2376 2760 2431 Ludovicum
2804 2374 3216 2447 transfugerat,
3266 2375 3749 2450 archiepiscopus
3791 2378 3867 2434 ab

2208 2465 2335 2537 ipso
2370 2469 2694 2536 promotus,
2732 2464 2963 2535 praefuit
3008 2464 3181 2519 annis
3224 2480 3350 2519 νιιι.
3403 2464 3682 2538 Hiltigart
3710 2467 3866 2541 (346)

2211 2553 2411 2624 regina
2440 2552 2602 2607 obiit.
2638 2550 2840 2607 Fuldis
2888 2551 3058 2607 Hatto
3110 2551 3294 2607 abbas
3333 2552 3481 2608 obiit
3529 2553 3864 2628 Thiotoque

2212 2640 2511 2696 successit.
2551 2638 2872 2695 Ludovicus
2903 2656 2999 2695 rex
3023 2655 3125 2712 per
3155 2640 3410 2697 Sorabos
3431 2642 3734 2700 transiens
3757 2660 3863 2700 au-

2208 2729 2462 2800 xiliaque
2494 2729 2629 2783 inde
2659 2744 2989 2795 assumens,
3031 2727 3326 2785 Dalmatas
3357 2730 3506 2803 (346)
3557 2730 3709 2788 bello
3750 2734 3864 2790 vic-

2209 2821 2300 2873 tos
2348 2816 2686 2872 tributarios
2737 2815 2891 2885 facit,
2935 2820 2990 2871 et
3035 2832 3139 2888 per
3166 2817 3492 2875 Boemanos
3540 2820 3863 2880 nonnullos

2209 2922 2409 2961 eorum
2430 2905 2490 2960 in
2512 2904 2866 2960 deditionem
2883 2905 3195 2977 accipiens,
3217 2906 3407 2962 rediit.
3431 2909 3661 2974 Annal.,
3695 2910 3860 2968 Fuld.

2210 2997 2355 3049 Berl.
2398 3026 2464 3033 ——
2506 2994 2699 3049 Romae
2752 2998 2937 3049 Leone
2974 2994 3267 3064 defuncto,
3319 2995 3663 3053 benedictus
3706 3015 3864 3073 papa

2211 3082 2362 3139 sedit
2382 3082 2552 3138 annis
2586 3100 2625 3136 ιι
2658 3081 2959 3137 mensibus
2977 3099 3033 3137 v1
3056 3082 3222 3154 (347).
3253 3087 3595 3142 Anastasius.

2281 3174 2382 3227 857
2440 3170 2734 3227 Exercitus
2765 3171 2904 3226 item
2936 3188 2970 3225 a
3001 3171 3249 3227 Ludovic
3280 3188 3413 3245 rege
3458 3173 3517 3229 in
3549 3174 3862 3236 Boemiam

2215 3260 2431 3316 missus
2458 3260 2747 3331 Sclavitag
2777 3260 2925 3331 (348)
2956 3260 3108 3316 149
3127 3261 3518 3333 tyrannumin
3548 3263 3864 3324 Marahen-

463 3349 831 3423 contempsit.
868 3350 1207 3404 Nortmanni
1243 3365 1310 3404 ex
1343 3349 1610 3413 diversis,
1664 3364 1811 3418 quas
1838 3347 1963 3416 jam
1998 3362 2100 3417 per
2129 3338 2171 3405 C
2210 3366 2303 3405 ses
2326 3348 2565 3421 pepulit.
2584 3349 2854 3420 Synodus
2876 3348 3124 3404 aCarolo
3145 3349 3583 3424 archiepiscopo
3609 3354 3859 3428 Mogun-

459 3458 534 3497 xx
563 3456 747 3495 annos
780 3438 1105 3507 vastabant,
1140 3438 1477 3510 regionibus
1510 3435 1753 3502 collecti,
1777 3434 1987 3505 vulgus
2018 3434 2099 3489 in-

458 3544 770 3587 numerum
805 3532 1106 3599 totumque
1134 3542 1318 3599 genus
1340 3526 1565 3598 regium
1596 3539 1780 3596 usque
1811 3524 1879 3578 ad
1919 3540 2100 3578 unum

456 3634 704 3693 puerum
754 3620 962 3672 mutua
1006 3616 1160 3671 caede
1223 3618 1644 3671 mactaverunt.
1699 3613 1896 3667 Annal.
1941 3612 2097 3669 Fuld.

457 3709 670 3764 Bertin.

523 3796 629 3853 855
668 3795 839 3868 Apud
890 3794 1327 3868 Moguntiacum
1369 3796 1527 3848 terra
1565 3790 1741 3846 vicies
1786 3790 2101 3847 tremuisse

2209 3438 2301 3494 tia:
2332 3437 2570 3493 collecta
2601 3436 2771 3507 (349).
2806 3437 3147 3509 Tempestas
3189 3437 3356 3494 valde
3386 3440 3668 3499 terribilis
3705 3444 3866 3502 Colo-

2209 3527 2317 3581 niae
2349 3543 2465 3581 xvn
2497 3526 2619 3581 Kal.
2655 3525 2853 3580 Octob.
2888 3526 3056 3593 facta,
3104 3531 3162 3581 et
3198 3525 3418 3583 fulmen
3470 3529 3661 3586 instar
3706 3533 3864 3605 ignei

2208 3614 2478 3670 draconis
2510 3612 2817 3669 ecclesiam
2849 3614 2907 3669 S.
2944 3613 3095 3668 Petri
3130 3619 3465 3686 penetrans,
3506 3622 3627 3675 tres
3669 3620 3862 3678 homi-

2208 3720 2310 3759 nes
2358 3702 2601 3759 diversis
2644 3702 2703 3757 in
2742 3701 2888 3758 locis
2931 3702 3226 3771 exstinxit,
3278 3703 3478 3776 plures
3533 3712 3858 3779 prostravit

2206 3791 2405 3847 Annal.
2437 3790 2593 3846 Fuld.

1497 3931 1973 3990 COMPENDIUM
2014 3931 2103 3987 EX
2139 3933 2390 3990 CODlCE
2430 3931 2804 3990 BERNOLDI.

520 4056 627 4114 852
655 4054 847 4127 Magna
878 4053 1179 4127 synodus...
1211 4054 1449 4111 habitus.

519 4146 624 4202 853
670 4145 998 4200 Nortmanni
1040 4145 1327 4199 basilicam
1372 4140 1554 4197 sancti
1593 4139 1819 4194 Martini
1868 4138 2097 4193 Turonis

449 4232 764 4290 incendunt.

521 4324 629 4377 855
678 4323 966 4380 Lotharius
1018 4324 1386 4395 imperator...
1452 4320 1639 4388 partes
1699 4316 1858 4385 regni
1913 4322 2097 4370 tenue-

485 4429 581 4467 unt
588 4453 601 4467 .

451 4414 627 4556 Πιξᾶ
646 4501 971 4574 Moguntiaci
1003 4499 1257 4555 Rhabano
1289 4494 1693 4565 archiepiscopo
1705 4489 1976 4560 defuncto.

2204 4053 2455 4107 successit
2484 4050 2709 4106 Carolus
2738 4048 2888 4119 ﬁlius
2916 4051 3149 4123 Pippini
3188 4056 3337 4123 regis
3378 4056 3714 4128 Aquitaniae.
3767 4061 3867 4116 Ro—

2205 4155 2307 4193 me
2339 4143 2511 4195 Leone
2534 4155 2682 4211 papa
2710 4137 2939 4210 defunco
2958 4140 3286 4197 Benedictus
3308 4158 3459 4215 papa
3493 4147 3691 4202 tertius
3719 4148 3868 4206 sedit

2207 4230 2370 4283 annis
2394 4246 2433 4283 ιι
2470 4270 2483 4294 ,
2518 4228 2790 4284 mensibus
2825 4245 2902 4285 v1.

2275 4318 2381 4460 8‘57
2435 4316 2687 4388 Synodus
2732 4333 2767 4372 a
2810 4317 3011 4374 Carolo
3065 4318 3470 4393 archiepiscopo
3528 4321 3867 4397 Hoguntiaci

2328 4406 2518 4460 icitur.

2211 4406 2518 4476 colligitur.

2035 4634 2261 4692 NOTAE.

514 4759 662 4832 (312)
692 4758 865 4815 Juxta
896 4734 1252 4813 annalistam
1291 4751 1695 4807 Bertinianum
1728 4750 1781 4805 id
1816 4766 1967 4805 anno
2000 4768 2088 4808 se-

444 4837 659 4904 quente
691 4831 956 4904 contigit.

514 4904 663 4976 (343)
692 4893 1013 4976 Chroiiicon
1061 4893 1499 4951 Fontanellcnsc
1541 4893 1648 4947 hoc
1702 4893 1827 4963 jam
1868 4894 1938 4949 ad
1985 4911 2089 4949 an-

447 4972 594 5031 num
639 4972 746 5029 849
775 4972 970 5027 refert.

514 5046 661 5117 (344)
694 5046 796 5117 Est
832 5036 1338 5117 hinc‘catbedralis
1379 5036 1918 5117 Wurecburgcnsis.
1951 5037 2084 5093 Vid.

440 5108 682 5174 Eccard.
719 5116 923 5169 Franc.
958 5108 1174 5165 Orient.
1211 5114 1248 5163 t.
1290 5110 1350 5175 ll,
1377 5126 1430 5180 p.
1466 5109 1589 5162 442.

513 5187 663 5258 (35's)
695 5181 1045 5258 Ilildegarda
1062 5182 1259 5258 regina
1284 5178 1455 5249 dicta,
1488 5181 1626 5258 quia
1647 5178 1932 5258 Ludovici
1952 5182 2087 5258 Ger-

440 5251 656 5317 maniaé
690 5254 843 5325 regis
875 5251 996 5307 lilia
1021 5251 1163 5317 erat,
1196 5254 1350 5307 circa
1379 5254 1630 5325 an.p8.‘j3,
1665 5251 1935 5325 'l‘uriensi
1978 5253 2086 5325 vir-

484 5329 650 5385 inum
690 5322 1035 5380 Parthenoni
1077 5325 1360 5395 praelecta,
1414 5323 1495 5396 uti
1536 5340 1604 5379 cx
1635 5322 1901 5393 ejusdem
1934 5324 2085 5396 regis

440 5347 650 5456 ﬁmum
690 5347 1035 5380 ranucnonl
1077 5347 1360 5395 [)I'iBlBCla,
1415 5347 1495 5379 ιιιι
1536 5347 1604 5379 CX
1635 5347 1901 5393 UJUSUUUI
1934 5347 2081 5396 ['8ng

483 5398 761 5471 iplomate
792 5396 1152 5464 (Guilliman.
1184 5396 1401 5452 Helvet.
1433 5395 1472 5450 Ι.
1508 5412 1592 5449 ιιι.
1623 5410 1672 5447 c.
1713 5395 1789 5463 5).
1835 5400 2081 5451 constat.

441 5468 677 5527 Obitum
702 5470 828 5535 ejus
858 5485 926 5522 an
939 5468 1147 5524 nalista
1175 5469 1322 5523 Saxo
1352 5468 1423 5522 ad
1451 5483 1545 5521 an.
1570 5466 1697 5529 857,
1719 5464 2002 5519 Chronica
2023 5467 2081 5520 S.

438 5537 812 5599 Pantaleonis
841 5542 913 5596 ad
958 5558 1051 5596 an.
1085 5543 1189 5595 850
1220 5540 1591 5604 consignant.
1627 5536 1737 5591 Sed
1772 5552 1925 5589 anno
1956 5539 2081 5604 858,

441 5610 634 5667 adhuc
664 5609 721 5684 in
752 5611 893 5684 vivis
914 5616 1057 5684 erat,
1080 5628 1194 5684 quo
1214 5605 1445 5684 waa].
1474 5607 1609 5665 Maii
1635 5606 1797 5684 aliud
1827 5605 2085 5684 diploma

440 5681 728 5751 concessit
751 5682 905 5743 idem
937 5675 1279 5744 Ludovicus.
1300 5681 1456 5741 Obiit
1481 5694 1612 5738 vero
1634 5694 1670 5736 x
1699 5675 1819 5736 Kal.
1841 5675 1975 5736 Jan.
1995 5675 2084 5736 uti

2200 4770 2267 4808 ex
2320 4753 2491 4809 veteri
2543 4752 2737 4809 codice
2785 4754 2841 4809 S.
2901 4752 3045 4810 Galli
3104 4754 3257 4812 eruit
3300 4756 3601 4817 Mabillon.
3643 4760 3857 4820 Annal.

2210 4826 2418 4905 Benaci.
2523 4825 2617 4905 lll.
2652 4841 2707 4905 p.
2741 4825 2830 4905 O3.

2271 4898 2415 4973 (348)
2450 4894 2833 4973 ψιιᾳωῑηᾳὶοε
2864 4894 2922 4973 i_n
2955 4897 3166 4954 Misnia
3188 4898 3529 4973 intelligunt
3559 4902 3682 4958 alii.

2268 4967 2413 5047 (347)
2467 4967 2672 5047 Obitus
2724 4967 2927 5047 Leonis
2979 4970 3271 5047 p_ap:e_a_d
3323 4967 3550 5047 annum
3596 4975 3857 5047 priorem

2198 5038 2581 5121 spectat..H_ic
2613 5038 3380 5121 s‘equ‘iorisnai-vi‘scriptores
3429 5038 3726 5103 Joannem
3752 5064 3856 5121 pa-

2198 5065 2441 5121 spuumt.
2477 5065 2581 5092 Πιυ
2613 5065 2901 5109 buquwrw
2931 5065 3031 5093 ww
3066 5065 3380 5112 scriptorcs
3429 5065 3726 5103 Joannam
3793 5065 3854 5103 a-

2198 5127 2419 5185 pissam
2458 5109 2789 5185 iptrudunt,
2833 5109 3068 5185 refutati
3094 5128 3154 5185 Aa
3204 5112 3451 5185 Labbeo,
3481 5119 3659 5173 Cone.
3692 5065 3854 5185 LYX,

2196 5180 2445 5313 pii'lSt73.
2480 5182 2711 5249 Eckart,
2747 5180 2876 5235 Rer.
2910 5180 3288 5255 Wurzburg.,
3320 5183 3359 5239 l.
3394 5202 3528 5255 xxx,
3563 5205 3617 5244 c.
3666 5190 3771 5244 117
3798 5180 3859 5245 et

2282 5271 2293 5306 l
2341 5294 2353 5306 .

2257 5270 2353 5307 llS.

2288 5324 2412 5398 348)
2444 5325 2507 5398 in
2534 5320 3064 5398 _Annalibus_Fuld.
3099 5322 3483 5398 Scalajugatus
3513 5335 3782 5388 vocatur.

2287 5392 2413 5479 34.9)
2443 5393 2571 5479 Vid‘.
2607 5392 2815 5474 concil.
2848 5392 3139 5479 (ἔω-[ιιλέἰ
3399 5399 3554 5479 243.-
3569 5402 3855 5479 quamvis

2195 5464 2507 5542 concilium
2551 5464 2852 5542 hoccirca
2898 5465 3139 5542 (131857
3173 5464 3489 5542 distinguit
3516 5464 3756 5542 'Mansi,
3793 5474 3854 5531 in

2195 5517 2722 5611 ςυρριζέόοσίιξιξ
2752 5534 2791 5603 ι,
2828 5551 2883 5608 p.
2916 5537 3040 5593 979.
3079 5517 3091 5518 ί
3535 5517 3756 5545 ”’“’“’”
