3982 6216
365 364 482 431 ιοῦ

1178 368 1594 435 HERMANNI
1638 361 2088 434 GONTRACTI
2130 362 2546 434 AUGIENSIS
2590 366 2972 437 MONAGHI.

3665 370 3771 436 196

1711 550 1944 610 CODEX
1981 548 2385 609 AUGIENSIS.

359 676 522 735 niam
552 677 770 752 singuli
793 693 927 735 cum
949 678 1357 751 adiacentibus
1379 677 1695 752 provinciis
1734 693 2008 750 accepere
2037 677 2092 743 Α
2123 677 2304 735 ﬁliam
2319 679 2595 737 Ludovici
2620 680 3769 756 Italicimperatorisvi~rapuerat,quem-

358 783 679 840 pacemque
709 767 860 822 inter
889 784 950 823 se
980 772 1345 824 sacramento
1389 767 1712 824 firmavere.
1772 800 1841 808 —
1899 767 2008 822 Sed

359 854 601 912 Carolus
621 855 940 912 Galliarum
973 862 1258 924 tyrannus
1289 858 1458 929 (379),
1484 860 1782 929 comperta
1816 856 2009 911 fratris

353 949 538 1000 morte
586 944 842 1016 gavisus,
861 946 1059 1000 statim
1080 945 1318 1001 collecto
1337 946 1590 1002 exercitu
1613 962 1860 1017 regnum
1882 946 2009 1015 ejus

349 1032 548 1088 Rheno
571 1032 914 1105 contiguum
943 1034 1186 1090 invasit:
1215 1051 1391 1106 quem
1414 1052 1548 1089 eum
1571 1033 1894 1090 Ludovicus
1915 1033 2010 1088 Ju-

348 1120 478 1177 nior
505 1137 610 1193 per
638 1121 862 1196 legatos
897 1122 1083 1178 redire
1120 1140 1442 1195 pacemque
1505 1139 1732 1178 servare
1793 1123 2009 1176 frustra

347 1211 724 1282 postulasset,
757 1229 1013 1283 eumque
1035 1213 1145 1267 sibi
1169 1211 1301 1267 dolo
1329 1212 1576 1267 insidias
1599 1217 1824 1268 struere
1848 1227 2006 1265 com-

346 1301 616 1372 perisset,
651 1301 900 1356 transito
934 1301 1154 1368 Rheno,
1182 1319 1284 1357 vm
1321 1302 1458 1356 Idus
1490 1301 1690 1356 Octob.
1741 1301 1797 1354 in
1858 1298 2005 1370 (380)

345 1388 624 1444 Ribuaria
657 1390 785 1460 [ιδῃ.
819 1389 1110 1462 Ripuaria]
1145 1389 1299 1446 bello
1332 1389 1474 1444 inito
1506 1389 1663 1456 vicit,
1688 1387 2006 1459 multisque

346 1477 562 1532 occisis
593 1482 648 1532 et
677 1477 1141 1550 comprehensis,
1175 1478 1344 1534 illum
1382 1495 1527 1550 pene
1585 1479 1810 1533 nudum
1871 1493 2004 1531 cum

346 1565 554 1636 paucis
575 1566 826 1638 turpiter
857 1567 1056 1639 fugere
1087 1567 1374 1640 compulit
1405 1572 1462 1622 et
1493 1573 1684 1623 castra
1713 1569 1842 1637 ejus
1872 1583 2004 1621 cum

344 1652 676 1709 innumeris
707 1655 911 1726 spoliis
941 1655 1206 1727 diripuit.
1240 1657 1441 1711 Annal.
1475 1656 1633 1711 Fuld.
1670 1658 1814 1711 Berl.

420 1744 576 1798 100
607 1744 711 1796 877
740 1743 992 1800 Linones
1022 1750 1078 1800 et
1133 1744 1310 1800 Suiin
1350 1760 1671 1816 eorumque
1722 1743 2004 1809 conﬁnes,

346 1829 730 1886 defectionem
753 1831 1079 1899 molientes,
1096 1851 1129 1889 a
1144 1832 1416 1888 Ludovici
1445 1832 1648 1888 missis
1660 1832 1827 1886 facile
1845 1847 2002 1885 com-

346 1919 535 1990 pressi
567 1924 728 1990 sunt,
759 1921 962 1976 Annal.
995 1921 1150 1976 Fuld.
1185 1952 1254 1961 —
1285 1920 1526 1976 Carolus
1542 1920 1860 1977 Galliarum
1893 1918 2002 1973 im-

345 2011 580 2077 perator
609 2007 952 2080 tyrannicus
983 2013 1181 2064 aestate
1212 2009 1351 2064 item
1394 2008 1622 2064 Italiam
1674 2008 2000 2080 ingressus,
2036 2041 2084 2106 B

345 2110 480 2150 eum
493 2093 946 2152 Carlomannum
961 2114 1194 2170 quoque
1219 2097 1422 2153 fratris
1436 2097 1527 2154 sui
1545 2095 1736 2151 ﬁlium
1751 2113 1813 2152 se
1827 2095 2003 2150 invito

342 2185 700 2241 transcensis
721 2183 966 2256 Alpibus
990 2203 1190 2258 pugna
1217 2202 1420 2241 secum
1453 2183 1726 2258 congredi
1745 2183 1887 2238 velle
1909 2200 2001 2238 cc-

342 2271 656 2344 gnovisset,
689 2274 888 2345 fugam
922 2290 1082 2328 more
1104 2273 1358 2329 suoiniit
1387 2278 1446 2328 et
1474 2273 1627 2328 inter
1660 2272 2001 2344 fugiendum

342 2361 673 2432 dysenteria
704 2367 1009 2434 correptus
1040 2361 1214 2432 periit
1245 2379 1396 2416 anno
1429 2360 1590 2433 regni
1620 2378 1839 2427 xxxvu,
1859 2365 1915 2415 et
1943 2360 2001 2414 in

343 2449 685 2519 Burgundia
714 2449 945 2520 Agauni
972 2449 1120 2520 (38f)
1153 2450 1426 2521 sepultus
1466 2453 1572 2504 est.
1610 2450 1810 2503 Annal.
1845 2451 1993 2505 Berl.

341 2563 414 2578 —
439 2535 577 2590 Post
605 2552 782 2606 quem
816 2536 974 2591 ﬁlius
1007 2537 1136 2607 ejus
1156 2537 1485 2591 Ludovicus
1515 2536 1733 2592 Balbus
1756 2552 2001 2610 regnum

344 2622 667 2680 Galliarum
700 2624 946 2696 accepit,
979 2629 1038 2679 et
1065 2625 1223 2696 apud
1254 2624 1548 2696 patrueles
1605 2626 1678 2680 de
1728 2625 2003 2681 omnibus

344 2711 531 2782 patris
560 2709 797 2781 injuriis
829 2725 892 2766 se
924 2727 1028 2783 per
1056 2711 1282 2784 legatos
1307 2728 1620 2780 excusans,
1644 2726 1845 2783 pacem
1867 2727 2000 2767 eum

343 2799 429 2859 eis
459 2799 630 2867 fecit;
662 2797 1086 2856 Carlomannus
1116 2817 1251 2856 vero
1283 2800 1586 2873 disposita,
1607 2804 1782 2872 prout
1795 2799 1997 2867 voluit,

341 2886 528 2957 Italia,
563 2887 621 2942 in
650 2887 978 2958 Bajoariam
1010 2889 1183 2944 rediit
1201 2894 1260 2944 et
1281 2889 1442 2944 fratri
1471 2889 1757 2945 Ludovico
1776 2893 1999 2961 partem

343 2992 514 3033 suam
547 2976 618 3030 de
648 2992 828 3048 regno
859 2975 1111 3032 Lotharii
1139 2977 1412 3033 reddidit.
1446 3009 1514 3018 -
1546 2978 1746 3034 Febris
1780 2977 1996 3043 Italica,

342 3064 528 3120 tussis
577 3068 635 3120 et
694 3064 859 3120 dolor
912 3064 1239 3136 oculorum,
1301 3069 1357 3121 et
1395 3065 1746 3138 pestilentia,
1781 3064 1999 3121 multos

342 3153 599 3226 graviter
626 3154 853 3208 vexavit
881 3158 938 3210 et
966 3154 1274 3225 exstinxit,
1310 3155 1524 3210 Annal.
1560 3155 1716 3210 Fuld.

414 3241 520 3299 878
553 3243 883 3299 Ludovicus
914 3260 1014 3299 rex
1041 3244 1364 3300 Germaniae
1405 3261 1540 3299 cum
1573 3244 1751 3300 fratre
1797 3241 1998 3298 Carolo

339 3345 588 3404 regnum
611 3330 869 3388 Lotharii
898 3331 1118 3387 divisit.
1143 3333 1490 3404 Lantpertus
1541 3333 1689 3404 (382)
1720 3336 1777 3389 et
1823 3330 1997 3387 Adal-

338 3401 544 3493 pertus
571 3420 818 3476 comites
849 3424 1094 3476 Romam
1125 3437 1262 3476 cum
1290 3401 1467 3476 manu
1497 3401 1690 3477 valida
1713 3424 1994 3493 petentes,
2027 3401 2070 3468 Ο

336 3509 559 3565 Joanne
583 3526 735 3582 papa
765 3510 877 3566 sub
907 3511 1175 3566 custodia
1204 3514 1448 3576 retento,
1482 3510 1775 3583 principes
1794 3515 1999 3565 Roma-

335 3613 546 3656 norum
565 3598 740 3654 ﬁdem
756 3597 1144 3655 Carlomanno
1163 3601 1530 3654 sacramento
1545 3599 1779 3654 ﬁrmare
1798 3614 1997 3670 coege-

336 3693 510 3742 runt:
545 3686 700 3743 unde
730 3686 888 3743 idem
919 3704 1073 3760 papa
1102 3690 1434 3744 commotus
1464 3686 1772 3744 ecclesiam
1810 3686 1996 3743 sancti

334 3775 515 3842 Petri,
529 3775 1114 3833 omnibusthesauris
1130 3777 1430 3833 Lateranis
1447 3775 1769 3847 translatis,
1789 3775 2000 3831 clausit

336 3863 646 3936 divinaque
676 3865 822 3921 inibi
849 3865 1042 3922 ofﬁcia
1072 3864 1367 3923 celebrare
1397 3864 1720 3938 prohibuit,
1756 3865 1998 3936 ipseque

335 3967 439 4025 per
469 3969 630 4009 mare
659 3954 1030 4028 Tyrrhenum
1060 3954 1283 4012 Gallias
1313 3955 1545 4022 adiens,
1603 3957 1795 4010 totum
1851 3969 1998 4023 pene

333 4039 478 4097 inibi
510 4047 773 4099 moratus
802 4047 894 4099 est
923 4059 1170 4099 annum.
1209 4043 1428 4099 Deinde
1453 4046 1761 4113 assumpto
1793 4057 1995 4096 secum

335 4129 560 4186 Bosone
589 4131 870 4202 quodam,
906 4131 1007 4204 qui
1043 4129 1280 4204 propria
1301 4144 1480 4186 uxore
1508 4144 1727 4184 veneno
1766 4134 1993 4197 necata,

2121 784 2234 840 que
2264 767 2501 826 Carolus
2529 769 2838 826 Provinciae
2888 771 3244 842 praefecerat,
3294 775 3545 827 Romam
3603 770 3765 828 rediit

2121 857 2350 930 ipsique
2380 876 2625 931 regnum
2657 858 2834 914 Italiaa
2862 859 3152 932 subjicere
3182 865 3238 915 et
3266 859 3656 916 Carlomanno
3671 878 3764 918 au-

2120 945 2270 1002 ferre
2301 946 2802 1020 studuit.Eelipsis
2833 945 2975 1003 solis
3005 965 3085 1003 vn
3117 949 3267 1020 (383)
3311 947 3442 1004 Kal.
3500 949 3763 1005 Novemb.

2119 1039 2254 1106 post
2302 1052 2516 1091 nonam
2549 1035 2755 1093 horam
2787 1037 2960 1103 facta,
2991 1053 3326 1110 magnaque
3365 1036 3677 1095 hominum
3717 1043 3768 1094 et

2118 1123 2296 1178 boum
2321 1123 2676 1195 pestilentia.
2702 1126 2904 1180 Annal.
2927 1125 3092 1180 Fuld.

2188 1213 2294 1266 879
2306 1213 2725 1270 Carlomannus
2755 1231 2853 1270 rex
2875 1213 3155 1286 Bajoariie
3178 1214 3437 1288 paralysi
3453 1214 3765 1272 dissolutus

2118 1317 2292 1355 usum
2306 1301 2581 1373 loquendi
2597 1302 3417 1374 amisit:adquemLudovieus
3430 1303 3765 1371 fratervisen

2117 1387 2257 1444 dum
2273 1391 2526 1459 veniens,
2543 1391 3070 1465 regnumBajoariaa
3083 1390 3327 1463 disposu
3339 1392 3761 1448 it.Annal.Fuld.

2113 1508 2183 1517 ——
2198 1479 2236 1533 ι
2249 1479 2342 1534 οι
2355 1478 2895 1535 LudovicusBalbus
2911 1478 3255 1536 ﬁliusCaroli
3269 1480 3695 1536 rexGalliarum
3707 1498 3763 1538 ui

2118 1566 2253 1621 Idus
2285 1566 2466 1639 April.
2501 1568 2647 1640 (384)
2679 1569 3016 1640 Ccmpendii
3047 1567 3193 1624 obiit
3222 1568 3427 1640 ibique
3459 1569 3758 1641 sepelitur;

2114 1655 2314 1711 Carolo
2348 1655 2466 1712 ﬁlio
2495 1655 2812 1728 posthumo
2853 1655 3052 1713 relicto
3083 1657 3441 1730 duobusque
3483 1658 3613 1714 aliis
3655 1675 3758 1714 non

2114 1741 2376 1815 legitima
2404 1744 2650 1817 conjuge
2677 1745 2850 1814 natis,
2891 1745 3174 1802 Ludovico
3206 1744 3439 1801 scilicet
3470 1750 3529 1802 et
3578 1745 3760 1802 Carlo-

2114 1847 2330 1887 manno
2357 1832 2416 1887 in
2448 1849 2693 1906 regnum
2724 1832 2808 1888 illi
2838 1833 3313 1890 succedentibus.
3359 1835 3568 1890 Annal.
3626 1837 3756 1891 Berl.

2116 1951 2184 1961 ο-
2216 1921 2337 1986 Ουο
2369 1926 2598 1976 mortuo
2659 1921 2985 1978 Ludovicus
3037 1938 3138 1978 rex
3185 1923 3519 1979 Germania
3576 1923 3758 1980 statim

2113 2009 2451 2081 contiguam
2475 2009 2586 2064 sibi
2605 2008 2851 2065 Galliam
2873 2009 3162 2082 Belgicam
3185 2011 3352 2082 petit,
3378 2011 3631 2084 indeque
3649 2029 3759 2067 rur-

2115 2114 2248 2152 sum
2281 2097 2340 2152 in
2372 2097 2696 2169 Bajoariam
2729 2116 2761 2154 a
2782 2098 3137 2170 quibusdam
3185 2104 3456 2169 vocatus,
3516 2117 3638 2174 qua:
3680 2100 3758 2156 vi-

2113 2185 2422 2252 debantur,
2438 2185 3111 2258 disposuit,fratremque
3124 2187 3757 2264 Carlomannumegc-

2112 2276 2261 2338 tum,
2294 2272 2508 2345 scripto
2539 2273 2589 2330 ei
2621 2290 2712 2330 res
2739 2291 2898 2342 suas,
2949 2273 3088 2346 quia
3135 2274 3345 2348 lingua
3395 2293 3515 2334 non
3563 2277 3752 2350 potuit,

2113 2362 2618 2418 commendentem
2642 2362 2864 2429 invisit,
2899 2362 3069 2434 eique
3089 2363 3543 2424 ministraturos
3558 2366 3754 2439 princio

2112 2467 2216 2522 pes
2233 2449 2545 2505 nonnullos
2565 2450 2884 2522 deputavit.
2921 2453 3185 2522 Itemque
3214 2452 3425 2508 missis
3447 2453 3626 2524 copiis
3649 2457 3752 2508 Hu-

2110 2554 2324 2611 gonem
2355 2538 2610 2594 Lotharii
2641 2539 2792 2611 regis
2826 2555 2894 2594 ex
2933 2537 3243 2595 Waldrada
3266 2539 3489 2609 ﬁlium,
3509 2543 3566 2597 in
3589 2541 3753 2598 Gallia

2110 2627 2339 2698 Belgica
2364 2626 2734 2698 tyrannidem
2763 2631 3147 2696 exercentem,
3173 2643 3309 2683 cum
3333 2629 3466 2685 suis
3487 2643 3753 2702 compres-

2110 2713 2206 2770 sit.
2239 2716 2386 2770 Boso
2417 2715 2752 2786 Burgundia
2778 2715 2980 2773 invasa
2998 2717 3376 2788 tyrannidem
3399 2723 3641 2776 exercet.
3661 2719 3750 2774 An.

2108 2803 2265 2858 Fuld.
2301 2807 2429 2860 Mel.

2182 2895 2288 2948 880
2319 2893 2516 2949 Hiems
2546 2891 2842 2964 prolixaet
2867 2892 3050 2948 nimis
3079 2893 3298 2966 frigida
3341 2894 3520 2952 facta.
3573 2893 3746 2949 Ludo-

2105 2983 2270 3038 vicus
2301 2997 2397 3038 rex
2425 2981 2750 3037 Germania:
2778 2981 2838 3038 in
2856 2977 3076 3038 Gallias
3101 2983 3348 3038 veniens
3384 2988 3440 3040 et
3472 2983 3621 3040 ﬁlios
3651 2987 3742 3036 Lu-

2108 3070 2298 3128 dovici
2330 3069 2492 3126 Balbi
2520 3070 2592 3126 ad
2615 3087 2679 3126 se
2697 3069 2994 3126 venientes
3026 3070 3386 3144 suscipiens,
3412 3089 3612 3146 pacem
3633 3086 3751 3127 cum

2107 3159 2194 3216 eis
2225 3159 2360 3215 fecit
2395 3163 2699 3230 totumque
2729 3157 2986 3214 Lotharii
3016 3174 3268 3232 regnum
3323 3160 3451 3217 sibi
3509 3158 3749 3232 subjicit.

2106 3248 2238 3321 Ipse
2268 3246 2413 3302 inito
2444 3263 2576 3302 cum
2623 3246 3000 3303 Nortmannis
3021 3247 3198 3319 quiin
3227 3245 3752 3322 Seilta(385)iluvic

2107 3335 2466 3402 residebant,
2499 3333 2694 3406 prelic
2725 3333 2860 3406 plus
2885 3351 3065 3406 quam
3096 3336 3367 3408 quinque
3399 3337 3583 3394 millia
3599 3352 3663 3392 ex
3679 3333 3752 3391 eis

2108 3424 2322 3481 occidit
2343 3423 2543 3495 ibique
2561 3427 2727 3495 Hugo
2745 3441 2813 3478 ex
2841 3424 3170 3480 concubina
3190 3425 3358 3482 ﬁlius
3389 3429 3521 3500 ejus
3541 3421 3748 3483 cecidit.

2109 3515 2254 3570 Item
2285 3511 2628 3575 Nortmanni
2659 3510 2804 3568 inita
2825 3529 2959 3568 cum
2992 3511 3325 3570 Saxonibus
3361 3532 3564 3589 pugna
3587 3514 3748 3571 victo-

2109 3618 2223 3669 res,
2256 3601 2404 3656 duos
2432 3600 2734 3672 episcopos
2764 3601 2934 3673 (386),
2968 3617 3051 3656 xu
3081 3601 3361 3671 comites,
3393 3620 3536 3661 xvm
3581 3600 3751 3674 reges

2109 3689 2327 3747 milites
2356 3705 2489 3744 cum
2519 3693 2718 3744 secuta
2744 3704 2962 3761 magna
2989 3688 3380 3748 multitudine
3397 3689 3753 3766 peremerunt

2107 3782 2166 3834 et
2195 3778 2452 3850 captivos
2482 3775 2696 3833 multos
2725 3777 3033 3833 duxerant.
3061 3778 3290 3848 Sorabi,
3311 3779 3618 3848 Dalmata,
3639 3779 3751 3850 (Da-

2106 3866 2387 3935 lemineii)
2417 3869 2474 3922 et
2499 3865 2773 3922 Boemani
2823 3864 3012 3923 Sclavi
3043 3865 3286 3924 collecto
3317 3869 3581 3927 exercitu
3607 3865 3750 3925 Thu-

2107 3954 2541 4028 ringiamjuxta
2552 3954 2793 4010 ﬂuvium
2807 3952 3007 4011 Salam
3020 3955 3308 4028 populati,
3321 3974 3362 4014 a
3374 3959 3608 4032 Popone
3619 3971 3750 4014 mer-

2106 4044 2315 4100 chione
2333 4041 2736 4111 circumventi,
2759 4057 2966 4100 omnes
2989 4046 3282 4118 perempti
3303 4051 3468 4103 sunt.
3491 4079 3561 4088 -—-—
3581 4042 3752 4102 Carlo-

2109 4147 2363 4186 mannus
2393 4145 2493 4186 rex
2523 4129 2798 4202 Bajoariee
2823 4131 3009 4200 fortis,
3029 4134 3295 4205 prudens
3312 4139 3373 4192 et
3393 4135 3554 4210 pius,
3570 4152 3624 4190 x1
3646 4128 3753 4190 Kal.

1397 4277 1871 4333 COMPENDIUM
1913 4278 2002 4336 EX
2045 4281 2298 4338 CODIGE
2339 4278 2712 4337 BERNOLDI.

402 4406 508 4459 877
539 4405 764 4461 Carolus
794 4421 896 4461 rex
925 4404 1239 4459 Galliarum
1266 4403 1406 4457 obiit
1429 4415 1579 4455 anno
1609 4401 1768 4470 regni
1802 4417 1998 4457 xxxvu

328 4497 452 4564 post
480 4509 642 4564 quem
668 4494 820 4561 ﬁlius
847 4495 965 4564 ejus
997 4491 1302 4546 Ludovicus
1332 4489 1541 4544 Balbus
1591 4504 1823 4558 regnum
1872 4490 1997 4544 Gal-

336 4591 545 4645 liarum
573 4590 800 4660 accepit.

405 4677 513 4732 878
537 4677 842 4732 Ludovicus
865 4692 966 4732 rex
1026 4675 1339 4732 Germania
1395 4689 1518 4729 cum
1574 4674 1752 4743 fratre
1807 4674 1998 4732 Carolo

335 4780 570 4837 regnum
598 4765 852 4822 Lotharii
878 4763 1091 4820 divisit.

2179 4407 2287 4462 879
2318 4405 2618 4462 Ludovicus
2637 4405 2862 4474 Balbus,
2893 4408 3046 4478 ﬁlius
3066 4407 3288 4477 Caroli,
3318 4427 3422 4467 rex
3446 4410 3753 4473 Galliarum,

2109 4511 2173 4549 ιιι
2205 4494 2282 4550 Id.
2322 4494 2506 4564 April.
2541 4494 2858 4566 Compendii
2886 4497 3040 4552 obiit.

2179 4583 2284 4639 880
2311 4583 2752 4639 Carolomannus
2779 4600 2880 4640 rex
2911 4586 3192 4658 Bajoariae
3221 4589 3374 4661 apud
3430 4589 3625 4648 uillam
3669 4584 3755 4652 _0l-

2105 4674 2323 4742 tingam
2344 4670 2481 4727 obiit
2505 4687 2563 4728 x1
2593 4672 2714 4728 Kal.
2744 4673 2927 4745 April.

1953 4877 2178 4934 ΝΟΤλΕ.

412 5003 561 5082 (379)
586 5005 682 5082 ita
710 5002 983 5082 Carolum
1013 5000 1255 5082 Calvum
1284 4999 1506 5082 passim
1533 4999 1791 5082 appellat
1820 5017 2000 5082 anna-
2034 5004 2080 5067 D
2111 4995 2502 5082 veronlusciaa
2535 4995 2815 5082 inarghiq.

341 5071 478 5130 lista
493 5071 827 5139 Fuldensis,
857 5074 1109 5143 scriptor
1130 5087 1340 5141 nempe
1357 5071 1770 5143 Germanicus;
1797 5071 2000 5143 mitius

341 5160 476 5201 vero
501 5145 680 5200 sentit
707 5141 1123 5214 Bertinianusr:
1158 5143 1313 5196 unde
1372 5141 1428 5214 in
1453 5171 1457 5174 -
1487 5141 1676 5214 hujus,
1721 5142 2004 5214 temporis

345 5214 734 5286 scriptoribus
763 5214 973 5268 merito
1000 5213 1137 5286 quis
1178 5212 1518 5284 primariam
1561 5213 1679 5286 veri
1739 5212 2005 5286 historici

345 5283 541 5408 dlote'm
567 5283 882 5354 desideret,
914 5283 1194 5339 animum
1214 5299 1421 5355 nempe
1451 5300 1484 5339 a
1521 5283 1778 5354 partium
1809 5283 2005 5340 studio

348 5371 382 5408 a
407 5369 628 5407 ianum.

348 5369 628 5410 alienum.

423 5422 692 5496 (380)_De
722 5423 1093 5496 amplissimo
1123 5425 1231 5481 hoc
1260 5424 1399 5480 olim
1431 5423 1884 5496 Austrasizeseu
1909 5427 2008 5479 Lo-

348 5492 653 5634 ghaglggia:
684 5492 1132 5569 pagoliipuaria
1161 5497 1276 5554 vid.
1309 5497 1519 5552 Chron.
1554 5495 1825 5551 Gottwis.
1861 5499 1900 5550 t.
1931 5495 2004 5559 II,

418 5633 572 5777 (3N)
602 5633 800 5694 Potius
829 5638 887 5696 in
915 5639 1315 5697 Nantuacensi
1342 5636 1717 5694 monasterio.

442 5704 550 5760 382
603 5704 947 5770 Lambertus
1007 5711 1228 5777 Spoleti
1280 5711 1400 5766 dux
1448 5711 1592 5775 erat,
1652 5712 1717 5760 Α(

442 5704 572 5777 382)
603 5704 947 5770 Lambertus
1007 5711 1228 5785 Spoleti
1280 5711 1400 5766 dux
1448 5711 1592 5775 erat,
1652 5705 2005 5764 Adalbertus

2206 5070 2332 5140 383)
2364 5066 2618 5140 Annales
2652 5068 2820 5124 Fuld.
2851 5068 3066 5128 melius
3095 5089 3152 5128 ιν
3187 5076 3307 5130 Kal.
3339 5077 3482 5132 Nov.

2206 5137 2478 5216 38§)_Al_ii
2508 5143 2733 5208 ponunt
2763 5157 2819 5216 1v
2841 5141 2988 5216 Idus
3032 5144 3256 5216 Aprilis
3306 5163 3416 5203 seu
3473 5145 3543 5202 40
3589 5137 3754 5216 April-

2113 5227 2240 5282 quae
2274 5210 2386 5282 fuit
2415 5213 2824 5282 Parasceveut
2841 5211 3060 5282 habent
3085 5210 3692 5274 lnnales-Vedastini.

2185 5281 2332 5362 (3_8_5_)
2363 5278 2620 5362 annales
2647 5279 2812 5336 Fuld.
2845 5281 3068 5340 habent
3097 5286 3306 5358 Sealla,
3330 5290 3435 5362 qui
3485 5299 3638 5344 nunc
3681 5279 3758 5338 est

2114 5351 2331 5407 Scaldis
2361 5351 2593 5405 ﬂuvius.

2185 5422 2333 5494 (386)
2362 5421 2784 5494 Theodericum
2814 5423 3042 5482 scilicet
3069 5427 3447 5488 Mindensem
3505 5432 3561 5486 et
3614 5425 3755 5482 Mar-

2114 5490 2400 5564 quardum
2432 5490 3016 5564 Hildesﬁheimensem.
3051 5502 3273 5559 Omnes
3306 5503 3368 5558 hi
3399 5519 3504 5558 ceu
3548 5498 3755 5564 marty-

2114 5562 2205 5641 res
2229 5562 2834 5641 Ebbekestorpienses,
2857 5565 3033 5641 aloeo
3055 5587 3270 5641 pugnae
3293 5573 3459 5639 dicti,
3479 5562 3752 5641 coluntur,

2113 5636 2372 5718 9902"“!
2393 5632 2735 5718 “mensae
2751 5632 3122 5718 (Largam-
3137 5632 3193 5712 ἴ,
3209 5644 3431 5718 Scripta
3445 5632 3762 5718 ansvic-l

2113 5703 2388 5762 fabulosa
2405 5707 2564 5760 sunt.
2590 5705 2720 5760 Vid.
2752 5703 2796 5761 t.
2828 5707 2851 5762 I
2874 5703 3298 5784 Bollandq'die
3321 5703 3361 5771 2‘
3387 5715 3559 5773 Ecl».
