3982 6216
391 362 516 439 199

1200 366 1618 437 HERMANNI
1662 360 2102 433 CONTRACTI
2145 358 2562 430 AUGIENSIS
2607 360 2991 428 MONACHI.

3695 352 3816 434 200

1785 525 2015 586 CODEX
2051 524 2424 584 AUGIENSIS

388 647 729 716 licentibus,
761 646 913 705 datis
961 646 1284 715 obsidibus,
1329 664 1464 704 cum
1512 662 1646 719 rege
1693 661 1896 703 eorum
1947 643 2032 698 Si-
2063 642 2118 708 Α
2144 643 2445 713 Ιέεριήοπ-
2474 638 2718 696 Carolus
2751 639 3070 714 imperator
3099 637 3160 695 in
3193 635 3460 696 citeriore
3509 635 3820 695 Pannonia

388 737 611 812 gefrido
656 735 802 806 (393)
853 738 1125 790 mutuum
1180 732 1540 806 colloquium
1602 734 1757 789 104
1813 730 2037 799 habuit,

389 841 641 898 eumque
693 822 1191 881 Christianitatem
1245 823 1574 896 professum
1622 821 1694 876 de
1745 819 2038 893 baptismo

387 913 664 985 suscepit,
716 911 993 984 datisque
1051 915 1258 967 mutuo
1316 912 1663 967 muneribus
1710 914 1768 966 et
1809 909 2040 963 firmata

385 1000 644 1059 amicitia
676 999 924 1072 digressi
958 1003 1117 1056 sunt.
1145 999 1280 1056 Orto
1312 999 1463 1054 inter
1488 1000 1743 1054 Saxones
1777 1001 1832 1053 et
1880 996 2036 1052 Thu-

384 1090 606 1164 ringios
638 1088 810 1156 bello,
845 1094 1098 1144 Saxones
1142 1088 1472 1160 superiores
1521 1087 1809 1143 exstitere.
1863 1085 2042 1141 Pesti-

383 1179 561 1236 lentia
591 1195 804 1250 magna
838 1179 895 1233 in
927 1176 1197 1248 Bajoaria
1225 1177 1392 1233 facta.
1427 1177 1626 1233 Annal.
1661 1175 1840 1242 Fuld.,
1865 1176 2035 1242 Bert.,

381 1267 498 1324 Met.
511 1313 524 1336 ,
555 1267 678 1339 Reg.

455 1403 560 1457 883
588 1399 828 1458 Carolus
861 1401 1197 1470 imperator,
1243 1398 1534 1453 celebrato
1584 1397 1640 1452 in
1693 1395 2039 1450 Alamannia

384 1490 586 1546 Natale
615 1489 860 1554 Domini,
895 1489 963 1543 ad
999 1488 1185 1543 sancti
1227 1487 1375 1543 Galli
1425 1503 1657 1557 quoque
1704 1484 2032 1541 ccenobium

382 1578 542 1635 venit
591 1578 789 1648 ibique
832 1580 1062 1648 petente
1113 1575 1428 1631 Hardmoto
1477 1575 1686 1631 abbate
1726 1575 1850 1645 jam
1896 1587 2033 1628 sene

386 1667 787 1722 Beruhardum
823 1681 926 1736 pro
957 1680 1023 1719 eo
1055 1665 1327 1719 abbatem
1355 1662 1678 1728 constituit,
1715 1661 1815 1732 qui
1846 1661 2034 1716 eidem

382 1754 508 1812 loco
538 1772 616 1810 vn
648 1755 820 1809 annis
852 1753 1086 1825 przefuit
1119 1769 1130 1806 :
1165 1751 1408 1824 ipseque
1441 1751 1768 1807 Ratisbonaa
1814 1749 2036 1806 Pascha

381 1844 516 1916 egit.
551 1846 786 1914 Ratpert.
817 1873 885 1883 —-
909 1842 1104 1896 Romae
1127 1842 1387 1896 Joannes
1439 1856 1610 1912 papa,
1661 1839 1794 1896 dato
1841 1838 1954 1894 sibi
2000 1855 2034 1893 a

382 1933 636 2005 quodam
660 1931 988 2004 propinquo
1011 1947 1117 1986 suo
1139 1943 1520 1995 veneno,cum
1552 1927 1744 1984 adhuc
1771 1928 2033 1983 victurus

381 2021 710 2090 putaretur,
743 2016 952 2073 malleo
985 2032 1297 2088 percussus
1329 2016 1386 2071 in
1420 2015 1656 2071 cerebro
1688 2015 2031 2087 exepiravit;
2064 2012 2110 2078 B

381 2122 808 2178 percussorque
839 2107 987 2177 ejus,
1023 2108 1400 2161 concurrente
1427 2105 1622 2170 turba,
1656 2103 1859 2159 eadem
1892 2103 2034 2158 hora

380 2213 414 2251 a
442 2196 606 2253 nullo
663 2195 838 2251 laesus
881 2194 1092 2250 cecidit
1139 2198 1436 2261 mortuus;
1469 2197 1528 2248 et
1569 2192 1858 2259 Martinus
1883 2193 2030 2263 (394)

378 2284 831 2340 archidiaconus
853 2299 1004 2354 papa
1033 2299 1121 2348 cx,
1157 2283 1364 2347 factus,
1394 2281 1624 2352 priel‘uit
1655 2297 1808 2336 anno
1831 2297 2033 2348 I,men-

379 2372 545 2427 sibus
575 2375 988 2442 v1.1mperator
1017 2369 1256 2424 Carolus
1282 2369 1494 2423 iterum
1525 2370 1585 2423 in
1618 2368 1781 2424 Italia
1801 2368 2030 2424 obviam

380 2476 545 2532 papae
574 2459 764 2531 pergit
793 2462 851 2514 et
881 2457 1189 2512 Widonem
1239 2458 1449 2513 ducem
1489 2473 1656 2513 reum
1706 2457 2030 2529 majestatis

379 2551 719 2604 accusatum
764 2546 1083 2618 fugientem
1131 2546 1399 2618 persequi
1444 2545 1642 2616 jussit.
1694 2546 2032 2604 Pestilentia

378 2635 699 2692 exercitum
732 2635 976 2690 vexavit.
999 2636 1142 2690 Item
1169 2635 1424 2690 Saxones
1450 2651 1584 2690 cum
1615 2634 1954 2707 Thuringiis
1975 2639 2031 2691 et

380 2724 613 2797 Popone
643 2725 791 2796 (395)
823 2727 1153 2796 pugnantes
1203 2723 1459 2791 vincunt,
1512 2723 1858 2780 Nortmanni
1887 2723 2029 2780 item

378 2813 680 2871 Prumiam
713 2817 973 2885 petentes
1003 2830 1037 2869 a
1075 2811 1342 2869 Heinrico
1394 2811 1730 2869 marchione
1779 2813 2031 2884 Poponis

379 2901 556 2958 fratre
603 2902 675 2957 ad
721 2901 1173 2958 internecionem
1222 2902 1355 2958 caesi
1404 2907 1564 2959 sunt.
1606 2932 1675 2943 -η
1708 2901 2030 2957 Ludovicus

381 3005 481 3046 rex
509 2989 732 3060 Galliae,
763 2994 1073 3062 postquam
1122 3006 1368 3063 regnum
1417 2989 1642 3045 fortiter
1668 2990 1816 3046 rexit
1844 2993 1902 3045 et
1929 2990 2028 3046 ἀθ-

382 3078 906 3148 fendit,defunctus
929 3083 986 3134 et
1004 3078 1267 3135 Parisius
1292 3078 1557 3150 sepultus
1581 3081 1669 3134 est
1688 3085 1846 3134 sexto
1868 3078 2032 3151 regni

379 3183 533 3223 anno
577 3167 745 3239 (396).
791 3165 1132 3223 Zuentibald
1178 3167 1296 3222 dux
1343 3166 1774 3222 Marahensium
1806 3166 2030 3222 Panno-

374 3240 528 3325 hias,
561 3255 777 3327 quibus
808 3255 1085 3311 Arnolqu
1117 3255 1234 3311 dux
1263 3253 1420 3310 ﬁlius
1458 3254 1829 3311 Carlomanni
1878 3255 2032 3327 regis

377 3344 629 3415 praefuit,
662 3343 976 3400 crudeliter
1007 3349 1213 3401 vastat.
1246 3344 1446 3400 Annal.
1479 3343 1635 3398 Fuld.

447 3475 551 3530 884
583 3474 830 3546 Bajoarii
866 3476 926 3530 in
962 3474 1192 3531 Italiam
1241 3478 1445 3531 contra
1490 3474 1801 3530 Widonem
1843 3474 2028 3530 missi.

379 3563 521 3619 Item
555 3563 901 3620 Zuentibald
937 3564 1270 3620 Pannonias
1302 3563 1732 3619 immanissime
1770 3568 2028 3632 vastans,

380 3653 667 3724 quosdam
701 3669 770 3708 ex
801 3652 1086 3723 Bajoariis
1121 3654 1293 3723 juxta
1342 3651 1560 3707 Rabam
1595 3652 1716 3724 [a,),
1751 3652 2032 3725 Raabam]

376 3741 592 3797 ﬂumen
648 3741 879 3796 incaute
936 3758 1279 3814 congressos
1312 3740 1466 3807 vicit,
1500 3741 1826 3813 occisisque
1876 3739 2029 3808 aliis,

376 3829 691 3887 nonnullos
721 3830 1183 3904 comprehendit.
1208 3863 1274 3872 —
1303 3829 1455 3886 165
1488 3829 1910 3886 Carlomannus
1933 3845 2032 3885 rex

376 3917 754 3987 Galliaaﬁlius
788 3919 1061 3975 Ludovici
1095 3919 1420 3985 Balbi,cum
1440 3918 1684 3974 multam
1720 3918 2029 3991 pecuniam

373 4007 754 4064 Nortmannis
805 4025 910 4081 pro
959 4025 1099 4080 pace
1131 4009 1409 4076 dedisset,
1440 4007 1500 4063 in
1540 4011 1751 4064 venatu
1782 4007 1856 4063 ab
1889 4024 2029 4079 apro

374 4111 689 4167 percussus
718 4095 941 4152 interiit
967 4114 1121 4152 anno
1153 4097 1317 4170 regni
1337 4114 1439 4166 v11,
1461 4100 1520 4151 et
1550 4112 1796 4169 regnum
1829 4095 2028 4151 Galliae

376 4183 768 4241 ad'Carqum
800 4183 1215 4257 imperatorem
1264 4184 1456 4242 rediit.
1506 4184 1707 4242 Chron.
1761 4186 2023 4242 Nonnan.

2149 733 2498 786 conventum
2531 726 3232 786 habens.Zuentibaldum
3258 729 3470 785 ducem
3501 727 3818 784 Marahen-

2149 817 2306 874 sium
2329 835 2431 891 per
2458 834 2669 874 manus
2691 834 2752 873 se
2774 817 3033 874 dominio
3056 819 3186 888 ejus
3216 817 3816 888 tradentem,pacem-

2149 922 2263 979 que
2306 910 2362 963 et
2409 906 2710 963 servitium
2759 905 3198 978 promittentem
3243 906 3522 977 suscepit.
3550 907 3818 977 Itemque

2148 994 2558 1051 Brazlavonem
2610 995 2843 1062 ducem,
2876 995 2976 1066 qui
3008 995 3160 1050 inter
3206 994 3462 1050 Dravum
3497 997 3554 1049 et
3592 995 3814 1050 Savum

2148 1081 2356 1140 ﬂuvios
2374 1083 2684 1140 Pannoniae
2719 1082 3357 1156 prafuit,nihilominus
3379 1098 3442 1138 se
3473 1083 3812 1140 tradentem

2147 1171 2388 1243 accepit.
2428 1172 2557 1244 Ipse
2589 1187 2690 1244 per
2720 1175 3109 1227 Carentanum
3157 1171 3217 1226 in
3268 1170 3496 1227 Italiam
3542 1171 3808 1242 veniens,

2146 1258 2414 1315 Natalem
2447 1260 2679 1315 Domini
2712 1261 2900 1332 Papia
2928 1259 3260 1315 celebravit.
3294 1261 3499 1314 Annal.
3538 1261 3702 1315 Fuld.

2217 1351 2323 1404 885
2355 1350 2674 1420 Imperator
2703 1347 3175 1412 Carolus,habito
3208 1347 3268 1403 in
3305 1347 3471 1404 Italia
3491 1353 3806 1418 conventu,

2146 1437 2455 1493 Widonem
2488 1438 2695 1492 ducem
2722 1437 3192 1509 Spolelanum,se
3215 1441 3599 1493 excusantem
3625 1454 3806 1510 seque

2147 1527 2494 1582 subdentem
2526 1526 2786 1598 suscepit
2809 1525 2974 1580 :inde
3005 1525 3221 1581 Gallias
3253 1525 3456 1581 adiens
3489 1527 3807 1599 susceptis-

2147 1632 2260 1688 que
2289 1615 2664 1687 primoribus,
2698 1630 2944 1686 regnum
2977 1613 3142 1681 illud,
3181 1618 3244 1669 ut
3263 1614 3806 1689 videbatur,dispo-

2145 1703 2396 1772 nens,ad
2420 1703 2757 1758 condictum
2773 1719 2907 1758 cum
2930 1719 3082 1774 papa
3100 1701 3380 1774 placitum
3410 1703 3804 1760 Wormatiam

2142 1792 2317 1849 venit.
2351 1792 2460 1848 Sed
2495 1807 2664 1863 papa,
2707 1796 2936 1864 arrepto
2991 1791 3063 1846 ad
3097 1807 3231 1847 eum
3270 1792 3539 1848 veniendi
3574 1793 3802 1861 itinere,

2142 1881 2287 1938 obiit
2318 1881 2497 1953 (397);
2517 1880 2828 1952 Romaeque
2858 1897 2961 1952 pro
2993 1897 3060 1936 eo
3083 1880 3371 1936 Adrianus
3403 1881 3477 1936 III
3511 1898 3670 1954 papa
3691 1897 3803 1948 cxt,

2143 1969 2293 2024 sedit
2321 1986 2474 2024 anno
2507 1986 2546 2037 ι,
2579 1969 2882 2025 mensibus
2918 1985 2991 2024 ιν.
3027 1968 3215 2041 Suppl.
3251 1969 3502 2025 Lambec.
3524 2001 3599 2012 --
3627 1970 3802 2026 Gota-

2144 2057 2331 2112 fridus
2364 2074 2462 2112 rex
2489 2057 3278 2128 Nortmannorum,perﬁdiaa
3310 2061 3515 2114 contra
3545 2075 3801 2132 regnum

2141 2145 2494 2201 Francorum
2526 2145 3008 2214 insimulatus,ab
3030 2146 3176 2218 ipsis
3199 2147 3648 2203 accusatoribus
3672 2148 3801 2206 dolo

2141 2238 2480 2306 peremptus
2511 2233 2790 2306 est.Hugo
2821 2250 3056 2306 quoque
3087 2233 3307 2291 nothus
3337 2235 3599 2292 Lotharii
3625 2238 3800 2310 regis,

2141 2339 2275 2379 cum
2309 2323 2540 2378 incaute
2569 2327 2773 2378 contra
2811 2323 3226 2395 imperatorem
3277 2323 3546 2397 agitaret,
3599 2325 3801 2382 oculo-

2141 2427 2271 2466 rum
2301 2410 2429 2465 luce
2459 2410 2720 2482 privatus
2760 2414 2867 2478 est,
2904 2415 3034 2482 Reg.
3069 2442 3135 2452 —-
3166 2411 3282 2467 Pax
3311 2410 3464 2467 inter
3494 2413 3799 2470 Arnolfu'm

2139 2499 2446 2555 Carentani
2467 2503 2524 2554 et
2552 2499 2865 2555 Pannoniae
2888 2499 3096 2555 ducem
3120 2503 3177 2554 et
3199 2499 3655 2556 Zuentibaldum
3681 2502 3798 2559 Ma-

2139 2587 2450 2643 rahensem
2482 2586 2692 2642 ducem
2724 2586 3123 2643 confirmatur.
3161 2587 3362 2642 Annal.
3395 2587 3560 2644 Fuld.

2209 2675 2316 2730 886
2347 2675 2688 2747 Imperator,
2719 2674 3006 2731 celebrato
3059 2675 3394 2732 Ratisbonte
3446 2677 3657 2735 Natale
3687 2678 3796 2734 Do-

2124 2762 2544 2855 'mini,ltaliam
2575 2781 2609 2820 a
2639 2780 2790 2855 papa
2817 2762 3096 2821 invitatus
3127 2764 3366 2855 adiit,”
3384 2764 3796 2823 Liutwardum

2138 2851 2564 2909 Versellensem
2596 2853 2936 2925 episcopum
2959 2869 3062 2926 pro
3085 2851 3443 2925 quibusdam
3467 2856 3796 2926 quaerendis

2141 2941 2386 2998 Romam
2416 2941 2597 2999 misit.
2630 2940 2947 2999 Tumultus
2976 2942 3165 3015 Papiae
3197 2942 3349 2999 inter
3378 2943 3534 3000 cives
3574 2946 3793 3017 regios-

2141 3045 2254 3102 que
2283 3028 2498 3085 milites
2527 3029 2686 3102 gravi
2715 3033 3101 3102 utrorumque
3149 3031 3363 3087 damno
3408 3037 3696 3089 movetur.
3730 3065 3796 3076 --

2142 3119 2462 3190 Imperator
2489 3117 2687 3174 habito
2716 3123 2848 3191 post
2875 3118 3099 3175 Pascha
3128 3119 3320 3192 Papias
3347 3125 3662 3190 conventu,
3697 3140 3797 3196 per

2140 3207 2540 3280 Burgundiam
2571 3206 2788 3264 Gallias
2819 3211 3020 3264 contra
3047 3209 3444 3265 Nortmannos
3464 3210 3652 3282 petiit.
3693 3212 3792 3268 Ubi

2142 3313 2275 3353 cum
2307 3295 2461 3352 male
2491 3301 2694 3353 contra
2721 3311 2822 3353 eos
2851 3300 3176 3370 pugnatum
3198 3302 3372 3366 esset,
3395 3303 3454 3354 et
3485 3299 3793 3358 Heinricus

2062 3379 2104 3445 C
2143 3383 2402 3441 marchio
2434 3384 2714 3441 Neustriae
2742 3385 3135 3454 occubuisset,
3168 3387 3345 3442 rebus
3393 3387 3598 3445 minus
3631 3406 3793 3461 pros-

2140 3489 2275 3546 pere
2322 3474 2503 3547 gestis
2549 3475 2840 3531 discessit.
2886 3475 3042 3530 106
3089 3474 3462 3548 Peringarius
3510 3478 3638 3548 [al.,
3691 3479 3794 3535 Be-

2143 3563 2470 3636 rengarius]
2501 3563 2620 3618 dux
2652 3562 3086 3634 Forojuliensis,
3109 3579 3242 3618 cum
3275 3564 3620 3621 Luitwardo
3641 3567 3797 3639 epis-

2142 3668 2284 3724 copo
2327 3650 2700 3719 dissentiens,
2743 3649 3169 3707 Vercellensem
3219 3652 3425 3708 urbem
3480 3655 3788 3727 exspoliat.

2141 3738 2382 3796 Insolita
2409 3739 2717 3796 inundatio
2766 3738 3036 3795 autumni
3087 3743 3348 3812 tempore
3394 3741 3569 3810 iacta,
3608 3759 3792 3798 exun-

2142 3828 2416 3884 dantibus
2440 3827 2632 3899 aquis,
2668 3826 2954 3900 plurimas
2980 3826 3152 3884 villas
3171 3829 3376 3884 evertit
3405 3833 3463 3884 et
3492 3829 3705 3887 multis
3735 3833 3791 3888 in

2141 3916 2440 3973 montibus
2471 3917 2594 3973 vias
2621 3917 2822 3985 diruit,
2855 3915 3156 3988 multaque
3184 3915 3534 3976 mortalibus
3575 3920 3794 3976 damna

2138 4005 2356 4061 intulit.
2404 4006 2598 4062 Romae
2634 4005 2876 4078 quintus
2926 4005 3254 4077 Stephanus
3283 4006 3432 4079 (398)
3462 4023 3620 4080 papa
3677 4025 3793 4066 σιω

2141 4098 2275 4167 post
2322 4094 2649 4150 Adrianum
2691 4094 3018 4161 ordinatus,
3069 4095 3223 4151 sedit
3269 4096 3439 4152 annis
3477 4113 3554 4152 vx.
3592 4099 3802 4154 Annal.

2142 4182 2296 4238 Fuld.

1431 4420 1908 4478 COMPENDIUM
1946 4423 2034 4479 EX
2073 4420 2326 4479 CODICE
2363 4421 2746 4478 BERNOLDI.

447 4530 554 4599 883
605 4545 784 4599 Romae
837 4547 1074 4602 Joannes
1125 4562 1271 4620 papa
1330 4562 1372 4603 α
1432 4547 1672 4619 quodam
1737 4549 2032 4604 toxicatus.
2065 4553 2112 4618 D
2142 4548 2283 4603 nuit.

379 4634 546 4688 etiam
572 4650 604 4688 a
637 4633 872 4704 quodam
920 4636 1030 4690 alio
1076 4651 1364 4706 percussus
1407 4636 1607 4690 malleo
1635 4635 1789 4704 obiit,
1815 4639 2031 4692 statim-

375 4737 480 4791 que
512 4737 804 4793 percussor
830 4726 950 4795 ejus
979 4741 1012 4778 a
1053 4725 1275 4779 nemine
1322 4725 1486 4780 laesus
1531 4725 1767 4779 moritur
1793 4744 1814 4779 .·
1843 4733 1894 4780 et
1919 4727 2028 4780 Ma-

376 4810 536 4866 rinus
566 4810 992 4867 archidiaconus
1012 4828 1158 4885 papa
1196 4828 1267 4868 ex
1291 4814 1502 4885 profuit
1530 4828 1675 4868 anno
1705 4829 1835 4884 uno,
1873 4831 2030 4870 men-

374 4899 524 4956 sibus
553 4916 669 4957 sex.
698 4899 996 4957 Ludovicus
1030 4917 1133 4956 rex
1163 4901 1353 4958 Gallia
1383 4902 1542 4957 obiit.

443 4989 548 5045 884
577 4989 1009 5046 Carolomannus
1055 4990 1208 5059 ﬁlius
1235 4990 1494 5046 Ludovici
1537 4991 1720 5056 Balbi,
1762 5007 1863 5046 rex
1904 4991 2031 5048 Gal-

375 5077 491 5146 lia},
521 5078 656 5134 obiit
683 5085 738 5134 et
761 5094 994 5148 regnum
1037 5076 1236 5135 Gallia?
1263 5079 1495 5136 Carolus
1541 5081 1846 5152 imperator
1892 5080 2031 5136 obti-

2209 4636 2316 4692 885
2343 4637 2587 4692 Marinus
2611 4653 2760 4708 papa
2788 4637 2946 4706 obiit,
2973 4651 3077 4707 pro
3105 4650 3210 4706 quo
3230 4635 3508 4692 Adrianus
3537 4637 3637 4711 ιιι,
3657 4657 3806 4713 papa

2138 4742 2250 4792 cxx,
2281 4725 2421 4780 sedit
2447 4741 2592 4780 anno
2623 4741 2751 4793 uno,
2783 4724 3063 4780 mensibus
3096 4728 3333 4796 quatuor
3361 4766 3375 4780 .

2208 4814 2314 4869 886
2369 4815 2675 4886 Imperator
2729 4831 2763 4870 a
2811 4829 2960 4887 papa
3023 4814 3292 4870 invitatus
3349 4815 3574 4872 Italiam
3633 4820 3803 4873 venit.

2137 4907 2327 4960 Romae
2355 4903 2580 4974 quintus
2609 4901 2917 4976 Stephanus
2939 4909 3059 4975 post
3085 4902 3401 4960 Adrianum
3441 4904 3586 4961 sedit
3636 4908 3806 4963 annis

2138 5006 2237 5046 sea:
2244 5031 2256 5045 .

1961 5232 2194 5291 NOTAE.

375 5349 594 5476 laxi?)
626 5353 854 5426 Reliqui
882 5355 1134 5414 Annales
1172 5373 1366 5431 regem
1409 5358 1786 5415 Godefridum
1827 5357 2024 5431 appel-

445 5491 594 5564 (394)
623 5494 875 5576 Annales
907 5498 1070 5576 Fuld.
1099 5505 1249 5557 recte
1279 5502 1542 5569 Marinus,
1579 5501 1677 5574 qui
1712 5501 1771 5555 id
1816 5501 1884 5556 ad
1919 5518 2022 5558 an-

374 5577 526 5636 num
544 5571 804 5636 priorem
835 5571 1115 5629 referunt.

443 5633 595 5781 (3953
620 5636 952 5716 Thuriugiae
981 5644 1148 5700 duce.

446 5705 574 5777 (396
597 5707 772 5770 Juxta
803 5715 1057 5774 Annales
1089 5717 1148 5771 Bt

446 5705 772 5777 (396lJllxta
803 5705 1057 5774 Annales
1089 5715 1455 5773 Bertinianos
1491 5713 1812 5771 Ludovicus
1844 5714 2020 5769 Fran-

2133 5358 2231 5413 ciae
2251 5374 2348 5413 rex
2351 5357 2375 5428 j
2380 5371 2479 5431 am
2492 5373 2692 5431 mense
2708 5361 2972 5431 Augusto
2985 5373 3137 5414 anno
3146 5358 3343 5431 priore
3354 5359 3678 5419 defunctus
3690 5365 3801 5419 est.

2203 5431 2351 5502 (397)
2380 5429 2555 5502 Papa,
2589 5430 2690 5501 qui
2739 5429 3059 5485 in'itinere
3109 5429 3273 5487 obiit.
3319 5431 3620 5490 Adrianus
3664 5432 3801 5502 fuit,

2132 5499 2772 5573 non_Marianus'ejus
2827 5504 3180 5569 antecessor,
3207 5502 3336 5573 jam
3389 5518 3596 5561 mense
3646 5499 3802 5562 Maio

2133 5589 2224 5626 an.
2251 5571 2356 5630 88a
2389 5574 2679 5626 mortuus.

2203 5643 2350 5717 {398)
2401 5641 2806 5717 stephanusV
2846 5643 2976 5717 jam
3009 5658 3214 5700 mense
3258 5644 3594 5717 Septembri
3646 5663 3805 5703 anno

2131 5712 2634 5786 priore'suﬂ‘ectus
2663 5719 2752 5770 est
2778 5712 3054 5770 Adriano.
3147 5749 3158 5756 ρ
