3982 6216
436 334 568 416 ω

1273 352 1685 423 HERMANNI
1728 352 2167 422 CONTRACTI
2208 354 2625 424 AUGIENSIS
2669 355 3060 444 MONACBIJ

3754 358 3886 431 212

1820 508 2051 565 ΟΟΠΕΧ
2086 507 2486 565 AUGIENSIS.

450 600 638 661 ferme
664 621 727 674 ιι,
753 607 810 660 et
836 608 969 676 post
997 604 1153 661 hunc
1180 606 1436 663 Joannes
1466 608 1530 677 X,
1556 624 1709 680 papa
1736 607 1971 674 CXXVI,
1998 624 2097 663 an-
2128 614 2180 676 Α
2209 607 2461 680 bateque
2492 608 2737 665 cmnobii
2770 609 2955 665 sancti
2985 608 3135 665 Galli
3164 609 3465 679 defuncto,
3486 610 3801 685 Notingus
3821 611 3889 668 in

454 692 548 750 nis
576 710 689 764 xw,
722 695 1024 749 mensibus
1060 712 1098 750 ιι
1130 695 1299 765 (439).

522 782 628 837 916
655 782 937 854 Hungarii
978 784 1118 840 item
1151 785 1368 857 egressi
1402 784 1552 840 inter
1583 784 1697 840 alia
1728 785 1883 841 mala
1916 789 2097 841 totam

450 887 597 944 pene
624 870 1032 929 Alamanniam
1063 874 1197 945 igne
1222 878 1278 930 et
1302 874 1495 947 gladio
1527 873 1939 930 miserabiliter
1967 890 2099 928 vas-

450 963 600 1015 tant.
632 961 831 1016 Annal.
863 961 1011 1017 Saxo
1053 979 1145 1017 an.
1178 962 1303 1018 915.
1328 994 1396 1003 -
1423 964 1554 1035 Ipso
1603 980 1754 1019 anno
1801 964 1954 1035 apud
2006 961 2099 1016 A1-

450 1047 635 1105 theim
667 1066 862 1106 coram
906 1052 1088 1106 misso
1134 1051 1451 1123 apostolico
1496 1052 1755 1125 synodus
1785 1052 2004 1107 habita.
2032 1082 2099 1092 —

449 1140 649 1213 Augize
681 1139 990 1213 Thictingo
1034 1141 1242 1197 abbate
1288 1142 1584 1208 defuncto,
1637 1140 1969 1196 Ilieribraht
2000 1141 2099 1195 ab-

451 1228 558 1287 bas
606 1228 725 1294 ΧΧ,
757 1228 986 1300 prmfuit
1030 1230 1203 1286 annis
1232 1249 1286 1285 x.
1329 1231 1494 1301 Apud
1548 1234 1815 1285 sanctum
1867 1228 2097 1283 Gallum

453 1317 624 1373 beata
652 1316 814 1387 virgo
844 1316 1163 1373 Wiborada
1194 1318 1413 1373 arctius
1444 1317 1672 1373 inclusa
1699 1322 1809 1373 est.
1843 1318 2040 1388 llcpiit.

518 1406 625 1460 917
658 1405 941 1477 Hungarii
981 1424 1240 1477 pervasa,
1276 1412 1340 1462 ut
1385 1410 1696 1478 cciperant,
1731 1406 2096 1471 Alamannis,

450 1492 740 1575 Basileam
758 1494 964 1551 urbem
983 1495 1323 1564 destruunt;
1343 1496 1592 1567 indeque
1610 1495 1832 1550 Alsatia
1854 1498 2099 1561 vastata,

448 1581 707 1639 Lotbarii
738 1599 1006 1655 regnum,
1043 1584 1229 1640 multa
1271 1584 1426 1640 mala
1458 1584 1758 1651 facientes,
1793 1583 2097 1640 invadunt.

448 1672 573 1743 Reg.
607 1671 761 1727 Cant.
784 1702 856 1714 —-
884 1673 1235 1747 Erchanger,
1268 1673 1369 1745 qui
1416 1674 1697 1728 ducatum
1740 1671 2102 1727 Alamanniae

442 1760 756 1830 invaserat,
790 1779 924 1818 cum
973 1763 1149 1819 fratre
1185 1762 1496 1819 Bertholdo
1527 1762 1645 1834 regi
1695 1761 1958 1817 Conrado
2007 1778 2094 1817 re-

442 1848 748 1919 bellantes,
766 1852 939 1923 eique
962 1852 1197 1908 tandem
1215 1852 1284 1907 ad
1305 1851 1660 1908 deditionem
1678 1867 1785 1922 spe
1806 1849 2096 1922 pactionis

2205 696 2548 770 episcopatu
2580 698 2752 754 annis
2782 716 2873 766 xv,
2906 698 3307 757 Hartmannus
3351 699 3412 755 in
3452 699 3701 757 abbatia
3732 717 3888 774 qua-

2204 788 2337 841 tuor
2370 788 2549 842 ferme
2578 788 2749 842 annis
2780 792 3213 843 successerunt.
3247 789 3343 843 Αι.
3374 805 3430 844 a.
3461 789 3591 844 920.

2273 877 2381 929 920
2410 875 2649 931 Carolus
2684 893 2780 930 rex
2810 874 3134 931 Galliarum
3165 876 3225 931 in
3258 877 3567 933 Franciam
3599 877 3762 951 (443)
3786 895 3889 935 ve-

2206 963 2310 1018 nit.
2336 964 2504 1035 Apud
2536 968 2810 1019 sanctum
2845 962 3077 1020 Gallum
3110 964 3409 1022 Racbildis
3442 966 3608 1039 virgo
3640 965 3889 1025 inclusa

2204 1054 2312 1105 est.
2346 1052 2537 1122 llepid.

2274 1140 2379 1193 922
2414 1140 2764 1196 Liuthardus
2797 1158 2829 1195 a
2874 1139 3178 1198 Buchardo
3223 1142 3393 1210 duce,
3425 1157 3717 1214 oppresso
3770 1143 3886 1200 He-

2207 1227 2418 1284 riberto
2448 1232 2618 1302 (444),
2651 1230 2846 1301 Augim
2880 1230 3249 1303 praepositus,
3282 1234 3342 1287 et
3385 1229 3596 1285 fratres
3630 1230 3697 1286 in
3731 1234 3886 1289 exsi-

2207 1318 2349 1373 lium
2383 1319 2548 1375 missi
2580 1324 2736 1375 sunt.

2274 1408 2379 1461 923
2402 1408 2653 1481 Sanguis
2667 1407 2899 1463 Domini
2922 1407 2979 1463 in
2998 1407 3246 1480 Augiam
3269 1406 3529 1465 insulam
3553 1426 3588 1463 a
3609 1411 3881 1482 quadam

2206 1501 2475 1552 matrona
2502 1497 2780 1565 defertur,
2809 1496 2983 1552 sicuti
3009 1495 3220 1552 litteris
3249 1495 3393 1552 inibi
3417 1496 3713 1554 historica
3734 1499 3884 1556 rela-

2206 1584 2360 1639 tione
2389 1586 2537 1656 (445)
2569 1586 2914 1641 continetur.
2941 1585 3109 1657 Apud
3158 1588 3433 1640 sanctum
3480 1583 3729 1641 Gallum
3762 1588 3883 1644 En-

2204 1672 2501 1745 gelbertus
2533 1674 2711 1730 abbas
2742 1674 3097 1729 constitutus
3130 1672 3303 1728 annis
3333 1690 3390 1728 ιχ
3425 1673 3669 1745 praefuit
3698 1675 3878 1749 (446).

2272 1762 2378 1817 924
2408 1767 2658 1819 Sanctus
2685 1762 3029 1818 Voldaricus
3072 1764 3349 1835 Augusta;
3379 1760 3709 1819 Vindelicos
3753 1766 3878 1838 epi-

2204 1866 2418 1922 scopus
2465 1851 2771 1907 ordinatus
2802 1852 2975 1922 (447),
3010 1850 3160 1906 mira
3204 1848 3422 1922 pietate
3472 1854 3534 1907 et
3581 1852 3877 1927 religione

442 1939 764 2008 venientes,
793 1940 920 2013 ipso
941 1941 1188 2040 jubente
1216 1940 1373 2013 apud
1402 1939 1601 1996 villam
1629 1940 1921 2011 Adingam
1946 1938 2095 2010 (440)
2124 1975 2174 2040 Β
2204 1939 2435 2012 praefuit
2462 1940 2629 1996 annis
2658 1958 2708 1994 L.

452 2028 818 2086 decollantur
855 2046 935 2085 xu
985 2029 1109 2085 Kal.
1142 2025 1307 2086 Febr.
1340 2030 1539 2086 Chron.
1572 2030 1710 2099 Aug.
1742 2028 1937 2083 Ekkeh.
1961 2028 2090 2099 jun.

505 2117 612 2174 918
643 2117 1023 2175 Burchardus
1045 2119 1217 2190 (441),
1242 2119 1362 2176 dux
1379 2117 1735 2175 Alamanniae
1761 2117 1968 2183 factus,
2004 2119 2095 2187 ty-

442 2207 750 2264 rannidem
808 2208 1041 2264 invasit.
1074 2208 1377 2265 Conradus
1435 2222 1535 2263 rex
1593 2206 1737 2264 obiit
1766 2206 1913 2278 (442)
1954 2207 2090 2277 Reg.

437 2299 581 2351 cont.

516 2383 672 2440 I78
697 2384 804 2439 919
842 2383 1149 2439 Heinricus
1197 2400 1393 2441 comes
1432 2384 1666 2440 natione
1705 2383 1851 2438 Saxo
1897 2381 1956 2437 in
1998 2396 2091 2436 rc-

437 2487 623 2545 gnum
653 2470 892 2540 electus,
925 2472 1053 2528 sine
1084 2471 1265 2543 regali
1306 2473 1583 2529 unctione
1628 2470 1891 2543 regnavit
1920 2468 2090 2526 annis

434 2577 598 2618 xvxn.
630 2560 940 2616 Witichind.
966 2560 1261 2633 —-Pugna
1288 2561 1444 2633 apud
1476 2561 1906 2616 Winterturum
1940 2559 2091 2613 inter

433 2648 794 2706 Ruodolfum
826 2665 1024 2722 regem
1065 2650 1416 2722 Burgundie
1458 2653 1516 2705 et
1552 2649 1948 2707 Burchardum
1976 2648 2086 2703 du-

433 2754 567 2795 cem
595 2738 958 2795 Alamanniae
986 2739 1323 2807 commissa,
1349 2756 1446 2794 rex
1476 2757 1510 2795 a
1537 2740 1683 2795 duce
1712 2738 1899 2794 victus
1921 2737 2084 2809 fuga-

434 2829 553 2883 tur.
585 2826 776 2900 Hepid.
797 2858 863 2869 -
886 2826 1195 2884 Salomone
1216 2827 1487 2901 episcopo
1509 2827 1952 2885 Constantianae
1982 2825 2082 2881 ab-

2274 2029 2381 2084 925
2405 2028 2719 2101 Hungariis
2747 2028 2886 2083 item
2907 2026 3319 2084 Alamanniam
3341 2028 3633 2086 vastando
3664 2047 3872 2103 perva-

2204 2116 2501 2188 gantibus,
2524 2121 2583 2173 et
2610 2117 2681 2173 ad
2710 2116 3043 2172 cmnobium
3066 2132 3302 2189 quoque
3320 2117 3511 2173 sancti
3545 2117 3708 2174 Galli
3739 2136 3873 2192 per-

2200 2205 2593 2275 venientibus,
2624 2205 2937 2261 Wiborada
2981 2204 3142 2278 virgo
3188 2204 3442 2271 inclusa,
3474 2205 3673 2263 fracta
3699 2206 3871 2278 cella,

2202 2310 2235 2348 a
2265 2296 2517 2366 quodam
2548 2312 2618 2351 ex
2644 2294 2730 2350 eis
2777 2297 3080 2367 perempta
3125 2297 3184 2349 et
3230 2294 3511 2363 martyrio
3559 2302 3869 2370 coronata,

2201 2382 2618 2456 Rachildisque
2647 2381 2989 2439 contectalis
3018 2382 3148 2454 ejus
3179 2381 3364 2439 illaesa
3397 2382 3696 2441 divinitus
3728 2402 3868 2444 con-

2200 2476 2429 2527 servata
2455 2477 2544 2527 est
2573 2472 2743 2544 (448).

2269 2561 2421 2616 179
2454 2560 2559 2614 926
2608 2559 2915 2633 Hungarii,
2968 2563 3194 2616 vastata
3247 2558 3624 2632 Alamannia,
3680 2567 3867 2626 totam

2196 2647 2522 2717 Franciam,
2554 2649 2834 2705 Alsatiam
2884 2652 3060 2721 atque
3091 2647 3343 2705 Galliam
3379 2647 3517 2721 igne
3554 2653 3617 2705 et
3665 2649 3863 2724 gladio

2196 2737 2499 2793 saevientes
2528 2741 2896 2810 percurrunt.
2922 2736 3051 2806 Reg.
3083 2741 3305 2793 eont.—-
3325 2737 3721 2796 Burchardus
3746 2741 3864 2801 dux

2195 2825 2481 2880 occiditur
2510 2827 2678 2898 (449).
2720 2827 2957 2897 Luitpr.;
3002 2827 3289 2881 Hartman.
3313 2856 3384 2866 —-
3416 2825 3719 2885 Henricus
3765 2844 3860 2885 rex

1477 2933 1951 2991 COMPENDIUM
1990 2931 2082 2987 EX
2119 2929 2375 2988 CODICE
2414 2931 2798 2989 BERNOLDI.

504 3034 614 3091 916
643 3036 913 3107 Hungarii
963 3038 1130 3091 totam
1178 3034 1564 3090 Alemanniam
1615 3035 1741 3105 igne
1796 3036 1847 3088 et
1900 3031 2085 3103 gladio

435 3127 672 3181 vastant.
720 3122 968 3196 Synodus
1011 3140 1195 3181 coram
1238 3125 1401 3180 misso
1450 3124 1733 3197 apostolici
1776 3124 1935 3178 Petro
1982 3123 2081 3180 Os-

438 3214 602 3270 tiensi
631 3213 779 3286 (450)
808 3215 1050 3285 episcopo
1077 3212 1223 3285 apud
1258 3212 1475 3269 Atheim
1521 3220 1598 3267 est
1646 3211 1852 3277 habita,
1885 3212 1946 3265 in
1976 3226 2084 3281 qua

433 3303 639 3376 synodo
663 3304 913 3374 generali
937 3302 1149 3359 decreto
1176 3304 1476 3369 sancitum,
1510 3306 1570 3357 ut
1599 3303 1907 3373 quicunque
1935 3299 2086 3354 dein-

432 3406 556 3465 ceps
586 3391 827 3448 bannum
856 3392 923 3447 ab
954 3394 1201 3465 episcopo
1248 3393 1561 3464 impositum
1610 3390 1955 3462 corrupisset,
1983 3403 2085 3459 per

2193 3029 2305 3087 diae
2331 3033 2483 3086 vicit.

2263 3121 2371 3174 920
2399 3120 2623 3177 Carolus
2653 3137 2820 3178 rex...
2852 3122 3067 3177 inclusa
3094 3125 3192 3177 est.

2264 3211 2371 3265 923
2396 3210 2632 3283 Sanguis
2682 3212 2969 3266 Domini...
3014 3211 3182 3266 sicuti
3224 3209 3429 3265 litteris
3474 3210 3632 3268 inibi
3674 3215 3848 3270 mani-

2192 3300 2445 3369 festatur.

2262 3390 2367 3444 924
2398 3389 2451 3444 S.
2485 3389 2768 3446 Udalricus
2796 3389 3053 3461 Augusta!
3078 3388 3378 3447 Vindelicee
3395 3393 3691 3466 episcopus
3712 3407 3849 3469 pra-

421 3451 705 3550 jeiunium
734 3496 805 3533 χι.
849 3451 1064 3535 dierum
1094 3451 1149 3533 in
1178 3451 1339 3550 pane.
1362 3482 1580 3533 tantum
1606 3482 1657 3533 et
1687 3451 1831 3550 aqua
1876 3451 2080 3532 ets-ale
2108 3451 2154 3522 α
2189 3481 2299 3551 fuit
2330 3494 2501 3533 annos
2532 3494 2581 3533 L.

428 3569 779 3623 commissum
809 3569 999 3625 lueret.
1034 3568 1191 3641 Apud
1222 3568 1274 3623 S.
1312 3569 1596 3633 Gallum..,
1627 3569 1705 3622 est
1737 3568 1969 3622 inclusa.

495 3656 603 3711 917
633 3658 709 3714 Ab
749 3659 1058 3727 Hungariis
1111 3657 1333 3712 Basilea
1378 3656 1697 3712 destruilur.
1755 3655 2079 3724 Erchanger

423 3744 539 3801 dua:
567 3750 618 3802 et
646 3748 824 3818 frater
850 3747 967 3818 ejus
998 3746 1361 3802 decollantur.

492 3834 598 3890 918
620 3834 970 3891 Burchardus
1010 3835 1127 3891 dux
1171 3836 1517 3893 Alemanniee
1562 3836 1908 3901 constitutus,
1939 3838 2073 3901 etc.,

424 3925 490 3979 ut
515 3924 662 3996 Aug.

487 4012 596 4067 919
622 4013 887 4070 Henricus
1221 4016 1471 4087 regnavit
1516 4017 1681 4070 annis
1723 4031 1883 4070 xvm.
1931 4015 2073 4069 Bur-

417 4099 652 4160 chardus
679 4102 795 4159 dua:
821 4103 1161 4159 Alemannis;
1209 4102 1552 4175 Rudolphum
1591 4119 1772 4176 regem
1817 4106 2075 4177 Burgun-

2256 3569 2364 3623 925
2392 3569 2701 3637 Hungariis
2726 3570 2856 3623 item
2883 3568 3271 3624 Alemanniam
3295 3571 3722 3628 vastantibus...
3747 3575 3848 3629 vir-

2184 3673 2250 3729 go
2280 3658 2514 3725 inclusa,
2546 3674 2583 3711 a
2613 3656 2842 3727 quodam
2886 3670 3074 3713 eorum
3111 3661 3421 3730 perempta,
3452 3663 3734 3734 martyrio
3764 3678 3843 3719 co-

2183 3754 2481 3804 ronatur...
2510 3749 2826 3802 conservata
2855 3748 2949 3801 est.

2253 3837 2360 3893 926
2389 3836 2683 3904 Hungarii,
2715 3838 2927 3890 vastata
2955 3834 3301 3905 Alemannia,
3331 3852 3436 3908 per
3462 3840 3645 3895 totam
3672 3841 3845 3897 Fran-

2181 3928 2346 3994 ciam,
2379 3925 2646 3981 Alsatiam
2686 3927 2849 3994 atque
2892 3923 3131 3979 Galliam
3172 3926 3299 3996 igne
3345 3934 3399 3981 et
3444 3926 3637 3997 gladio
3679 3927 3842 3985 desae-

2180 4017 2357 4072 viunt.
2390 4011 2742 4071 Burchardus
2764 4011 2881 4069 dux
2908 4011 3191 4080 occiditur,
3209 4028 3313 4084 pro
3342 4030 3451 4086 quo
3469 4016 3841 4075 Herimannus

2184 4104 2519 4161 Alamanniae
2547 4100 2663 4155 duo:
2692 4100 2950 4172 efﬁcitur.

2010 4212 2249 4271 ΝΟΤΕ.

666 4308 771 4389 llic
800 4308 941 4389 o_rdo
970 4307 1241 4363 inversus
1268 4308 1385 4373 est;
1406 4306 1619 4389 tando
1648 4308 1807 4389 enim
1837 4311 2069 4389 δτι-916

418 4375 583 4444 obiit,
618 4375 710 4433 cui
741 4380 944 4435 eodem
977 4394 1131 4433 anno
1162 4375 1449 4431 successit
1465 4377 1720 4432 Joannes
1754 4379 1818 4446 Χ,
1846 4385 1903 4434 et
1932 4381 2068 4438 huic

418 4448 680 4525 primum
709 4466 803 4525 an.
832 4452 939 4505 928
971 4449 1213 4525 quj/l,
1246 4446 1346 4518 qui
1377 4462 1492 4501 non
1523 4448 1776 4517 duobus,
1808 4451 1908 4506 sed
1936 4469 2068 4525 sep-

415 4519 537 4592 tem
562 4521 879 4592 mensibus
905 4519 1158 4592 praefuit.

488 4589 636 4659 (440)
665 4591 799 4654 Quae
835 4586 922 4645 sit
959 4590 1082 4644 haec
1129 4586 1268 4643 villa
1316 4586 1551 4657 Adinga,
1585 4588 1740 4645 haud
1799 4597 2065 4651 notatum

417 4658 632 4729 reperi;
659 4660 888 4715 videtur
918 4664 1116 4715 autem
1163 4673 1294 4712 esse
1341 4659 1554 4729 Ottinga
1578 4660 1740 4718 vicus
1770 4661 1829 4716 in
1862 4665 2065 4721 eodem

416 4745 565 4801 pago
598 4729 911 4787 Rhaetiensi
943 4731 1016 4786 ad
1045 4729 1380 4784 Wernizam
1419 4745 1650 4785 amnem

485 4802 637 4871 (441)
676 4801 888 4873 Saevus
941 4802 1260 4873 principum
1315 4816 1565 4873 assenssu
1620 4804 1880 4858 statuitur
1934 4807 2061 4861 Ala-

411 4874 632 4944 mannis
661 4872 777 4927 dua:
802 4871 1017 4944 primus
1046 4871 1398 4944 Burchardus
1438 4873 1613 4940 gentis
1645 4875 1801 4929 illius
1829 4877 2056 4932 nobilis-

410 4942 584 4997 simus
612 4948 665 4997 et
711 4941 977 4998 virtutum
1022 4943 1141 4996 dote
1194 4941 1639 5011 probatissimum
1695 4947 1868 5001 verba
1920 4954 2058 5003 sunt

413 5011 740 5084 Efkkebardi
769 5012 1033 5068 Junioris
1064 5030 1119 5084 p.
1158 5013 1242 5066 19.
1276 5012 1355 5068 De
1386 5030 1451 5069 eo
1479 5014 1594 5070 vid.
1629 5016 1960 5074 Tentzelius
1995 5020 2055 5075 in

410 5083 681 5155 vindiciis
714 5084 927 5155 p.218,
960 5083 1083 5138 228.

414 5154 868 5276 FEﬁlia].
897 5154 1026 5210 Jan.
1051 5170 1119 5209 ex
1149 5154 1408 5209 Mariano
1430 5156 1598 5212 Scoto
1629 5162 1686 5212 et
1716 5158 2055 5233 Necrologio

462 5239 711 5277 UIGCDSI.

410 5359 423 5374 ο
479 5293 627 5364 (443)
649 5292 888 5374 Carolus
918 5295 1165 5374 simplex
1191 5295 1343 5352 Gal].
1376 5314 1472 5374 rex
1501 5303 1703 5374 contra
1734 5300 2052 5374 Henricum

407 5364 468 5414 in
500 5378 716 5432 pagum
749 5364 1235 5423 Wormatiensem
1268 5368 1464 5425 movit.
1496 5371 1796 5426 Frodoard.
1839 5372 2048 5427 Witich.

481 5432 628 5506 (444)
685 5436 878 5492 Abbas
944 5439 1038 5494 hic
1099 5440 1412 5506 Augiensis
1486 5443 1555 5496 ad
1617 5458 1668 5495 a.
1727 5443 1835 5496 916
1892 5443 2048 5497 Heri-

408 5500 892 5628 :ra%ti'vocatur.
927 5510 1053 5566 Vid.
1117 5500 1335 5566 Mabill.
1395 5514 1543 5566 Ann.
1610 5513 1821 5567 Bened.
1856 5518 1898 5567 t.
1955 5515 2049 5579 lll,

479 5643 964 5725 (415))Historiam
1007 5652 1186 5725 hujus
1223 5651 1636 5725 translationis
1657 5671 1723 5708 ex
1754 5654 2050 5725 membra-

408 5726 581 5773 naceo
609 5723 884 5796 Augiensi
916 5721 1113 5781 codice
1142 5724 1304 5779 dedit
1340 5721 1717 5779 Mabillonius
1750 5723 1788 5778 l.
1823 5740 1873 5778 c.
1906 5724 2048 5780 Cod.

2177 4306 2523 4380 Engelberg.
2587 4308 2751 4360 notat
2805 4304 2961 4360 diem
3012 4321 3069 4359 v1
3128 4304 3188 4359 Id
3245 4304 3387 4361 Nov.
3454 4306 3575 4363 νεά.
3636 4310 3839 4366 Annal.

2178 4381 2401 4575 ῗῖὲέὲ)
2462 4446 2838 4519 Hepidannus
2894 4444 3006 4502 hoc
3062 4447 3135 4502 ad
3193 4464 3423 4505 annum
3493 4454 3833 4524 sequentem

2180 4526 2398 4663 regi?)
2431 4588 2664 4647 Scilicet
2716 4590 2810 4646 die
2861 4591 2931 4645 28
2977 4589 3111 4647 Dec.
3165 4607 3262 4646 an.
3293 4591 3424 4647 923.
3455 4592 3600 4663 Pag.
3634 4593 3710 4651 ad
3744 4611 3834 4650 an.

2174 4664 2398 4805 A92(l‘li48)
2427 4730 2558 4805 Yid.
2591 4731 2975 4805 Hopidannus
3002 4733 3212 4790 Junior
3239 4734 3312 4790 de
3335 4733 3475 4791 Vita
3500 4739 3563 4792 et
3590 4735 3834 4795 miracu-

2172 4803 2687 4930 liséSdﬁrEiboradsa
2729 4805 2885 4876 apud
2917 4804 3260 4861 Goldastum
3308 4806 3445 4862 Iter.
3479 4806 3686 4865 Germ.
3718 4813 3761 4866 t.
3789 4810 3828 4877 Ι,

2172 4893 2229 4930 n.
2376 4916 2389 4928 .
2976 4895 2987 4904 ·

2418 4942 2647 4999 Scilicet
2683 4943 2741 4999 in
2784 4944 2951 5001 Italia
2976 4895 3253 5003 ‘Rudolfo
3303 4948 3666 5020 Burgundim
3713 4950 3827 5024 regi

2167 5016 2450 5073 auxilium
2484 5016 2695 5070 ferens.
2725 5016 2924 5073 Chron.
2948 5017 3081 5073 δατ.
3105 5017 3170 5072 In
3201 5016 3353 5075 libro
3385 5020 3824 5079 fraternitatum
3898 5039 3905 5045 “

2165 5093 2221 5142 8.
2256 5085 2403 5143 Galli
2434 5086 2761 5172 (Gocnas'r‘...
2793 5093 2834 5142 t.
2869 5088 2936 5155 ΙΙ,
2969 5106 3026 5160 p.
3063 5089 3190 5169 153)
3221 5090 3656 5172 ubi‘solemnis
3682 5110 3824 5172 quo-

2165 5175 2280 5284 gue
2319 5164 2794 5242 commemoratio
2845 5175 2948 5230 pro
2999 5175 3066 5214 eo
3118 5164 3396 5244 instituta
3445 5166 3561 5233 est,
3594 5164 3825 5247 notatur

2208 5245 2258 5284 ie
2287 5230 2484 5284 obitus
2527 5244 2589 5281 ιιι
2628 5228 2687 5283 d.
2718 5228 2881 5293 Nov.,
2915 5246 2969 5284 a.
2999 5231 3125 5285 925.
3160 5230 3273 5287 Sed
3316 5250 3379 5288 in
3425 5233 3719 5292 Chronico
3764 5236 3819 5293 S.

2164 5271 2696 5383 δ’ξιλῑχδδῖιηξέεξ,
2719 5271 3820 5383 gignit-$17.55;assume;

2164 5371 2441 5446 scribitur
2475 5386 2537 5446 a.
2570 5371 2761 5446 926,2
2791 5371 2946 5439 Maii,
2981 5371 3126 5427 feria
3158 5371 3222 5441 i1,
3256 5391 3387 5446 quas
3421 5371 3562 5434 nota
3607 5394 3821 5436 annum
3908 5428 3909 5437 χ

2163 5442 2586 5513 praicedentem
2613 5440 2857 5513 indicat.
3272 5440 3291 5446 ’
3906 5492 3907 5505 χ

2234 5512 2382 5591 (450)
2596 5510 2667 5591 de
2723 5511 2867 5591 bac_
2889 5514 3347 5591 synodo_Conc.
3399 5518 3609 5591 Germ.
3661 5524 3705 5577 t.
3752 5519 3816 5588 ΙΙ,
3906 5518 3907 5539 ‘

2162 5599 2219 5652 p.
2249 5583 2378 5646 588,
2410 5586 2467 5652 et
2497 5583 2712 5652 Pagius
2740 5583 2799 5637 in
2829 5583 3041 5640 Critica
3071 5586 3145 5641 ad
3179 5587 3239 5643 h.
3274 5605 3330 5644 a.
3356 5589 3459 5644 ubi
3491 5594 3697 5648 tamen
3726 5583 3815 5648 de;
3904 5630 3905 5641 η

2160 5651 2388 5735 cretum
2417 5651 2479 5705 in
2668 5652 2800 5735 Bav:
2834 5653 3156 5735 allegatum
3201 5676 3339 5735 non
3364 5670 3708 5735 comparet;
3740 5662 3811 5719 ibi

2161 5722 2339 5778 etiam
2369 5737 2471 5793 pro
2502 5721 2741 5779 Ortensis
2773 5721 3087 5797 legendum
3119 5728 3365 5789 Ortensis
3414 5721 3526 5790 vel.
3552 5721 3811 5797 Hortarius
