3982 6216
179 363 295 430 m

1438 368 1914 437 CHRONICQN.
1960 404 2039 419 -—
2081 369 2274 436 SEO.
2317 369 2395 436 X.

1571 529 1805 596 CODEX
1839 531 2237 590 AUGIENSIS.

261 642 389 699 965.
423 641 558 700 Otto
589 642 932 716 imperator,
965 642 1228 700 Natalem
1250 643 1478 701 Domini
1503 646 1640 702 item
1665 647 1851 718 Papiae
1882 643 1936 718 Α
1965 648 2192 716 clerico,
2227 648 2445 704 sororis
2477 665 2594 704 suae
2620 647 2947 721 Luitgarda
2972 650 3029 703 et
3056 647 3251 704 Peierc
3287 647 3516 704 comitis
3547 649 3616 704 ﬁ-

190 748 462 799 manens,
499 732 754 805 indeque
778 749 882 804 per
902 737 1162 789 montem
1187 734 1471 790 Generum
1494 735 1566 789 de
1591 734 1754 790 Italia
1776 751 1854 790 re-

183 820 361 876 diens
410 825 679 876 octavam
741 821 1076 893 Epiphaniae
1125 821 1312 878 Curia;
1343 823 1477 894 egit.
1513 823 1855 878 Buchardus

186 926 326 966 vero
376 911 497 966 dux
540 911 888 976 Suevorum,
938 911 1166 967 Italiam
1234 912 1522 968 hostiliter
1553 912 1853 977 invadens,

184 998 576 1070 Adalpertum
608 1017 808 1073 pugna
837 1000 1052 1056 victum
1086 1001 1326 1072 fugavit,
1347 1001 1698 1071 fratremque
1728 1002 1855 1070 ejus

189 1086 513 1143 \Vidonem
543 1088 756 1143 occidit
784 1093 842 1144 et
867 1089 937 1141 ad
988 1089 1396 1160 imperatorem
1445 1089 1626 1144 victor
1664 1089 1852 1143 rediit.

192 1177 431 1247 —Ipso
465 1193 618 1232 anno
679 1182 826 1231 Brun
859 1176 1110 1232 Coloniae
1169 1178 1459 1250 Agripina:
1510 1179 1856 1234 venerabilis

195 1264 702 1336 archiepiscopus,
745 1266 916 1320 frater
965 1265 1193 1321 Ottonis
1242 1267 1634 1338 imperatoris,
1677 1267 1851 1330 obiit;

193 1353 375 1424 cujus
409 1353 537 1407 Vita
565 1353 771 1409 litteris
797 1355 953 1409 cdita
983 1371 1016 1409 a
1039 1355 1394 1426 quibusdam
1428 1355 1853 1425 habetur("187).

267 1458 382 1513 966
418 1459 613 1513 Roma:
652 1459 925 1515 defuncto
967 1460 1174 1530 Leone,
1194 1460 1494 1516 Joannnes
1519 1461 1665 1527 XIII,
1694 1462 1856 1532 prius

187 1546 544 1601 Narniensis
573 1546 906 1620 episcopus,
939 1564 1091 1620 papa
1109 1548 1396 1613 CXXXVI,
1430 1549 1490 1603 in
1523 1549 1726 1603 ordine
1768 1566 1855 1604 se-

194 1634 284 1690 dit
315 1635 488 1690 annis
521 1635 657 1707 plus
689 1637 887 1692 minus
918 1653 994 1691 vn
1025 1637 1194 1708 (488).

271 1741 376 1796 968
404 1739 654 1814 Eclipsis
683 1742 824 1798 solis
854 1759 909 1798 χι
940 1743 1062 1798 Kal.
1097 1743 1366 1799 Deccmb.
1404 1745 1553 1799 facta
1585 1746 1752 1815 (489.)

270 1848 380 1902 969
437 1847 555 1904 Hoc
600 1852 883 1920 tempore,
934 1850 1259 1906 Rodfredus
1299 1868 1496 1906 comes
1547 1856 1605 1906 et
1652 1851 1860 1906 Petrus

1966 738 2066 803 lio,
2099 739 2170 792 ab
2203 755 2267 794 eo
2299 737 2630 810 impetravit
2654 738 2830 808 (491).
2856 737 3100 809 Signum
3134 737 3428 809 quoddam
3457 739 3609 810 ignei

1965 824 2173 881 coloris
2202 825 2260 879 in
2297 824 2440 879 cmlo
2472 825 2762 896 apparuit.

2033 915 2138 966 972
2166 914 2362 985 Augiaa
2412 913 2750 984 Eggehardo
2798 913 3005 967 abbate
3037 912 3110 968 ob
3142 927 3234 967 res
3269 912 3521 968 ecclesia:
3553 915 3610 968 in

1965 1005 2368 1073 paupertatem
2402 1002 2666 1056 redactas
2692 1001 2962 1056 incusato
2985 1005 3040 1056 et
3055 1001 3127 1056 ab
3152 1001 3498 1074 imperatore
3523 1003 3614 1058 Ot-

1964 1093 2097 1145 tonc
2118 1090 2357 1160 privato,
2385 1091 2808 1144 Ruodmannus
2828 1089 3196 1162 praepositus,
3213 1091 3394 1145 abbas
3419 1092 3610 1158 XXIV,

1966 1183 2270 1250 promotus
2320 1178 2550 1249 praefuit
2596 1178 2766 1233 annis
2795 1197 2928 1233 xxuv
2977 1179 3270 1250 nimisque
3317 1180 3611 1236 abbatiam

1967 1267 2192 1321 ditavit.
2220 1299 2284 1306 —
2307 1268 2576 1337 Synodus
2610 1268 2760 1338 apud
2801 1268 3192 1339 lngelenbeim
3223 1269 3296 1322 ab
3325 1269 3616 1340 episcopis

1967 1355 2207 1409 collecta
2229 1360 2336 1421 est,
2372 1356 2565 1426 ibique
2594 1356 2799 1410 beatus
2839 1356 3149 1427 episcopus
3189 1356 3530 1412 Vodalrirus
3559 1364 3616 1412 et

1965 1444 2251 1500 Adalbero
2273 1445 2489 1499 sororis
2519 1445 2647 1513 ejus
2671 1443 2825 1499 lilius
2847 1444 3299 1515 trangressionis
3321 1462 3611 1502 canonum

1967 1533 2245 1601 accusati,
2309 1549 2487 1587 causa
2543 1550 2652 1587 sua
2709 1533 2866 1587 dicta
2914 1537 2972 1588 et
3018 1537 3312 1601 excusata,
3364 1535 3614 1589 absoluti

1967 1626 2338 1676 revertuntur
2367 1622 2534 1690 (-192).
2587 1652 2654 1661 —
2700 1621 2892 1676 Romae
2944 1621 3292 1677 Benedictus
3339 1622 3435 1688 VI,
3469 1640 3619 1696 papa

1969 1710 2260 1765 CXXXVII
2314 1710 2541 1781 praefuit
2570 1727 2722 1764 anno
2757 1729 2796 1773 ι,
2847 1710 3151 1766 mensibus
3181 1729 3236 1766 ι.
3275 1713 3445 1784 Apud
3479 1729 3616 1767 san-

1968 1807 2125 1854 ctum
2156 1797 2386 1853 Gallum
2419 1799 2706 1854 Notkerus
2737 1799 2918 1854 abbas
2951 1817 3007 1853 ιν
3035 1816 3220 1856 annos
3250 1801 3498 1872 priefuit.

2037 1887 2144 1940 973
2182 1888 2326 1942 Cum
2359 1887 2561 1941 beatus
2593 1887 2904 1959 episcOpus
2947 1887 3292 1943 Vodalricus
3322 1890 3474 1962 apud
3521 1890 3617 1945 Di-

760 1939 791 1948 ..
925 1937 936 1949 .
1505 1939 1514 1950 .
2048 1937 2135 1940 ην
2191 1937 2325 1942 τ-η-
2361 1937 2559 1941 -ηνπη
2598 1937 2901 1959 τττ-νντη
2970 1937 3291 1943 κ--η--η-
3323 1937 3354 1944 —
3403 1937 3474 1946 -ν
3522 1937 3586 1945 --

196 1937 1197 2046 {’f?f"'_‘"‘f?_‘f‘f’_n_f‘_‘f§q‘flbuf‘fiam
1229 1940 1857 2046 5°3‘3nm“???“em
1897 2027 1940 2046 ,ι
1971 1976 2189 2046 lingam
2220 1979 2477 2029 castrum
2510 1992 2644 2029 eum
2691 1975 2996 2030 Ricbwino
3026 1976 3256 2041 comite,
3290 1937 3487 2034 frdtris
3519 1979 3609 2034 sui

193 2042 415 2119 papam
449 2025 967 2119 comprehensum,
989 2032 1044 2083 et
1065 2027 1449 2119 in‘castellum
1473 2029 1658 2119 sancti
1685 2035 1866 2119 Ange-
1895 2027 1942 2092 Β

191 2114 237 2169 Ii
271 2119 597 2183 retrusum,
629 2120 686 2169 et
717 2115 773 2170 in
808 2116 1077 2171 exsilium
1110 2117 1347 2172 demum
1383 2117 1439 2172 in
1473 2117 1854 2189 Campaniam

196 2203 455 2259 missum
487 2220 593 2275 per
617 2203 759 2259 xvel
793 2205 942 2261 189
973 2204 1228 2276 amplius
1296 2223 1529 2262 menses
1562 2207 1854 2279 afﬂigunt,

197 2291 408 2357 donec,
444 2291 737 2347 Rodfredo
768 2294 957 2349 occiso
989 2311 1023 2349 a
1049 2294 1270 2350 Joanne
1302 2295 1557 2367 quodam
1589 2297 1858 2350 Crescen-

196 2380 268 2435 tii
300 2379 443 2446 ﬁlio,
486 2381 557 2435 ad
589 2398 758 2436 suam
795 2383 991 2438 sedem
1022 2383 1116 2438 vix
1135 2384 1372 2440 tandem
1396 2383 1688 2440 relaxatus
1716 2384 1861 2440 redi-

203 2473 298 2525 ret
328 2469 497 2539 (490).
529 2470 720 2540 Regin.
754 2475 896 2528 cont.
924 2489 976 2527 a.
1008 2473 1135 2527 965.

279 2576 389 2629 970
419 2575 544 2631 Otto
577 2577 894 2649 imperator
925 2578 1379 2635 Italicasiterum
1405 2579 1618 2635 invasit
1639 2581 1863 2651 provin-

202 2664 352 2732 cias,
385 2667 752 2736 Romamque
780 2667 1019 2723 veniens
1041 2668 1289 2739 injurias
1319 2669 1520 2724 domni
1548 2685 1709 2741 papa:
1738 2685 1864 2740 gra-

199 2755 354 2811 viter
387 2754 448 2810 in
479 2755 820 2812 auctoribus
851 2756 1105 2823 sceleris,
1133 2758 1347 2830 partim
1371 2758 1616 2824 exsiliis,
1650 2758 1863 2830 partim

202 2841 511 2916 patibulis,
545 2844 842 2916 variisque
872 2845 1057 2916 poenis
1086 2850 1143 2901 et
1166 2845 1705 2902 abominationibus
1735 2847 1864 2901 vin-

206 2932 447 2988 dicavit.
478 2933 565 2988 ΑΙ.
600 2934 726 2987 967.

278 3038 378 3094 971
420 3038 552 3094 Otto
582 3037 919 3112 imperator,
937 3057 1072 3097 cum
1098 3041 1156 3096 in
1189 3040 1354 3097 Italia
1377 3046 1721 3107 moraretur,
1742 3041 1868 3097 bea-

204 3131 306 3186 tus
335 3126 685 3184 Vodalricus
714 3131 1106 3202 Augustensis
1127 3130 1435 3204 episcOpus
1455 3133 1578 3203 jam
1613 3131 1870 3203 grandae-

203 3233 315 3272 vus
348 3220 406 3272 et
433 3216 731 3285 infirmus,
757 3234 896 3274 cum
935 3220 1177 3276 Romam
1227 3235 1406 3276 causa
1456 3220 1735 3276 orationis
1763 3236 1866 3290 pe-

2383 2062 2481 2132 lio,
2513 2062 2738 2117 Pascha
2783 2069 2998 2132 ageret,
3052 2064 3338 2119 Adalbero
3369 2065 3619 2122 clericus

1968 2153 2201 2207 futurus
2233 2155 2363 2222 post
2392 2168 2547 2213 eum,
2573 2156 2636 2204 ut
2658 2151 3022 2222 sperabatur,
3048 2149 3377 2223 episcopus,
3403 2153 3618 2209 ibidem

1968 2240 2443 2313 phlebotomatus
2476 2239 2672 2294 subita
2704 2243 2890 2294 morte
2936 2238 3104 2310 periit
3133 2242 3527 2312 August/atque
3559 2242 3618 2298 in

1968 2329 2212 2386 basilica
2249 2333 2462 2384 sanctae
2501 2329 2649 2383 Afra:
2699 2329 2772 2381 ab
2813 2327 3100 2383 avunculo
3144 2345 3250 2384 suo
3299 2331 3454 2386 που
3500 2332 3618 2402 epi-

1969 2434 2145 2490 scopo
2190 2422 2390 2473 sancto
2439 2416 2706 2489 sepultus
2750 2421 2856 2472 est.
2910 2417 3036 2487 Ipse
3064 2417 3270 2474 beatus
3311 2419 3622 2490 episc0pus

1971 2509 2124 2563 inter
2155 2506 2269 2562 alia
2315 2507 2468 2561 bona
2517 2506 2810 2560 abbatiam
2858 2505 3241 2560 Uttenburam
3285 2507 3454 2578 (493),
3508 2507 3616 2563 sibi

1972 2596 2297 2663 subditam,
2328 2595 2612 2651 libertatis
2658 2593 2960 2666 privilegio
3009 2595 3081 2648 ab
3129 2594 3482 2666 imperatore
3523 2597 3618 2652 Ot-

1973 2691 2107 2740 tone
2137 2685 2354 2740 absolvi
2381 2685 2458 2738 im
2469 2683 2806 2756 petravit.-——
2820 2683 2951 2738 Otto
2971 2682 3050 2737 im
3058 2690 3414 2756 peralor,per
3425 2685 3619 2756 ipsum

1974 2780 2207 2846 tempus
2234 2790 2369 2828 non.
2387 2773 2520 2828 Maii
2541 2773 2734 2828 subito
2758 2777 3048 2836 mortuus,
3069 2772 3222 2843 apud
3237 2771 3624 2846 Parthenopo—

1975 2863 2099 2928 lim,
2125 2879 2253 2934 quae
2277 2862 2666 2934 Magedeburg
2685 2861 2917 2925 dicitur,
2934 2859 3034 2915 ubi
3055 2860 3622 2936 archiepiscopatum

1978 2967 2212 3008 summo
2243 2950 2441 3007 studio
2472 2951 2708 3020 fecerat,
2761 2949 3028 3021 sepultus
3060 2953 3165 3016 est,
3199 2953 3257 3005 et
3303 2950 3460 3007 filius
3491 2953 3620 3023 ejus

1976 3041 2106 3096 Otto
2137 3039 2432 3096 secundus
2477 3038 2638 3110 regni
2670 3055 2774 3110 pro
2805 3054 2871 3094 eo
2895 3039 3033 3109 jura
3062 3039 3340 3110 suscepit.
3374 3040 3624 3096 Sanctus

1978 3145 2210 3202 quoque
2258 3127 2604 3183 Vodalricus
2641 3125 3028 3198 Augustensis
3075 3125 3405 3198 episcopus,
3450 3127 3626 3202 longa

1978 3218 2320 3273 inﬁrmitate
2351 3220 2642 3284 decoctus,
2674 3233 2828 3272 anno
2881 3215 3068 3271 astatis
3116 3232 3346 3284 uxxxu,
3398 3217 3620 3290 episco-

206 3306 400 3374 tisset,
427 3321 564 3362 eum
597 3306 743 3362 adiit
770 3311 829 3362 et
857 3307 1258 3381 episcopatum
1305 3325 1478 3364 suum
1519 3307 1867 3364 Adalberoni
1901 3293 1942 3358 C
1983 3311 2157 3380 patus
2187 3323 2321 3362 vero
2353 3325 2404 3375 L,
2448 3305 2590 3362 feria
2635 3310 2796 3361 sexta
2831 3321 2880 3361 ιν
2924 3306 3070 3361 Non.
3097 3303 3234 3360 Julii
3281 3304 3430 3361 felici
3464 3307 3626 3362 obitu

1246 3449 1714 3506 COMPENDIUM
1755 3450 1844 3504 EX
1885 3448 2136 3506 CODICE
2177 3447 2557 3505 BERNOLDI.

278 3565 389 3618 965
417 3566 718 3634 Imperator
747 3563 815 3620 de
869 3566 1032 3621 Italia
1081 3566 1240 3633 redit,
1292 3573 1344 3622 et
1401 3565 1721 3620 Buchardus
1758 3566 1874 3621 dua:
1984 3567 2316 3636 impetravit.

204 3652 509 3708 Sueuorum
540 3654 601 3706 in
630 3654 796 3708 Italia
825 3653 1050 3710 rebelles
1082 3656 1405 3725 imperatori
1434 3656 1584 3708 vicit.

283 3741 396 3794 966
447 3741 627 3798 Rom
679 3741 939 3812 defuncto
995 3747 1195 3808 Leone,
1251 3744 1490 3798 Joannes
1527 3743 1868 3808 tredecimus,

203 3829 383 3901 prius
412 3831 736 3886 Narniensis
757 3833 1058 3903 episcopus,
1091 3832 1376 3888 ordinatus
1400 3840 1494 3888 est.

290 3917 404 3973 968
434 3920 504 3972 Ut
529 3922 670 3991 Aug.

284 4007 398 4062 969
423 4007 533 4062 Hoc
555 4013 796 4081 tempore
823 4011 1056 4066 Joannes
1077 4027 1252 4082 papa;
1281 4027 1314 4064 a
1362 4009 1684 4081 quibusdam
1721 4009 1868 4064 mul-

207 4105 332 4153 tum
387 4098 630 4167 afﬂictus
681 4099 908 4166 exsilio,
968 4101 1064 4154 vix
1085 4099 1300 4156 tandem
1328 4116 1362 4154 a
1385 4098 1616 4172 quodam
1653 4101 1868 4155 Joanne

204 4202 325 4243 suae
353 4185 472 4243 sedi
499 4187 831 4243 restituitur.

277 4276 388 4330 970
410 4275 535 4331 Otto
563 4277 696 4347 imp.
729 4277 952 4332 Romam
973 4279 1194 4333 veniens
1221 4279 1462 4349 injurias
1485 4278 1674 4334 damni
1701 4294 1866 4350 papw

202 4366 267 4420 in
305 4363 623 4419 auctoribus
658 4366 922 4421 scelerum
949 4367 1199 4438 graviter
1219 4367 1537 4422 vindicavit.

2051 3655 2154 3708 972
2185 3653 2461 3725 Synodus,
2514 3659 2644 3718 elc.,
2673 3655 2756 3706 ut.
2809 3653 2950 3724 Aug.
3004 3653 3190 3710 Romae
3235 3653 3624 3710 Benedictus...

1978 3744 2252 3798 mensibus
2280 3743 2480 3798 decem.

2049 3833 2155 3886 973
2202 3830 2472 3886 Adalbero
2528 3831 2780 3896 clericus,
2855 3832 3102 3900 futurus,
3164 3834 3226 3885 ut
3279 3831 3628 3902 sperabatur,

1976 3921 2278 3991 episcOpus,
2323 3919 2476 3974 obiit.
2529 3918 2646 3974 Otto
2695 3921 2828 3990 imp.
2878 3919 3048 3975 Nonis
3087 3919 3222 3975 Maii
3260 3919 3438 3976 subito
3482 3937 3630 3977 mor-

1975 4012 2102 4063 tuus
2157 4008 2310 4079 apud
2357 4007 2822 4079 ParthenOpolim,
2872 4007 2930 4063 id
2975 4010 3057 4062 est
3101 4007 3479 4079 Megedeburc,
3530 4010 3629 4065 ubi

1976 4099 2094 4169 ipse
2140 4097 2629 4168 archiepiscopium
2674 4098 2899 4166 fecerat,
2953 4096 3198 4168 sepultus
3241 4102 3343 4167 est,
3395 4105 3446 4152 et
3477 4099 3629 4168 ﬁlius

1978 4188 2092 4259 ejus
2125 4187 2241 4242 Otto
2291 4186 2540 4256 regnavit
2577 4201 2678 4258 pro
2717 4201 2800 4241 eo.
2834 4187 2888 4241 S.
2947 4185 3230 4242 Utdaricus
3275 4186 3629 4256 Augustensis

1977 4279 2253 4348 episcopus
2283 4277 2549 4345 migravit
2575 4275 2646 4331 ad
2676 4276 2965 4331 Dominum
2997 4291 3141 4331 anno
3181 4277 3364 4332 aetatis
3395 4293 3626 4347 Lxxxni,

1976 4367 2310 4436 episcopatus
2356 4382 2402 4430 ι,
2437 4368 2644 4436 quarto
2695 4364 2880 4420 Nonas
2922 4365 3120 4421 Iulias.
3153 4364 3470 4422 Burhardus
3513 4367 3630 4422 dua:

277 4452 409 4508 974.
443 4459 501 4506 S.
557 4453 883 4525 Udpalricus
929 4457 1205 4526 episcopus
1252 4457 1505 4525 inﬁrmus
1542 4456 1871 4512 Adalberoni
1901 4457 1946 4520 D
1977 4455 2329 4511 Atemanniae
2355 4456 2514 4521 obiit,
2547 4463 2597 4510 et
2630 4455 2746 4510 Otto
2775 4455 2929 4525 ﬁlius
2960 4455 3180 4525 Luitolﬁ
3206 4462 3501 4527 paternum
3525 4472 3631 4528 pro

201 4543 415 4598 sororis
465 4556 586 4599 suae
639 4544 756 4612 ﬁlio
804 4545 1173 4616 episcOpatum
1218 4561 1378 4600 suum
1407 4545 1481 4600 ab
1523 4546 1856 4614 imperatore
1962 4559 2024 4599 eo
2055 4543 2316 4598 ducatum
2342 4546 2569 4616 accepit.

1804 4686 2036 4743 NOTE.

279 4801 433 4927 $487)
465 4799 698 4857 Primus
727 4801 880 4857 hanc
932 4800 1120 4858 Vitam
1173 4802 1232 4858 S.
1284 4799 1594 4869 Brunonis,
1621 4802 1867 4872 jubente

199 4875 282 4954 1:0
310 4887 550 4928 comaro
590 4873 1720 4954 ejus‘successore,‘scripsitﬂotgerus
1760 4891 1862 4928 seu

200 4947 483 5016 Rogerus
497 4944 830 5016 monachus
851 4951 909 5010 S,
937 4944 1307 5016 Pantaleonis
1329 4944 1596 5015 Coloniae,
1620 4961 1748 5016 quae
1770 4961 1866 5000 ex-

203 5013 326 5073 stat
367 5019 409 5070 t.
460 5013 511 5088 Υ
559 5014 822 5088 Octobris
869 5015 1134 5072 Bolland.
1188 5034 1242 5088 p.
1275 5018 1400 5082 698,
1424 5021 1480 5072 et
1508 5013 1866 5072 iniLeibnilii

201 5084 858 5168 scriptoribuslterum
891 5084 1404 5144 Brunsvicensium
1433 5093 1475 5144 t.
1512 5089 1552 5158 Ι,
1579 5107 1634 5161 p.
1666 5089 1792 5142 273.

275 5156 585 5232 (486)17199
605 5173 731 5232 jam
765 5176 920 5215 anno
951 5160 1143 5232 priore
1168 5160 1413 5232 factum.
1673 5231 1716 5232 η

516 5173 585 5212 OG
606 5173 731 5215 18m
765 5176 920 5215 8.0110
951 5176 1143 5215 DI‘IOI‘C
1174 5173 1413 5215 factum.

277 5173 433 5232 (sed)
466 5173 585 5212 noc
605 5173 731 5228 jam
765 5176 920 5215 anno
951 5176 1143 5232 priore
1174 5173 1413 5215 iactum.

277 5229 407 5301 (489
437 5227 611 5284 Nulla
638 5229 748 5286 hoc
777 5248 934 5288 anno
981 5231 1214 5301 eclipsis
1271 5230 1413 5286 solis
1443 5231 1536 5286 die
1563 5233 1628 5285 21
1671 5231 1811 5286 Nov.
1850 5249 1862 5296 ;

201 5307 354 5362 beno
384 5316 520 5354 vero
550 5303 621 5373 22
655 5301 806 5371 Dec.,
843 5320 946 5358 seu
976 5321 1032 5358 χι
1066 5301 1187 5358 Kal.
1210 5303 1473 5358 Januarii
1496 5301 1755 5373 contigit,
1783 5301 1866 5356 uti

199 5378 381 5435 etiam
415 5371 632 5428 nostris
663 5375 968 5431 codicibus
998 5374 1423 5431 restituendum
1465 5371 1716 5430 videtur.
1752 5373 1865 5428 lle-

199 5449 506 5524 pidap‘nuf
535 5442 690 5524 diem
716 5453 890 5524 recte
920 5451 1114 5514 notat;
1141 5446 1384 5524 in_anno
1412 5446 1523 5524 97g
1548 5445 1788 5524 fallitur.

270 5517 425 5590 (490)
453 5516 839 5590 Cnnctanhaec
871 5525 930 5575 et
960 5517 1260 5590 sequentis
1292 5517 1428 5590 anni
1489 5517 1699 5588 Pagius
1729 5532 1864 5571 cum

270 5535 425 5590 (ιΤύυ)
453 5535 839 5576 υῐιηοιαηηωο
871 5535 930 5575 et
960 5535 1020 5574 88
1069 5535 1260 5574 uenus
1292 5535 1428 5572 anni
1489 5535 1699 5588 regius
1729 5535 1863 5571 CUIU

195 5588 522 5667 Reginouis
553 5595 964 5651 continuatore
986 5535 1060 5647 ειὲ
1081 5606 1301 5647 annum
1327 5589 1433 5644 965
1453 5592 1510 5644 et
1528 5593 1863 5658 sequentem

191 5667 423 5813 reﬁgi)
458 5739 585 5800 Otto
615 5757 711 5798 an.
760 5737 870 5795 969
922 5736 1128 5790 contra
1172 5733 1400 5786 Graecos
1447 5729 1504 5783 in
1537 5727 1863 5786 Calabriam

1977 4800 2176 4864 movit,
2204 4801 2442 4856 demum
2469 4819 2522 4858 a.
2547 4802 2653 4856 972
2675 4802 2734 4856 in
2755 4801 3128 4858 Germaniam
3151 4801 3354 4858 redux.
3377 4800 3512 4864 Qua:
3533 4817 3633 4856 au-

1976 4879 2094 4928 tem
2110 4872 2203 4927 hic
2226 4873 2295 4928 dc
2309 4877 2364 4930 S.
2384 4872 2647 4929 Udalrico
2668 4879 2998 4938 narrantur,
3015 4873 3298 4928 Ravennae
3312 4871 3633 4938 contigisse

1979 4943 2184 5000 scribit
2226 4944 2368 5026 Vitae
2399 4946 2550 5026 ejus.
2588 4951 2791 5026 auctor
2825 4962 2952 5026 cap.
2985 4944 3038 5009 9,
3090 4943 3178 5026 uti
3225 4947 3430 5026 et‘cap:
3465 4943 3534 5026 19
3560 4959 3634 5002 ea

1982 5032 2109 5088 quae
2143 5032 2275 5088 mox
2301 5017 2370 5070 de
2399 5013 2922 5088 Ingelenheimensi
2945 5013 3188 5088 concilio
3204 5013 3631 5088 subjiciuntur,

1979 5083 2019 5143 ti
2055 5087 2127 5153 II,
2160 5087 2280 5141 Jul.
2315 5083 2545 5158 Bollfp.
2583 5089 2708 5155 115,
2741 5094 2849 5143 etc.
2884 5088 3039 5143 Infra
3059 5085 3117 5141 in
3149 5083 3281 5138 Vita
3308 5083 3628 5158 Hermanni

1979 5152 2248 5240 pluribus
2279 5152 2711 5280 taxlaminabitur
2730 5159 2924 5215 Peierc
2954 5173 3171 5223 comes,
3196 5171 3296 5211 seu
3319 5152 3632 5211 Adalbero-

1979 5248 2065 5280 ms
2097 5245 2269 5280 Daren
2302 5245 2331 5280 8
2357 5245 2410 5280 8.

1977 5231 2065 5285 nis
2097 5231 2410 5300 parentela.

2047 5297 2439 5370 (3192)C0ncil.
2473 5298 2664 5353 Germ.
2702 5309 2739 5354 ί.
2779 5301 2843 5356 II.
2882 5319 2937 5372 p.
2971 5301 3095 5357 654.

2048 5371 2194 5425 (493)
2252 5369 2572 5425 Ottenbura
2623 5369 2686 5424 D.
2740 5371 3033 5425 Benedicti
3089 5388 3095 5425 1

2048 5371 2194 5441 (493)
2252 5371 2572 5425 Ottenbura
2623 5371 2686 5424 D.
2740 5371 3033 5428 Benedicti
3089 5371 3510 5426 monasterium
3563 5371 3627 5428 in

1977 5441 2272 5498 Guntiana
2301 5440 2447 5495 valle
2478 5440 2748 5512 prazdicto
2782 5441 3135 5498 Adalberoni
3161 5456 3436 5496 concessa
3465 5446 3627 5512 erat;

1976 5530 2092 5594 quo
2127 5517 2358 5566 mortuo
2391 5511 2965 5594 S.praasul.s_ib.i_ea_m
2988 5512 3405 5594 impetravitct
3425 5511 3630 5594 postea

1973 5582 2225 5713 {iblelrzjml
2253 5582 2559 5710 nﬁoplachis
2580 5584 2862 5641 restituit.
2897 5584 3028 5639 Vid.
3057 5583 3186 5652 ejus
3215 5582 3344 5638 vitae
3369 5582 3498 5658 cap.
3532 5586 3624 5660 10,

2002 5700 2013 5712 .
2167 5672 2202 5710 u
2235 5698 2246 5710 .
2327 5671 2358 5712 0
2413 5695 2425 5708 .

2002 5700 2013 5712 .
2049 5671 2097 5712 ll
2127 5671 2246 5711 Ju1.
2281 5671 2425 5712 DOII.

2252 5369 2572 5425 Ottenbura
2623 5369 2686 5424 D.
2740 5367 3033 5428 Benedicti
3089 5367 3510 5426 monasterium
3563 5369 3627 5428 in
