3982 6216
150 415 265 476 229

1415 408 1888 477 CHRONICON.
1919 443 1996 460 -—-
2027 410 2218 476 SJEC.
2254 411 2360 478 XI.

3474 423 3594 486 230

1529 573 1762 630 CODEX
1803 573 2201 632 AUGIENSIS.

158 691 536 768 ipsisinvitis
568 692 1077 766 praeposuitUnde
1096 689 1398 747 nonnullis
1418 690 1649 763 exipsis
1665 708 1834 763 spon-
1862 695 1917 760 Α
1948 696 2258 764 susceptus
2297 692 2504 748 fratres
2554 693 2848 765 dispersos
2902 695 3054 751 198
3115 697 3418 771 recolligit,
3475 705 3533 756 et
3563 719 3598 757 a

159 787 214 839 te
247 782 444 838 locum
495 781 668 837 illum
720 780 1214 853 relinquentibus,
1266 779 1620 851 quibusdam
1661 779 1836 835 etiam

155 872 229 927 ab
259 887 328 927 eo
355 871 638 941 jejuniis,
676 871 819 926 I91
857 870 1199 925 verberibus
1230 867 1550 938 exsilioque
1589 869 1840 939 graviter

167 960 432 1026 afﬂictis,
457 959 656 1015 nobile
689 959 1114 1015 monasterium
1143 957 1204 1013 in
1237 957 1469 1029 magnis
1502 956 1647 1012 viris
1671 955 1839 1013 libris

168 1055 229 1106 et
258 1049 526 1106 ecclesia:
573 1049 873 1104 thesauris
922 1064 1116 1120 grave,
1165 1047 1418 1119 peccatis
1449 1046 1838 1120 exigentibus.

161 1138 414 1211 pertulit
443 1137 886 1203 detrimentum,
921 1135 1095 1192 sicuti
1120 1136 1494 1208 Ruodpertus
1515 1135 1838 1191 monachus

165 1227 392 1283 nobilis
423 1231 480 1282 et
511 1227 675 1282 docte
701 1227 940 1290 facetus,
979 1225 1184 1280 matris
1218 1241 1360 1279 mea:
1401 1228 1648 1296 patruus
1690 1212 1838 1292 (521)

165 1332 372 1388 prosa,
409 1314 698 1386 rhythmo,
735 1320 1042 1386 metroque
1060 1312 1330 1368 ﬂebiliter
1350 1311 1649 1384 deplangit
1667 1314 1835 1383 (5'22).

162 1404 373 1460 Romae
403 1403 660 1459 Joannes
689 1403 858 1472 XVII,
892 1401 992 1474 qui
1031 1407 1088 1457 et
1137 1402 1419 1462 Fasanus.
1471 1417 1623 1473 papa
1651 1401 1838 1456 CXLV

167 1493 488 1549 ordinatur
512 1492 680 1564 (523).

239 1581 383 1636 1007
415 1579 704 1636 Henricus
735 1595 831 1634 rex
863 1595 1096 1635 summo
1147 1577 1340 1634 studio
1389 1578 1546 1650 apud
1578 1583 1839 1634 castrum

167 1687 348 1727 suum
381 1670 726 1740 Babenberg
756 1667 1010 1723 nobilem
1057 1670 1115 1722 et
1163 1666 1400 1722 divitem
1433 1665 1838 1738 episcOpatum

173 1757 528 1821 construxit,
562 1758 908 1830 primusque
940 1755 1018 1812 ibi
1053 1755 1164 1811 hoc
1193 1771 1348 1810 anno
1380 1755 1692 1826 episcopus
1715 1772 1841 1826 pro-

182 1851 389 1902 motus
417 1851 505 1902 est
531 1845 926 1901 Eberhardus.

243 1935 387 1990 1008
420 1933 664 1990 Luitolfo
694 1934 820 1989 viro
852 1933 1021 1988 docto
1052 1931 1382 1988 Trevirensi
1404 1930 1840 2002 archiepiscopo

173 2024 484 2088 defuncto,
508 2021 935 2095 Megingaudus
958 2038 1061 2094 pro
1074 2038 1138 2078 eo
1163 2021 1636 2092 archiepiscopus
1653 2037 1687 2074 a
1707 2035 1839 2092 rege

166 2116 589 2184 promovetur;
625 2111 724 2166 sed
761 2109 1048 2166 Adalbero
1097 2109 1365 2177 clericus,
1411 2110 1621 2181 reginae
1651 2108 1838 2163 Cune-

167 2201 388 2273 gundis
420 2201 571 2271 (521)
599 2215 937 2271 germanus,
967 2199 1323 2270 quibusdam
1375 2197 1728 2263 faventibus,
1765 2197 1834 2251 ad

167 2287 723 2360 archiprzesulatum
759 2287 925 2359 quasi
951 2303 1016 2341 ex
1046 2286 1202 2358 regio
1230 2285 1525 2358 promisso
1546 2284 1659 2340 sibi
1681 2284 1838 2340 debi-

169 2382 300 2433 tum
337 2377 602 2443 adnisus,
634 2375 972 2431 Trevirense
1002 2369 1302 2446 palatium
1350 2374 1635 2447 praesidiis
1665 2389 1832 2429 occu-

176 2471 303 2538 pat,
335 2470 392 2520 et
422 2481 552 2520 cum
587 2464 868 2519 fratribus
899 2464 1021 2520 suis
1043 2462 1398 2518 Theoderico
1420 2462 1663 2518 Metensi
1687 2461 1836 2534 epis-

171 2570 325 2626 copo
355 2557 413 2609 et
441 2552 687 2608 Henrico
717 2552 868 2623 (525)
902 2551 1177 2622 Bajoarize
1209 2552 1376 2616 duce,
1430 2551 1835 2621 Fridericoque

167 2642 387 2698 comite
419 2641 586 2712 (5‘26),
624 2640 919 2696 adnitente
949 2639 1125 2695 etiam
1158 2657 1289 2695 cum
1324 2638 1452 2694 aliis
1475 2638 1678 2694 multis
1700 2638 1834 2694 Ger-

168 2730 358 2786 hardo
392 2731 531 2786 item
562 2730 774 2785 comite
803 2729 970 2800 (527),
1005 2733 1208 2784 contra
1248 2744 1439 2801 regem
1491 2726 1829 2796 rebellavit;

169 2822 270 2892 qui
305 2823 505 2876 tamen
536 2835 743 2874 omnes
774 2835 808 2873 a
836 2833 967 2891 rege
999 2822 1131 2890 post
1159 2817 1384 2890 aliquot
1403 2816 1684 2889 temporis
1704 2833 1830 2888 spa-

171 2911 326 2964 tium
359 2908 593 2964 subacti
615 2911 773 2967 sunt.
797 2913 854 2963 et
869 2906 1154 2962 Henricus
1177 2907 1301 2978 ipse
1318 2905 1595 2976 Bajoaricc
1615 2905 1829 2960 ducatu

163 2999 449 3072 privatur.
483 2999 650 3052 Ditm.
686 3028 752 3038 -—
784 2997 916 3067 Ipso
947 3011 1100 3051 anno
1130 2994 1414 3050 Henricus
1445 3010 1564 3060 rex,
1598 2993 1832 3066 cognita

165 3087 408 3142 tandem
425 3091 560 3159 post
573 3086 722 3141 duos
737 3101 922 3140 annos
938 3084 1217 3139 Immonis
1233 3081 1596 3149 crudelitate,
1610 3086 1830 3138 remoto

167 3194 256 3242 eo,
281 3176 618 3231 Bcrnadum
649 3175 837 3229 virum
863 3173 1100 3228 doctum
1123 3176 1180 3227 et
1207 3171 1392 3244 pium,
1427 3171 1828 3227 Prumiensem

165 3263 762 3336 monachum,Augiaa
777 3261 1079 3318 constituit
1093 3262 1362 3317 abbatem
1384 3278 1396 3328 ;
1419 3259 1519 3331 qui
1534 3264 1831 3332 gratanter

1955 785 2264 853 Lantperto
2296 781 2726 838 Conslantiensi
2775 783 3045 854 episcopo
3097 785 3278 840 abbas
3327 788 3453 858 ejus
3486 789 3594 846 loci

1949 869 2116 924 XXIX
2148 875 2542 935 consecratus,
2578 888 2790 942 magna
2821 871 3070 944 insignis
3099 874 3342 930 scientia
3389 881 3446 932 et
3477 878 3598 950 pie-

1948 963 2064 1013 tate
2097 958 2327 1030 prmfuit
2357 957 2526 1012 annis
2559 977 2645 1012 XL.

2019 1046 2155 1100 1009
2202 1045 2570 1101 Wolferadus
2619 1064 2813 1103 comes
2867 1049 3184 1105 Uiltrudem
3226 1052 3510 1125 Piligrini,
3543 1060 3600 1110 et

1949 1135 2278 1189 Berhtradze
2341 1134 2520 1190 ﬁliam
2585 1137 2728 1206 (52.8)
2789 1154 3022 1192 uxorem
3095 1140 3279 1206 duxit,
3357 1160 3423 1198 ex
3481 1161 3599 1216 qua

1948 1229 2169 1295 postea,
2205 1241 2295 1279 me
2325 1224 2679 1279 IIerimanno
2711 1233 3117 1294 annumerato,
3142 1246 3213 1283 xv
3251 1229 3430 1287 libros
3462 1250 3596 1305 pro-

1947 1312 2179 1368 creavit.
3015 1366 3025 1373 ,

2021 1401 2160 1455 1010
2217 1400 2423 1456 Senior
2481 1401 2846 1458 Wolferadus
2903 1421 3119 1474 comes,
3147 1412 3425 1478 paternus
3455 1428 3600 1467 avus

1948 1507 2136 1556 meus,
2171 1488 2428 1544 clemens
2458 1489 2766 1561 etjustitize
2785 1495 2974 1558 tenax,
3003 1493 3156 1548 inter
3176 1513 3432 1569 suosque
3453 1517 3597 1571 prae-

1949 1578 2162 1644 clarus,
2195 1595 2247 1632 ιν
2281 1582 2428 1642 Non,
2463 1578 2652 1633 Martii
2675 1580 2802 1649 jam
2836 1597 3010 1637 senex
3043 1584 3292 1640 moritur
3317 1587 3488 1659 (529).

2023 1667 2148 1721 1011
2175 1665 2504 1737 Willigisus
2518 1668 2934 1738 Moguntiensis
2947 1670 3420 1746 archiepiscopus
3435 1677 3598 1743 obiit,

1949 1755 2118 1825 eique
2150 1754 2587 1810 Erchenbaldus
2619 1762 2920 1813 successit.
2954 1790 3022 1799 —
3051 1760 3446 1820 Theodoricus
3485 1767 3602 1820 dux

1950 1843 2132 1915 partis
2163 1843 2308 1912 (530)
2341 1843 2820 1914 Lotharingorum
2847 1847 2956 1901 sub
2981 1847 3106 1919 ipsa
3128 1867 3272 1921 pene
3291 1855 3600 1923 prementia

1950 1932 2102 2003 regis
2133 1949 2165 1986 a
2184 1931 2427 1986 Henrico
2446 1933 2718 2003 Bajoaria:
2737 1934 2958 1989 dudum
2979 1937 3145 2004 duce,
3169 1941 3598 2011 etquibusdam

1950 2019 2319 2090 Lotharingis
2367 2023 2572 2090 captus
2621 2025 2678 2075 et
2720 2021 3010 2078 abductus
3054 2029 3178 2093 est;
3240 2044 3354 2098 quo
3403 2035 3598 2088 tamen

1948 2112 2147 2178 postea
2175 2109 2448 2173 relaxato,
2484 2107 2764 2163 Henricus
2798 2109 2921 2180 ipse
2951 2113 3198 2182 gratiam
3233 2117 3384 2187 regis
3416 2119 3597 2173 duca-

1947 2199 2192 2266 tumque
2225 2213 2400 2250 suum
2434 2196 2668 2268 recepit.
2703 2198 2934 2252 Ditmar.

1959 2311 1966 2318 -
2019 2286 2156 2338 1012
2177 2284 2486 2340 Conradux
2509 2285 2625 2340 dux
2646 2286 2975 2355 Carentani,
3002 2289 3159 2345 ﬁlius
3182 2291 3407 2348 Ottonis
3430 2295 3599 2350 ducis

1946 2373 2237 2446 fraterque
2270 2374 2556 2430 Brunonis
2587 2375 2734 2446 (531)
2766 2376 2989 2431 dudum
3011 2396 3196 2450 papas,
3221 2381 3384 2448 obiit,
3407 2388 3463 2438 et
3483 2383 3600 2454 pri-

1943 2467 2075 2517 vato
2125 2463 2242 2516 tilio
2293 2463 2421 2532 ejus
2471 2479 2650 2535 puero
2672 2463 2956 2529 Conrado,
2988 2467 3271 2524 Adalbero
3302 2471 3450 2542 (532)
3483 2473 3595 2526 du-

1943 2555 2137 2605 catum
2173 2552 2414 2623 accepit.
2449 2551 2533 2606 Al.
2568 2570 2658 2606 an.
2691 2570 2778 2623 pr.
2808 2585 2875 2592 —
2935 2554 3325 2613 Herimannus
3367 2576 3598 2631 quoque

1941 2639 2147 2694 Junior
2196 2639 2313 2694 dux
2366 2641 2516 2696 I99
2564 2640 2920 2698 Alamanniae
2969 2645 3116 2716 (533)
3166 2646 3478 2704 defunctus
3503 2649 3599 2704 Er—

1943 2733 2186 2783 nustum
2221 2728 2439 2784 sororis
2471 2746 2589 2784 suae
2641 2730 2842 2785 Giselae
2894 2733 3170 2789 maritum
3198 2752 3595 2793 successorem

1943 2817 2184 2888 accepit.
2221 2817 2450 2872 Ditmar.

2013 2905 2152 2959 1013
2168 2905 2360 2960 Romae
2377 2907 2649 2962 defuncto
2668 2908 2868 2982 Sergio
2891 2927 3062 2982 papa.
3087 2911 3432 2969 Benedictus
3446 2914 3595 2982 VIII,

1940 3009 2093 3064 papa
2121 2993 2376 3060 CXLVII,
2405 2994 2555 3050 sedit
2583 2997 2753 3051 annis
2785 2997 2966 3054 ferme
3015 3017 3115 3054 xu.
3166 3001 3250 3055 At.
3301 3019 3391 3056 an.
3423 3019 3592 3074 prae.

1940 3081 2328 3138 Herimannus
2360 3099 2466 3155 ego
2495 3101 2569 3139 xv
2597 3085 2715 3140 Cal.
2749 3087 2899 3158 Aug,
2925 3091 3097 3145 natus
3119 3106 3272 3158 sum,
3303 3091 3588 3149 Henricus

1940 3188 2038 3226 rex
2071 3170 2298 3226 Italiam
2330 3188 2461 3227 cum
2494 3174 2746 3229 exercitu
2775 3176 2941 3247 petit.

1239 3427 1709 3485 COMPENDIUM
1749 3427 1838 3484 EX
1875 3429 2133 3485 CODICE
2172 3429 2545 3485 BERNOLDI.

237 3577 377 3630 1007
401 3576 734 3632 Henricus...
779 3576 1144 3646 episcopatum
1165 3590 1224 3628 in
1255 3573 1455 3628 honore
1492 3573 1550 3627 S.
1596 3574 1825 3643 Georgii
1855 3573 1897 3638 C
1935 3572 2318 3627 consobrinam
2375 3573 2593 3626 Henrici
2642 3575 2805 3643 regis,
2857 3575 3200 3644 [ledewigam
3238 3580 3478 3646 nomine,
3527 3581 3593 3637 de

169 3666 440 3734 martyris
469 3664 843 3720 construxit...
877 3661 1240 3718 Eberhardus.

252 3755 394 3806 1008
442 3753 634 3820 Augiae
681 3755 889 3808 remoto
937 3753 1179 3806 Immone
1208 3750 1402 3806 abbate
1428 3749 1664 3816 crudeli,
1693 3753 1827 3804 Ber-

176 3840 396 3896 nardus
427 3842 508 3894 vir
534 3840 713 3897 doctus
732 3847 784 3897 et
796 3857 944 3913 pius,
977 3841 1316 3896 Prumiensis
1370 3839 1688 3906 monachus,
1720 3839 1829 3894 Au-

174 3930 295 4001 αἰῶ
348 3929 514 3984 abbas
545 3932 925 3992 constituitur;
983 3931 1097 4000 qui,
1153 3932 1436 4000 gratanter
1477 3935 1831 3999 susceptus,a

179 4017 589 4074 Constantiensi
616 4020 862 4090 episcopo
889 4018 1172 4073 Lamberto
1193 4019 1364 4072 abbas
1381 4017 1501 4088 ejus
1547 4017 1654 4071 loci
1687 4017 1833 4071 XXIX

172 4109 546 4163 consecratus:
601 4108 804 4178 pietate
865 4109 916 4162 et
960 4107 1190 4162 scientia
1243 4107 1424 4161 clarus
1472 4106 1699 4176 praefuit
1727 4121 1828 4160 an-

167 4211 260 4250 πω
289 4211 381 4250 XL.
749 4247 754 4250 .

243 4285 384 4339 1009
436 4285 532 4340 His
588 4284 920 4356 temporibus
974 4283 1118 4340 Ebbo
1171 4299 1344 4341 comes
1393 4283 1458 4339 de
1486 4283 1829 4354 Nettemburg

1935 3677 2092 3716 curia
2115 3662 2259 3729 regis
2288 3660 2447 3714 duxit
2479 3677 2705 3716 uxorem
2732 3662 2900 3732 (531).

2009 3749 2148 3803 1010
2186 3752 2364 3805 Roma:
2418 3750 2642 3818 Sergius
2698 3753 2800 3816 IV,
2849 3767 2990 3822 papa
3041 3753 3252 3821 CXLVI,
3283 3754 3588 3812 ordinatus.

1935 3836 2024 3892 Al.
2059 3855 2154 3892 an.
2175 3852 2344 3908 prece.

2010 3926 2139 3980 1011
2176 3925 2563 3995 Witligisus...
2593 3929 2873 3981 successit.

2013 4015 2148 4068 1012
2179 4012 2457 4068 Conradus
2486 4012 2602 4068 dux
2644 4014 2944 4071 Carentani
2990 4021 3230 4073 moriens
3259 4018 3591 4078 Adalberom

1935 4103 2197 4158 ducatum
2225 4102 2471 4172 reliquit.
2503 4103 2877 4160 Heremannus
2905 4105 3018 4161 dua:
3047 4107 3404 4166 Alemannia?
3433 4110 3591 4182 obiit,

1935 4193 2092 4261 cuius
2122 4191 2380 4248 ducatum
2405 4192 2590 4248 Emist
2613 4195 2837 4264 accepit.

2013 4281 2146 4337 1013
2177 4285 2356 4337 Rom
2384 4281 2704 4353 defuncto...
2736 4284 2908 4352 ferme
2936 4303 3039 4341 χιι.

1792 4433 2018 4490 NOT/E.

240 4558 392 4631 (521)
424 4559 503 4614 De
528 4559 638 4615 hoc
675 4559 790 4614 vid.
826 4559 978 4614 infra
1004 4558 1136 4614 Vita
1167 4559 1504 4615 Hermanni.

240 4569 360 4631 (521
424 4569 503 4614 Ue
530 4569 638 4615 hoc
675 4569 790 4614 vid.
826 4569 978 4614 intra
1012 4569 1136 4614 Vita
1167 4569 1504 4615 Hermanni.

239 4569 630 4704 (522lTitulus
661 4631 852 4703 operis
884 4630 1167 4704 deperditi
1197 4637 1356 4687 erat:
1390 4632 1465 4686 De
1509 4633 1680 4686 ruina
1709 4647 1824 4687 mo-

163 4701 413 4758 nasterii
440 4701 726 4758 Auaiensis
755 4719 824 4758 ea:
855 4701 1124 4757 incendio.

242 4774 396 4846 (523)
427 4772 742 4854 Ordinatus
769 4777 860 4829 est
908 4773 981 4829 26
1024 4773 1157 4854 Dec.
1211 4789 1306 4828 an.
1355 4773 1515 4844 1003,
1562 4772 1828 4845 seditque

165 4861 360 4901 annos
391 4860 654 4916 quinque
687 4859 915 4899 menses
947 4860 1226 4916 quinque.

237 4916 394 4995 (524)
419 4914 820 4995 ﬂung—agundis,
846 4915 1077 4995 IIenrici
1111 4914 1158 4995 II
1190 4915 1642 4995 uxorLﬁljafuit
1666 4914 1828 4995 Sige-

161 4987 307 5074 1_'_rid_i
358 4986 1182 5074 cpmiti's‘ibuse'm‘bur‘gensis
1231 4991 1288 5041 et
1335 4986 1646 5058 Hedwigis.
1702 4986 1822 5042 Vid.
1856 5009 1902 5074 D

162 5057 436 5116 Bolland.
471 5062 512 5111 t.
548 5057 590 5120 Ι,
622 5058 809 5113 Martii
841 5059 932 5114 die
961 5058 1016 5112 3.

235 5128 394 5200 (525)
418 5129 703 5186 Henricus
733 5129 936 5186 Hezelo
956 5128 1029 5184 ob
1051 5142 1310 5184 sororem
1331 5144 1498 5184 suam
1522 5129 1826 5200 Cunegun-

163 5201 439 5281 detnsa.
477 5201 614 5255 1004
646 5203 920 5273 Bajoarize
953 5201 1168 5256 ducatu
1216 5200 1489 5266 donatus,
1541 5204 1596 5255 et
1625 5205 1826 5271 postea

160 5274 498 5328 restitutus.

232 5343 390 5413 (526)
425 5342 756 5399 Fridericus
787 5359 986 5400 comes
1017 5341 1374 5398 Mosellanus
1405 5345 1462 5397 et
1483 5342 1667 5413 patris
1689 5359 1820 5398 suc-

161 5429 390 5488 cessor,
435 5414 699 5488 ejusdem
747 5415 1125 5488 Cunegunﬁdis
1164 5430 1265 5488 ac‘
1289 5413 1822 5486 suprascriptorum
1936 5413 2123 5488 Leopo

1933 5481 2116 5537 breves
2149 5481 2377 5536 Einsild.

161 5486 370 5550 frater,
404 5502 499 5540 an.
533 5486 669 5541 1019
702 5485 1196 5544 mortuisdnnal.
1231 5485 1394 5540 Saxo.

236 5557 389 5629 (527)
425 5557 526 5614 Hic
553 5557 784 5616 videtur
801 5576 930 5616 esse
958 5558 1251 5614 Gerardus
1272 5572 1468 5612 comes
1487 5556 1760 5629 Metensis
1791 5575 1825 5613 a

159 5627 521 5686 S.'Henrico
568 5647 663 5686 an.
713 5631 851 5687 1002
903 5629 1276 5686 renuntiatus
1338 5628 1583 5684 Conradi
1651 5629 1822 5686 Salici

164 5700 514 5759 avunculus.
547 5703 679 5760 Vid.
713 5720 808 5761 an.
841 5703 1002 5761 1017.

238 5772 388 5856 (528)
412 5773 574 5839 Geni.
607 5775 740 5839 Vite
768 5772 1108 5838 Hermanni.

2007 4559 2154 4630 (529)
2203 4557 2306 4613 Hic
2355 4559 2479 4630 ipse
2525 4560 2754 4617 videtur
2800 4578 2928 4618 esse
2976 4564 3358 4622 Wolveradus
3397 4583 3594 4626 comes

1937 4628 2166 4702 legatus
2196 4628 2563 4702 imperatoris
2586 4633 2642 4686 in
2656 4631 2938 4690 electione
2951 4639 3308 4694 successoris
3330 4638 3387 4694 S.
3411 4638 3588 4695 Udal-

1937 4701 2042 4779 rici
2073 4719 2166 4779 an.
2201 4701 2324 4779 973,
2349 4707 2518 4773 cujus
2538 4721 2604 4779 θέε
2627 4721 2823 4759 sorore
2847 4707 3035 4779 neptis
3057 4714 3180 4763 erat
3204 4709 3409 4764 Bertha
3430 4710 3592 4767 Wol-

1940 4771 2330 4849 feradihujus
2361 4771 2525 4840 uior,
2561 4775 2874 4830 Hermanni
2903 4771 3048 4834 avia.
3085 4780 3212 4834 Vid.
3247 4797 3341 4835 an.
3375 4783 3499 4849 955,
3532 4789 3588 4839 et

1938 4843 2089 4898 infra
2121 4843 2179 4897 in
2211 4843 2364 4899 Vita.

2010 4915 2154 5056 (530)
2187 4915 2532 4986 Superioris.

2010 4986 2124 5056 (531
2189 4988 2241 5041 Is
2271 4993 2394 5041 erat
2427 4987 2532 5041 Gre

2006 4986 2154 5057 (531)
2189 4988 2241 5041 Is
2271 4987 2739 5057 eratAGregorius
2771 4987 2816 5040 V
2869 4989 3024 5043 Illius
3073 4990 3296 5044 Ottonis
3331 4991 3586 5048 Franciae

1936 5055 2340 5132 Bhenanaa_et
2387 5055 2694 5132 Carinwthiae
2746 5059 2934 5124 ducis,
2981 5078 3046 5114 ac
3101 5061 3424 5132 Luitgardm
3458 5062 3591 5121 filias

1937 5127 2162 5203 Ottonis
2197 5127 2640 5203 [imperatoria
2673 5133 2737 5184 ut
2765 5147 2946 5203 supra
2974 5132 3043 5187 ad
3077 5149 3170 5186 an.
3198 5127 3304 5186 997
3342 5133 3588 5192 dictum.

2005 5200 2154 5276 (532)
2194 5197 2404 5276 _Comes
2449 5200 2520 5254 de
2552 5200 2794 5256 Murztal
2827 5197 2884 5258 ét
2913 5203 3152 5272 Afﬂenz,
3182 5209 3382 5276 postea
3409 5205 3590 5264 etiam

1929 5270 2048 5326 dux
2077 5267 2280 5326 Istriaa.

3121 5350 3301 5402 atrem
3335 5345 3595 5409 habebat

2005 5342 2151 5466 (533)
2186 5341 2466 5394 Ernestus
2500 5341 2517 5394 I
2549 5340 2902 5399 Alemanniae
2934 5347 3049 5402 dux
3121 5364 3147 5402 a

2005 5429 2123 5466 :ono
2152 5411 2292 5465 dum
2329 5411 2583 5466 primum
2634 5415 2881 5466 Austrim
2929 5364 3147 5466 mar-(Sui

2152 5411 2292 5465 dum
2329 5411 2583 5482 primum
2634 5415 2881 5470 Austriae
2929 5411 3346 5474 marchionem.
3381 5419 3586 5478 Annal.

2005 5554 2152 5634 (531)
2187 5553 2301 5636 Ista
2333 5551 2531 5636 par-ocul
2561 5553 2738 5636 dubio
2770 5555 3136 5636 a_Bernoldo_
3166 5560 3397 5636 adjecta
3423 5566 3588 5636 sunt,

1933 5625 2174 5700 dumin
2203 5624 2623 5700 Schafhusensi
2661 5626 2911 5700 degebat
2956 5624 3256 5695 emnobio;
3289 5648 3323 5686 a
3352 5624 3586 5689 Nellen:

1932 5696 2192 5780 burgjcis
2222 5695 2472 5780 condito.
2506 5697 2649 5780 Yid._
2671 5695 2766 5780 ad:
2798 5717 2893 5756 an.
2931 5701 3088 5780 1052.
3114 5701 3392 5780 Eppqhic
3421 5709 3589 5779 pater

1933 5767 2413 5842 fuit'Eberhardi,
2447 5771 2548 5852 qui
2578 5770 2740 5835 istud
2770 5772 3095 5839 cenobium
3125 5767 3403 5834 condidit.
