3982 6216
398 374 512 441 231

1200 370 1611 433 HERMANNI
1656 370 2097 433 CONTRACTI
2141 368 2561 436 AUGIENSIS
2617 367 3000 434 MONACHI.

3698 363 3821 437 232

1755 526 1988 586 CODEX
2023 528 2420 587 AUGIENSIS.

473 632 612 689 4014
638 630 923 703 Henricus
953 628 1271 692 rexltomm
1321 627 1609 699 imperiali
1661 644 1695 683 a
1737 627 2045 684 Benedicto
2075 630 2125 695 Α
2156 628 2589 701 episcopus,vir
2620 642 2845 700 magna;
2867 628 3218 697 sanctitatis,
3237 627 3347 683 bac
3374 626 3495 683 vita
3525 623 3823 707 decedens

399 740 549 798 papa
577 721 886 777 coronatur
912 715 1334 773 benedictione.
1366 718 1598 773 Ditmar.

476 811 609 866 lUl5
638 809 854 864 Ernust
883 805 999 861 dux
1027 804 1382 860 Alemanniaa
1415 804 1475 859 in
1504 810 1716 861 venatu
1767 806 1838 860 ab
1870 803 2044 860 Adal-

395 901 606 956 berone
636 896 848 952 comite
878 895 1058 951 feram
1109 898 1419 966 appetente
1466 894 1678 966 sagitta
1707 893 2047 950 vulneratus

394 986 634 1051 interiit,
660 988 719 1041 et
751 985 1029 1039 ducatum
1063 983 1190 1053 ejus
1224 981 1381 1037 ﬁlius
1412 982 1767 1053 aequivocus,
1809 983 2041 1038 viduam

392 1093 523 1132 vero
554 1072 810 1131 Giselam
859 1070 1160 1127 Conradus
1206 1068 1364 1126 filius
1412 1070 1640 1125 Henrici
1683 1069 1786 1125 filii
1820 1070 2044 1125 Ottonis

392 1165 582 1229 ducis,
616 1163 853 1221 futurus
887 1163 1087 1234 postea
1116 1159 1451 1233 imperator,
1478 1159 1716 1231 accepit.
1742 1161 2041 1214 Ditmarus.

390 1251 812 1326 Megingaudus
840 1246 1209 1304 Trevirorum
1234 1247 1711 1319 archiepiscopus
1726 1247 2046 1320 obiiteique

393 1344 612 1419 Poppo,
640 1340 731 1395 vir
757 1335 1131 1403 venerabilis,
1165 1336 1346 1392 frater
1377 1336 1564 1408 ipsius
1611 1335 1777 1392 ducis
1807 1336 2051 1407 Ernusti

410 1432 539 1509 (535
571 1428 878 1484 successit.

478 1520 618 1576 4017
665 1514 1013 1572 Godefridus
1045 1514 1165 1569 dux
1193 1511 1372 1584 partis
1394 1510 1879 1586 Lotboringorum
1898 1513 2044 1584 (536)

392 1607 758 1667 Gerbardum
783 1602 1055 1660 comitem
1086 1602 1236 1673 (537)
1268 1600 1538 1668 Conradi,
1563 1606 1765 1672 postea
1794 1600 2043 1672 impera-

392 1698 558 1763 toris,
592 1689 948 1749 avunculum
980 1688 1297 1745 commisso
1330 1687 1526 1761 prmlio
1556 1687 1696 1743 vicit
1728 1690 1890 1744 Ditm.

463 1785 603 1839 1018
650 1778 1003 1838 Constantia:
1052 1778 1366 1850 Lantperto
1414 1775 1693 1849 ‘episcopo
1747 1777 2041 1843 defuncto,

392 1870 857 1931 Rhuordhardus
878 1866 1256 1940 praesulatum
1279 1865 1519 1937 accepit,
1552 1866 1841 1937 annisque
1864 1865 2041 1921 ferme

390 1980 425 2017 v
456 1960 700 2035 praefuit.
738 1957 1037 2014 Ditmarus.

2071 2002 2119 2067 B

2157 715 2357 772 multis
2386 714 2687 772 miraculis
2717 714 2948 783 claruit,
2972 716 3141 789 eique
3162 714 3483 788 Piligrinus
3505 712 3821 773 successit.

2154 804 2552 860 Erchenbaldo
2570 805 2845 860 defuncto
2857 804 3032 862 Aribo
3045 802 3422 877 ambiprazsul
3434 803 3825 860 efﬁciturJVe-

2153 896 2454 952 crol.Fuld.
2469 924 2536 935 —-
2553 896 2688 951 Post
2708 894 3140 967 Wolfpotonem
3163 892 3643 967 [Wolbodonem]
3663 891 3820 961 (544.

2156 1000 2387 1056 quoque
2403 983 2814 1040 Leodicensem
2831 984 3143 1040 Durandus
3156 983 3402 1039 antistes
3415 984 3821 1055 promovetur.

2155 1072 2743 1129 Irmendrudisetiam
2759 1073 3252 1146 Buocbaugiensis
3263 1072 3336 1128 ab
3345 1072 3820 1129 batissavcnera-

2155 1161 2292 1218 bilis
2323 1180 2357 1217 x
2390 1161 2515 1218 Kal.
2547 1161 2736 1217 Martii
2767 1162 2932 1231 obiit,
2980 1162 3149 1234 eique
3195 1160 3476 1217 Abarhild
3508 1160 3822 1221 abbatissa

2156 1250 2462 1308 successit.
2496 1251 2577 1307 Ex
2606 1267 2719 1323 quo
2753 1255 3033 1323 tempore,
3067 1249 3232 1306 locus
3251 1249 3352 1306 ille
3372 1248 3564 1324 magis
3586 1249 3821 1323 magis-

2155 1355 2268 1412 que
2291 1340 2348 1395 in
2380 1338 2636 1394 deterius
2668 1339 2922 1396 deﬂuere
2948 1338 3140 1412 coepit.
3179 1337 3466 1395 Henricus
3488 1337 3820 1410 imperator

2155 1426 2215 1482 in
2248 1426 2475 1482 Italiam
2507 1426 2930 1498 expeditionem
2964 1428 3163 1482 movit.
3198 1424 3606 1483 Werinharius
3638 1425 3819 1487 frater

2156 1532 2323 1571 meus
2354 1514 2597 1571 Kalend.
2630 1520 2865 1571 Novem.
2900 1516 3181 1571 nascitur.

2226 1604 2365 1659 l022
2421 1602 2705 1659 Henricus
2763 1603 3099 1675 imperator,
3159 1601 3539 1677 Campaniam
3581 1607 3813 1681 petens,

2152 1695 2538 1750 Beneventum
2572 1692 2831 1759 intravit,
2863 1691 3096 1763 Trojam
3140 1691 3499 1765 oppugnavit
3544 1696 3605 1747 et
3635 1692 3812 1765 cepit,

2151 1780 2474 1853 Neapolim.
2507 1780 2787 1852 Capuam,
2816 1778 3122 1836 Salernum
3154 1779 3417 1852 aliasque
3446 1794 3513 1836 eo
3544 1778 3813 1836 locorum

2150 1870 2409 1925 civitates
2437 1869 2495 1923 in
2525 1868 2881 1925 deditionem
2904 1866 3108 1926 omne‘s
3129 1867 3372 1942 accepit,
3392 1871 3450 1925 et
3468 1868 3809 1931 Nordman-

2151 1958 2243 2014 nis
2273 1958 2648 2031 quibusdam,
2674 1958 2771 2031 qui
2804 1961 3061 2029 tempore
3091 1959 3219 2030 ejus
3250 1956 3348 2014 illo
3379 1956 3808 2026 conﬂuxerant,

459 2050 597 2107 4019
619 2046 918 2105 Conradus
939 2042 1463 2109 adolescens,filius
1486 2043 2039 2115 Conradlquondam
2072 2042 2119 2067 "
2150 2047 2467 2121 quoddam,
2501 2050 2567 2101 ut
2609 2046 2810 2114 fertur,
2861 2045 2979 2103 illis
3027 2047 3087 2102 in
3137 2047 3405 2119 partibus
3442 2045 3811 2103 territorium

385 2140 552 2195 ducis
582 2135 885 2193 Carentani
918 2131 1236 2189 auxiliante
1268 2129 1533 2204 patruele
1563 2132 1711 2200 (538)
1744 2148 1849 2187 suo
1890 2131 2038 2186 Con-

2148 2135 2471 2204 concessit;
2507 2134 2707 2206 sicque
2739 2150 2842 2211 per
2865 2136 3070 2191 urbem
3129 2134 3424 2191 transiens
3474 2135 3808 2192 Romanam

390 2230 549 2293 rado,
604 2229 806 2300 postea
854 2224 1221 2296 imperatore.
1250 2219 1678 2276 Adalboronem
1716 2224 1853 2275 tunc
1882 2219 2036 2275 ἰοο
2143 2225 2325 2281 victor
2354 2223 2525 2279 rediit
2554 2222 2612 2277 in
2641 2223 3036 2279 Germaniam.
3096 2224 3308 2297 Hepid;
3367 2225 3469 2280 Leo
3519 2223 3637 2280 0st.
3669 2224 3712 2279 ι.
3747 2240 3806 2280 ιι.

387 2318 594 2373 ducem
626 2311 956 2379 Carentani,
991 2312 1144 2383 apud
1178 2310 1408 2366 Ulmam
1441 2325 1637 2382 pugna
1677 2308 1896 2362 victum
1941 2306 2035 2360 fu—

388 2405 561 2478 gavit.
597 2403 713 2459 Vid.
743 2416 910 2473 supra
937 2415 994 2456 a.
1024 2399 1180 2454 10l2.

464 2495 599 2547 1020
625 2489 972 2546 Benedictus
994 2504 1146 2559 papa
1167 2487 1237 2541 ab
1258 2486 1609 2560 imperatore
1628 2484 1909 2541 invitatus
1933 2489 2035 2539 Ba—

2143 2312 2480 2369 Pestilentia
2514 2312 2569 2367 in
2602 2312 2855 2368 exercitu
2887 2318 3014 2369 orta
3042 2313 3262 2370 multos
3292 2312 3570 2370 exstinxit
3598 2331 3612 2382 ;
3655 2311 3810 2369 inter

2144 2419 2293 2474 quos
2318 2401 2705 2457 Ruodhardus
2727 2400 3075 2458 Constantia:
3096 2401 3409 2475 episcopus
3430 2406 3488 2458 et
3508 2401 3807 2465 Burchar-

2143 2491 2252 2546 dus
2284 2489 2465 2545 abbas
2495 2490 2566 2545 de
2596 2490 2857 2545 cmnobio
2882 2489 3071 2547 sancti
3091 2490 3242 2547 Galli
3263 2489 3557 2547 obierunt.
3587 2490 3803 2548 Necrol.

389 2582 648 2653 benberg
675 2577 834 2634 venit
864 2576 1061 2649 ibique
1091 2574 1396 2631 ecclesiam
1428 2574 1612 2633 sancti
1643 2573 1920 2646 Stephani
1944 2574 2037 2629 de-
2142 2579 2304 2635 Fuld.
2333 2597 2346 2645 ;
2406 2578 2602 2650 Hepid.
2637 2596 2649 2647 ;
2678 2579 2982 2635 Burchard.
3046 2579 3118 2636 de
3155 2579 3407 2637 Casibus.
3465 2582 3535 2635 Et
3573 2597 3683 2651 pro
3714 2578 3807 2635 bis

389 2669 603 2726 dicavit
648 2668 819 2741 (539).
862 2663 1272 2721 Werinharius
1321 2664 1655 2736 Argentinae
1691 2663 2032 2735 epiSCOpus;

389 2756 812 2814 auxiliantibus
843 2752 1199 2827 quibusdam
1229 2753 1451 2820 Suevis,
1484 2752 1925 2824 Burgundiones
1954 2752 2038 2807 in-

386 2848 541 2905 vasit
568 2850 623 2902 et
652 2848 918 2901 conserto
949 2840 1145 2917 praelio
1175 2840 1326 2898 vicit.
1361 2843 1559 2897 Annal.
1608 2845 1759 2898 Saxo
1788 2859 1840 2896 a.
1874 2841 2033 2897 4019.

388 2942 503 3009 Ego
549 2934 938 2991 Herimannus
988 2930 1195 2986 litteris
1242 2930 1495 2988 traditus
1564 2948 1696 2987 sum
1746 2948 1856 2987 xvu
1908 2930 2033 2986 Kal.

391 3024 624 3082 Octobr.

468 3113 594 3169 1024
632 3112 820 3168 Terrae
850 3113 1049 3171 motus
1078 3125 1330 3182 magnus
1361 3125 1418 3164 IV
1448 3108 1587 3163 Idus
1609 3108 1766 3177 Maii,
1790 3108 1929 3164 feria
1955 3126 2032 3177 v1,

390 3204 598 3271 factus,
629 3200 969 3257 Heribertus
1014 3198 1163 3270 (540)
1195 3196 1441 3253 Colonia:
1481 3196 1811 3270 Aggripinaa
1844 3197 2034 3253 archi-

2142 2668 2347 2723 Heimo
2369 2667 2681 2740 episcopus
2713 2668 2861 2727 201
2900 2668 3072 2725 annis
3103 2668 3284 2724 ferme
3326 2685 3404 2749 iv,
3433 2666 3808 2725 Theodebal-

2143 2757 2369 2829 dusque
2400 2756 2582 2812 abbas
2611 2773 2673 2813 χι
2701 2756 2871 2813 annis
2902 2756 3275 2829 praefuerunt.
3327 2756 3624 2813 Notkerus
3656 2757 3805 2830 (5112)

2144 2861 2377 2917 quoque
2408 2844 2706 2917 magister,
2740 2848 2797 2900 et
2825 2844 2921 2900 alii
2968 2849 3310 2918 praestantes
3357 2844 3591 2916 fratres,
3649 2845 3805 2919 apud

2145 2937 2415 2989 sanctum
2446 2933 2675 2989 Gallum
2709 2934 3103 2990 decesserunt.

2213 3022 2353 3076 4023
2384 3021 2713 3077 Ratisbona:
2747 3027 2877 3095 post
2906 3022 3314 3078 Gebehardum
3344 3022 3697 3095 episcopum
3718 3040 3808 3079 ca-

2145 3115 2303 3166 stum
2334 3110 2544 3178 virum,
2577 3115 2633 3166 et
2666 3110 3064 3184 singularibus
3086 3111 3439 3185 quibusdam
3463 3109 3733 3167 moribus
3754 3114 3811 3168 et

2146 3198 2571 3255 munditiarum
2621 3204 2980 3272 ornatusque
3027 3199 3257 3257 insueto
3313 3199 3568 3275 quodam
3604 3215 3807 3256 amore

1456 3294 1923 3351 COMPENDIUM
1963 3296 2055 3351 EX
2097 3297 2351 3353 CODICE
2389 3297 2774 3353 BERNOLDI.

460 3398 595 3455 10H
625 3397 907 3463 Henricus,
938 3398 1073 3462 etc.,
1104 3396 1170 3449 ut
1197 3397 1347 3466 Aug.

2054 3395 2098 3462 C
2137 3397 2331 3451 Heimo
2358 3399 2532 3467 ferme
2555 3396 2721 3451 annis
2750 3411 2808 3450 IV
2826 3396 3078 3467 praefuit.
3118 3395 3380 3466 Notgerus
3422 3410 3638 3469 quoque
3684 3412 3805 3452 ma-

459 3488 599 3543 1015
626 3488 828 3542 Ernust
853 3484 1034 3540 duc...
1068 3484 1291 3554 accepit.
1325 3480 1785 3551 Megingaudus...
1811 3498 1912 3551 pro
1932 3497 2034 3553 quo
2142 3485 2309 3555 gister
2331 3483 2396 3539 de
2426 3483 2479 3537 S.
2514 3482 2665 3538 Gallo
2694 3484 2850 3538 obiit.

386 3577 593 3719 Pollii)
620 3661 937 3735 Godefridus
969 3661 1084 3716 dua:
1108 3668 1286 3732 partis
1315 3659 1783 3727 Lotharingorum
1804 3659 2037 3714 Gerhar-

386 3755 519 3810 dum
546 3754 797 3809 comitem
828 3750 965 3806 bello
995 3752 1143 3806 vicit.

458 3843 595 3898 10l8
627 3841 981 3910 Constantius,
1014 3841 1122 3894 etc.
1158 3841 1223 3893 ut
1242 3843 1392 3910 Aug.

459 3931 597 3987 1019
628 3929 974 3986 Conradus...
1016 3926 1177 3982 ducis
1221 3925 1519 3981 Carentam
1568 3924 2040 3981 Adalberonem...

386 4022 596 4077 victum
622 4019 859 4090 fugavit.
1791 4032 1799 4041 ι

461 4111 596 4164 1020
627 4107 940 4162 Benedictus
964 4120 1187 4177 papa...
1211 4103 1501 4160 dedicavit.

458 4197 591 4252 102l
627 4196 1012 4252 Heribertus...
1062 4191 1430 4263 archiprzsul
1461 4192 1722 4262 efﬁcitur.
1772 4192 2045 4247 Henricus

394 4295 529 4357 imp.
562 4286 622 4340 in
651 4285 871 4340 Italiam
898 4281 1305 4353 expeditionem
1321 4280 1512 4334 movit.

459 4374 599 4429 102?.
654 4374 916 4428 Henrwus
976 4371 1112 4441 imp.
1172 4367 1535 4438 Campaniam
1561 4373 1750 4437 petens
1805 4368 2045 4438 Trojam,

393 4463 697 4534 Neapolim,
775 4460 1020 4531 Capuam
1114 4457 1436 4511 civitates...
1541 4455 1603 4508 in
1676 4457 2045 4511 Germaniam.

390 4550 729 4608 Ruothardus
774 4546 1207 4604 Constantiensis
1244 4544 1528 4617 episcopus
1572 4541 1727 4609 obiit,
1782 4560 1883 4616 pro
1937 4560 2047 4617 quo

2217 3572 2359 3627 4023
2389 3572 2694 3629 Παιίδόοπκ
2720 3580 2843 3644 post
2873 3570 3270 3639 Gebehardum,
3317 3573 3510 3627 virum
3540 3573 3709 3630 laude
3732 3574 3815 3629 di-

2145 3662 2489 3732 gnissimum,
2521 3661 2664 3716 alter
2695 3660 3042 3716 Gebehardus
3071 3661 3505 3716 inthronizatur.
3539 3663 3815 3720 [locum

2148 3751 2438 3805 convennit
2466 3748 2703 3819 synodus
2730 3750 3019 3819 Elegantia?
3047 3749 3214 3820 (543),
3239 3750 3299 3804 in
3318 3765 3427 3821 qua
3454 3753 3816 3807 constitutum

2149 3840 2307 3893 estut
2330 3838 2484 3908 plebs
2514 3836 2832 3893 Christiana
2862 3838 3279 3909 quatuorde
3307 3838 3423 3894 dies
3451 3842 3583 3895 ante
3619 3844 3818 3912 festum

2151 3926 2207 3981 S.
2239 3927 2465 3981 Joannis
2493 3927 2757 3997 Baptistae
2780 3942 2816 3981 a
2837 3941 3002 3982 carne
3021 3933 3073 3981 et
3089 3928 3358 3997 sanguine
3374 3928 3687 3996 abstineat,
3706 3930 3821 3986 nisi

2153 4014 2476 4083 inﬁmitate
2503 4022 2745 4088 cogente,
2781 4017 2880 4069 aut
2906 4016 3221 4086 festivitate,
3252 4032 3370 4087 quae
3400 4018 3467 4072 in
3496 4016 3600 4074 illo
3618 4020 3821 4090 episeo-

2149 4104 2243 4175 pio
2273 4103 2498 4158 celebris
2522 4103 2750 4158 habetur
2767 4120 2788 4165 ;
2816 4104 3079 4159 similiter
3106 4104 3527 4174 quatuordecim
3563 4105 3687 4163 dies
3716 4124 3820 4162 an-

2156 4186 2207 4238 te
2234 4184 2427 4240 Natale
2456 4184 2692 4238 Domini.
2720 4184 2849 4238 ltem
2880 4184 2959 4238 ibi
2986 4186 3342 4240 constitutum
3396 4193 3475 4241 est
3508 4188 3569 4241 ut
3610 4187 3817 4257 vigilia

2156 4271 2481 4344 Epiphania
2506 4272 2709 4343 vigilia
2722 4273 2970 4327 omnium
2987 4272 3541 4345 Sanctorum,vigilia
3553 4276 3819 4349 Assump-

2157 4362 2322 4417 tionis
2350 4361 2407 4415 S.
2433 4360 2636 4429 Mariae,
2669 4360 2865 4431 vigilia
2894 4359 2949 4415 S.
2982 4360 3270 4417 Laurentii
3288 4362 3602 4435 jejunetur,
3660 4367 3740 4422 ita
3760 4373 3821 4422 ut

2157 4466 2271 4506 una
2298 4451 2608 4522 refectionis
2638 4450 2772 4505 hora
2799 4448 3140 4505 admittatur.

2001 4641 2230 4698 ΝΟΤίΕ.

460 4743 609 4817 (535)
640 4740 897 4800 Senioris
930 4737 1156 4796 scilicet
1174 4742 1233 4794 et
1260 4734 1545 4805 Junioris,
1581 4753 1682 4793 seu
1729 4739 1955 4795 Ernesti
2002 4739 2049 4796 ll
2084 4743 2127 4806 D

438 4820 665 4871 atruus.

395 4833 992 4958 pagghgséodefridus
1030 4880 1107 4935 III
1153 4879 1269 4958 dus
1315 4876 2039 4958 Letharingizeinferioris.

463 4948 613 5081 (537‘)
641 4954 962 5033 Gerardus_
985 4966 1181 5033 comes
1226 4950 1321 5031 de_
1352 4948 1659 5076 Egesbeiin
1709 4951 1765 5005 in
1802 4951 2041 5033 alsatia,

463 5030 564 5081 ius
602 5027 701 5081 ilia
725 5023 1062 5080 Adelhaidls
1083 5021 1325 5077 Conradi
1345 5026 1418 5077 Sa
1446 5038 1515 5077 [Ol
1536 5025 1901 5081 Imperatoris
1926 5040 2041 5078 ma-

395 5021 564 5099 cujus
584 5021 701 5085 lilia
725 5022 1065 5099 Adelhaidis
1083 5021 1325 5099 Conradi
1345 5021 1515 5099 Salici
1536 5023 2043 5099 imperatorisqu-

394 5093 484 5155 ter
511 5099 619 5154 fuit
648 5115 715 5153 ex
745 5096 991 5151 Henrico
1033 5094 1360 5149 Franconia:
1417 5093 1583 5149 duce.
1628 5093 1857 5149 'Calmet
1904 5095 2037 5150 Ilist.

394 5169 614 5228 Lothar.
643 5168 682 5223 l.
713 5183 873 5233 xvxu,
907 5182 956 5221 c.
987 5167 1077 5223 δυ.
1113 5165 1173 5220 Ρ.
1206 5165 1467 5221 Clement
1496 5163 1872 5219 Adelhaidem
1935 5167 2040 5219 Ge-

397 5240 549 5297 rardi
583 5253 842 5294 sororem
867 5236 1024 5298 dicit.
1057 5234 1237 5291 filiam
1266 5234 1581 5293 Eberhardi
1617 5234 2043 5306 lV,Nordgavite

395 5329 499 5379 seu
530 5309 821 5366 inferioris
850 5307 1076 5365 Alsatiie
1097 5308 1348 5374 comitis,
1364 5306 1585 5379 quihoc
1601 5307 1771 5379 modo
1792 5306 1907 5362 Con
1918 5306 2041 5361 radi

394 5370 567 5439 salici
591 5381 763 5449 juxta
791 5379 1185 5435 Hermannum
1216 5370 1345 5435 vere
1377 5370 1487 5433 fuit
1515 5377 1849 5432 Avunculus.

468 5448 616 5523 (538)
642 5451 939 5523 Conradus
969 5451 1195 5507 Salicus
1224 5454 1449 5523 patrem
1480 5449 1696 5523 habuit
1728 5448 2041 5523 Henricum

399 5519 728 5581 FraucOniaa
761 5522 1049 5580 Rhenanis
1079 5519 1372 5586 comitem,
1398 5521 1638 5576 fratrem
1659 5519 1905 5574 Conradi
1937 5536 2040 5575 seu

397 5588 653 5651 Cunonis
684 5591 984 5650 Carinthiaa
1017 5593 1203 5656 ducis,
1237 5598 1294 5648 et
1321 5591 1549 5647 Ottonis
1579 5589 1746 5646 ducis
1770 5589 1894 5643 lilii.
1930 5595 2043 5644 llu-

401 5666 494 5725 ius
534 5665 714 5725 igitur
761 5664 919 5722 ﬁlius
961 5664 1261 5725 Conradus
1312 5661 1606 5721 fratruelis
1635 5666 1759 5719 erat
1794 5660 2043 5719 Conradi

439 5730 589 5803 alicl'.
622 5735 754 5801 Vid.
785 5752 965 5816 supra
999 5753 1098 5803 an.
1130 5734 1292 5797 4m.
1319 5732 1452 5794 Vid.
1481 5736 1527 5793 t.
1574 5731 1671 5804 VI,
1726 5730 1862 5792 Jun.
1894 5730 2042 5804 Ball,

2160 4756 2379 4935 3650)
2408 4807 2537 4864 Vid.
2571 4806 2701 4864 Vita
2730 4808 2789 4865 S.
2819 4808 3072 4878 Henrici,
3103 4814 3161 4867 et
3209 4811 3321 4867 Leo
3367 4810 3632 4868 Ostiens.
3676 4809 3720 4869 ι.
3754 4828 3817 4884 u,

2160 4897 2208 4936 Ο.
2244 4897 2333 4935 -ιο,

2220 4952 2370 5018 (540)
2399 4949 2591 5006 Vitam
2618 4950 2676 5007 S.
2714 4950 2997 5007 Heribcrti
3028 4950 3388 5008 Coloniensis
3417 4952 3666 5018 scripsit
3698 4953 3819 5010 Ru-

2151 5027 2351 5148 pertus
2377 5020 2693 5103 Tuitiensis
2711 5023 2912 5090 abbas,
2936 5039 3113 5093 quam
3132 5022 3407 5110 exbibent
3443 5020 3822 5093 Bollandieni

2195 5092 2533 5148 agioaraohi
2566 5097 2608 5148 t.
2638 5095 2708 5148 ll.
2735 5097 2901 5148 Mart.
2935 5093 3006 5148 ad
3039 5094 3097 5148 d.
3131 5094 3218 5148 to.

2195 5092 2533 5164 agiographi
2566 5097 2608 5148 t.
2638 5095 2708 5158 ll,
2735 5097 2901 5151 Mart.
2935 5092 3006 5149 ad
3039 5094 3097 5149 d.
3131 5094 3218 5150 lli.

2224 5163 2372 5235 (541)
2400 5164 2535 5235 ίνὶἁ.
2573 5164 2853 5235 Reinerus
2885 5165 3208 5220 monachus
3233 5164 3291 5219 S.
3326 5163 3631 5221 Laurentii
3681 5172 3819 5224 [£0-

2152 5234 2372 5290 diensis
2396 5234 2453 5308 in
2473 5237 2602 5305 ejus
2621 5234 2778 5302 Vita,
2796 5236 2953 5308 apud
2975 5234 3238 5291 Bolland.
3258 5239 3300 5289 t.
3318 5234 3387 5301 II,
3407 5236 3596 5308 April,
3615 5238 3819 5308 dic21.

2223 5308 2371 5375 (512)
2405 5298 2576 5378 ιαὶῖερ
2604 5298 3053 5378 cognominatus
3082 5310 3255 5377 cujus
3302 5298 3596 5378 nonnulla
3620 5298 3821 5378 Opera

2223 5327 2371 5375 (θαι)
2405 5327 2574 5361 ιαοεο
2604 5327 3053 5378 cognominatus
3082 5327 3255 5377 CUJUS
3302 5327 3596 5363 1101100118
3626 5327 3673 5365 υ
3754 5327 3819 5366 ΓΕ

2152 5382 2381 5449 enatant
2400 5377 2459 5431 in
2490 5375 2756 5449 Scbilteri
2786 5374 3248 5449 Antiquitatibus
3280 5376 3649 5437 Teutonicis.
3678 5327 3819 5439 Vici.

2155 5446 2372 5502 Mabill.
2405 5448 2610 5502 Annal.
2645 5453 2687 5504 t.
2718 5449 2809 5513 IV,
2840 5465 2897 5513 p.
2930 5446 3054 5504 287.

2225 5519 2373 5590 (543)
2404 5519 2469 5574 Τ.
2507 5519 2580 5575 llI
2601 5518 2814 5576 Concil.
2839 5518 3034 5590 Germ.
3063 5518 3412 5590 ;concilium
3432 5518 3545 5577 hoc
3563 5519 3626 5575 in
3651 5520 3819 5579 Sale-

2154 5588 2394 5667 gunstat
2423 5606 2574 5667 anno
2604 5590 2759 5667 4021
2789 5589 3143 5667 celebratum
3196 5588 3379 5646 fuisse
3436 5590 3685 5667 dicitur,
3715 5594 3821 5667 ubi

2155 5658 2341 5717 canon
2381 5658 2474 5717 hic
2505 5660 2718 5718 citatus
2744 5663 2931 5735 primo
2964 5679 3098 5720 mox
3125 5659 3253 5720 loco
3284 5666 3612 5737 comparet.
3662 5658 3682 5667 ’
3772 5662 3775 5667 ’
