3982 6216
135 366 251 438 233

1391 367 1866 435 CHRONICON.
1899 403 1977 416 α·-
2007 369 2195 434 82Εο.
2244 372 2348 434 XI.

3449 371 3564 434 931

1531 503 1762 561 CODEX
1798 503 2193 562 AUGIENSIS.

155 603 471 670 famosum,
503 606 564 658 et
590 603 653 658 in
681 602 900 659 divinis
929 602 1136 659 ofﬁciis
1168 603 1344 659 nimis
1379 602 1710 658 studiosum
1733 603 1807 662 ab
1837 604 1892 671 Α
1922 604 2004 660 sis
2033 604 2214 660 abbas
2263 604 2427 669 obiit,
2459 604 2628 675 eique
2686 602 3039 675 Ithenaugiae
3088 601 3330 658 Pirhtilo
3383 603 3565 660 abbas

149 692 258 749 hac
287 692 423 748 luce
453 692 856 760 subtractum,
885 691 1032 747 alter
1057 691 1200 748 item
1221 691 1595 748 Gebehardus
1617 694 1810 764 Augu-

147 781 369 838 ste'nis
399 781 727 838 oanonicus
757 781 1042 837 successit
1061 780 1231 852 (544).

220 870 367 926 1024
422 871 620 928 Roma
677 870 978 936 defuncto,
1036 869 1366 938 Benedicto,
1427 870 1605 926 frater
1680 870 1808 941 ejus

147 959 413 1016 Joannes
443 959 621 1016 XVIII
653 975 725 1015 ex
751 957 900 1015 laico
925 975 1078 1030 papa
1103 958 1362 1015 CXLVIII
1392 958 1695 1014 ordinatus
1726 974 1812 1014 se-

149 1047 240 1103 dit
269 1047 450 1103 annis
480 1047 662 1102 ferme
687 1064 766 1102 1x.
799 1077 867 1088 -—
896 1047 1183 1103 Henricus
1203 1063 1437 1118 quoque
1469 1047 1808 1118 imperator,

152 1152 222 1191 ιιι
254 1136 400 1192 Idus
420 1135 565 1191 Julii
593 1136 812 1208 absque
838 1135 974 1191 ﬁliis
992 1135 1146 1191 diem
1169 1136 1391 1206 obiens,
1415 1136 1568 1207 apud
1590 1136 1809 1208 episco-

147 1227 377 1295 patum
409 1224 970 1297 Bahenbergensem,
1003 1241 1038 1279 a
1067 1239 1130 1279 se
1159 1229 1583 1291 constructum,
1633 1241 1808 1295 quem

149 1312 437 1368 omnium
449 1311 796 1384 prmdiorum
811 1315 870 1368 et
881 1312 1294 1369 thesaurorum
1310 1327 1550 1368 suorum
1567 1311 1811 1384 relique-

143 1404 244 1456 rat
275 1401 659 1469 beredemﬁn
689 1399 936 1456 basilica
965 1401 1163 1456 Sancti
1178 1402 1334 1456 Petri
1358 1401 1638 1473 sepelitur
1671 1403 1807 1457 Vita.

142 1519 218 1534 --
247 1489 480 1562 Deinde
507 1504 647 1545 cum
701 1489 1004 1545 Conradus
1033 1489 1242 1544 Senior
1273 1490 1444 1561 (5t5),
1472 1489 1628 1545 ﬁlius
1659 1490 1812 1546 Hen-

144 1578 255 1635 rici
285 1582 348 1634 et
371 1577 735 1645 Adelheida,
765 1582 823 1633 et
849 1575 1134 1649 patruelis
1164 1577 1292 1647 ejus
1322 1578 1624 1632 Conradus
1655 1577 1811 1634 ﬁlius

142 1666 408 1724 Conradi
435 1665 610 1722 ducis
640 1666 792 1737 (546)
822 1681 891 1721 ex
922 1663 1203 1720 Mathilde
1234 1666 1382 1736 (547)
1439 1665 1510 1720 ad
1565 1681 1810 1737 regnum

146 1756 310 1812 202
337 1754 641 1827 praecipue
687 1753 1113 1819 adniterentur,
1147 1753 1349 1810 habito
1408 1754 1562 1825 apud
1611 1753 1810 1810 villam

146 1844 449 1900 Kambam
480 1843 631 1915 (548)
664 1841 997 1914 principum
1028 1845 1336 1897 conventu.
1370 1842 1574 1897 Senior
1603 1842 1811 1898 Conra-

145 1933 268 1990 dus
295 1935 752 2031 promotus,
779 1934 836 1986 et
857 1931 928 2035 ab
943 1930 1202 2035 :Aribgne
1224 1930 1663 2035 archiepiscopo
1695 1929 1813 2035 1110-
1841 1971 1889 2035 Β

140 2020 413 2095 gnnliaci
443 2025 661 2075 unctus
691 2023 782 2074 est
809 2035 864 2073 v1
897 2019 1036 2074 Idus
1095 2019 1424 2090 Septembr.
1475 2018 1590 2074 Nec
1619 2018 1809 2076 multo

149 2113 289 2183 post
317 2125 473 2165 uxor
500 2108 631 2178 ejus
661 2106 857 2163 Gisela
885 2123 920 2162 a
947 2105 1226 2179 Piligrino
1249 2105 1683 2180 archiepiscopo
1714 2107 1811 2163 Co-

146 2199 324 2256 loniaa
357 2197 507 2270 (549)
539 2197 744 2268 regina
776 2194 1163 2252 nihilominus
1211 2194 1518 2252 benedicta
1566 2212 1626 2251 χι
1682 2194 1810 2252 Kal.

149 2287 364 2344 Octob.
405 2287 614 2358 ινφρα.

230 2377 376 2431 1ω5
405 2373 664 2432 Rebellio
695 2377 755 2430 et
809 2373 1105 2430 discordia
1135 2372 1322 2428 multa
1367 2377 1572 2429 contra
1599 2375 1812 2430 Conra-

155 2465 312 2521 dnm
339 2480 537 2537 regem
558 2480 594 2519 a
613 2462 874 2535 patruele
899 2463 1027 2534 ejus
1045 2462 1304 2518 Conrado
1324 2466 1382 2516 et
1399 2462 1651 2518 Ernusto
1669 2462 1814 2518 duce

155 2552 822 2625 Alamannim,privigno
839 2552 1125 2623 (550)ejus
1149 2569 1163 2620 ;
1193 2549 1394 2621 Welph
1417 2551 1564 2623 (551)
1583 2567 1815 2623 quoque

153 2642 485 2715 Snevigena
513 2641 745 2707 comite,
772 2644 830 2696 et
855 2639 985 2696 aliis
1015 2639 1285 2712 pluribus
1314 2638 1486 2695 facta.
1520 2639 1710 2711 (lepid.

237 2730 380 2786 1026
410 2730 530 2786 Rex
577 2728 906 2797 Conradus,
937 2728 1158 2784 sedatis
1187 2744 1256 2784 ex
1285 2731 1447 2798 parte
1477 2727 1813 2795 rebellibus,

154 2820 314 2876 circa
341 2823 582 2890 tempus
605 2816 1080 2890 Quadragesimaa
1126 2833 1259 2872 cum
1301 2817 1556 2872 exercitu
1589 2816 1816 2872 Italiam

157 2910 306 2966 adiit
335 2911 413 2974 et,
446 2907 674 2964 Pascha
719 2905 1000 2962 Vercellis
1030 2909 1179 2974 acto,
1210 2909 1394 2960 totam
1426 2909 1634 2977 praeter
1665 2907 1811 2961 Luc-

157 3013 287 3054 nam
309 2996 522 3060 urbem
543 2995 790 3061 Tuscia,
817 2993 1043 3049 Italiam
1067 2993 1126 3048 in
1148 2993 1234 3048 eis
1257 2992 1534 3048 Romanis
1549 2993 1812 3064 partibus

159 3086 270 3143 sibi
311 3083 907 3158 snbjugavit.Ernust
933 3081 1400 3149 duxAlemanize,
1432 3099 1567 3137 cum
1599 3098 1664 3137 eo
1686 3082 1812 3153 ipso

160 3170 757 3243 anno,interpellante
787 3173 991 3236 matre,
1014 3168 1373 3240 pacificatus,
1395 3169 1810 3241 Campidonen-

161 3273 287 3317 sem
317 3261 446 3317 loco
475 3258 746 3316 beneficii
767 3252 1062 3314 abbatiam
1094 3258 1316 3330 accepit
1343 3258 1585 3330 suisque
1619 3258 1815 3314 militi-

1919 693 2318 749 substituitur.
2353 693 2742 765 Augustcnsis
2799 691 3109 764 episcOpus
3135 697 3192 746 et
3227 691 3434 763 Welph
3467 708 3566 748 eo-

1917 797 2044 839 mes
2068 782 2276 853 praedis
2305 786 2361 838 et
2390 781 2674 837 incendiis
2707 781 2860 836 inter
2880 797 2942 836 se
2973 784 3176 836 mutuo
3194 781 3565 837 debacchan-

1916 873 2033 924 tur.
2075 872 2276 942 Wippo.

1989 959 2127 1012 1027
2159 959 2456 1014 Conradus
2484 974 2602 1026 rex,
2644 961 2771 1014 acto
2812 958 3104 1029 Yporenias
3165 957 3314 1028 (552)
3373 957 3563 1013 Natali

1917 1045 2170 1113 Domini,
2205 1047 2264 1100 in
2296 1046 2568 1102 ulteriora
2593 1049 2744 1104 208
2778 1046 3406 1119 progressus,Luccam
3427 1061 3563 1102 cum

1918 1133 2239 1205 Reginbero
2272 1134 2606 1191 Marchione
2645 1141 2709 1191 tu
2767 1135 3121 1191 deditionem
3155 1135 3394 1206 accepit,
3443 1136 3565 1191 Ro-

1919 1237 2195 1293 mamque
2224 1222 2565 1293 perveniens
2591 1242 2624 1278 a
2654 1226 2874 1278 Joanne
2933 1240 3083 1294 papa
3124 1223 3181 1276 in
3215 1224 3308 1278 die
3361 1227 3563 1278 sancto

1920 1310 2152 1367 Pascha)
2183 1311 2498 1384 imperator
2526 1318 2838 1369 coronatus
2869 1317 2977 1378 est,
3011 1313 3370 1383 subactaque
3404 1313 3569 1368 Italia

1915 1402 2038 1454 tota
2067 1415 2352 1468 reversus,
2376 1400 2435 1455 in
2467 1400 2815 1456 Alemannis
2845 1401 2998 1471 apud
3033 1399 3261 1454 Ulmam
3286 1399 3566 1471 placitum

1919 1487 2126 1543 habuit
2142 1488 2340 1560 ibique
2361 1490 2432 1544 ad
2457 1489 2811 1545 deditionem
2829 1489 3149 1544 Ernustum
3171 1489 3378 1544 ducem
3401 1487 3572 1560 privi-

1919 1590 2101 1648 gnum
2134 1594 2309 1632 suum
2342 1582 2398 1632 et
2428 1577 2634 1650 Welph
2661 1578 2932 1634 comitem
2965 1595 3098 1633 cum
3119 1577 3248 1632 aliis
3278 1577 3568 1648 accipiens

1920 1681 2021 1736 per
2044 1665 2278 1737 aliquod
2300 1669 2532 1737 tempus
2555 1667 2756 1723 exsilio
2781 1666 3102 1738 deputavit.
3118 1668 3310 1738 Wippo
3326 1683 3346 1728 ;
3369 1665 3567 1738 Hepid.

1920 1755 2152 1825 Kyburg
2167 1757 2422 1810 castrum
2438 1756 2800 1811 Werenharii
2813 1756 3049 1810 comitis
3062 1755 3252 1810 adhuc
3266 1755 3571 1810 renitentia

1919 1841 2150 1913 aliaque
2167 1843 2448 1898 nonnulla
2468 1844 2773 1898 rebellium
2797 1850 2989 1900 castra
3010 1848 3177 1915 capta
3197 1848 3572 1900 sunt.Conra-

1919 1930 2031 1985 dus
2061 1929 2235 1984 etiam
2260 1931 2539 2000 patruelis
2567 1932 2695 2001 ejus
2727 1948 2853 1987 sese
2876 1931 3212 2002 imperatori
3238 1933 3476 1988 tradens
3507 1932 3568 1987 in

1918 2018 2185 2074 exsilium
2218 2018 2604 2075 nihilominus
2634 2021 2904 2074 mittitur.
2929 2020 3128 2090 Hcpid.
3171 2037 3264 2073 an.
3302 2019 3457 2074 1033.
3500 2050 3570 2061 —

1919 2107 2328 2163 \Verinharius
2345 2109 2672 2179 Argentius:
2687 2107 2897 2179 prasul
2910 2107 3473 2178 Constantinopolim
3497 2107 3569 2162 ab

1921 2196 2268 2267 imperatore
2282 2195 2507 2267 legatus
2520 2197 2808 2268 dirigitur,
2824 2197 3022 2268 ibique
3053 2195 3384 2266 insequenti
3415 2211 3568 2251 anno

1921 2284 2231 2339 defunctus
2258 2283 2661 2340 Wilihelmum
2696 2300 3092 2340 successorem
3123 2284 3366 2356 accepit.
3398 2283 3573 2340 Hilte-

1921 2379 2050 2444 gert
2082 2372 2476 2445 Bunchaugiae
2512 2373 2811 2428 abbatissa
2841 2373 3109 2428 efficitur.

1994 2463 2135 2516 1028
2166 2461 2451 2518 Henricus
2477 2461 2634 2516 ﬁlius
2653 2461 3025 2532 imperatoris
3037 2459 3569 2532 Aquisgraniindie

1927 2554 2128 2605 sancto
2150 2550 2381 2605 Paschaa
2411 2566 2508 2605 rex
2528 2567 2561 2604 a
2584 2549 2949 2622 principibus
2967 2549 3193 2604 cunctis
3211 2548 3412 2604 adhuc
3440 2565 3584 2620 puer

1919 2639 2196 2707 electus,a
2216 2638 2489 2711 Piligrino
2533 2638 2875 2694 Coloniense
2906 2638 3347 2710 archiepiscopo
3362 2645 3572 2694 unctus

1919 2731 2008 2783 est
2036 2728 2204 2798 (553).
2246 2728 2463 2798 Wippo.

1995 2817 2134 2870 1029
2199 2817 2551 2887 Imperatore
2619 2815 2949 2872 Ratisbonze
3006 2815 3281 2887 paschale
3359 2816 3574 2872 festum

1924 2908 2153 2977 agente,
2185 2904 2339 2958 Brun
2370 2906 2763 2975 Augustensis
2793 2905 3402 2976 episcopus,summus
3421 2921 3577 2977 sym-

1921 2993 2099 3049 mista
2120 2994 2246 3064 ejus
2264 2993 2380 3047 vita
2395 2992 2538 3048 inibi
2557 2993 3232 3065 decessit,Augustzeque
3249 2993 3308 3048 in
3331 2994 3582 3065 incoepta

1921 3080 2109 3137 sancti
2144 3079 2407 3137 Mauricii
2437 3081 2702 3152 sepultus
2761 3082 3002 3137 basilica
3041 3082 3443 3138 Eberhardum
3483 3100 3578 3140 ac-

1919 3169 2072 3242 cepit
2099 3185 2519 3225 successorem.
2560 3171 2762 3241 Wippo.

1994 3259 2131 3312 1030
2159 3259 2373 3314 Ernust
2401 3259 2539 3326 dux,
2569 3275 2706 3314 cum
2739 3259 2941 3315 exsilio
2974 3258 3265 3315 relaxatus
3293 3261 3566 3318 ducatum

161 3349 273 3406 bus
293 3348 626 3414 distribuit,
661 3363 769 3404 nec
793 3345 979 3402 multo
1004 3350 1156 3419 post,
1176 3363 1352 3418 pravo
1373 3363 1610 3404 aversus
1635 3346 1822 3403 consi-
1855 3338 1898 3404 C
1937 3363 2111 3402 suum
2146 3347 2477 3418 recepisset,
2512 3365 2822 3419 pravorum
2853 3348 3097 3404 consilio
3130 3354 3367 3419 usus,et
3397 3350 3588 3406 denuo

158 3438 260 3506 lio,
296 3438 520 3493 iterum
553 3435 874 3492 rebellavit.
904 3436 1105 3506 Wippo.
1128 3466 1198 3475 —
1220 3435 1350 3506 Ipso
1381 3453 1532 3491 anno
1555 3439 1836 3492 Constan-

167 3526 259 3582 tiaa
291 3526 492 3583 Heimo
524 3524 840 3597 episcopus
857 3524 1054 3579 subita
1068 3528 1253 3579 morte
1275 3524 1522 3596 pleuresi
1538 3529 1727 3581 tactus
1743 3526 1838 3581 de-

170 3614 364 3681 cessit,
385 3614 558 3686 eique
581 3600 986 3668 Warmannus
1009 3613 1491 3680 successit,annis
1519 3614 1698 3670 ferme
1712 3631 1831 3670 vm.

164 3702 537 3759 Burchardus
554 3717 796 3773 quoque
828 3700 1330 3772 Campidonensis
1350 3705 1407 3755 et
1428 3701 1834 3774 Rhenaugien-

1943 3436 2281 3508 imperatori
2307 3438 2630 3509 refragatus
2649 3437 2861 3492 ducatu
2886 3437 3229 3508 privatur,et
3260 3439 3434 3493 frater
3453 3440 3584 3509 ejus

1943 3525 2151 3581 Junior
2171 3524 2586 3590 Herimannus,
2618 3526 2734 3580 dux
2750 3527 3072 3580 Suevorum
3100 3527 3372 3580 efficitur.
3401 3527 3590 3597 Hepid.

1945 3644 2013 3653 -
2044 3613 2342 3668 Conradus
2365 3613 2837 3683 imperator,jam
2856 3614 3080 3668 dudum
3103 3612 3427 3667 inimicitiis
3451 3630 3587 3668 cum

1944 3701 2239 3772 Stephano
2272 3701 2658 3772 Ungariorum
2691 3718 2823 3773 rege
2881 3701 3167 3769 conﬂatis,
3226 3701 3591 3778 Pannoniam

1229 3815 1706 3872 COMPENDIUM
1745 3817 1836 3873 EX
1873 3817 2121 3872 CODICE
2163 3814 2544 3870 BERNOLDI.

242 3916 379 3973 1024
406 3915 588 3970 Romae
644 3913 916 3986 defuncto.
955 3954 968 3968 .
1007 3957 1018 3968 .
1051 3915 1227 3984 ferme
1284 3929 1500 3969 novem.
1552 3915 1819 3970 Henricus

161 4016 442 4081 quoque...
475 4003 530 4059 S.
554 4004 707 4059 Petri
734 4003 1015 4075 sepelitur,
1048 4002 1341 4074 habitoque
1361 4006 1627 4058 conventu
1663 4002 1816 4074 apud

162 4095 360 4150 villam
386 4093 656 4148 Kambam
688 4091 968 4148 Conradus
1018 4091 1230 4154 Senior,
1260 4093 1408 4160 ﬁlius
1438 4092 1679 4157 Henrici,
1712 4107 1815 4148 rex

167 4186 453 4254 promotus
483 4181 551 4237 ab
582 4181 838 4237 Aribone.
884 4221 898 4235 .
943 4223 955 4235 .
989 4179 1268 4236 benedicta
1296 4195 1354 4235 x1
1382 4180 1503 4236 Kal.
1538 4180 1716 4235 Octob.

247 4272 385 4326 1025
413 4270 656 4326 Rebellio
685 4277 875 4325 contra
927 4268 1238 4325 Conradum
1283 4285 1463 4340 regem
1489 4286 1525 4324 a
1572 4269 1832 4340 patruele

178 4362 299 4430 ejus
323 4357 572 4415 Conrado
593 4361 646 4413 et
665 4359 899 4413 Ermisto
920 4357 1054 4414 duce
1073 4357 1415 4414 Alemanniae
1435 4361 1485 4414 et
1504 4358 1635 4413 allis
1649 4359 1834 4430 pluri-

188 4448 285 4504 bus
312 4450 461 4519 facta
489 4451 590 4503 est.

2001 3915 2138 3968 1027
2170 3912 2452 3968 Conradus
2483 3929 2602 3980 rex,
2639 3915 2868 3968 Romam
2915 3916 3258 3984 perveniens,
3292 3931 3326 3968 a
3381 3915 3591 3970 Joanne

1929 4018 2079 4074 papa
2110 4003 2169 4056 in
2188 4002 2280 4055 die
2297 4004 2484 4056 sancto
2506 4001 2732 4058 Pascha:
2754 4004 3055 4072 imperator
3078 4010 3388 4058 coronatur.
3458 4001 3588 4058 Inde

1935 4093 1998 4146 in.
2027 4091 2412 4145 Alemanniam
2441 4105 2705 4159 reversus,
2738 4091 2883 4161 apud
2917 4092 3129 4147 Ulmam
3160 4093 3442 4146 Emistum
3476 4091 3591 4147 du»

1941 4196 2055 4235 cem
2084 4183 2133 4235 et
2168 4178 2479 4234 Conradum
2501 4196 2554 4234 se
2583 4181 2674 4235 illi
2702 4180 2949 4235 dedentes
2979 4182 3178 4236 exsilio
3207 4180 3505 4252 deputavit.

2016 4268 2150 4321 1028
2181 4269 2449 4324 Henricus
2498 4268 2711 4337 ﬁlius...
2771 4286 2871 4325 rex
2928 4271 3144 4337 electus,
3179 4288 3213 4324 a
3255 4271 3599 4342 Piligrino...

1943 4365 2138 4412 unctus
2180 4360 2278 4412 est.

2018 4446 2156 4500 1029
2187 4447 2371 4502 Bruno
2394 4448 2741 4518 Augustensis
2772 4450 3050 4521 episcOpus
3069 4451 3224 4518 obiit,
3248 4455 3300 4505 et
3324 4451 3590 4506 Eberhar-

249 4537 393 4592 1026
451 4537 566 4592 Rex
617 4535 897 4592 Conradus
951 4535 1174 4592 Italiam
1223 4542 1432 4606 petens,
1493 4538 1668 4590 totam
1723 4535 1836 4591 sibi
1944 4535 2076 4591 dum
2106 4537 2311 4607 accepit
2339 4553 2716 4593 successorem.

177 4641 318 4698 pene
344 4624 675 4698 subiugavit
703 4640 772 4679 ex
796 4623 899 4679 hac
925 4627 1088 4694 parte
1117 4624 1321 4680 Romae.
1356 4623 1690 4682 Constantior:
1713 4632 1839 4696 post
2020 4623 2160 4679 1030
2189 4625 2376 4680 Emist
2402 4625 2520 4681 duo:
2547 4628 2742 4682 exsilio
2773 4628 3054 4683 relaxatus
3085 4630 3393 4701 iterumque
3423 4631 3598 4700 impe-

177 4717 508 4771 Heimonem
578 4715 891 4785 episcopum
955 4714 1318 4770 Warmannus
1392 4714 1622 4785 praefuit
1676 4715 1842 4770 annis
1951 4712 2125 4769 ratori
2152 4713 2444 4782 rebellans,
2475 4732 2598 4770 cum
2648 4716 2839 4771 multis
2869 4718 2998 4772 aliis
3036 4717 3302 4773 occiditur
3347 4734 3440 4772 xvr
3473 4717 3594 4772 Kal.

176 4806 357 4877 [me
376 4805 493 4859 octo
523 4801 697 4874 (554),
1951 4803 2096 4876 Sept.

1781 4899 2014 4958 NOTIE.

242 4999 415 5080 (544)
449 4985 580 5054 Vid.
615 4998 866 5080 Conradi
880 4999 964 5080 _de
984 4999 1181 5080 Monte
1202 4998 1561 5080 puellarum;
1583 4998 1846 5080 _Chconi-
1875 5000 1923 5064 D

174 5071 285 5156 con
317 5071 731 5152 episcoporum
766 5071 1279 5129 Ratisbonensium
1315 5089 1327 5127 :
1383 5071 1622 5126 Eccard.
1671 5074 1837 5143 Corp.

176 5143 314 5200 hist.
351 5142 508 5199 med.
539 5158 639 5196 am
685 5146 728 5198 t.
756 5142 828 5197 Il.

216 5158 314 5200 ιει.
351 5158 508 5199 mea.
539 5158 639 5196 ενι
685 5158 728 5198 ῑ.
757 5158 828 5197 ιι.

264 5215 399 5280 515)
439 5213 574 5268 Vid.
609 5213 702 5268 ad.
737 5229 833 5268 an.
873 5214 1007 5267 1017
1036 5217 1095 5269 et
1121 5213 1282 5270 1019.

266 5285 400 5351 546)
443 5284 576 5339 Vid.
609 5301 705 5340 an.
743 5285 908 5351 1012,
941 5285 1100 5339 1019.

245 5355 400 5430 (547)
440 5355 762 5430 Ilermanni
796 5355 841 5411 II
873 5355 1234 5430 Alemannis;
1261 5355 1436 5430 ducis
1459 5355 1597 5411 ﬁlia.

244 5427 399 5500 (548)
443 5427 603 5500 Inter
631 5427 1005 5500 Moguntiam,
1045 5432 1103 5482 et
1154 5427 1581 5500 Wormatiam.
1623 5427 1840 5500 Wippo-

244 5501 339 5575 (54
381 5497 401 5571 )
441 5497 770 5575 Chronicon
804 5499 1435 5575 Quedlinburgcnseid
1465 5499 1680 5575 pariter
1726 5497 1840 5561 M0,

174 5569 406 5706 fleti:
426 5569 787 5700 ﬁgit-trimus
809 5571 1028 5626 factum
1045 5572 1274 5629 asserit.
1307 5570 1438 5628 Vid.
1463 5569 1715 5630 Schaten
1733 5584 1840 5646 Pd.

203 5687 216 5706 .
249 5663 305 5718 v,
340 5661 406 5721 p,
429 5661 560 5700 401.

504 5768 773 5838 ΡΑτιιοι..
819 5767 1080 5844 CXLIII,
3246 5767 3286 5846 8

2027 5000 2174 5072 (550)
2213 4999 2407 5056 Gisela
2453 4999 2606 5056 enim
2667 5005 2854 5057 mater
2915 5000 3142 5057 Ernesti
3177 4999 3440 5055 Conrado
3479 4999 3603 5070 regi

1956 5076 2257 5127 nupserat.

2022 5139 2169 5211 (551)
2211 5143 2310 5196 Est
2340 5140 2435 5196 hic
2464 5141 2648 5198 Welt‘o
2681 5142 2730 5196 Il
2774 5142 3144 5199 Altortl‘ensis
3177 5143 3236 5197 in
3270 5139 3479 5197 Suevia
3505 5155 3602 5195 co-

1949 5231 2090 5270 mes.
2127 5212 2467 5270 Heoidanno
2497 5212 2874 5268 Welihardus
2905 5215 3125 5270 dictus.

2020 5284 2171 5355 (552)
2213 5283 2521 5355 Eporegiae,
2551 5300 2678 5354 quae
2710 5283 2880 5338 hodie
2913 5286 3078 5340 Ivrea
3107 5285 3343 5340 dicitur.

2021 5353 2169 5427 (553)
2201 5353 2585 5427 Electiojam’
2617 5355 2901 5417 an.10‘36,
2965 5357 3068 5410 aed
3132 5356 3430 5410 coronatio
3488 5353 3599 5411 hoc

1950 5425 2104 5480 anno
2137 5426 2194 5480 in
2224 5425 2506 5480 Paschate
2538 5426 2708 5480 tacta.

1988 5497 2168 5626 b51254)
2199 5496 2408 5556 Chron.
2439 5498 2494 5553 S.
2533 5497 2705 5552 Biasii
2750 5511 2762 5550 :
2805 5502 2969 5552 Wern.
3001 5497 3165 5552 abbas
3194 5497 3248 5552 S.
3291 5496 3596 5568 Meginradt

1951 5583 2107 5628 οοιιι.
