3982 6216
167 433 281 500 Ξ3Ἲ

1430 430 1898 498 CHRONICON.
1931 466 2009 480 --
2040 432 2225 500 εχει).
2274 434 2374 499 XI.

3486 440 3603 503 238

1568 596 1803 653 CODEX
1840 597 2235 654 AUGIENSIS.

184 698 396 756 abbate
472 695 817 764 decedente,
889 694 1251 766 Nordpertus
1292 692 1607 759 successit“
1640 693 1854 767 Pagani
1882 696 1939 763 Α
1968 695 2071 750 rici
2107 694 2359 768 Lelegeri
2390 694 2577 751 lilium
2604 694 2755 752 bello
2785 699 3021 769 peteret,
3055 698 3127 752 ab
3157 697 3284 771 ipso
3335 699 3523 757 victus
3550 703 3609 757 et

186 786 394 857 Sclavi,
445 784 674 842 Leutizi
721 783 885 852 dicti,
936 783 1197 840 Saxonia
1227 782 1509 839 terminos
1548 782 1847 839 infestant.

184 878 386 935 Annal.
418 875 668 933 Hildesh.

155 997 160 1002 -
259 966 405 1023 4035
432 966 502 1021 In
533 961 703 1021 Italia
745 959 1004 1018 minores
1050 959 1289 1027 milites,
1337 962 1542 1017 contra
1579 958 1850 1016 dominos

186 1072 333 1114 suos
360 1054 739 1126 insurgentes
766 1054 827 1107 et
858 1049 983 1106 suis
1010 1048 1242 1123 legibus
1268 1049 1461 1105 vivere
1490 1065 1705 1122 eosque
1747 1066 1847 1121 op~

185 1144 449 1218 primere
472 1141 751 1206 volentes,
772 1137 1027 1195 validam
1050 1137 1515 1209 conjurationem
1536 1137 1738 1194 fecere.
1760 1138 1844 1193 Ad

192 1249 350 1306 quos
363 1229 713 1289 coercendos
731 1243 863 1284 cum
885 1227 1173 1300 primores
1190 1226 1430 1283 adunati
1456 1240 1712 1299 pugnam
1734 1224 1846 1282 ini-

189 1325 352 1388 rent,
382 1319 554 1377 multi
583 1317 854 1390 utrinque
882 1315 1255 1373 ceciderunt:
1287 1315 1440 1371 inter
1493 1331 1639 1387 quos
1667 1313 1844 1370 etiam

179 1411 466 1469 Astensis
519 1407 827 1480 episcopus
871 1403 1218 1461 vulneratus
1274 1402 1497 1459 interiit
1551 1401 1744 1474 Hepid.
1779 1433 1844 1444 —-

178 1498 504 1557 Adelberto
534 1497 654 1553 dux
679 1494 988 1552 Carentani
1008 1495 1065 1549 et
1085 1492 1336 1561 Histria,
1361 1491 1582 1549 amissa
1599 1491 1846 1563 impera-

174 1589 330 1647 toris
360 1587 571 1662 gratia,
603 1586 820 1641 ducatu
852 1597 1084 1656 quoque
1112 1580 1376 1653 privatus
1404 1584 1493 1636 est
1512 1580 1681 1651 (563).
1703 1579 1846 1635 Leu.

177 1679 283 1737 tizi
341 1675 673 1733 Wirbinam
731 1670 1036 1730 castellum
1095 1669 1246 1726 clam
1277 1669 1573 1743 proditum
1605 1669 1847 1741 capiunt

176 1766 525 1838 multosque
554 1766 894 1820 nostrorum
924 1758 1219 1825 occidunt,
1248 1757 1338 1815 vel
1367 1758 1630 1830 captivos
1661 1757 1845 1814 abdu-

176 1860 347 1913 cunt.
380 1855 726 1927 Imperator,
763 1850 818 1905 vi
848 1848 1096 1905 transito
1129 1847 1299 1904 Albia
1328 1846 1591 1915 ﬂumine,
1622 1845 1848 1917 provin-

177 1946 341 2003 ciam
371 1958 574 2000 eorum
602 1937 939 2013 ingrediens
971 1936 1088 1994 late
1114 1938 1321 1993 vastat.
1356 1936 1555 1991 Annal.
1601 1932 1842 1990 Hildesh.

184 2036 333 2106 Wip.
362 2063 435 2073 —
464 2030 736 2104 Synodus
766 2043 981 2129 magna
1008 2026 1164 2099 apud
1191 2024 1520 2081 Triburiam
1552 2025 1625 2080 ab
1656 2023 1846 2096 impe-
1875 2064 1923 2129 Β

173 2128 378 2181 ratore
406 2119 648 2178 collecta
676 2121 767 2174 est
794 2116 965 2188 (564).

246 2211 398 2268 4036
422 2207 746 2282 Piligrinus
773 2202 1135 2262 Coloniensis
1165 2202 1639 2275 archiepiscopus
1650 2201 1845 2258 deces-

174 2301 258 2359 sit
280 2300 460 2373 eique
486 2292 1120 2354 HerimannusOttonis
1133 2292 1372 2349 secundi
1393 2290 1763 2364 imperatoris
1774 2306 1843 2345 ex

174 2389 309 2445 ﬁlia
335 2404 519 2460 nepos
541 2384 848 2443 successit.
880 2384 1048 2455 Wipo.
1069 2411 1136 2423 —-
1154 2379 1840 2437 Gebehardussecundus

179 2476 634 2534 Ratisbonensis
662 2474 975 2547 episcopus
995 2463 1097 2527 'xv1
1128 2469 1251 2526 Kal.
1284 2469 1477 2526 Martii
1509 2469 1654 2525 obiit
1680 2487 1694 2538 ;
1735 2485 1839 2541 pro

177 2584 306 2640 quo
354 2565 561 2622 tertius
609 2562 1013 2628 Gebebardus,
1063 2558 1313 2615 Conradi
1360 2557 1731 2631 imperatoris
1770 2573 1840 2613 ex

174 2660 377 2714 matre
391 2652 710 2711 Adelheide
732 2651 928 2719 frater,
952 2649 1264 2722 episcopus
1281 2647 1602 2705 ordinatur.
1637 2648 1834 2703 Chron.

173 2748 395 2818 August
420 2761 443 2807 ,°
471 2745 576 2800 alii
597 2759 695 2799 an.
722 2758 812 2813 pr.
846 2769 915 2780 —-
944 2738 1229 2795 Henricus
1258 2753 1377 2803 rex,
1412 2736 1566 2791 filius
1586 2736 1838 2809 impera-

174 2836 351 2903 toris,
375 2830 794 2891 Chunihildem
810 2827 1114 2895 Cnutonis,
1138 2828 1430 2883 Danorum
1448 2828 1505 2881 et
1517 2824 1837 2898 Anglorum

174 2925 339 2999 regis
356 2918 866 2993 ﬁliam,regalibus
877 2916 988 2972 sibi
1010 2916 1165 2988 apud
1182 2914 1603 2987 Noviomagum
1615 2913 1836 2986 nuptiis

174 3011 481 3088 copulavit
509 3023 772 3067 uxorem.
805 3006 1003 3061 Annal.
1028 3003 1272 3061 .Hildesh.
1306 3034 1374 3044 ——
1404 3002 1706 3059 Conradus
1734 3020 1837 3075 pa-

172 3102 393 3162 truelis
418 3095 792 3173 imperatoris
814 3095 997 3169 patris
1017 3093 1109 3151 sui
1130 3094 1411 3150 ducatum
1432 3092 1492 3148 in
1514 3093 1835 3149 Carentano

174 3199 239 3251 et
266 3194 331 3249 in
363 3188 606 3257 Histria,
636 3201 813 3261 quem
841 3182 1123 3240 Adelbero
1152 3182 1459 3246 habuerat.
1490 3182 1562 3237 ad
1593 3182 1838 3254 impera-

177 3287 309 3340 tore
339 3277 578 3352 recepit.
612 3276 878 3333 Iidm—
898 3273 1303 3343 Heremannqs
1324 3285 1558 3344 quoque
1577 3271 1693 3327 dux
1712 3269 1835 3327 Ale-

183 3369 445 3427 mannia
472 3364 780 3424 marcbam
811 3361 994 3420 soceri
1016 3360 1107 3417 sui
1134 3359 1466 3433 Meginfridi
1484 3360 1612 3432 (565
1633 3359 1689 3414 in
1717 3362 1830 3416 lta-

1960 788 2187 857 captus,
2209 784 2661 857 imperatorique
2682 786 2993 856 adductus,
3012 786 3162 843 ferro
3174 788 3540 860 compeditus
3552 793 3610 845 et

1959 873 2232 929 custodia
2254 874 2623 946 mancipatus
2644 872 2846 930 multis
2877 874 3048 930 annis
3079 875 3373 932 detinetur
3401 877 3461 932 in
3482 877 3608 933 vin-

1957 961 2126 1017 culis.
2162 962 2373 1019 Glaber.
2397 994 2466 1002 —
2488 964 2810 1034 Imperator
2821 962 3012 1019 hieme
3034 963 3261 1020 Italiam
3282 966 3443 1037 petit.
3464 967 3608 1022 San-

1957 1049 2322 1107 ctimoniales
2353 1068 2386 1106 a
2415 1051 2633 1107 domna
2660 1052 3043 1123 Irmingarda,
3076 1053 3233 1109 Welf
3255 1054 3486 1110 comitis
3521 1053 3605 1111 vi-

1956 1139 2075 1195 dua
2103 1140 2259 1211 apud
2288 1138 2479 1195 Altorf
2502 1156 2606 1212 pro
2637 1139 2863 1196 clericis
2889 1139 3139 1197 collecta
3156 1146 3297 1197 sunt
3327 1144 3498 1215 (566.)

2028 1229 2167 1283 1037
2202 1229 2544 1301 Imperator,
2560 1228 2849 1285 celebrato
2870 1229 3108 1285 Verona
3125 1231 3326 1287 Natale
3346 1232 3599 1301 Domini,

1953 1333 2057 1390 per
2084 1317 2337 1373 Brixiam
2366 1322 2424 1374 et
2468 1317 2815 1375 Cremonam
2862 1318 3255 1375 Mediolanum
3299 1322 3601 1393 pervenit;

1952 1405 2090 1462 inde
2142 1406 2377 1479 Papiam
2428 1405 2649 1473 adiens,
2702 1407 3079 1464 Herebertum
3111 1407 3603 1465 Mediolanensem

1952 1494 2478 1568 archiepiscopum,
2501 1494 2862 1552 inﬁdelitatis
2882 1500 3221 1552 accusatum
3244 1497 3603 1570 apprehendi

1945 1583 2149 1654 jussit,
2173 1600 2426 1655 eumque
2457 1584 2711 1656 Popponi
2747 1584 3089 1653 patriarcha
3119 1584 3477 1658 Aquileiensi
3501 1598 3600 1642 cu-

1953 1671 2327 1727 stodiendum
2349 1672 2779 1728 commendavit
2802 1691 2815 1740 ;
2835 1673 2936 1745 qui
2958 1674 3097 1747 fuga
3115 1673 3353 1746 elapsus
3378 1675 3603 1731 cunctis
3678 1687 3690 1695 '

1952 1759 2175 1816 viribus
2204 1760 2391 1815 eidem
2421 1760 2758 1833 imperatori
2790 1762 3069 1818 rebellare
3098 1764 3415 1819 contendit.
3452 1764 3600 1836 Wip;

1955 1847 2075 1904 Otto
2089 1850 2227 1903 Fris.
2247 1879 2313 1889 —
2338 1850 2678 1920 Imperator,
2699 1849 2961 1921 paschali
2982 1851 3126 1907 festo
3148 1852 3433 1909 Ravenna
3450 1858 3601 1919 acto,

1953 1936 2314 1994 territcrium
2348 1936 2777 1993 Mediolanense
2817 1939 3068 2010 repetiit,
3118 1941 3321 1996 urbem
3352 1942 3599 2012 obsedit,

1953 2024 2214 2092 castella,
2245 2023 2414 2080 villas
2440 2024 2754 2096 omniaque
2784 2024 3004 2081 circum
3036 2028 3108 2082 ad
3140 2028 3385 2083 rebelles
3426 2029 3604 2100 perti-

1952 2114 2149 2171 nentia
2174 2112 2443 2182 vastavit,
2477 2113 2928 2185 Conjuratorum
2979 2131 3114 2171 vero
3162 2132 3403 2171 manum
3436 2117 3603 2173 facile

1950 2202 2330 2275 compescuit,
2354 2201 2555 2273 eisque
2576 2200 2784 2275 legem,
2799 2219 2976 2275 quam
2994 2207 3051 2259 et
3068 2204 3364 2275 prioribus
3384 2205 3601 2261 habue-

1951 2294 2082 2347 rant
2109 2290 2492 2363 temporibus,
2523 2291 2738 2363 scripto
2779 2292 3088 2347 roboravit.
3115 2293 3313 2365 Hepzd.
3346 2325 3414 2335 —
3444 2294 3601 2368 Papa

1948 2380 2295 2436 Benedictus
2324 2380 2668 2435 Cremonam
2699 2380 2771 2435 ad
2803 2381 3213 2452 imperatorem
3237 2382 3414 2438 venit.
3459 2382 3599 2456 Epi-

1946 2470 2106 2542 scOpi
2132 2467 2524 2533 Placentinus,
2558 2468 2969 2524 Cremonensis
2999 2473 3059 2525 et
3100 2468 3483 2527 Vercellensis
3507 2470 3598 2527 in-

1947 2558 2132 2615 cusati
2163 2556 2236 2613 ab
2265 2556 2635 2629 imperatore,
2665 2557 2936 2629 captique
2964 2561 3021 2613 et
3048 2557 3107 2612 in
3130 2558 3399 2615 exsilium
3430 2559 3599 2616 missi

1946 2652 2107 2703 sunt.
2141 2646 2338 2701 Annal.
2374 2645 2574 2702 Hildes.
2604 2663 2617 2713 ;
2651 2647 2787 2717 Wip.
2814 2678 2883 2687 —-
2902 2648 3033 2719 Ipso
3054 2663 3208 2703 anno
3228 2648 3601 2720 pugnainter

1944 2734 2204 2792 Odouem
2233 2734 2465 2791 Gallica
2494 2735 2822 2807 Campania
2867 2735 3213 2808 principem,
3257 2741 3315 2792 et
3342 2736 3597 2794 Gozzilo-

1946 2841 2078 2881 nem
2126 2824 2274 2895 (567)
2328 2823 2814 2896 Lotharingorum
2868 2824 3076 2881 ducem
3107 2826 3444 2895 commissa,
3475 2826 3597 2882 Odo

1943 2913 2133 2969 victus
2163 2917 2220 2969 et
2247 2929 2382 2968 cum
2413 2912 2538 2967 suis
2570 2912 2805 2985 fugatus
2836 2913 2896 2967 in
2929 2912 3060 2985 ipsa
3090 2914 3230 2987 fuga
3258 2919 3598 2988 peremptus

1943 3001 2183 3058 interiit.
2216 3001 2347 3057 Rod.
2382 3000 2597 3056 Glaber.
2633 3001 2761 3056 hist.
2796 3002 2833 3056 ι.
2859 3019 2941 3070 ιιι,
2973 3019 3020 3057 c.
3044 3003 3097 3058 9.

2017 3091 2170 3148 208
2201 3091 2340 3145 1038
2368 3089 2513 3145 Cum
2547 3090 2873 3162 imperator
2901 3090 3163 3147 Natalem
3194 3092 3426 3149 Domini
3459 3092 3597 3149 Par-

1944 3197 2051 3236 ma
2083 3183 2297 3252 ageret,
2330 3183 2457 3235 orto
2481 3179 2631 3235 inter
2650 3179 2820 3235 Parm
2835 3196 3005 3237 enses
3023 3180 3177 3237 cives
3198 3186 3255 3238 et
3273 3182 3595 3240 exercitum

1942 3269 2223 3339 tumultu,
2243 3267 2413 3324 multi
2435 3269 2792 3337 ceciderunt,
2810 3273 2867 3325 et
2886 3268 3155 3342 pluribus
3176 3271 3392 3327 civium
3411 3272 3593 3328 truci-

1943 3357 2251 3429 datis,ipsa
2272 3357 2475 3413 civitas
2491 3356 2761 3413 incendio
2774 3364 3125 3431 consumpta
3144 3364 3251 3415 est.
3265 3360 3594 3433 Wippo;0tto

178 3460 263 3516 lia
291 3459 368 3515 ab
395 3457 752 3529 imperatore
779 3430 1266 3524 accepitJLeutiz—i
1288 3448 1473 3505 Sclavi
1493 3430 1833 3522 imperatori
1863 3430 1907 3498 C
1944 3449 2083 3503 Fris.
2112 3477 2181 3487 —-
2201 3447 2356 3518 Papa
2375 3445 2876 3519 archiepiscopum
2900 3430 3394 3506 Mediolanensem
3416 3450 3595 3524 impe-

179 3545 497 3621 vectigales
526 3543 687 3601 facti.
721 3542 868 3599 201
905 3538 1271 3608 Bucbardus,
1301 3539 1710 3612 Lugdunensis
1741 3555 1833 3594 ar-

181 3636 619 3709 chiepiscopus,
652 3632 773 3687 imo
792 3633 1099 3703 tyrannus,
1133 3631 1192 3684 et
1218 3626 1537 3700 sacrilegus
1564 3626 1833 3683 ecclesia-

182 3742 324 3783 rum
354 3723 733 3796 depradator,
765 3717 1013 3786 adulter,
1046 3717 1433 3785 incestuosus,
1465 3733 1601 3773 cum
1630 3715 1838 3773 Vcdal-

1942 3535 2119 3593 ratori
2151 3534 2341 3591 adhuc
2370 3534 2745 3590 rebellantem
2768 3536 3252 3591 excommunicat.
3294 3539 3499 3610 Wippo.
3525 3569 3593 3581 —

1944 3629 2267 3698 Imperator
2281 3639 2415 3679 cum
2429 3623 2584 3679 ultra
2600 3624 2892 3680 Romanas
2906 3629 3101 3696 partes
3114 3626 3594 3698 peragrasset,in-

1946 3715 2134 3786 deque
2154 3728 2259 3786 per
2274 3711 2551 3767 Adriatici
2572 3713 2753 3768 maris
2766 3729 2896 3768 oras
2914 3717 3426 3782 remearet,mense
3437 3714 3466 3771 J
3475 3714 3594 3771 uli'o

1236 3814 1707 3871 COMPENDIUM
1750 3814 1842 3871 EX
1879 3811 2132 3870 CODICE
2172 3808 2547 3866 BERNOLDI.

265 3911 413 3969 1035
437 3908 678 3983 Synodus
704 3923 917 3979 magna
934 3904 1082 3978 apud
1098 3904 1405 3961 Triburiam
1423 3904 1495 3960 ab
1515 3906 1843 3976 imperatore

181 4002 420 4059 collecta
445 4003 541 4056 est.
570 3997 636 4054 Al
668 4014 764 4054 an.
798 4011 921 4068 seq.

256 4091 408 4149 4036
424 4089 702 4158 Piligrino
718 4085 1030 4142 Coloniensi
1037 4084 1434 4157 archiepiscopo
1452 4085 1839 4164 Herim_annus,

187 4178 469 4239 Gebhardo
496 4177 732 4234 secundo
764 4175 1141 4233 Ratisbonensi
1167 4175 1409 4246 episcopo
1435 4174 1688 4248 defuncto
1735 4182 1841 4230 ter-

185 4272 304 4326 tius
335 4267 679 4325 Gebehardus
726 4265 1000 4320 successit.
1051 4265 1325 4319 Henricus
1364 4277 1529 4319 rex...
1570 4263 1845 4335 copulavit

184 4373 442 4414 uxorem.
474 4356 757 4412 Leutizi...
789 4351 1078 4423 vectigales
1104 4352 1257 4422 facti,
1290 4355 1356 4406 ut
1374 4352 1520 4423 Aug.
1547 4351 1846 4424 Imperator

187 4448 372 4505 hieme
399 4445 619 4501 Italiam
638 4442 797 4515 petit.

260 4535 407 4590 4037
437 4533 757 4604 Imperator,
788 4529 1023 4601 Papiam
1050 4527 1265 4592 adiens,
1282 4527 1626 4583 Heribertum
1648 4526 1844 4585 Medio-

190 4626 475 4682 lanensem
511 4620 981 4692 archiepiscopum
1032 4615 1383 4686 inﬁdelitatis
1439 4624 1749 4672 accusatum
1785 4617 1847 4671 in

188 4712 498 4771 custodiam
550 4710 724 4776 misit,
760 4708 877 4779 qui,
933 4706 1066 4777 fuga
1112 4706 1350 4777 elapsus,
1397 4705 1611 4760 cunctis
1640 4705 1849 4761 viribus

172 4788 525 4875 imperatori
552 4797 817 4854 rebellare
843 4792 1136 4851 contendit.
1167 4794 1467 4865 Imperator
1480 4793 1847 4850 Mediolanum

188 4889 423 4958 obsedit,
447 4896 500 4946 et
528 4888 949 4958 circumquaque
966 4882 1216 4954 qualibet
1234 4880 1304 4936 ad
1324 4881 1553 4938 rebelles
1565 4884 1847 4951 pertinen-

185 4981 274 5037 tia
322 4977 651 5035 devastavit.
717 4972 831 5030 Odo
874 4972 1152 5045 princeps,
1202 4970 1435 5028 Gallicae
1462 4972 1787 5042 Campania
1813 4988 1849 5027 a

1951 3901 2236 3959 Gozzilone
2248 3898 2852 3969 Lolharingorumduce
2874 3917 3061 3972 pugna
3072 3903 3244 3957 victus
3272 3903 3602 3976 fugiensque

1948 4008 1985 4047 a
2012 3989 2245 4062 quodam
2271 3987 2451 4044 milite
2472 3988 2753 4044 occiditur.

2027 4081 2161 4135 1038
2181 4082 2500 4152 Imperator,
2523 4094 2650 4133 cum
2664 4078 2914 4133 Natalem
2929 4079 3148 4136 Domini
3166 4083 3383 4137 Parma
3398 4087 3603 4155 ageret,

1950 4173 2068 4225 orto
2096 4169 2336 4225 tumultu
2366 4169 2513 4222 inter
2540 4169 2869 4224 Parmenses
2898 4177 2951 4224 et
2984 4173 3306 4237 exercitum,
3346 4174 3606 4245 utrinque

1948 4260 2136 4322 multi,
2166 4260 2264 4314 sed
2292 4274 2363 4313 ea:
2392 4258 2787 4313 Parmensibus
2811 4259 3001 4330 plures
3028 4260 3356 4328 ceciderunt,
3406 4266 3458 4318 et
3486 4263 3607 4334 ipsa

1950 4348 2143 4403 civitas
2164 4345 2414 4403 incendio
2451 4355 2766 4419 consumpta
2812 4351 2908 4402 est.
2960 4353 3112 4419 Papa
3142 4352 3609 4423 archiepiscopum

1952 4438 2404 4493 Mediolanensem
2430 4439 2767 4508 imperatori
2814 4438 3065 4493 rebellem
3092 4442 3603 4497 excommunicauit.

1956 4526 2302 4582 Chunihildis
2331 4525 2478 4596 (568)
2509 4529 2880 4598 regina,uxor
2903 4529 3131 4583 Henrici
3146 4532 3433 4600 regis,xvu
3455 4529 3605 4602 (569)

1954 4616 2075 4672 Ral.
2095 4617 2258 4684 Aug.,
2289 4622 2339 4670 et
2368 4616 2715 4670 Hermannus
2742 4615 2860 4671 dux
2887 4617 3224 4673 Alemanniae
3244 4636 3298 4674 v.
3322 4619 3442 4674 Kal.
3466 4618 3605 4689 Aug.

1953 4721 2079 4760 cum
2108 4706 2300 4760 multis
2330 4705 2459 4759 aliis
2489 4705 2549 4759 in
2577 4706 2740 4761 Italia
2771 4706 2968 4762 obiere.
3003 4705 3303 4778 Stephanas
3333 4724 3435 4763 rex
3462 4708 3611 4763 Hun-

1952 4810 2212 4866 garorum
2242 4794 2399 4851 bonae
2423 4795 2707 4850 memoriae
2734 4794 2891 4859 obiit,
2922 4795 3018 4865 qui
3063 4796 3301 4866 seipsum
3346 4811 3472 4850 cum
3500 4801 3611 4852 tota

1955 4886 2114 4954 gente
2140 4882 2211 4938 ad
2238 4882 2400 4954 ﬁdem
2432 4881 2633 4938 Christi
2659 4884 2961 4945 convertit;
3006 4899 3106 4954 pro
3146 4900 3251 4956 quo
3303 4885 3499 4938 Petrus
3513 4898 3611 4937 re-

1955 4972 2164 5041 gnavit.

1784 5068 2018 5127 NOTIE.

286 5164 420 5234 363)
448 5162 582 5219 Vid.
615 5178 796 5236 supra
823 5176 918 5216 an.
948 5158 1106 5236 101,2.

479 5227 709 5310 Co_ncil.'
755 5232 976 5310 Cerm.,
1033 5234 1076 5286 t.
1140 5228 1239 5296 III,
1287 5244 1344 5310 p.
1390 5227 1518 5310 103.ζ
1546 5244 1613 5310 εξ
1641 5227 1848 5285 Annal.

194 5299 417 5368 Hildes'.
451 5311 515 5364 et
541 5307 672 5364 Sex.
705 5305 779 5361 ad
810 5299 1034 5360 annum
1063 5305 1407 5373 sequentem
1432 5317 1445 5370 ;
1479 5299 1691 5374 Pagius
1719 5317 1853 5357 vero
1961 5305 2073 5374 Pro

194 5383 264 5440 ad
293 5382 459 5438 hunc
491 5394 710 5434 annum
745 5375 941 5432 refert.

254 5442 1468 5540 βδελιέεξίείηὶπίάιιεωετοξιίςτλεὲεὲιξξξι.
1498 5446 1653 5540 εφη»

184 5512 375 5586 ﬁliam
397 5512 789 5580 'Adelbeidem
822 5519 1069 5575 duxerat
1099 5514 1470 5571 Hermannus
1498 5512 1590 5569 IV.

252 5583 419 5675 (566)
448 5594 586 5675 λείη
617 5597 786 5675 estea
816 5609 849 5674 ει
879 5585 1637 5675 Gse'ﬁ§.°9.mitibn§9w£l
1659 5583 1854 5675 Alte";

178 5656 471 5733 munst'er
526 5665 588 5723 in
642 5664 883 5723 Bavaria
908 5658 1352 5733 Benedictinum
1382 5656 1855 5733 vircrum,_apud

1962 5158 2033 5215 ad
2088 5157 2304 5213 Vincas
2350 5158 2552 5227 postea
2596 5156 2985 5213 nominatum.
3038 5157 3202 5215 Circa
3248 5155 3369 5212 hac
3414 5158 3614 5214 autem

1960 5234 2227 5301 tempora
2248 5227 2416 5301 sedes
2436 5243 2577 5301 su_a_s
2596 5228 2842 5301 invicem
2857 5233 3267 5301 permutarunt
3280 5227 3454 5300 ;quod
3468 5227 3617 5287 Hess

2077 5276 2080 5282 .
2126 5246 2227 5283 ora
2248 5246 2416 5283 senes
2436 5246 2577 5283 suas
2596 5246 2842 5284 invncem
2857 5246 3454 5301 permutarunt;quoa

2077 5246 2173 5373 gr.
2200 5296 2929 5373 hIon_._GuelI.‘ad_annum
2967 5302 3098 5373 1047
3130 5301 3454 5373 consignat.

2032 5366 2408 5445 (567)_Gozilo
2435 5385 2540 5445 seu
2572 5366 2865 5445 Gothelo_I
2896 5372 3206 5443 utriusque
3228 5366 3615 5445 Lotharingia

1965 5439 2083 5498 dux
2113 5439 2437 5511 a'Conrado
2466 5439 2610 5511 imp.
2644 5441 3017 5511 constitutus.

2036 5511 2183 5584 (568)
2212 5509 2380 5585 Aliis_
2401 5509 2578 5585 etiam
2625 5510 2885 5585 Elildrud
2929 5517 3032 5567 aut
3059 5511 3355 5585 Cunigunt
3378 5513 3615 5580 dicitur,

1967 5580 2194 5656 mutoto
2224 5580 2547 5656 nominein
2581 5584 2954 5656 coronatione
2994 5580 3235 5656 ιγηψυξ

2037 5653 2185 5731 (569)
2215 5653 2392 5731 Codd.
2429 5653 2717 5731 Murcnsis
2746 5660 2803 5714 et
2831 5653 3243 5714 Gottwiéensis
3276 5655 3486 5719 melius
3511 5654 3616 5725 ha-

172 5725 391 5816 Auitoer
406 5754 551 5805 vero
580 5737 640 5801 in
670 5735 884 5802 Suevia
911 5732 1071 5796 aliud
1102 5729 1399 5809 virginum
1418 5727 1528 5788 fuit
1555 5725 1856 5790 conditum
1966 5725 2125 5789 bent.
2160 5725 2231 5786 xv
2261 5725 2382 5789 Kal.
2413 5727 2552 5805 Aug.
