  <div class='ocr_page' id='page_1' title='image "/cluster/home/n/w/nwhite01/storage/ocr_20150623/143/uva.x000829790/135.png"; bbox 0 0 3982 6216; ppageno 0'>
   <div class='ocr_carea' id='block_1_1' title="bbox 433 396 576 458">
    <p class='ocr_par' dir='ltr' id='par_1_1' title="bbox 433 396 576 458">
     <span class='ocr_line' id='line_1_1' title="bbox 433 396 576 458; baseline -0.007 -1"><span class='ocrx_word' id='word_1_1' title='bbox 433 421 438 426; x_wconf 92' lang='grc'><strong>·</strong></span> <span class='ocrx_word' id='word_1_2' title='bbox 456 396 576 458; x_wconf 76' lang='grc'><strong>259</strong></span> 
     </span>
    </p>
   </div>
   <div class='ocr_carea' id='block_1_2' title="bbox 1268 392 3049 461">
    <p class='ocr_par' dir='ltr' id='par_1_2' title="bbox 1268 392 3049 461">
     <span class='ocr_line' id='line_1_2' title="bbox 1268 392 3049 461; baseline 0.001 -3"><span class='ocrx_word' id='word_1_3' title='bbox 1268 392 1679 458; x_wconf 79' lang='lat' dir='ltr'><strong>HERMANNI</strong></span> <span class='ocrx_word' id='word_1_4' title='bbox 1723 392 2164 456; x_wconf 80' lang='lat' dir='ltr'><strong>CONTRACTI</strong></span> <span class='ocrx_word' id='word_1_5' title='bbox 2210 395 2625 461; x_wconf 79' lang='lat' dir='ltr'><strong>AUGIENSIS</strong></span> <span class='ocrx_word' id='word_1_6' title='bbox 2672 395 3049 461; x_wconf 84' lang='lat' dir='ltr'><strong>MONAGHI.</strong></span> 
     </span>
    </p>
   </div>
   <div class='ocr_carea' id='block_1_3' title="bbox 3716 363 3860 465">
    <p class='ocr_par' dir='ltr' id='par_1_3' title="bbox 3716 363 3860 465">
     <span class='ocr_line' id='line_1_3' title="bbox 3716 363 3860 465; baseline 0.007 -1"><span class='ocrx_word' id='word_1_7' title='bbox 3716 363 3860 465; x_wconf 62' lang='lat' dir='ltr'><strong>eeo</strong></span> 
     </span>
    </p>
   </div>
   <div class='ocr_carea' id='block_1_4' title="bbox 1491 528 2820 612">
    <p class='ocr_par' dir='ltr' id='par_1_4' title="bbox 1491 528 2820 612">
     <span class='ocr_line' id='line_1_4' title="bbox 1491 528 2820 612; baseline 0.004 -5"><span class='ocrx_word' id='word_1_8' title='bbox 1491 552 1697 608; x_wconf 83' lang='lat' dir='ltr'><strong>conn.</strong></span> <span class='ocrx_word' id='word_1_9' title='bbox 1741 552 2270 610; x_wconf 84' lang='lat' dir='ltr'><strong>GOT&#39;I‘WICENSIS</strong></span> <span class='ocrx_word' id='word_1_10' title='bbox 2310 555 2399 610; x_wconf 88' lang='lat' dir='ltr'><strong>ET</strong></span> <span class='ocrx_word' id='word_1_11' title='bbox 2432 528 2820 612; x_wconf 10' lang='lat' dir='ltr'><strong>‘MURENSIS.</strong></span> 
     </span>
    </p>
   </div>
   <div class='ocr_carea' id='block_1_5' title="bbox 531 648 3857 733">
    <p class='ocr_par' dir='ltr' id='par_1_5' title="bbox 531 648 3857 733">
     <span class='ocr_line' id='line_1_5' title="bbox 531 648 3857 733; baseline 0.002 -23"><span class='ocrx_word' id='word_1_12' title='bbox 531 653 680 710; x_wconf 84' lang='grc'><strong>1053</strong></span> <span class='ocrx_word' id='word_1_13' title='bbox 696 652 1010 724; x_wconf 79' lang='lat' dir='ltr'><strong>Imperator</strong></span> <span class='ocrx_word' id='word_1_14' title='bbox 1028 665 1160 704; x_wconf 91' lang='lat' dir='ltr'><strong>cum</strong></span> <span class='ocrx_word' id='word_1_15' title='bbox 1174 648 1387 705; x_wconf 88' lang='lat' dir='ltr'><strong>domno</strong></span> <span class='ocrx_word' id='word_1_16' title='bbox 1406 653 1565 722; x_wconf 84' lang='lat' dir='ltr'><strong>Papa</strong></span> <span class='ocrx_word' id='word_1_17' title='bbox 1584 649 1847 707; x_wconf 80' lang='lat' dir='ltr'><strong>Natalem</strong></span> <span class='ocrx_word' id='word_1_18' title='bbox 1863 650 2095 707; x_wconf 89' lang='lat' dir='ltr'><strong>Domini</strong></span> <span class='ocrx_word' id='word_1_19' title='bbox 2127 652 2178 720; x_wconf 83' lang='grc' dir='ltr'>Α</span> <span class='ocrx_word' id='word_1_20' title='bbox 2212 652 2283 708; x_wconf 85' lang='lat' dir='ltr'><strong>ab</strong></span> <span class='ocrx_word' id='word_1_21' title='bbox 2309 652 2658 727; x_wconf 81' lang='lat' dir='ltr'><strong>imperatore</strong></span> <span class='ocrx_word' id='word_1_22' title='bbox 2687 670 2999 727; x_wconf 80' lang='lat' dir='ltr'><strong>reposcens</strong></span> <span class='ocrx_word' id='word_1_23' title='bbox 3035 655 3341 729; x_wconf 79' lang='lat' dir='ltr'><strong>exegisset,</strong></span> <span class='ocrx_word' id='word_1_24' title='bbox 3392 656 3636 716; x_wconf 83' lang='lat' dir='ltr'><strong>domum</strong></span> <span class='ocrx_word' id='word_1_25' title='bbox 3670 658 3857 733; x_wconf 86' lang='lat' dir='ltr'><strong>impe-</strong></span> 
     </span>
    </p>
   </div>
   <div class='ocr_carea' id='block_1_6' title="bbox 458 737 2088 811">
    <p class='ocr_par' dir='ltr' id='par_1_6' title="bbox 458 737 2088 811">
     <span class='ocr_line' id='line_1_6' title="bbox 458 737 2088 811; baseline 0 -15"><span class='ocrx_word' id='word_1_26' title='bbox 458 740 793 798; x_wconf 74' lang='lat' dir='ltr'><strong>Wormatiaa</strong></span> <span class='ocrx_word' id='word_1_27' title='bbox 824 739 957 811; x_wconf 86' lang='lat' dir='ltr'><strong>egit,</strong></span> <span class='ocrx_word' id='word_1_28' title='bbox 992 737 1091 793; x_wconf 91' lang='lat' dir='ltr'><strong>ubi</strong></span> <span class='ocrx_word' id='word_1_29' title='bbox 1123 755 1256 793; x_wconf 90' lang='lat' dir='ltr'><strong>cum</strong></span> <span class='ocrx_word' id='word_1_30' title='bbox 1298 739 1630 811; x_wconf 87' lang='lat' dir='ltr'><strong>papa,sicut</strong></span> <span class='ocrx_word' id='word_1_31' title='bbox 1658 740 1882 795; x_wconf 88' lang='lat' dir='ltr'><strong>dudum</strong></span> <span class='ocrx_word' id='word_1_32' title='bbox 1914 740 2088 796; x_wconf 71' lang='lat' dir='ltr'><strong>incoa-</strong></span> 
     </span>
    </p>
   </div>
   <div class='ocr_carea' id='block_1_7' title="bbox 2201 741 3855 817">
    <p class='ocr_par' dir='ltr' id='par_1_7' title="bbox 2201 741 3855 817">
     <span class='ocr_line' id='line_1_7' title="bbox 2201 741 3855 817; baseline 0.005 -20"><span class='ocrx_word' id='word_1_33' title='bbox 2201 745 2379 812; x_wconf 84' lang='lat' dir='ltr'><strong>rator,</strong></span> <span class='ocrx_word' id='word_1_34' title='bbox 2412 741 2689 815; x_wconf 84' lang='lat' dir='ltr'><strong>pleraque</strong></span> <span class='ocrx_word' id='word_1_35' title='bbox 2718 743 2778 798; x_wconf 92' lang='lat' dir='ltr'><strong>in</strong></span> <span class='ocrx_word' id='word_1_36' title='bbox 2801 742 3225 802; x_wconf 85' lang='lat' dir='ltr'><strong>Ultraromanis</strong></span> <span class='ocrx_word' id='word_1_37' title='bbox 3254 745 3528 817; x_wconf 83' lang='lat' dir='ltr'><strong>partibus</strong></span> <span class='ocrx_word' id='word_1_38' title='bbox 3569 748 3643 804; x_wconf 82' lang='lat' dir='ltr'><strong>ad</strong></span> <span class='ocrx_word' id='word_1_39' title='bbox 3676 766 3855 806; x_wconf 83' lang='lat' dir='ltr'><strong>suum</strong></span> 
     </span>
    </p>
   </div>
   <div class='ocr_carea' id='block_1_8' title="bbox 450 826 3855 907">
    <p class='ocr_par' dir='ltr' id='par_1_8' title="bbox 450 826 3855 907">
     <span class='ocr_line' id='line_1_8' title="bbox 450 826 3855 907; baseline 0.003 -22"><span class='ocrx_word' id='word_1_40' title='bbox 450 833 633 903; x_wconf 84' lang='lat' dir='ltr'><strong>perat,</strong></span> <span class='ocrx_word' id='word_1_41' title='bbox 669 827 1013 884; x_wconf 87' lang='lat' dir='ltr'><strong>Fuldensem</strong></span> <span class='ocrx_word' id='word_1_42' title='bbox 1035 826 1356 895; x_wconf 77' lang='lat' dir='ltr'><strong>ubbatiam,</strong></span> <span class='ocrx_word' id='word_1_43' title='bbox 1391 827 1623 900; x_wconf 87' lang='lat' dir='ltr'><strong>aliaque</strong></span> <span class='ocrx_word' id='word_1_44' title='bbox 1653 828 1939 885; x_wconf 83' lang='lat' dir='ltr'><strong>nonnulla</strong></span> <span class='ocrx_word' id='word_1_45' title='bbox 1966 828 2095 885; x_wconf 89' lang='lat' dir='ltr'><strong>loca</strong></span> <span class='ocrx_word' id='word_1_46' title='bbox 2196 830 2300 901; x_wconf 85' lang='lat' dir='ltr'><strong>jus</strong></span> <span class='ocrx_word' id='word_1_47' title='bbox 2326 830 2675 902; x_wconf 85' lang='lat' dir='ltr'><strong>pertinentia</strong></span> <span class='ocrx_word' id='word_1_48' title='bbox 2688 845 2792 904; x_wconf 89' lang='lat' dir='ltr'><strong>pro</strong></span> <span class='ocrx_word' id='word_1_49' title='bbox 2810 831 3128 904; x_wconf 81' lang='lat' dir='ltr'><strong>Cisalpinis</strong></span> <span class='ocrx_word' id='word_1_50' title='bbox 3142 835 3310 907; x_wconf 85' lang='lat' dir='ltr'><strong>quasi</strong></span> <span class='ocrx_word' id='word_1_51' title='bbox 3325 837 3855 907; x_wconf 82' lang='lat' dir='ltr'><strong>perooncambium</strong></span> 
     </span>
    </p>
   </div>
   <div class='ocr_carea' id='block_1_9' title="bbox 451 915 2096 988">
    <p class='ocr_par' dir='ltr' id='par_1_9' title="bbox 451 915 2096 988">
     <span class='ocr_line' id='line_1_9' title="bbox 451 915 2096 988; baseline -0.001 -14"><span class='ocrx_word' id='word_1_52' title='bbox 451 923 508 975; x_wconf 89' lang='lat' dir='ltr'><strong>et</strong></span> <span class='ocrx_word' id='word_1_53' title='bbox 538 916 954 987; x_wconf 71' lang='lat' dir='ltr'><strong>ccenobia,quze</strong></span> <span class='ocrx_word' id='word_1_54' title='bbox 977 915 1209 972; x_wconf 87' lang='lat' dir='ltr'><strong>S.Pelro</strong></span> <span class='ocrx_word' id='word_1_55' title='bbox 1232 915 1556 988; x_wconf 84' lang='lat' dir='ltr'><strong>antiquitus</strong></span> <span class='ocrx_word' id='word_1_56' title='bbox 1581 917 1796 973; x_wconf 84' lang='lat' dir='ltr'><strong>donata</strong></span> <span class='ocrx_word' id='word_1_57' title='bbox 1809 917 2096 984; x_wconf 84' lang='lat' dir='ltr'><strong>feruntur,</strong></span> 
     </span>
    </p>
   </div>
   <div class='ocr_carea' id='block_1_10' title="bbox 2207 917 3853 992">
    <p class='ocr_par' dir='ltr' id='par_1_10' title="bbox 2207 917 3853 992">
     <span class='ocr_line' id='line_1_10' title="bbox 2207 917 3853 992; baseline 0.007 -19"><span class='ocrx_word' id='word_1_58' title='bbox 2207 917 2293 974; x_wconf 74' lang='lat' dir='ltr'><strong>illi</strong></span> <span class='ocrx_word' id='word_1_59' title='bbox 2317 918 2752 992; x_wconf 84' lang='lat' dir='ltr'><strong>tradidit,eique</strong></span> <span class='ocrx_word' id='word_1_60' title='bbox 2785 924 2987 977; x_wconf 85' lang='lat' dir='ltr'><strong>contra</strong></span> <span class='ocrx_word' id='word_1_61' title='bbox 3005 925 3482 981; x_wconf 86' lang='lat' dir='ltr'><strong>Normannorum</strong></span> <span class='ocrx_word' id='word_1_62' title='bbox 3510 923 3853 984; x_wconf 85' lang='lat' dir='ltr'><strong>violentiam</strong></span> 
     </span>
    </p>
   </div>
   <div class='ocr_carea' id='block_1_11' title="bbox 1858 1032 2421 1090">
    <p class='ocr_par' dir='ltr' id='par_1_11' title="bbox 1858 1032 2421 1090">
     <span class='ocr_line' id='line_1_11' title="bbox 1858 1032 2421 1090; baseline 0.004 -3"><span class='ocrx_word' id='word_1_63' title='bbox 1858 1032 2047 1087; x_wconf 91' lang='lat' dir='ltr'><strong>EDIT.</strong></span> <span class='ocrx_word' id='word_1_64' title='bbox 2088 1032 2421 1090; x_wconf 81' lang='lat' dir='ltr'><strong>URSTISII.</strong></span> 
     </span>
    </p>
   </div>
   <div class='ocr_carea' id='block_1_12' title="bbox 443 1129 2086 1190">
    <p class='ocr_par' dir='ltr' id='par_1_12' title="bbox 443 1129 2086 1190">
     <span class='ocr_line' id='line_1_12' title="bbox 443 1129 2086 1190; baseline -0.004 1"><span class='ocrx_word' id='word_1_65' title='bbox 443 1139 682 1190; x_wconf 86' lang='lat' dir='ltr'><strong>ruerunt</strong></span> <span class='ocrx_word' id='word_1_66' title='bbox 697 1131 1003 1187; x_wconf 76' lang='lat' dir='ltr'><strong>miraculis.</strong></span> <span class='ocrx_word' id='word_1_67' title='bbox 1039 1129 1364 1185; x_wconf 72' lang='lat' dir='ltr'><strong>Constantia:</strong></span> <span class='ocrx_word' id='word_1_68' title='bbox 1392 1130 1621 1185; x_wconf 87' lang='lat' dir='ltr'><strong>basilica</strong></span> <span class='ocrx_word' id='word_1_69' title='bbox 1646 1133 1707 1186; x_wconf 91' lang='lat' dir='ltr'><strong>S.</strong></span> <span class='ocrx_word' id='word_1_70' title='bbox 1752 1129 1945 1187; x_wconf 66' lang='lat' dir='ltr'><strong>Mariae</strong></span> <span class='ocrx_word' id='word_1_71' title='bbox 1969 1146 2086 1186; x_wconf 83' lang='lat' dir='ltr'><strong>cor-</strong></span> 
     </span>
    </p>
   </div>
   <div class='ocr_carea' id='block_1_13' title="bbox 446 1224 583 1278">
    <p class='ocr_par' dir='ltr' id='par_1_13' title="bbox 446 1224 583 1278">
     <span class='ocr_line' id='line_1_13' title="bbox 446 1224 583 1278; baseline -0.007 0"><span class='ocrx_word' id='word_1_72' title='bbox 446 1224 583 1278; x_wconf 86' lang='lat' dir='ltr'><strong>ruit.</strong></span> 
     </span>
    </p>
   </div>
   <div class='ocr_carea' id='block_1_14' title="bbox 520 1307 2087 1380">
    <p class='ocr_par' dir='ltr' id='par_1_14' title="bbox 520 1307 2087 1380">
     <span class='ocr_line' id='line_1_14' title="bbox 520 1307 2087 1380; baseline -0.002 -15"><span class='ocrx_word' id='word_1_73' title='bbox 520 1310 662 1368; x_wconf 76' lang='lat'><strong>1053</strong></span> <span class='ocrx_word' id='word_1_74' title='bbox 689 1310 991 1380; x_wconf 84' lang='lat' dir='ltr'><strong>Imperator</strong></span> <span class='ocrx_word' id='word_1_75' title='bbox 1018 1324 1142 1363; x_wconf 89' lang='lat' dir='ltr'><strong>cum</strong></span> <span class='ocrx_word' id='word_1_76' title='bbox 1188 1307 1409 1362; x_wconf 88' lang='lat' dir='ltr'><strong>domino</strong></span> <span class='ocrx_word' id='word_1_77' title='bbox 1448 1322 1592 1377; x_wconf 89' lang='lat' dir='ltr'><strong>papa</strong></span> <span class='ocrx_word' id='word_1_78' title='bbox 1634 1307 1931 1378; x_wconf 77' lang='lat' dir='ltr'><strong>multisque</strong></span> <span class='ocrx_word' id='word_1_79' title='bbox 1972 1309 2087 1379; x_wconf 90' lang='lat' dir='ltr'><strong>epi-</strong></span> 
     </span>
    </p>
   </div>
   <div class='ocr_carea' id='block_1_15' title="bbox 444 1395 2086 1471">
    <p class='ocr_par' dir='ltr' id='par_1_15' title="bbox 444 1395 2086 1471">
     <span class='ocr_line' id='line_1_15' title="bbox 444 1395 2086 1471; baseline -0.004 -14"><span class='ocrx_word' id='word_1_80' title='bbox 444 1401 620 1471; x_wconf 88' lang='lat' dir='ltr'><strong>scopis</strong></span> <span class='ocrx_word' id='word_1_81' title='bbox 649 1406 701 1455; x_wconf 88' lang='lat' dir='ltr'><strong>et</strong></span> <span class='ocrx_word' id='word_1_82' title='bbox 723 1397 1067 1470; x_wconf 74' lang='lat' dir='ltr'><strong>principibus</strong></span> <span class='ocrx_word' id='word_1_83' title='bbox 1097 1396 1349 1451; x_wconf 83' lang='lat' dir='ltr'><strong>Natalem</strong></span> <span class='ocrx_word' id='word_1_84' title='bbox 1386 1395 1600 1451; x_wconf 80' lang='lat' dir='ltr'><strong>Domini</strong></span> <span class='ocrx_word' id='word_1_85' title='bbox 1632 1396 1936 1451; x_wconf 65' lang='lat' dir='ltr'><strong>Wormatiz</strong></span> <span class='ocrx_word' id='word_1_86' title='bbox 1959 1398 2086 1466; x_wconf 87' lang='lat' dir='ltr'><strong>egit,</strong></span> 
     </span>
    </p>
   </div>
   <div class='ocr_carea' id='block_1_16' title="bbox 446 1484 2089 1558">
    <p class='ocr_par' dir='ltr' id='par_1_16' title="bbox 446 1484 2089 1558">
     <span class='ocr_line' id='line_1_16' title="bbox 446 1484 2089 1558; baseline -0.004 -13"><span class='ocrx_word' id='word_1_87' title='bbox 446 1489 543 1545; x_wconf 91' lang='lat' dir='ltr'><strong>ubi</strong></span> <span class='ocrx_word' id='word_1_88' title='bbox 568 1504 695 1543; x_wconf 89' lang='lat' dir='ltr'><strong>cum</strong></span> <span class='ocrx_word' id='word_1_89' title='bbox 715 1502 934 1558; x_wconf 89' lang='lat' dir='ltr'><strong>papa...</strong></span> <span class='ocrx_word' id='word_1_90' title='bbox 970 1485 1062 1539; x_wconf 88' lang='lat' dir='ltr'><strong>illi</strong></span> <span class='ocrx_word' id='word_1_91' title='bbox 1083 1500 1182 1555; x_wconf 91' lang='lat' dir='ltr'><strong>per</strong></span> <span class='ocrx_word' id='word_1_92' title='bbox 1219 1484 1592 1539; x_wconf 88' lang='lat' dir='ltr'><strong>concambium</strong></span> <span class='ocrx_word' id='word_1_93' title='bbox 1641 1484 1890 1540; x_wconf 88' lang='lat' dir='ltr'><strong>tradidit.</strong></span> <span class='ocrx_word' id='word_1_94' title='bbox 1925 1484 2089 1540; x_wconf 83' lang='lat' dir='ltr'><strong>Cum-</strong></span> 
     </span>
    </p>
   </div>
   <div class='ocr_carea' id='block_1_17' title="bbox 446 1570 2087 1646">
    <p class='ocr_par' dir='ltr' id='par_1_17' title="bbox 446 1570 2087 1646">
     <span class='ocr_line' id='line_1_17' title="bbox 446 1570 2087 1646; baseline -0.002 -15"><span class='ocrx_word' id='word_1_95' title='bbox 446 1572 713 1646; x_wconf 85' lang='lat' dir='ltr'><strong>queidcm</strong></span> <span class='ocrx_word' id='word_1_96' title='bbox 736 1588 884 1643; x_wconf 89' lang='lat' dir='ltr'><strong>papa</strong></span> <span class='ocrx_word' id='word_1_97' title='bbox 911 1570 978 1626; x_wconf 88' lang='lat' dir='ltr'><strong>de</strong></span> <span class='ocrx_word' id='word_1_98' title='bbox 1001 1575 1448 1630; x_wconf 85' lang='lat' dir='ltr'><strong>Normannorum</strong></span> <span class='ocrx_word' id='word_1_99' title='bbox 1476 1570 1752 1626; x_wconf 87' lang='lat' dir='ltr'><strong>violentiis</strong></span> <span class='ocrx_word' id='word_1_100' title='bbox 1771 1579 1821 1627; x_wconf 92' lang='lat' dir='ltr'><strong>et</strong></span> <span class='ocrx_word' id='word_1_101' title='bbox 1841 1573 2087 1642; x_wconf 77' lang='lat' dir='ltr'><strong>injuriis,</strong></span> 
     </span>
    </p>
   </div>
   <div class='ocr_carea' id='block_1_18' title="bbox 446 1659 2090 1737">
    <p class='ocr_par' dir='ltr' id='par_1_18' title="bbox 446 1659 2090 1737">
     <span class='ocr_line' id='line_1_18' title="bbox 446 1659 2090 1737; baseline -0.002 -18"><span class='ocrx_word' id='word_1_102' title='bbox 446 1666 542 1737; x_wconf 89' lang='lat' dir='ltr'><strong>qui</strong></span> <span class='ocrx_word' id='word_1_103' title='bbox 569 1679 657 1719; x_wconf 88' lang='lat' dir='ltr'><strong>res</strong></span> <span class='ocrx_word' id='word_1_104' title='bbox 685 1662 904 1717; x_wconf 82' lang='lat' dir='ltr'><strong>S.Petri</strong></span> <span class='ocrx_word' id='word_1_105' title='bbox 929 1676 989 1715; x_wconf 89' lang='lat' dir='ltr'><strong>se</strong></span> <span class='ocrx_word' id='word_1_106' title='bbox 1024 1661 1196 1715; x_wconf 88' lang='lat' dir='ltr'><strong>invito</strong></span> <span class='ocrx_word' id='word_1_107' title='bbox 1217 1661 1273 1714; x_wconf 87' lang='lat' dir='ltr'><strong>vi</strong></span> <span class='ocrx_word' id='word_1_108' title='bbox 1300 1659 1752 1725; x_wconf 88' lang='lat' dir='ltr'><strong>tenebant,multa</strong></span> <span class='ocrx_word' id='word_1_109' title='bbox 1769 1663 2090 1732; x_wconf 87' lang='lat' dir='ltr'><strong>conquestus</strong></span> 
     </span>
    </p>
   </div>
   <div class='ocr_carea' id='block_1_19' title="bbox 444 1748 2090 1821">
    <p class='ocr_par' dir='ltr' id='par_1_19' title="bbox 444 1748 2090 1821">
     <span class='ocr_line' id='line_1_19' title="bbox 444 1748 2090 1821; baseline -0.003 -11"><span class='ocrx_word' id='word_1_110' title='bbox 444 1761 597 1821; x_wconf 70' lang='lat' dir='ltr'><strong>esset,</strong></span> <span class='ocrx_word' id='word_1_111' title='bbox 629 1751 701 1807; x_wconf 90' lang='lat' dir='ltr'><strong>ad</strong></span> <span class='ocrx_word' id='word_1_112' title='bbox 727 1752 823 1807; x_wconf 83' lang='lat' dir='ltr'><strong>hos</strong></span> <span class='ocrx_word' id='word_1_113' title='bbox 862 1751 1030 1805; x_wconf 89' lang='lat' dir='ltr'><strong>etiam</strong></span> <span class='ocrx_word' id='word_1_114' title='bbox 1077 1748 1205 1804; x_wconf 87' lang='lat' dir='ltr'><strong>inde</strong></span> <span class='ocrx_word' id='word_1_115' title='bbox 1251 1749 1656 1820; x_wconf 90' lang='lat' dir='ltr'><strong>propulsandos</strong></span> <span class='ocrx_word' id='word_1_116' title='bbox 1702 1750 2001 1821; x_wconf 75' lang='lat' dir='ltr'><strong>imperator</strong></span> <span class='ocrx_word' id='word_1_117' title='bbox 2036 1750 2090 1806; x_wconf 88' lang='lat' dir='ltr'><strong>ei</strong></span> 
     </span>
    </p>
   </div>
   <div class='ocr_carea' id='block_1_20' title="bbox 448 1836 2090 1910">
    <p class='ocr_par' dir='ltr' id='par_1_20' title="bbox 448 1836 2090 1910">
     <span class='ocr_line' id='line_1_20' title="bbox 448 1836 2090 1910; baseline -0.002 -12"><span class='ocrx_word' id='word_1_118' title='bbox 448 1843 669 1898; x_wconf 67' lang='lat' dir='ltr'><strong>auxilia</strong></span> <span class='ocrx_word' id='word_1_119' title='bbox 711 1840 998 1910; x_wconf 77' lang='lat' dir='ltr'><strong>delegavit.</strong></span> <span class='ocrx_word' id='word_1_120' title='bbox 1058 1840 1136 1893; x_wconf 85' lang='lat' dir='ltr'><strong>Ea</strong></span> <span class='ocrx_word' id='word_1_121' title='bbox 1191 1836 1465 1908; x_wconf 76' lang='lat' dir='ltr'><strong>siquidm</strong></span> <span class='ocrx_word' id='word_1_122' title='bbox 1516 1854 1647 1908; x_wconf 90' lang='lat' dir='ltr'><strong>gens</strong></span> <span class='ocrx_word' id='word_1_123' title='bbox 1694 1854 1728 1893; x_wconf 91' lang='lat' dir='ltr'><strong>a</strong></span> <span class='ocrx_word' id='word_1_124' title='bbox 1757 1839 2090 1910; x_wconf 80' lang='lat' dir='ltr'><strong>temporibus</strong></span> 
     </span>
    </p>
   </div>
   <div class='ocr_carea' id='block_1_21' title="bbox 441 1926 2090 2003">
    <p class='ocr_par' dir='ltr' id='par_1_21' title="bbox 441 1926 2090 2003">
     <span class='ocr_line' id='line_1_21' title="bbox 441 1926 2090 2003; baseline -0.001 -17"><span class='ocrx_word' id='word_1_125' title='bbox 441 1932 646 2003; x_wconf 84' lang='lat' dir='ltr'><strong>prioris</strong></span> <span class='ocrx_word' id='word_1_126' title='bbox 694 1930 929 1986; x_wconf 80' lang='lat' dir='ltr'><strong>Henrici</strong></span> <span class='ocrx_word' id='word_1_127' title='bbox 974 1928 1320 1999; x_wconf 74' lang='lat' dir='ltr'><strong>imperatoris</strong></span> <span class='ocrx_word' id='word_1_128' title='bbox 1365 1928 1427 1981; x_wconf 90' lang='lat' dir='ltr'><strong>in</strong></span> <span class='ocrx_word' id='word_1_129' title='bbox 1483 1927 1789 1995; x_wconf 68' lang='lat' dir='ltr'><strong>Calabria,</strong></span> <span class='ocrx_word' id='word_1_130' title='bbox 1844 1926 2090 1986; x_wconf 57' lang='lat' dir='ltr'><strong>Somnia</strong></span> 
     </span>
    </p>
   </div>
   <div class='ocr_carea' id='block_1_22' title="bbox 448 2014 2090 2091">
    <p class='ocr_par' dir='ltr' id='par_1_22' title="bbox 448 2014 2090 2091">
     <span class='ocr_line' id='line_1_22' title="bbox 448 2014 2090 2091; baseline -0.002 -15"><span class='ocrx_word' id='word_1_131' title='bbox 448 2020 867 2091; x_wconf 78' lang='lat' dir='ltr'><strong>Campaniaeque</strong></span> <span class='ocrx_word' id='word_1_132' title='bbox 894 2020 1075 2089; x_wconf 87' lang='lat' dir='ltr'><strong>partes</strong></span> <span class='ocrx_word' id='word_1_133' title='bbox 1098 2016 1371 2087; x_wconf 87' lang='lat' dir='ltr'><strong>paulatim</strong></span> <span class='ocrx_word' id='word_1_134' title='bbox 1393 2032 1463 2070; x_wconf 75' lang='lat' dir='ltr'><strong>ea:</strong></span> <span class='ocrx_word' id='word_1_135' title='bbox 1492 2014 1688 2071; x_wconf 86' lang='lat' dir='ltr'><strong>Gallici</strong></span> <span class='ocrx_word' id='word_1_136' title='bbox 1733 2016 1846 2072; x_wconf 92' lang='lat' dir='ltr'><strong>oris</strong></span> <span class='ocrx_word' id='word_1_137' title='bbox 1892 2016 2090 2073; x_wconf 80' lang='lat' dir='ltr'><strong>Oceani</strong></span> 
     </span>
    </p>
   </div>
   <div class='ocr_carea' id='block_1_23' title="bbox 446 2105 2089 2177">
    <p class='ocr_par' dir='ltr' id='par_1_23' title="bbox 446 2105 2089 2177">
     <span class='ocr_line' id='line_1_23' title="bbox 446 2105 2089 2177; baseline -0.003 -11"><span class='ocrx_word' id='word_1_138' title='bbox 446 2110 757 2166; x_wconf 80' lang='lat' dir='ltr'><strong>adventitia</strong></span> <span class='ocrx_word' id='word_1_139' title='bbox 783 2106 1087 2177; x_wconf 86' lang='lat' dir='ltr'><strong>conﬂuebat</strong></span> <span class='ocrx_word' id='word_1_140' title='bbox 1103 2122 1125 2168; x_wconf 83' lang='lat'><strong><em>;</em></strong></span> <span class='ocrx_word' id='word_1_141' title='bbox 1153 2109 1226 2173; x_wconf 88' lang='lat' dir='ltr'><strong>et,</strong></span> <span class='ocrx_word' id='word_1_142' title='bbox 1259 2106 1392 2177; x_wconf 85' lang='lat' dir='ltr'><strong>quia</strong></span> <span class='ocrx_word' id='word_1_143' title='bbox 1422 2105 1729 2161; x_wconf 89' lang='lat' dir='ltr'><strong>bellicosior</strong></span> <span class='ocrx_word' id='word_1_144' title='bbox 1749 2106 2089 2176; x_wconf 89' lang='lat' dir='ltr'><strong>Italicisgen-</strong></span> 
     </span>
    </p>
   </div>
   <div class='ocr_carea' id='block_1_24' title="bbox 452 2194 2086 2266">
    <p class='ocr_par' dir='ltr' id='par_1_24' title="bbox 452 2194 2086 2266">
     <span class='ocr_line' id='line_1_24' title="bbox 452 2194 2086 2266; baseline -0.003 -11"><span class='ocrx_word' id='word_1_145' title='bbox 452 2200 594 2255; x_wconf 70' lang='lat' dir='ltr'><strong>fibus</strong></span> <span class='ocrx_word' id='word_1_146' title='bbox 649 2196 955 2265; x_wconf 87' lang='lat' dir='ltr'><strong>videbatur,</strong></span> <span class='ocrx_word' id='word_1_147' title='bbox 1008 2196 1189 2266; x_wconf 84' lang='lat' dir='ltr'><strong>primr</strong></span> <span class='ocrx_word' id='word_1_148' title='bbox 1245 2201 1531 2264; x_wconf 86' lang='lat' dir='ltr'><strong>gratanter</strong></span> <span class='ocrx_word' id='word_1_149' title='bbox 1598 2196 1834 2263; x_wconf 88' lang='lat' dir='ltr'><strong>accepta,</strong></span> <span class='ocrx_word' id='word_1_150' title='bbox 1899 2194 2086 2250; x_wconf 90' lang='lat' dir='ltr'><strong>crebro</strong></span> 
     </span>
    </p>
   </div>
   <div class='ocr_carea' id='block_1_25' title="bbox 441 2281 2085 2355">
    <p class='ocr_par' dir='ltr' id='par_1_25' title="bbox 441 2281 2085 2355">
     <span class='ocr_line' id='line_1_25' title="bbox 441 2281 2085 2355; baseline -0.004 -12"><span class='ocrx_word' id='word_1_151' title='bbox 441 2288 717 2355; x_wconf 72' lang='lat' dir='ltr'><strong>indigenis</strong></span> <span class='ocrx_word' id='word_1_152' title='bbox 746 2288 936 2340; x_wconf 86' lang='lat' dir='ltr'><strong>contra</strong></span> <span class='ocrx_word' id='word_1_153' title='bbox 965 2282 1277 2339; x_wconf 71' lang='lat' dir='ltr'><strong>Graecorum</strong></span> <span class='ocrx_word' id='word_1_154' title='bbox 1323 2285 1373 2337; x_wconf 88' lang='lat' dir='ltr'><strong>et</strong></span> <span class='ocrx_word' id='word_1_155' title='bbox 1421 2281 1851 2337; x_wconf 81' lang='lat' dir='ltr'><strong>Sarracenorum</strong></span> <span class='ocrx_word' id='word_1_156' title='bbox 1900 2284 2085 2338; x_wconf 86' lang='lat' dir='ltr'><strong>incur-</strong></span> 
     </span>
    </p>
   </div>
   <div class='ocr_carea' id='block_1_26' title="bbox 442 2369 2083 2443">
    <p class='ocr_par' dir='ltr' id='par_1_26' title="bbox 442 2369 2083 2443">
     <span class='ocr_line' id='line_1_26' title="bbox 442 2369 2083 2443; baseline -0.002 -13"><span class='ocrx_word' id='word_1_157' title='bbox 442 2379 621 2431; x_wconf 85' lang='lat' dir='ltr'><strong>siones</strong></span> <span class='ocrx_word' id='word_1_158' title='bbox 649 2373 911 2429; x_wconf 84' lang='lat' dir='ltr'><strong>audacter</strong></span> <span class='ocrx_word' id='word_1_159' title='bbox 935 2369 1247 2443; x_wconf 74' lang='lat' dir='ltr'><strong>preeliando</strong></span> <span class='ocrx_word' id='word_1_160' title='bbox 1272 2370 1676 2425; x_wconf 75' lang='lat' dir='ltr'><strong>auxitiabatnr.</strong></span> <span class='ocrx_word' id='word_1_161' title='bbox 1718 2375 1912 2426; x_wconf 84' lang='lat' dir='ltr'><strong>Postea</strong></span> <span class='ocrx_word' id='word_1_162' title='bbox 1936 2387 2083 2440; x_wconf 88' lang='lat' dir='ltr'><strong>vero,</strong></span> 
     </span>
    </p>
   </div>
   <div class='ocr_carea' id='block_1_27' title="bbox 436 2457 2083 2535">
    <p class='ocr_par' dir='ltr' id='par_1_27' title="bbox 436 2457 2083 2535">
     <span class='ocr_line' id='line_1_27' title="bbox 436 2457 2083 2535; baseline -0.002 -17"><span class='ocrx_word' id='word_1_163' title='bbox 436 2464 692 2535; x_wconf 85' lang='lat' dir='ltr'><strong>pluribus</strong></span> <span class='ocrx_word' id='word_1_164' title='bbox 747 2476 935 2516; x_wconf 88' lang='lat' dir='ltr'><strong>eorum</strong></span> <span class='ocrx_word' id='word_1_165' title='bbox 989 2457 1062 2513; x_wconf 90' lang='lat' dir='ltr'><strong>ad</strong></span> <span class='ocrx_word' id='word_1_166' title='bbox 1121 2458 1341 2513; x_wconf 87' lang='lat' dir='ltr'><strong>uberem</strong></span> <span class='ocrx_word' id='word_1_167' title='bbox 1396 2464 1599 2513; x_wconf 87' lang='lat' dir='ltr'><strong>terram</strong></span> <span class='ocrx_word' id='word_1_168' title='bbox 1653 2460 2083 2529; x_wconf 76' lang='lat' dir='ltr'><strong>occurrentibus,</strong></span> 
     </span>
    </p>
   </div>
   <div class='ocr_carea' id='block_1_28' title="bbox 443 2546 2086 2619">
    <p class='ocr_par' dir='ltr' id='par_1_28' title="bbox 443 2546 2086 2619">
     <span class='ocr_line' id='line_1_28' title="bbox 443 2546 2086 2619; baseline -0.002 -13"><span class='ocrx_word' id='word_1_169' title='bbox 443 2552 656 2606; x_wconf 88' lang='lat' dir='ltr'><strong>viribus</strong></span> <span class='ocrx_word' id='word_1_170' title='bbox 692 2548 933 2614; x_wconf 87' lang='lat' dir='ltr'><strong>adaucti,</strong></span> <span class='ocrx_word' id='word_1_171' title='bbox 982 2546 1245 2617; x_wconf 87' lang='lat' dir='ltr'><strong>indigetes</strong></span> <span class='ocrx_word' id='word_1_172' title='bbox 1303 2546 1439 2601; x_wconf 89' lang='lat' dir='ltr'><strong>bello</strong></span> <span class='ocrx_word' id='word_1_173' title='bbox 1491 2562 1760 2616; x_wconf 87' lang='lat' dir='ltr'><strong>premere,</strong></span> <span class='ocrx_word' id='word_1_174' title='bbox 1818 2549 2086 2619; x_wconf 84' lang='lat' dir='ltr'><strong>injustam</strong></span> 
     </span>
    </p>
   </div>
   <div class='ocr_carea' id='block_1_29' title="bbox 442 2634 2081 2705">
    <p class='ocr_par' dir='ltr' id='par_1_29' title="bbox 442 2634 2081 2705">
     <span class='ocr_line' id='line_1_29' title="bbox 442 2634 2081 2705; baseline -0.002 -10"><span class='ocrx_word' id='word_1_175' title='bbox 442 2634 790 2695; x_wconf 82' lang='lat' dir='ltr'><strong>dominatum</strong></span> <span class='ocrx_word' id='word_1_176' title='bbox 831 2635 1110 2705; x_wconf 86' lang='lat' dir='ltr'><strong>invadere,</strong></span> <span class='ocrx_word' id='word_1_177' title='bbox 1170 2634 1474 2689; x_wconf 59' lang='lat' dir='ltr'><strong>haredibus</strong></span> <span class='ocrx_word' id='word_1_178' title='bbox 1533 2635 1793 2705; x_wconf 87' lang='lat' dir='ltr'><strong>legitimis</strong></span> <span class='ocrx_word' id='word_1_179' title='bbox 1840 2638 2081 2705; x_wconf 90' lang='lat' dir='ltr'><strong>castella,</strong></span> 
     </span>
    </p>
   </div>
   <div class='ocr_carea' id='block_1_30' title="bbox 442 2724 2086 2799">
    <p class='ocr_par' dir='ltr' id='par_1_30' title="bbox 442 2724 2086 2799">
     <span class='ocr_line' id='line_1_30' title="bbox 442 2724 2086 2799; baseline 0 -17"><span class='ocrx_word' id='word_1_180' title='bbox 442 2728 676 2799; x_wconf 60' lang='lat' dir='ltr'><strong>prwdia,</strong></span> <span class='ocrx_word' id='word_1_181' title='bbox 708 2726 889 2791; x_wconf 86' lang='lat' dir='ltr'><strong>villas,</strong></span> <span class='ocrx_word' id='word_1_182' title='bbox 921 2724 1124 2791; x_wconf 90' lang='lat' dir='ltr'><strong>domos,</strong></span> <span class='ocrx_word' id='word_1_183' title='bbox 1157 2739 1351 2779; x_wconf 76' lang='lat' dir='ltr'><strong>uxores</strong></span> <span class='ocrx_word' id='word_1_184' title='bbox 1382 2724 1549 2779; x_wconf 89' lang='lat' dir='ltr'><strong>etiam</strong></span> <span class='ocrx_word' id='word_1_185' title='bbox 1575 2724 1772 2795; x_wconf 82' lang='lat' dir='ltr'><strong>quibus</strong></span> <span class='ocrx_word' id='word_1_186' title='bbox 1814 2725 1974 2781; x_wconf 87' lang='lat' dir='ltr'><strong>libuit</strong></span> <span class='ocrx_word' id='word_1_187' title='bbox 2029 2727 2086 2782; x_wconf 88' lang='lat' dir='ltr'><strong>vi</strong></span> 
     </span>
    </p>
   </div>
   <div class='ocr_carea' id='block_1_31' title="bbox 440 2812 2083 2889">
    <p class='ocr_par' dir='ltr' id='par_1_31' title="bbox 440 2812 2083 2889">
     <span class='ocr_line' id='line_1_31' title="bbox 440 2812 2083 2889; baseline -0.001 -16"><span class='ocrx_word' id='word_1_188' title='bbox 440 2820 680 2889; x_wconf 80' lang='lat' dir='ltr'><strong>auferre,</strong></span> <span class='ocrx_word' id='word_1_189' title='bbox 718 2832 803 2872; x_wconf 90' lang='lat' dir='ltr'><strong>res</strong></span> <span class='ocrx_word' id='word_1_190' title='bbox 831 2816 1187 2870; x_wconf 81' lang='lat' dir='ltr'><strong>ecclesiarum</strong></span> <span class='ocrx_word' id='word_1_191' title='bbox 1215 2812 1479 2883; x_wconf 82' lang='lat' dir='ltr'><strong>diripere,</strong></span> <span class='ocrx_word' id='word_1_192' title='bbox 1506 2823 1772 2885; x_wconf 88' lang='lat' dir='ltr'><strong>postremo</strong></span> <span class='ocrx_word' id='word_1_193' title='bbox 1813 2813 2003 2870; x_wconf 90' lang='lat' dir='ltr'><strong>divina</strong></span> <span class='ocrx_word' id='word_1_194' title='bbox 2032 2819 2083 2871; x_wconf 87' lang='lat' dir='ltr'><strong>et</strong></span> 
     </span>
    </p>
   </div>
   <div class='ocr_carea' id='block_1_32' title="bbox 439 2903 2083 2976">
    <p class='ocr_par' dir='ltr' id='par_1_32' title="bbox 439 2903 2083 2976">
     <span class='ocr_line' id='line_1_32' title="bbox 439 2903 2083 2976; baseline -0.001 -14"><span class='ocrx_word' id='word_1_195' title='bbox 439 2907 688 2962; x_wconf 88' lang='lat' dir='ltr'><strong>humana</strong></span> <span class='ocrx_word' id='word_1_196' title='bbox 731 2906 937 2970; x_wconf 86' lang='lat' dir='ltr'><strong>omnia,</strong></span> <span class='ocrx_word' id='word_1_197' title='bbox 991 2905 1154 2974; x_wconf 89' lang='lat' dir='ltr'><strong>prout</strong></span> <span class='ocrx_word' id='word_1_198' title='bbox 1203 2903 1414 2957; x_wconf 89' lang='lat' dir='ltr'><strong>viribus</strong></span> <span class='ocrx_word' id='word_1_199' title='bbox 1462 2903 1590 2974; x_wconf 87' lang='lat' dir='ltr'><strong>plus</strong></span> <span class='ocrx_word' id='word_1_200' title='bbox 1647 2905 1918 2975; x_wconf 83' lang='lat' dir='ltr'><strong>poterant,</strong></span> <span class='ocrx_word' id='word_1_201' title='bbox 1942 2904 2083 2976; x_wconf 86' lang='lat' dir='ltr'><strong>jura</strong></span> 
     </span>
    </p>
   </div>
   <div class='ocr_carea' id='block_1_33' title="bbox 443 2991 2082 3067">
    <p class='ocr_par' dir='ltr' id='par_1_33' title="bbox 443 2991 2082 3067">
     <span class='ocr_line' id='line_1_33' title="bbox 443 2991 2082 3067; baseline -0.001 -15"><span class='ocrx_word' id='word_1_202' title='bbox 443 2995 793 3067; x_wconf 79' lang='lat' dir='ltr'><strong>con/undere,</strong></span> <span class='ocrx_word' id='word_1_203' title='bbox 854 3008 951 3048; x_wconf 88' lang='lat' dir='ltr'><strong>nec</strong></span> <span class='ocrx_word' id='word_1_204' title='bbox 997 2993 1119 3063; x_wconf 86' lang='lat' dir='ltr'><strong>jam</strong></span> <span class='ocrx_word' id='word_1_205' title='bbox 1166 2991 1458 3062; x_wconf 87' lang='lat' dir='ltr'><strong>apostolico</strong></span> <span class='ocrx_word' id='word_1_206' title='bbox 1497 2994 1767 3063; x_wconf 81' lang='lat' dir='ltr'><strong>pontiﬁci,</strong></span> <span class='ocrx_word' id='word_1_207' title='bbox 1824 3009 1924 3049; x_wconf 87' lang='lat' dir='ltr'><strong>nec</strong></span> <span class='ocrx_word' id='word_1_208' title='bbox 1975 2996 2082 3066; x_wconf 91' lang='lat' dir='ltr'><strong>ipsi</strong></span> 
     </span>
    </p>
   </div>
   <div class='ocr_carea' id='block_1_34' title="bbox 442 3079 2083 3158">
    <p class='ocr_par' dir='ltr' id='par_1_34' title="bbox 442 3079 2083 3158">
     <span class='ocr_line' id='line_1_34' title="bbox 442 3079 2083 3158; baseline -0.006 -15"><span class='ocrx_word' id='word_1_209' title='bbox 442 3086 784 3158; x_wconf 87' lang='lat' dir='ltr'><strong>imperatori,</strong></span> <span class='ocrx_word' id='word_1_210' title='bbox 813 3082 926 3137; x_wconf 89' lang='lat' dir='ltr'><strong>nisi</strong></span> <span class='ocrx_word' id='word_1_211' title='bbox 973 3084 1189 3136; x_wconf 89' lang='lat' dir='ltr'><strong>tantum</strong></span> <span class='ocrx_word' id='word_1_212' title='bbox 1218 3079 1381 3135; x_wconf 86' lang='lat' dir='ltr'><strong>verbo</strong></span> <span class='ocrx_word' id='word_1_213' title='bbox 1424 3082 1578 3135; x_wconf 89' lang='lat' dir='ltr'><strong>tenus</strong></span> <span class='ocrx_word' id='word_1_214' title='bbox 1625 3081 1829 3137; x_wconf 86' lang='lat' dir='ltr'><strong>cedere.</strong></span> <span class='ocrx_word' id='word_1_215' title='bbox 1876 3114 1943 3124; x_wconf 96' lang='lat'><strong><em>—</em></strong></span> <span class='ocrx_word' id='word_1_216' title='bbox 1999 3085 2083 3140; x_wconf 81' lang='grc' dir='ltr'><strong>Αά</strong></span> 
     </span>
    </p>
   </div>
   <div class='ocr_carea' id='block_1_35' title="bbox 436 3168 2082 3245">
    <p class='ocr_par' dir='ltr' id='par_1_35' title="bbox 436 3168 2082 3245">
     <span class='ocr_line' id='line_1_35' title="bbox 436 3168 2082 3245; baseline -0.001 -15"><span class='ocrx_word' id='word_1_217' title='bbox 436 3176 637 3230; x_wconf 86' lang='lat' dir='ltr'><strong>horum</strong></span> <span class='ocrx_word' id='word_1_218' title='bbox 664 3176 836 3245; x_wconf 87' lang='lat' dir='ltr'><strong>igitur</strong></span> <span class='ocrx_word' id='word_1_219' title='bbox 862 3170 1081 3240; x_wconf 82' lang='lat' dir='ltr'><strong>nefaria</strong></span> <span class='ocrx_word' id='word_1_220' title='bbox 1108 3176 1159 3224; x_wconf 91' lang='lat' dir='ltr'><strong>et</strong></span> <span class='ocrx_word' id='word_1_221' title='bbox 1185 3168 1594 3224; x_wconf 73' lang='lat' dir='ltr'><strong>inextricabilia</strong></span> <span class='ocrx_word' id='word_1_222' title='bbox 1638 3170 1841 3226; x_wconf 88' lang='lat' dir='ltr'><strong>scelera</strong></span> <span class='ocrx_word' id='word_1_223' title='bbox 1885 3172 2002 3227; x_wconf 84' lang='lat' dir='ltr'><strong>illis</strong></span> <span class='ocrx_word' id='word_1_224' title='bbox 2051 3189 2082 3228; x_wconf 92' lang='lat' dir='ltr'><strong>e</strong></span> 
     </span>
    </p>
   </div>
   <div class='ocr_carea' id='block_1_36' title="bbox 435 3256 2076 3328">
    <p class='ocr_par' dir='ltr' id='par_1_36' title="bbox 435 3256 2076 3328">
     <span class='ocr_line' id='line_1_36' title="bbox 435 3256 2076 3328; baseline -0.002 -8"><span class='ocrx_word' id='word_1_225' title='bbox 435 3264 688 3320; x_wconf 69' lang='lat' dir='ltr'><strong>partibus</strong></span> <span class='ocrx_word' id='word_1_226' title='bbox 725 3257 1090 3322; x_wconf 88' lang='lat' dir='ltr'><strong>eliminanda,</strong></span> <span class='ocrx_word' id='word_1_227' title='bbox 1118 3256 1509 3328; x_wconf 87' lang='lat' dir='ltr'><strong>indigenasqne</strong></span> <span class='ocrx_word' id='word_1_228' title='bbox 1537 3258 1604 3311; x_wconf 91' lang='lat' dir='ltr'><strong>ab</strong></span> <span class='ocrx_word' id='word_1_229' title='bbox 1634 3259 1717 3312; x_wconf 90' lang='lat' dir='ltr'><strong>eis</strong></span> <span class='ocrx_word' id='word_1_230' title='bbox 1746 3259 2076 3328; x_wconf 81' lang='lat' dir='ltr'><strong>liberandos,</strong></span> 
     </span>
    </p>
   </div>
   <div class='ocr_carea' id='block_1_37' title="bbox 2193 1131 3854 1211">
    <p class='ocr_par' dir='ltr' id='par_1_37' title="bbox 2193 1131 3854 1211">
     <span class='ocr_line' id='line_1_37' title="bbox 2193 1131 3854 1211; baseline 0.007 -26"><span class='ocrx_word' id='word_1_231' title='bbox 2193 1133 2366 1202; x_wconf 88' lang='lat' dir='ltr'><strong>pacis,</strong></span> <span class='ocrx_word' id='word_1_232' title='bbox 2396 1132 2642 1202; x_wconf 88' lang='lat' dir='ltr'><strong>pietatis,</strong></span> <span class='ocrx_word' id='word_1_233' title='bbox 2679 1131 2860 1188; x_wconf 88' lang='lat' dir='ltr'><strong>divini</strong></span> <span class='ocrx_word' id='word_1_234' title='bbox 2885 1134 3128 1203; x_wconf 85' lang='lat' dir='ltr'><strong>timoris,</strong></span> <span class='ocrx_word' id='word_1_235' title='bbox 3157 1136 3606 1211; x_wconf 71' lang='lat' dir='ltr'><strong>multimodzpue</strong></span> <span class='ocrx_word' id='word_1_236' title='bbox 3632 1140 3854 1197; x_wconf 65' lang='lat' dir='ltr'><strong>virtutis</strong></span> 
     </span>
    </p>
   </div>
   <div class='ocr_carea' id='block_1_38' title="bbox 2198 1220 3849 1301">
    <p class='ocr_par' dir='ltr' id='par_1_38' title="bbox 2198 1220 3849 1301">
     <span class='ocr_line' id='line_1_38' title="bbox 2198 1220 3849 1301; baseline 0.006 -26"><span class='ocrx_word' id='word_1_237' title='bbox 2198 1223 2399 1289; x_wconf 88' lang='lat' dir='ltr'><strong>tenore,</strong></span> <span class='ocrx_word' id='word_1_238' title='bbox 2432 1222 2493 1276; x_wconf 90' lang='lat' dir='ltr'><strong>in</strong></span> <span class='ocrx_word' id='word_1_239' title='bbox 2520 1236 2624 1291; x_wconf 89' lang='lat' dir='ltr'><strong>quo</strong></span> <span class='ocrx_word' id='word_1_240' title='bbox 2650 1220 2716 1277; x_wconf 89' lang='lat' dir='ltr'><strong>de</strong></span> <span class='ocrx_word' id='word_1_241' title='bbox 2743 1221 2833 1277; x_wconf 87' lang='lat' dir='ltr'><strong>die</strong></span> <span class='ocrx_word' id='word_1_242' title='bbox 2862 1223 2924 1277; x_wconf 90' lang='lat' dir='ltr'><strong>in</strong></span> <span class='ocrx_word' id='word_1_243' title='bbox 2951 1222 3099 1279; x_wconf 89' lang='lat' dir='ltr'><strong>diem</strong></span> <span class='ocrx_word' id='word_1_244' title='bbox 3128 1223 3389 1281; x_wconf 83' lang='lat' dir='ltr'><strong>debuerat</strong></span> <span class='ocrx_word' id='word_1_245' title='bbox 3414 1228 3849 1301; x_wconf 81' lang='lat' dir='ltr'><strong>proﬁcere,pau-</strong></span> 
     </span>
    </p>
   </div>
   <div class='ocr_carea' id='block_1_39' title="bbox 2201 1306 3847 1388">
    <p class='ocr_par' dir='ltr' id='par_1_39' title="bbox 2201 1306 3847 1388">
     <span class='ocr_line' id='line_1_39' title="bbox 2201 1306 3847 1388; baseline 0.008 -26"><span class='ocrx_word' id='word_1_246' title='bbox 2201 1306 2360 1363; x_wconf 87' lang='lat' dir='ltr'><strong>latim</strong></span> <span class='ocrx_word' id='word_1_247' title='bbox 2419 1308 2489 1363; x_wconf 91' lang='lat' dir='ltr'><strong>ad</strong></span> <span class='ocrx_word' id='word_1_248' title='bbox 2543 1313 2815 1380; x_wconf 64' lang='lat' dir='ltr'><strong>quaestum</strong></span> <span class='ocrx_word' id='word_1_249' title='bbox 2852 1312 2910 1366; x_wconf 84' lang='lat' dir='ltr'><strong>et</strong></span> <span class='ocrx_word' id='word_1_250' title='bbox 2964 1312 3243 1368; x_wconf 90' lang='lat' dir='ltr'><strong>incuriam</strong></span> <span class='ocrx_word' id='word_1_251' title='bbox 3265 1314 3561 1387; x_wconf 89' lang='lat' dir='ltr'><strong>quamdam</strong></span> <span class='ocrx_word' id='word_1_252' title='bbox 3598 1315 3847 1388; x_wconf 79' lang='lat' dir='ltr'><strong>deﬁcere,</strong></span> 
     </span>
    </p>
   </div>
   <div class='ocr_carea' id='block_1_40' title="bbox 2195 1397 3838 1474">
    <p class='ocr_par' dir='ltr' id='par_1_40' title="bbox 2195 1397 3838 1474">
     <span class='ocr_line' id='line_1_40' title="bbox 2195 1397 3838 1474; baseline 0.007 -24"><span class='ocrx_word' id='word_1_253' title='bbox 2195 1397 2535 1469; x_wconf 88' lang='lat' dir='ltr'><strong>multumque</strong></span> <span class='ocrx_word' id='word_1_254' title='bbox 2588 1415 2649 1454; x_wconf 91' lang='lat' dir='ltr'><strong>se</strong></span> <span class='ocrx_word' id='word_1_255' title='bbox 2704 1400 2824 1471; x_wconf 90' lang='lat' dir='ltr'><strong>ipso</strong></span> <span class='ocrx_word' id='word_1_256' title='bbox 2876 1399 3199 1456; x_wconf 83' lang='lat' dir='ltr'><strong>deteriorem</strong></span> <span class='ocrx_word' id='word_1_257' title='bbox 3250 1404 3371 1474; x_wconf 80' lang='lat' dir='ltr'><strong>fore</strong></span> <span class='ocrx_word' id='word_1_258' title='bbox 3443 1405 3838 1464; x_wconf 77' lang='lat' dir='ltr'><strong>causabantur.</strong></span> 
     </span>
    </p>
   </div>
   <div class='ocr_carea' id='block_1_41' title="bbox 2195 1484 3847 1565">
    <p class='ocr_par' dir='ltr' id='par_1_41' title="bbox 2195 1484 3847 1565">
     <span class='ocr_line' id='line_1_41' title="bbox 2195 1484 3847 1565; baseline 0.007 -26"><span class='ocrx_word' id='word_1_259' title='bbox 2195 1484 2534 1556; x_wconf 82' lang='lat' dir='ltr'><strong>Altdorfense</strong></span> <span class='ocrx_word' id='word_1_260' title='bbox 2587 1487 2889 1542; x_wconf 72' lang='lat' dir='ltr'><strong>coenobium</strong></span> <span class='ocrx_word' id='word_1_261' title='bbox 2947 1488 3075 1559; x_wconf 88' lang='lat' dir='ltr'><strong>igne</strong></span> <span class='ocrx_word' id='word_1_262' title='bbox 3128 1492 3473 1547; x_wconf 84' lang='lat' dir='ltr'><strong>consumitur</strong></span> <span class='ocrx_word' id='word_1_263' title='bbox 3527 1491 3707 1565; x_wconf 68' lang='lat'><strong>(648),</strong></span> <span class='ocrx_word' id='word_1_264' title='bbox 3738 1496 3847 1550; x_wconf 90' lang='lat' dir='ltr'><strong>Do-</strong></span> 
     </span>
    </p>
   </div>
   <div class='ocr_carea' id='block_1_42' title="bbox 2195 1574 3847 1654">
    <p class='ocr_par' dir='ltr' id='par_1_42' title="bbox 2195 1574 3847 1654">
     <span class='ocr_line' id='line_1_42' title="bbox 2195 1574 3847 1654; baseline 0.007 -26"><span class='ocrx_word' id='word_1_265' title='bbox 2195 1576 2379 1629; x_wconf 88' lang='lat' dir='ltr'><strong>minus</strong></span> <span class='ocrx_word' id='word_1_266' title='bbox 2404 1590 2573 1647; x_wconf 89' lang='lat' dir='ltr'><strong>papa,</strong></span> <span class='ocrx_word' id='word_1_267' title='bbox 2604 1574 2798 1632; x_wconf 89' lang='lat' dir='ltr'><strong>habita</strong></span> <span class='ocrx_word' id='word_1_268' title='bbox 2820 1581 2945 1649; x_wconf 88' lang='lat' dir='ltr'><strong>post</strong></span> <span class='ocrx_word' id='word_1_269' title='bbox 2973 1582 3187 1634; x_wconf 79' lang='lat' dir='ltr'><strong>Pascha</strong></span> <span class='ocrx_word' id='word_1_270' title='bbox 3212 1579 3420 1651; x_wconf 87' lang='lat' dir='ltr'><strong>synodo</strong></span> <span class='ocrx_word' id='word_1_271' title='bbox 3455 1581 3627 1654; x_wconf 63' lang='lat'><strong>(649),</strong></span> <span class='ocrx_word' id='word_1_272' title='bbox 3658 1590 3847 1640; x_wconf 87' lang='lat' dir='ltr'><strong>contra</strong></span> 
     </span>
    </p>
   </div>
   <div class='ocr_carea' id='block_1_43' title="bbox 2194 1664 3845 1737">
    <p class='ocr_par' dir='ltr' id='par_1_43' title="bbox 2194 1664 3845 1737">
     <span class='ocr_line' id='line_1_43' title="bbox 2194 1664 3845 1737; baseline 0.007 -18"><span class='ocrx_word' id='word_1_273' title='bbox 2194 1664 2552 1731; x_wconf 80' lang='lat' dir='ltr'><strong>Normannos,</strong></span> <span class='ocrx_word' id='word_1_274' title='bbox 2584 1672 2644 1720; x_wconf 92' lang='lat' dir='ltr'><strong>ut</strong></span> <span class='ocrx_word' id='word_1_275' title='bbox 2666 1674 3045 1737; x_wconf 87' lang='lat' dir='ltr'><strong>praposuerat,</strong></span> <span class='ocrx_word' id='word_1_276' title='bbox 3086 1670 3391 1724; x_wconf 72' lang='lat' dir='ltr'><strong>exercitum</strong></span> <span class='ocrx_word' id='word_1_277' title='bbox 3436 1672 3645 1734; x_wconf 82' lang='lat' dir='ltr'><strong>movit;</strong></span> <span class='ocrx_word' id='word_1_278' title='bbox 3696 1689 3845 1729; x_wconf 71' lang='lat' dir='ltr'><strong>cian-</strong></span> 
     </span>
    </p>
   </div>
   <div class='ocr_carea' id='block_1_44' title="bbox 2196 1752 3839 1834">
    <p class='ocr_par' dir='ltr' id='par_1_44' title="bbox 2196 1752 3839 1834">
     <span class='ocr_line' id='line_1_44' title="bbox 2196 1752 3839 1834; baseline 0.007 -28"><span class='ocrx_word' id='word_1_279' title='bbox 2196 1768 2302 1823; x_wconf 89' lang='lat' dir='ltr'><strong>que</strong></span> <span class='ocrx_word' id='word_1_280' title='bbox 2330 1752 2422 1807; x_wconf 88' lang='lat' dir='ltr'><strong>illi</strong></span> <span class='ocrx_word' id='word_1_281' title='bbox 2435 1768 2628 1824; x_wconf 87' lang='lat' dir='ltr'><strong>pacem</strong></span> <span class='ocrx_word' id='word_1_282' title='bbox 2648 1756 2890 1825; x_wconf 85' lang='lat' dir='ltr'><strong>petentes</strong></span> <span class='ocrx_word' id='word_1_283' title='bbox 2900 1755 3286 1828; x_wconf 86' lang='lat' dir='ltr'><strong>subjectionem</strong></span> <span class='ocrx_word' id='word_1_284' title='bbox 3299 1759 3699 1831; x_wconf 86' lang='lat' dir='ltr'><strong>servitiumque</strong></span> <span class='ocrx_word' id='word_1_285' title='bbox 3710 1777 3839 1834; x_wconf 86' lang='lat' dir='ltr'><strong>pro-</strong></span> 
     </span>
    </p>
   </div>
   <div class='ocr_carea' id='block_1_45' title="bbox 2193 1842 3847 1919">
    <p class='ocr_par' dir='ltr' id='par_1_45' title="bbox 2193 1842 3847 1919">
     <span class='ocr_line' id='line_1_45' title="bbox 2193 1842 3847 1919; baseline 0.007 -23"><span class='ocrx_word' id='word_1_286' title='bbox 2193 1842 2550 1906; x_wconf 86' lang='lat' dir='ltr'><strong>mitterent,et</strong></span> <span class='ocrx_word' id='word_1_287' title='bbox 2578 1856 2703 1915; x_wconf 67' lang='lat' dir='ltr'><strong>qua:</strong></span> <span class='ocrx_word' id='word_1_288' title='bbox 2725 1844 2889 1914; x_wconf 91' lang='lat' dir='ltr'><strong>prius</strong></span> <span class='ocrx_word' id='word_1_289' title='bbox 2916 1844 3121 1915; x_wconf 87' lang='lat' dir='ltr'><strong>injuste</strong></span> <span class='ocrx_word' id='word_1_290' title='bbox 3144 1845 3257 1902; x_wconf 88' lang='lat' dir='ltr'><strong>sibi</strong></span> <span class='ocrx_word' id='word_1_291' title='bbox 3280 1855 3606 1919; x_wconf 85' lang='lat' dir='ltr'><strong>usurpantes</strong></span> <span class='ocrx_word' id='word_1_292' title='bbox 3627 1851 3847 1907; x_wconf 85' lang='lat' dir='ltr'><strong>invase-</strong></span> 
     </span>
    </p>
   </div>
   <div class='ocr_carea' id='block_1_46' title="bbox 2195 1929 3840 2005">
    <p class='ocr_par' dir='ltr' id='par_1_46' title="bbox 2195 1929 3840 2005">
     <span class='ocr_line' id='line_1_46' title="bbox 2195 1929 3840 2005; baseline 0.007 -21"><span class='ocrx_word' id='word_1_293' title='bbox 2195 1931 2470 2002; x_wconf 90' lang='lat' dir='ltr'><strong>rant,ejus</strong></span> <span class='ocrx_word' id='word_1_294' title='bbox 2494 1929 2751 2000; x_wconf 81' lang='lat' dir='ltr'><strong>beneﬁcio</strong></span> <span class='ocrx_word' id='word_1_295' title='bbox 2777 1933 3067 2005; x_wconf 87' lang='lat' dir='ltr'><strong>gratiaque</strong></span> <span class='ocrx_word' id='word_1_296' title='bbox 3091 1935 3329 1991; x_wconf 87' lang='lat' dir='ltr'><strong>retinere</strong></span> <span class='ocrx_word' id='word_1_297' title='bbox 3355 1951 3414 1991; x_wconf 91' lang='lat' dir='ltr'><strong>se</strong></span> <span class='ocrx_word' id='word_1_298' title='bbox 3438 1937 3581 1994; x_wconf 86' lang='lat' dir='ltr'><strong>velle</strong></span> <span class='ocrx_word' id='word_1_299' title='bbox 3592 1937 3840 1997; x_wconf 78' lang='lat' dir='ltr'><strong>dicerent</strong></span> 
     </span>
    </p>
   </div>
   <div class='ocr_carea' id='block_1_47' title="bbox 2196 2018 3846 2096">
    <p class='ocr_par' dir='ltr' id='par_1_47' title="bbox 2196 2018 3846 2096">
     <span class='ocr_line' id='line_1_47' title="bbox 2196 2018 3846 2096; baseline 0.008 -24"><span class='ocrx_word' id='word_1_300' title='bbox 2196 2018 2360 2091; x_wconf 87' lang='lat' dir='ltr'><strong>idque</strong></span> <span class='ocrx_word' id='word_1_301' title='bbox 2380 2036 2526 2090; x_wconf 88' lang='lat' dir='ltr'><strong>papa</strong></span> <span class='ocrx_word' id='word_1_302' title='bbox 2548 2021 2826 2091; x_wconf 87' lang='lat' dir='ltr'><strong>abnegans</strong></span> <span class='ocrx_word' id='word_1_303' title='bbox 2854 2022 2913 2076; x_wconf 88' lang='lat' dir='ltr'><strong>vi</strong></span> <span class='ocrx_word' id='word_1_304' title='bbox 2933 2025 2985 2077; x_wconf 89' lang='lat' dir='ltr'><strong>et</strong></span> <span class='ocrx_word' id='word_1_305' title='bbox 3013 2021 3228 2094; x_wconf 89' lang='lat' dir='ltr'><strong>injuria</strong></span> <span class='ocrx_word' id='word_1_306' title='bbox 3257 2027 3445 2096; x_wconf 87' lang='lat' dir='ltr'><strong>raptas</strong></span> <span class='ocrx_word' id='word_1_307' title='bbox 3472 2041 3561 2082; x_wconf 91' lang='lat' dir='ltr'><strong>res</strong></span> <span class='ocrx_word' id='word_1_308' title='bbox 3597 2026 3659 2083; x_wconf 87' lang='lat' dir='ltr'><strong>S.</strong></span> <span class='ocrx_word' id='word_1_309' title='bbox 3690 2029 3846 2085; x_wconf 82' lang='lat' dir='ltr'><strong>Petri</strong></span> 
     </span>
    </p>
   </div>
   <div class='ocr_carea' id='block_1_48' title="bbox 2196 2113 3842 2190">
    <p class='ocr_par' dir='ltr' id='par_1_48' title="bbox 2196 2113 3842 2190">
     <span class='ocr_line' id='line_1_48' title="bbox 2196 2113 3842 2190; baseline 0.007 -27"><span class='ocrx_word' id='word_1_310' title='bbox 2196 2116 2513 2179; x_wconf 88' lang='lat' dir='ltr'><strong>reposceret,</strong></span> <span class='ocrx_word' id='word_1_311' title='bbox 2544 2122 2736 2180; x_wconf 90' lang='lat' dir='ltr'><strong>eosque</strong></span> <span class='ocrx_word' id='word_1_312' title='bbox 2760 2125 3054 2182; x_wconf 80' lang='lat' dir='ltr'><strong>perperam</strong></span> <span class='ocrx_word' id='word_1_313' title='bbox 3075 2128 3304 2184; x_wconf 81' lang='lat' dir='ltr'><strong>pervasa</strong></span> <span class='ocrx_word' id='word_1_314' title='bbox 3333 2113 3519 2171; x_wconf 86' lang='lat' dir='ltr'><strong>cedere</strong></span> <span class='ocrx_word' id='word_1_315' title='bbox 3545 2114 3661 2174; x_wconf 87' lang='lat' dir='ltr'><strong>loco</strong></span> <span class='ocrx_word' id='word_1_316' title='bbox 3678 2117 3842 2190; x_wconf 82' lang='lat' dir='ltr'><strong>jube-</strong></span> 
     </span>
    </p>
   </div>
   <div class='ocr_carea' id='block_1_49' title="bbox 2195 2197 3843 2276">
    <p class='ocr_par' dir='ltr' id='par_1_49' title="bbox 2195 2197 3843 2276">
     <span class='ocr_line' id='line_1_49' title="bbox 2195 2197 3843 2276; baseline 0.007 -25"><span class='ocrx_word' id='word_1_317' title='bbox 2195 2202 2302 2265; x_wconf 90' lang='lat' dir='ltr'><strong>ret,</strong></span> <span class='ocrx_word' id='word_1_318' title='bbox 2332 2197 2441 2264; x_wconf 90' lang='lat' dir='ltr'><strong>illi,</strong></span> <span class='ocrx_word' id='word_1_319' title='bbox 2473 2197 2603 2268; x_wconf 87' lang='lat' dir='ltr'><strong>quia</strong></span> <span class='ocrx_word' id='word_1_320' title='bbox 2630 2213 2857 2255; x_wconf 88' lang='lat' dir='ltr'><strong>numero</strong></span> <span class='ocrx_word' id='word_1_321' title='bbox 2883 2198 3038 2270; x_wconf 89' lang='lat' dir='ltr'><strong>longe</strong></span> <span class='ocrx_word' id='word_1_322' title='bbox 3088 2202 3447 2272; x_wconf 61' lang='lat' dir='ltr'><strong>prestabant,</strong></span> <span class='ocrx_word' id='word_1_323' title='bbox 3506 2206 3670 2276; x_wconf 87' lang='lat' dir='ltr'><strong>quasi</strong></span> <span class='ocrx_word' id='word_1_324' title='bbox 3723 2206 3843 2263; x_wconf 83' lang='lat' dir='ltr'><strong>rem</strong></span> 
     </span>
    </p>
   </div>
   <div class='ocr_carea' id='block_1_50' title="bbox 2194 2286 3843 2367">
    <p class='ocr_par' dir='ltr' id='par_1_50' title="bbox 2194 2286 3843 2367">
     <span class='ocr_line' id='line_1_50' title="bbox 2194 2286 3843 2367; baseline 0.008 -26"><span class='ocrx_word' id='word_1_325' title='bbox 2194 2286 2586 2358; x_wconf 88' lang='lat' dir='ltr'><strong>impossibilem</strong></span> <span class='ocrx_word' id='word_1_326' title='bbox 2637 2287 2744 2342; x_wconf 89' lang='lat' dir='ltr'><strong>sibi</strong></span> <span class='ocrx_word' id='word_1_327' title='bbox 2792 2290 3130 2360; x_wconf 88' lang='lat' dir='ltr'><strong>propositam</strong></span> <span class='ocrx_word' id='word_1_328' title='bbox 3181 2292 3499 2364; x_wconf 80' lang='lat' dir='ltr'><strong>refutantes,</strong></span> <span class='ocrx_word' id='word_1_329' title='bbox 3563 2310 3623 2350; x_wconf 87' lang='lat' dir='ltr'><strong>se</strong></span> <span class='ocrx_word' id='word_1_330' title='bbox 3654 2298 3843 2367; x_wconf 79' lang='lat' dir='ltr'><strong>potius</strong></span> 
     </span>
    </p>
   </div>
   <div class='ocr_carea' id='block_1_51' title="bbox 2196 2376 3843 2454">
    <p class='ocr_par' dir='ltr' id='par_1_51' title="bbox 2196 2376 3843 2454">
     <span class='ocr_line' id='line_1_51' title="bbox 2196 2376 3843 2454; baseline 0.007 -25"><span class='ocrx_word' id='word_1_331' title='bbox 2196 2376 2334 2431; x_wconf 89' lang='lat' dir='ltr'><strong>bello</strong></span> <span class='ocrx_word' id='word_1_332' title='bbox 2362 2376 2577 2431; x_wconf 90' lang='lat' dir='ltr'><strong>obviam</strong></span> <span class='ocrx_word' id='word_1_333' title='bbox 2605 2377 2799 2444; x_wconf 90' lang='lat' dir='ltr'><strong>ituros,</strong></span> <span class='ocrx_word' id='word_1_334' title='bbox 2832 2380 3108 2451; x_wconf 86' lang='lat' dir='ltr'><strong>armisque</strong></span> <span class='ocrx_word' id='word_1_335' title='bbox 3134 2379 3461 2450; x_wconf 87' lang='lat' dir='ltr'><strong>acquisitam</strong></span> <span class='ocrx_word' id='word_1_336' title='bbox 3483 2385 3843 2454; x_wconf 72' lang='lat' dir='ltr'><strong>patriamde-</strong></span> 
     </span>
    </p>
   </div>
   <div class='ocr_carea' id='block_1_52' title="bbox 2191 2463 3840 2545">
    <p class='ocr_par' dir='ltr' id='par_1_52' title="bbox 2191 2463 3840 2545">
     <span class='ocr_line' id='line_1_52' title="bbox 2191 2463 3840 2545; baseline 0.006 -26"><span class='ocrx_word' id='word_1_337' title='bbox 2191 2466 2462 2535; x_wconf 82' lang='lat' dir='ltr'><strong>fensuros,</strong></span> <span class='ocrx_word' id='word_1_338' title='bbox 2520 2463 2604 2519; x_wconf 90' lang='lat' dir='ltr'><strong>vel</strong></span> <span class='ocrx_word' id='word_1_339' title='bbox 2657 2468 2831 2520; x_wconf 85' lang='lat' dir='ltr'><strong>morte</strong></span> <span class='ocrx_word' id='word_1_340' title='bbox 2883 2466 3221 2523; x_wconf 90' lang='lat' dir='ltr'><strong>occubituros</strong></span> <span class='ocrx_word' id='word_1_341' title='bbox 3256 2467 3605 2527; x_wconf 86' lang='lat' dir='ltr'><strong>denuntiant.</strong></span> <span class='ocrx_word' id='word_1_342' title='bbox 3636 2475 3840 2545; x_wconf 80' lang='lat' dir='ltr'><strong>Sicque</strong></span> 
     </span>
    </p>
   </div>
   <div class='ocr_carea' id='block_1_53' title="bbox 2191 2552 3838 2634">
    <p class='ocr_par' dir='ltr' id='par_1_53' title="bbox 2191 2552 3838 2634">
     <span class='ocr_line' id='line_1_53' title="bbox 2191 2552 3838 2634; baseline 0.007 -26"><span class='ocrx_word' id='word_1_343' title='bbox 2191 2570 2287 2608; x_wconf 72' lang='lat' dir='ltr'><strong>xxv</strong></span> <span class='ocrx_word' id='word_1_344' title='bbox 2316 2552 2541 2609; x_wconf 83' lang='lat' dir='ltr'><strong>Kalend.</strong></span> <span class='ocrx_word' id='word_1_345' title='bbox 2589 2552 2728 2607; x_wconf 86' lang='lat' dir='ltr'><strong>Julii</strong></span> <span class='ocrx_word' id='word_1_346' title='bbox 2758 2553 2937 2608; x_wconf 88' lang='lat' dir='ltr'><strong>valida</strong></span> <span class='ocrx_word' id='word_1_347' title='bbox 2992 2572 3181 2627; x_wconf 90' lang='lat' dir='ltr'><strong>pugna</strong></span> <span class='ocrx_word' id='word_1_348' title='bbox 3247 2559 3596 2630; x_wconf 84' lang='lat' dir='ltr'><strong>conﬂigentes</strong></span> <span class='ocrx_word' id='word_1_349' title='bbox 3647 2563 3838 2634; x_wconf 81' lang='lat' dir='ltr'><strong>prima</strong></span> 
     </span>
    </p>
   </div>
   <div class='ocr_carea' id='block_1_54' title="bbox 2191 2643 3832 2714">
    <p class='ocr_par' dir='ltr' id='par_1_54' title="bbox 2191 2643 3832 2714">
     <span class='ocr_line' id='line_1_54' title="bbox 2191 2643 3832 2714; baseline 0.006 -17"><span class='ocrx_word' id='word_1_350' title='bbox 2191 2644 2307 2698; x_wconf 90' lang='lat' dir='ltr'><strong>acie</strong></span> <span class='ocrx_word' id='word_1_351' title='bbox 2335 2659 2369 2697; x_wconf 89' lang='lat' dir='ltr'><strong>a</strong></span> <span class='ocrx_word' id='word_1_352' title='bbox 2394 2643 2733 2698; x_wconf 86' lang='lat' dir='ltr'><strong>Theutonicis</strong></span> <span class='ocrx_word' id='word_1_353' title='bbox 2755 2659 2896 2714; x_wconf 88' lang='lat' dir='ltr'><strong>pene</strong></span> <span class='ocrx_word' id='word_1_354' title='bbox 2926 2644 3057 2699; x_wconf 86' lang='lat' dir='ltr'><strong>victi</strong></span> <span class='ocrx_word' id='word_1_355' title='bbox 3076 2651 3246 2707; x_wconf 82' lang='lat' dir='ltr'><strong>sunt;</strong></span> <span class='ocrx_word' id='word_1_356' title='bbox 3269 2647 3375 2703; x_wconf 88' lang='lat' dir='ltr'><strong>sed</strong></span> <span class='ocrx_word' id='word_1_357' title='bbox 3401 2652 3832 2707; x_wconf 87' lang='lat' dir='ltr'><strong>succenturia&#39;is</strong></span> 
     </span>
    </p>
   </div>
   <div class='ocr_carea' id='block_1_55' title="bbox 2189 2732 3837 2804">
    <p class='ocr_par' dir='ltr' id='par_1_55' title="bbox 2189 2732 3837 2804">
     <span class='ocr_line' id='line_1_55' title="bbox 2189 2732 3837 2804; baseline 0.007 -19"><span class='ocrx_word' id='word_1_358' title='bbox 2189 2732 2359 2802; x_wconf 85' lang='lat' dir='ltr'><strong>copiis</strong></span> <span class='ocrx_word' id='word_1_359' title='bbox 2386 2748 2459 2786; x_wconf 76' lang='lat' dir='ltr'><strong>ex</strong></span> <span class='ocrx_word' id='word_1_360' title='bbox 2486 2732 2711 2786; x_wconf 87' lang='lat' dir='ltr'><strong>insidiis</strong></span> <span class='ocrx_word' id='word_1_361' title='bbox 2739 2739 2949 2787; x_wconf 90' lang='lat' dir='ltr'><strong>nostros</strong></span> <span class='ocrx_word' id='word_1_362' title='bbox 2974 2734 3655 2804; x_wconf 76' lang='lat' dir='ltr'><strong>circumvenientethalis</strong></span> <span class='ocrx_word' id='word_1_363' title='bbox 3673 2741 3837 2796; x_wconf 86' lang='lat' dir='ltr'><strong>citius</strong></span> 
     </span>
    </p>
   </div>
   <div class='ocr_carea' id='block_1_56' title="bbox 2190 2818 3839 2897">
    <p class='ocr_par' dir='ltr' id='par_1_56' title="bbox 2190 2818 3839 2897">
     <span class='ocr_line' id='line_1_56' title="bbox 2190 2818 3839 2897; baseline 0.007 -22"><span class='ocrx_word' id='word_1_364' title='bbox 2190 2828 2343 2888; x_wconf 88' lang='lat' dir='ltr'><strong>terga</strong></span> <span class='ocrx_word' id='word_1_365' title='bbox 2372 2818 3073 2889; x_wconf 86' lang='lat' dir='ltr'><strong>vertentibus,Theutonicis</strong></span> <span class='ocrx_word' id='word_1_366' title='bbox 3100 2824 3352 2880; x_wconf 73' lang='lat' dir='ltr'><strong>maxima</strong></span> <span class='ocrx_word' id='word_1_367' title='bbox 3396 2839 3469 2880; x_wconf 68' lang='lat' dir='ltr'><strong>ex</strong></span> <span class='ocrx_word' id='word_1_368' title='bbox 3507 2830 3697 2897; x_wconf 66' lang='lat' dir='ltr'><strong>parte,</strong></span> <span class='ocrx_word' id='word_1_369' title='bbox 3738 2828 3839 2885; x_wconf 87' lang='lat' dir='ltr'><strong>sed</strong></span> 
     </span>
    </p>
   </div>
   <div class='ocr_carea' id='block_1_57' title="bbox 2191 2908 3839 2986">
    <p class='ocr_par' dir='ltr' id='par_1_57' title="bbox 2191 2908 3839 2986">
     <span class='ocr_line' id='line_1_57' title="bbox 2191 2908 3839 2986; baseline 0.007 -23"><span class='ocrx_word' id='word_1_370' title='bbox 2191 2924 2300 2966; x_wconf 89' lang='lat' dir='ltr'><strong>non</strong></span> <span class='ocrx_word' id='word_1_371' title='bbox 2328 2910 2517 2976; x_wconf 87' lang='lat' dir='ltr'><strong>invite,</strong></span> <span class='ocrx_word' id='word_1_372' title='bbox 2549 2908 3010 2978; x_wconf 87' lang='lat' dir='ltr'><strong>occumbentibus,</strong></span> <span class='ocrx_word' id='word_1_373' title='bbox 3039 2911 3243 2967; x_wconf 90' lang='lat' dir='ltr'><strong>occulto</strong></span> <span class='ocrx_word' id='word_1_374' title='bbox 3289 2911 3390 2969; x_wconf 89' lang='lat' dir='ltr'><strong>Dei</strong></span> <span class='ocrx_word' id='word_1_375' title='bbox 3432 2914 3678 2986; x_wconf 86' lang='lat' dir='ltr'><strong>judicio,</strong></span> <span class='ocrx_word' id='word_1_376' title='bbox 3725 2920 3839 2974; x_wconf 83' lang='lat' dir='ltr'><strong>sive</strong></span> 
     </span>
    </p>
   </div>
   <div class='ocr_carea' id='block_1_58' title="bbox 2190 2997 3830 3078">
    <p class='ocr_par' dir='ltr' id='par_1_58' title="bbox 2190 2997 3830 3078">
     <span class='ocr_line' id='line_1_58' title="bbox 2190 2997 3830 3078; baseline 0.007 -26"><span class='ocrx_word' id='word_1_377' title='bbox 2190 3000 2321 3068; x_wconf 91' lang='lat' dir='ltr'><strong>quia</strong></span> <span class='ocrx_word' id='word_1_378' title='bbox 2350 3001 2565 3053; x_wconf 88' lang='lat' dir='ltr'><strong>tantum</strong></span> <span class='ocrx_word' id='word_1_379' title='bbox 2592 2997 2923 3055; x_wconf 78' lang='lat' dir='ltr'><strong>sacerdotem</strong></span> <span class='ocrx_word' id='word_1_380' title='bbox 2949 3000 3259 3071; x_wconf 88' lang='lat' dir='ltr'><strong>spiritualis</strong></span> <span class='ocrx_word' id='word_1_381' title='bbox 3303 3003 3489 3071; x_wconf 87' lang='lat' dir='ltr'><strong>potius</strong></span> <span class='ocrx_word' id='word_1_382' title='bbox 3531 3019 3706 3076; x_wconf 87' lang='lat' dir='ltr'><strong>quam</strong></span> <span class='ocrx_word' id='word_1_383' title='bbox 3727 3022 3830 3078; x_wconf 86' lang='lat' dir='ltr'><strong>pro</strong></span> 
     </span>
    </p>
   </div>
   <div class='ocr_carea' id='block_1_59' title="bbox 2186 3086 3836 3165">
    <p class='ocr_par' dir='ltr' id='par_1_59' title="bbox 2186 3086 3836 3165">
     <span class='ocr_line' id='line_1_59' title="bbox 2186 3086 3836 3165; baseline 0.007 -23"><span class='ocrx_word' id='word_1_384' title='bbox 2186 3087 2403 3143; x_wconf 87' lang='lat' dir='ltr'><strong>caducis</strong></span> <span class='ocrx_word' id='word_1_385' title='bbox 2430 3086 2585 3142; x_wconf 91' lang='lat' dir='ltr'><strong>rebus</strong></span> <span class='ocrx_word' id='word_1_386' title='bbox 2614 3087 2854 3143; x_wconf 84' lang='lat' dir='ltr'><strong>carnalis</strong></span> <span class='ocrx_word' id='word_1_387' title='bbox 2870 3103 3063 3160; x_wconf 88' lang='lat' dir='ltr'><strong>pugna</strong></span> <span class='ocrx_word' id='word_1_388' title='bbox 3090 3088 3313 3146; x_wconf 86' lang='lat' dir='ltr'><strong>decebat</strong></span> <span class='ocrx_word' id='word_1_389' title='bbox 3335 3106 3358 3153; x_wconf 88' lang='grc'><em>;</em></span> <span class='ocrx_word' id='word_1_390' title='bbox 3388 3093 3508 3148; x_wconf 90' lang='lat' dir='ltr'><strong>sive</strong></span> <span class='ocrx_word' id='word_1_391' title='bbox 3549 3094 3697 3165; x_wconf 87' lang='lat' dir='ltr'><strong>quod</strong></span> <span class='ocrx_word' id='word_1_392' title='bbox 3736 3112 3836 3154; x_wconf 78' lang='lat' dir='ltr'><strong>ne—</strong></span> 
     </span>
    </p>
   </div>
   <div class='ocr_carea' id='block_1_60' title="bbox 2184 3177 3835 3254">
    <p class='ocr_par' dir='ltr' id='par_1_60' title="bbox 2184 3177 3835 3254">
     <span class='ocr_line' id='line_1_60' title="bbox 2184 3177 3835 3254; baseline 0.007 -24"><span class='ocrx_word' id='word_1_393' title='bbox 2184 3178 2358 3246; x_wconf 84' lang='lat' dir='ltr'><strong>farios</strong></span> <span class='ocrx_word' id='word_1_394' title='bbox 2404 3177 2649 3231; x_wconf 82' lang='lat' dir='ltr'><strong>homines</strong></span> <span class='ocrx_word' id='word_1_395' title='bbox 2701 3178 2818 3231; x_wconf 87' lang='lat' dir='ltr'><strong>tam</strong></span> <span class='ocrx_word' id='word_1_396' title='bbox 2869 3177 3075 3232; x_wconf 89' lang='lat' dir='ltr'><strong>multos</strong></span> <span class='ocrx_word' id='word_1_397' title='bbox 3122 3177 3191 3233; x_wconf 89' lang='lat' dir='ltr'><strong>ad</strong></span> <span class='ocrx_word' id='word_1_398' title='bbox 3234 3194 3313 3247; x_wconf 90' lang='lat' dir='ltr'><strong>se,</strong></span> <span class='ocrx_word' id='word_1_399' title='bbox 3340 3181 3408 3235; x_wconf 95' lang='lat' dir='ltr'><strong>ob</strong></span> <span class='ocrx_word' id='word_1_400' title='bbox 3438 3182 3835 3254; x_wconf 76' lang='lat' dir='ltr'><strong>impunitatem</strong></span> 
     </span>
    </p>
   </div>
   <div class='ocr_carea' id='block_1_61' title="bbox 2184 3266 3835 3339">
    <p class='ocr_par' dir='ltr' id='par_1_61' title="bbox 2184 3266 3835 3339">
     <span class='ocr_line' id='line_1_61' title="bbox 2184 3266 3835 3339; baseline 0.006 -18"><span class='ocrx_word' id='word_1_401' title='bbox 2184 3266 2448 3321; x_wconf 89' lang='lat' dir='ltr'><strong>scelerum</strong></span> <span class='ocrx_word' id='word_1_402' title='bbox 2492 3266 2573 3320; x_wconf 91' lang='lat' dir='ltr'><strong>vel</strong></span> <span class='ocrx_word' id='word_1_403' title='bbox 2630 3269 2898 3337; x_wconf 72' lang='lat' dir='ltr'><strong>quaestum</strong></span> <span class='ocrx_word' id='word_1_404' title='bbox 2947 3283 3199 3335; x_wconf 89' lang='lat' dir='ltr'><strong>avarum,</strong></span> <span class='ocrx_word' id='word_1_405' title='bbox 3254 3269 3585 3339; x_wconf 77' lang='lat' dir='ltr'><strong>conﬂuentes</strong></span> <span class='ocrx_word' id='word_1_406' title='bbox 3640 3278 3835 3330; x_wconf 80' lang='lat' dir='ltr'><strong>contra</strong></span> 
     </span>
    </p>
   </div>
   <div class='ocr_carea' id='block_1_62' title="bbox 433 3345 3833 3427">
    <p class='ocr_par' dir='ltr' id='par_1_62' title="bbox 433 3345 3833 3427">
     <span class='ocr_line' id='line_1_62' title="bbox 433 3345 3833 3427; baseline 0.003 -18"><span class='ocrx_word' id='word_1_407' title='bbox 433 3353 688 3409; x_wconf 85' lang='lat' dir='ltr'><strong>dominus</strong></span> <span class='ocrx_word' id='word_1_408' title='bbox 712 3366 862 3424; x_wconf 90' lang='lat' dir='ltr'><strong>papa</strong></span> <span class='ocrx_word' id='word_1_409' title='bbox 889 3349 1142 3405; x_wconf 89' lang='lat' dir='ltr'><strong>animum</strong></span> <span class='ocrx_word' id='word_1_410' title='bbox 1171 3345 1476 3415; x_wconf 87' lang='lat' dir='ltr'><strong>intendens,</strong></span> <span class='ocrx_word' id='word_1_411' title='bbox 1507 3361 1726 3402; x_wconf 88' lang='lat' dir='ltr'><strong>summa</strong></span> <span class='ocrx_word' id='word_1_412' title='bbox 1751 3363 1877 3403; x_wconf 89' lang='lat' dir='ltr'><strong>cum</strong></span> <span class='ocrx_word' id='word_1_413' title='bbox 1895 3350 2077 3406; x_wconf 89' lang='lat' dir='ltr'><strong>chari-</strong></span> <span class='ocrx_word' id='word_1_414' title='bbox 2108 3354 2151 3421; x_wconf 85' lang='lat' dir='ltr'>C</span> <span class='ocrx_word' id='word_1_415' title='bbox 2190 3354 2381 3410; x_wconf 87' lang='lat' dir='ltr'><strong>itidem</strong></span> <span class='ocrx_word' id='word_1_416' title='bbox 2430 3354 2671 3426; x_wconf 82' lang='lat' dir='ltr'><strong>scelestos</strong></span> <span class='ocrx_word' id='word_1_417' title='bbox 2724 3354 3114 3427; x_wconf 76' lang='lat' dir='ltr'><strong>expugnandos</strong></span> <span class='ocrx_word' id='word_1_418' title='bbox 3158 3371 3343 3412; x_wconf 90' lang='lat' dir='ltr'><strong>secum</strong></span> <span class='ocrx_word' id='word_1_419' title='bbox 3397 3358 3666 3423; x_wconf 78' lang='lat' dir='ltr'><strong>ducebat;</strong></span> <span class='ocrx_word' id='word_1_420' title='bbox 3721 3365 3833 3419; x_wconf 75' lang='lat' dir='ltr'><strong>sine</strong></span> 
     </span>
    </p>
   </div>
   <div class='ocr_carea' id='block_1_63' title="bbox 431 3436 2071 3510">
    <p class='ocr_par' dir='ltr' id='par_1_63' title="bbox 431 3436 2071 3510">
     <span class='ocr_line' id='line_1_63' title="bbox 431 3436 2071 3510; baseline -0.002 -12"><span class='ocrx_word' id='word_1_421' title='bbox 431 3446 542 3498; x_wconf 89' lang='lat' dir='ltr'><strong>tate</strong></span> <span class='ocrx_word' id='word_1_422' title='bbox 596 3441 663 3497; x_wconf 92' lang='lat' dir='ltr'><strong>ab</strong></span> <span class='ocrx_word' id='word_1_423' title='bbox 720 3441 1050 3510; x_wconf 87' lang='lat' dir='ltr'><strong>imperatore</strong></span> <span class='ocrx_word' id='word_1_424' title='bbox 1123 3437 1349 3491; x_wconf 85' lang='lat' dir='ltr'><strong>Romam</strong></span> <span class='ocrx_word' id='word_1_425' title='bbox 1421 3449 1664 3490; x_wconf 87' lang='lat' dir='ltr'><strong>reversus</strong></span> <span class='ocrx_word' id='word_1_426' title='bbox 1744 3436 2071 3507; x_wconf 85' lang='lat' dir='ltr'><strong>digreditur.</strong></span> 
     </span>
    </p>
   </div>
   <div class='ocr_carea' id='block_1_64' title="bbox 428 3522 2074 3598">
    <p class='ocr_par' dir='ltr' id='par_1_64' title="bbox 428 3522 2074 3598">
     <span class='ocr_line' id='line_1_64' title="bbox 428 3522 2074 3598; baseline -0.003 -12"><span class='ocrx_word' id='word_1_427' title='bbox 428 3530 614 3586; x_wconf 90' lang='lat' dir='ltr'><strong>Seculi</strong></span> <span class='ocrx_word' id='word_1_428' title='bbox 652 3530 781 3584; x_wconf 83' lang='lat' dir='ltr'><strong>sunt</strong></span> <span class='ocrx_word' id='word_1_429' title='bbox 808 3533 995 3583; x_wconf 87' lang='lat' dir='ltr'><strong>autem</strong></span> <span class='ocrx_word' id='word_1_430' title='bbox 1022 3541 1147 3580; x_wconf 90' lang='lat' dir='ltr'><strong>eum</strong></span> <span class='ocrx_word' id='word_1_431' title='bbox 1170 3525 1408 3596; x_wconf 86' lang='lat' dir='ltr'><strong>plurimi</strong></span> <span class='ocrx_word' id='word_1_432' title='bbox 1450 3522 1914 3593; x_wconf 76' lang='lat' dir='ltr'><strong>Theutonicorum,</strong></span> <span class='ocrx_word' id='word_1_433' title='bbox 1942 3544 2074 3598; x_wconf 86' lang='lat' dir='ltr'><strong>par-</strong></span> 
     </span>
    </p>
   </div>
   <div class='ocr_carea' id='block_1_65' title="bbox 425 3613 2072 3684">
    <p class='ocr_par' dir='ltr' id='par_1_65' title="bbox 425 3613 2072 3684">
     <span class='ocr_line' id='line_1_65' title="bbox 425 3613 2072 3684; baseline -0.001 -12"><span class='ocrx_word' id='word_1_434' title='bbox 425 3620 535 3676; x_wconf 85' lang='lat' dir='ltr'><strong>tim</strong></span> <span class='ocrx_word' id='word_1_435' title='bbox 559 3621 716 3684; x_wconf 78' lang='lat' dir='ltr'><strong>iussu</strong></span> <span class='ocrx_word' id='word_1_436' title='bbox 738 3616 1108 3680; x_wconf 85' lang='lat' dir='ltr'><strong>dominorum,</strong></span> <span class='ocrx_word' id='word_1_437' title='bbox 1138 3613 1348 3684; x_wconf 88' lang='lat' dir='ltr'><strong>partim</strong></span> <span class='ocrx_word' id='word_1_438' title='bbox 1390 3628 1486 3684; x_wconf 89' lang='lat' dir='ltr'><strong>spe</strong></span> <span class='ocrx_word' id='word_1_439' title='bbox 1532 3620 1766 3682; x_wconf 72' lang='lat' dir='ltr'><strong>quaestus</strong></span> <span class='ocrx_word' id='word_1_440' title='bbox 1815 3613 2072 3679; x_wconf 85' lang='lat' dir='ltr'><strong>adducti;</strong></span> 
     </span>
    </p>
   </div>
   <div class='ocr_carea' id='block_1_66' title="bbox 425 3700 2074 3774">
    <p class='ocr_par' dir='ltr' id='par_1_66' title="bbox 425 3700 2074 3774">
     <span class='ocr_line' id='line_1_66' title="bbox 425 3700 2074 3774; baseline -0.002 -10"><span class='ocrx_word' id='word_1_441' title='bbox 425 3709 592 3763; x_wconf 87' lang='lat' dir='ltr'><strong>multi</strong></span> <span class='ocrx_word' id='word_1_442' title='bbox 619 3708 789 3763; x_wconf 90' lang='lat' dir='ltr'><strong>etiam</strong></span> <span class='ocrx_word' id='word_1_443' title='bbox 818 3704 1071 3761; x_wconf 85' lang='lat' dir='ltr'><strong>scelerati</strong></span> <span class='ocrx_word' id='word_1_444' title='bbox 1098 3705 1150 3758; x_wconf 90' lang='lat' dir='ltr'><strong>et</strong></span> <span class='ocrx_word' id='word_1_445' title='bbox 1172 3700 1791 3774; x_wconf 87' lang='lat' dir='ltr'><strong>protervi,diversasque</strong></span> <span class='ocrx_word' id='word_1_446' title='bbox 1809 3702 1874 3757; x_wconf 91' lang='lat' dir='ltr'><strong>ob</strong></span> <span class='ocrx_word' id='word_1_447' title='bbox 1901 3719 2074 3760; x_wconf 70' lang='lat' dir='ltr'><strong>noxas</strong></span> 
     </span>
    </p>
   </div>
   <div class='ocr_carea' id='block_1_67' title="bbox 423 3791 2072 3867">
    <p class='ocr_par' dir='ltr' id='par_1_67' title="bbox 423 3791 2072 3867">
     <span class='ocr_line' id='line_1_67' title="bbox 423 3791 2072 3867; baseline -0.001 -16"><span class='ocrx_word' id='word_1_448' title='bbox 423 3798 610 3866; x_wconf 88' lang='lat' dir='ltr'><strong>patria</strong></span> <span class='ocrx_word' id='word_1_449' title='bbox 637 3795 807 3867; x_wconf 90' lang='lat' dir='ltr'><strong>pulsi.</strong></span> <span class='ocrx_word' id='word_1_450' title='bbox 839 3825 907 3836; x_wconf 93' lang='lat'><strong><em>—</em></strong></span> <span class='ocrx_word' id='word_1_451' title='bbox 935 3793 1080 3862; x_wconf 82' lang='lat' dir='ltr'><strong>Quos</strong></span> <span class='ocrx_word' id='word_1_452' title='bbox 1109 3791 1205 3847; x_wconf 88' lang='lat' dir='ltr'><strong>ille</strong></span> <span class='ocrx_word' id='word_1_453' title='bbox 1232 3806 1437 3860; x_wconf 89' lang='lat' dir='ltr'><strong>omnes,</strong></span> <span class='ocrx_word' id='word_1_454' title='bbox 1485 3794 1601 3845; x_wconf 88' lang='lat' dir='ltr'><strong>tum</strong></span> <span class='ocrx_word' id='word_1_455' title='bbox 1646 3796 1921 3850; x_wconf 57' lang='lat' dir='ltr'><strong>consuete</strong></span> <span class='ocrx_word' id='word_1_456' title='bbox 1963 3795 2072 3850; x_wconf 85' lang='lat' dir='ltr'><strong>mi-</strong></span> 
     </span>
    </p>
   </div>
   <div class='ocr_carea' id='block_1_68' title="bbox 423 3880 2075 3954">
    <p class='ocr_par' dir='ltr' id='par_1_68' title="bbox 423 3880 2075 3954">
     <span class='ocr_line' id='line_1_68' title="bbox 423 3880 2075 3954; baseline -0.001 -15"><span class='ocrx_word' id='word_1_457' title='bbox 423 3883 737 3942; x_wconf 70' lang='lat' dir='ltr'><strong>sericordiae</strong></span> <span class='ocrx_word' id='word_1_458' title='bbox 763 3883 944 3939; x_wconf 89' lang='lat' dir='ltr'><strong>nimia</strong></span> <span class='ocrx_word' id='word_1_459' title='bbox 970 3880 1355 3951; x_wconf 88' lang='lat' dir='ltr'><strong>compassione,</strong></span> <span class='ocrx_word' id='word_1_460' title='bbox 1387 3881 1505 3933; x_wconf 88' lang='lat' dir='ltr'><strong>tum</strong></span> <span class='ocrx_word' id='word_1_461' title='bbox 1531 3880 1699 3935; x_wconf 89' lang='lat' dir='ltr'><strong>etiam</strong></span> <span class='ocrx_word' id='word_1_462' title='bbox 1726 3881 1857 3952; x_wconf 88' lang='lat' dir='ltr'><strong>quia</strong></span> <span class='ocrx_word' id='word_1_463' title='bbox 1910 3898 2075 3954; x_wconf 91' lang='lat' dir='ltr'><strong>opera</strong></span> 
     </span>
    </p>
   </div>
   <div class='ocr_carea' id='block_1_69' title="bbox 423 3967 2073 4038">
    <p class='ocr_par' dir='ltr' id='par_1_69' title="bbox 423 3967 2073 4038">
     <span class='ocr_line' id='line_1_69' title="bbox 423 3967 2073 4038; baseline -0.001 -9"><span class='ocrx_word' id='word_1_464' title='bbox 423 3989 613 4030; x_wconf 88' lang='lat' dir='ltr'><strong>eorum</strong></span> <span class='ocrx_word' id='word_1_465' title='bbox 640 3972 711 4029; x_wconf 89' lang='lat' dir='ltr'><strong>ad</strong></span> <span class='ocrx_word' id='word_1_466' title='bbox 739 3973 1036 4029; x_wconf 87' lang='lat' dir='ltr'><strong>imminens</strong></span> <span class='ocrx_word' id='word_1_467' title='bbox 1064 3969 1351 4026; x_wconf 86' lang='lat' dir='ltr'><strong>videbatur</strong></span> <span class='ocrx_word' id='word_1_468' title='bbox 1396 3967 1600 4023; x_wconf 90' lang='lat' dir='ltr'><strong>bellum</strong></span> <span class='ocrx_word' id='word_1_469' title='bbox 1647 3969 1914 4038; x_wconf 85' lang='lat' dir='ltr'><strong>indigere,</strong></span> <span class='ocrx_word' id='word_1_470' title='bbox 1963 3972 2073 4027; x_wconf 89' lang='lat' dir='ltr'><strong>cle-</strong></span> 
     </span>
    </p>
   </div>
   <div class='ocr_carea' id='block_1_70' title="bbox 412 4058 2073 4131">
    <p class='ocr_par' dir='ltr' id='par_1_70' title="bbox 412 4058 2073 4131">
     <span class='ocr_line' id='line_1_70' title="bbox 412 4058 2073 4131; baseline -0.001 -14"><span class='ocrx_word' id='word_1_471' title='bbox 412 4066 640 4118; x_wconf 82' lang='lat' dir='ltr'><strong>menter</strong></span> <span class='ocrx_word' id='word_1_472' title='bbox 665 4070 717 4118; x_wconf 90' lang='lat' dir='ltr'><strong>et</strong></span> <span class='ocrx_word' id='word_1_473' title='bbox 744 4064 1029 4131; x_wconf 85' lang='lat' dir='ltr'><strong>gratanter</strong></span> <span class='ocrx_word' id='word_1_474' title='bbox 1052 4058 1381 4131; x_wconf 90' lang='lat' dir='ltr'><strong>suscipiebat</strong></span> <span class='ocrx_word' id='word_1_475' title='bbox 1409 4058 1581 4127; x_wconf 73' lang='lat'><strong>(647).</strong></span> <span class='ocrx_word' id='word_1_476' title='bbox 1614 4059 1904 4115; x_wconf 87' lang='lat' dir='ltr'><strong>Transiens</strong></span> <span class='ocrx_word' id='word_1_477' title='bbox 1947 4076 2073 4131; x_wconf 88' lang='lat' dir='ltr'><strong>ergo</strong></span> 
     </span>
    </p>
   </div>
   <div class='ocr_carea' id='block_1_71' title="bbox 423 4146 2072 4224">
    <p class='ocr_par' dir='ltr' id='par_1_71' title="bbox 423 4146 2072 4224">
     <span class='ocr_line' id='line_1_71' title="bbox 423 4146 2072 4224; baseline -0.001 -18"><span class='ocrx_word' id='word_1_478' title='bbox 423 4167 526 4224; x_wconf 88' lang='lat' dir='ltr'><strong>per</strong></span> <span class='ocrx_word' id='word_1_479' title='bbox 557 4149 985 4218; x_wconf 68' lang='lat' dir='ltr'><strong>Atemanniam,</strong></span> <span class='ocrx_word' id='word_1_480' title='bbox 1016 4149 1464 4218; x_wconf 81' lang='lat' dir='ltr'><strong>Puriﬁcationem</strong></span> <span class='ocrx_word' id='word_1_481' title='bbox 1491 4146 1549 4202; x_wconf 88' lang='lat' dir='ltr'><strong>S.</strong></span> <span class='ocrx_word' id='word_1_482' title='bbox 1589 4147 1774 4203; x_wconf 70' lang='lat' dir='ltr'><strong>Mariae</strong></span> <span class='ocrx_word' id='word_1_483' title='bbox 1818 4150 2072 4221; x_wconf 67' lang='lat' dir='ltr'><strong>Augustae</strong></span> 
     </span>
    </p>
   </div>
   <div class='ocr_carea' id='block_1_72' title="bbox 421 4236 2072 4311">
    <p class='ocr_par' dir='ltr' id='par_1_72' title="bbox 421 4236 2072 4311">
     <span class='ocr_line' id='line_1_72' title="bbox 421 4236 2072 4311; baseline 0.001 -18"><span class='ocrx_word' id='word_1_484' title='bbox 421 4240 552 4308; x_wconf 86' lang='lat' dir='ltr'><strong>egit,</strong></span> <span class='ocrx_word' id='word_1_485' title='bbox 610 4238 950 4311; x_wconf 69' lang='lat' dir='ltr'><strong>Mantuseque</strong></span> <span class='ocrx_word' id='word_1_486' title='bbox 999 4236 1464 4306; x_wconf 85' lang='lat' dir='ltr'><strong>Quinquagesima</strong></span> <span class='ocrx_word' id='word_1_487' title='bbox 1495 4243 1634 4302; x_wconf 86' lang='lat' dir='ltr'><strong>acta,</strong></span> <span class='ocrx_word' id='word_1_488' title='bbox 1687 4238 1739 4290; x_wconf 89' lang='lat' dir='ltr'><strong>ei</strong></span> <span class='ocrx_word' id='word_1_489' title='bbox 1786 4239 2072 4295; x_wconf 87' lang='lat' dir='ltr'><strong>nonnullis</strong></span> 
     </span>
    </p>
   </div>
   <div class='ocr_carea' id='block_1_73' title="bbox 422 4323 2070 4393">
    <p class='ocr_par' dir='ltr' id='par_1_73' title="bbox 422 4323 2070 4393">
     <span class='ocr_line' id='line_1_73' title="bbox 422 4323 2070 4393; baseline 0.001 -11"><span class='ocrx_word' id='word_1_490' title='bbox 422 4341 644 4382; x_wconf 87' lang='lat' dir='ltr'><strong>suorum</strong></span> <span class='ocrx_word' id='word_1_491' title='bbox 671 4334 787 4381; x_wconf 90' lang='lat' dir='ltr'><strong>orto</strong></span> <span class='ocrx_word' id='word_1_492' title='bbox 818 4327 960 4382; x_wconf 90' lang='lat' dir='ltr'><strong>inibi</strong></span> <span class='ocrx_word' id='word_1_493' title='bbox 991 4324 1221 4380; x_wconf 87' lang='lat' dir='ltr'><strong>tumulto</strong></span> <span class='ocrx_word' id='word_1_494' title='bbox 1250 4324 1464 4387; x_wconf 87' lang='lat' dir='ltr'><strong>occisis,</strong></span> <span class='ocrx_word' id='word_1_495' title='bbox 1499 4324 1650 4377; x_wconf 86' lang='lat' dir='ltr'><strong>intra</strong></span> <span class='ocrx_word' id='word_1_496' title='bbox 1678 4323 1792 4379; x_wconf 90' lang='lat' dir='ltr'><strong>dies</strong></span> <span class='ocrx_word' id='word_1_497' title='bbox 1823 4326 2070 4393; x_wconf 84' lang='lat' dir='ltr'><strong>Quadra-</strong></span> 
     </span>
    </p>
   </div>
   <div class='ocr_carea' id='block_1_74' title="bbox 422 4410 2072 4487">
    <p class='ocr_par' dir='ltr' id='par_1_74' title="bbox 422 4410 2072 4487">
     <span class='ocr_line' id='line_1_74' title="bbox 422 4410 2072 4487; baseline 0.002 -18"><span class='ocrx_word' id='word_1_498' title='bbox 422 4415 655 4487; x_wconf 72' lang='lat' dir='ltr'><strong>gesimse</strong></span> <span class='ocrx_word' id='word_1_499' title='bbox 683 4413 907 4469; x_wconf 85' lang='lat' dir='ltr'><strong>Romam</strong></span> <span class='ocrx_word' id='word_1_500' title='bbox 930 4414 1195 4485; x_wconf 88' lang='lat' dir='ltr'><strong>pervenit.</strong></span> <span class='ocrx_word' id='word_1_501' title='bbox 1231 4411 1476 4466; x_wconf 86' lang='lat' dir='ltr'><strong>Wibert.</strong></span> <span class='ocrx_word' id='word_1_502' title='bbox 1512 4440 1576 4451; x_wconf 89' lang='lat'><strong><em>—</em></strong></span> <span class='ocrx_word' id='word_1_503' title='bbox 1606 4410 1741 4481; x_wconf 84' lang='lat' dir='ltr'><strong>Ipsis</strong></span> <span class='ocrx_word' id='word_1_504' title='bbox 1778 4412 1965 4471; x_wconf 88' lang='lat' dir='ltr'><strong>diebus</strong></span> <span class='ocrx_word' id='word_1_505' title='bbox 2010 4418 2072 4471; x_wconf 85' lang='lat' dir='ltr'><strong>in</strong></span> 
     </span>
    </p>
   </div>
   <div class='ocr_carea' id='block_1_75' title="bbox 423 4498 2071 4573">
    <p class='ocr_par' dir='ltr' id='par_1_75' title="bbox 423 4498 2071 4573">
     <span class='ocr_line' id='line_1_75' title="bbox 423 4498 2071 4573; baseline 0.003 -16"><span class='ocrx_word' id='word_1_506' title='bbox 423 4500 590 4557; x_wconf 86' lang='lat' dir='ltr'><strong>Italia</strong></span> <span class='ocrx_word' id='word_1_507' title='bbox 619 4500 845 4572; x_wconf 88' lang='lat' dir='ltr'><strong>quidam</strong></span> <span class='ocrx_word' id='word_1_508' title='bbox 875 4503 1044 4565; x_wconf 87' lang='lat' dir='ltr'><strong>lacus,</strong></span> <span class='ocrx_word' id='word_1_509' title='bbox 1069 4516 1199 4573; x_wconf 91' lang='lat' dir='ltr'><strong>quos</strong></span> <span class='ocrx_word' id='word_1_510' title='bbox 1225 4501 1407 4556; x_wconf 86' lang='lat' dir='ltr'><strong>Julius</strong></span> <span class='ocrx_word' id='word_1_511' title='bbox 1437 4498 1776 4568; x_wconf 87' lang='lat' dir='ltr'><strong>quondam...</strong></span> <span class='ocrx_word' id='word_1_512' title='bbox 1816 4507 2071 4562; x_wconf 88' lang='lat' dir='ltr'><strong>mortales</strong></span> 
     </span>
    </p>
   </div>
   <div class='ocr_carea' id='block_1_76' title="bbox 420 4588 2067 4661">
    <p class='ocr_par' dir='ltr' id='par_1_76' title="bbox 420 4588 2067 4661">
     <span class='ocr_line' id='line_1_76' title="bbox 420 4588 2067 4661; baseline 0.002 -15"><span class='ocrx_word' id='word_1_513' title='bbox 420 4590 698 4661; x_wconf 89' lang='lat' dir='ltr'><strong>absumpti</strong></span> <span class='ocrx_word' id='word_1_514' title='bbox 721 4594 865 4645; x_wconf 88' lang='lat' dir='ltr'><strong>sunt.</strong></span> <span class='ocrx_word' id='word_1_515' title='bbox 898 4591 1230 4661; x_wconf 88' lang='lat' dir='ltr'><strong>Imperatore</strong></span> <span class='ocrx_word' id='word_1_516' title='bbox 1270 4590 1333 4644; x_wconf 88' lang='lat' dir='ltr'><strong>in</strong></span> <span class='ocrx_word' id='word_1_517' title='bbox 1383 4588 1633 4644; x_wconf 72' lang='lat' dir='ltr'><strong>Saxonia</strong></span> <span class='ocrx_word' id='word_1_518' title='bbox 1682 4590 1827 4660; x_wconf 86' lang='lat' dir='ltr'><strong>apud</strong></span> <span class='ocrx_word' id='word_1_519' title='bbox 1872 4591 2067 4649; x_wconf 76' lang='lat' dir='ltr'><strong>Merse-</strong></span> 
     </span>
    </p>
   </div>
   <div class='ocr_carea' id='block_1_77' title="bbox 2183 3443 3829 3515">
    <p class='ocr_par' dir='ltr' id='par_1_77' title="bbox 2183 3443 3829 3515">
     <span class='ocr_line' id='line_1_77' title="bbox 2183 3443 3829 3515; baseline 0.007 -16"><span class='ocrx_word' id='word_1_520' title='bbox 2183 3443 2373 3499; x_wconf 89' lang='lat' dir='ltr'><strong>divina</strong></span> <span class='ocrx_word' id='word_1_521' title='bbox 2392 3443 2620 3514; x_wconf 87' lang='lat' dir='ltr'><strong>justitia</strong></span> <span class='ocrx_word' id='word_1_522' title='bbox 2646 3444 2952 3515; x_wconf 83' lang='lat' dir='ltr'><strong>alias,un</strong></span> <span class='ocrx_word' id='word_1_523' title='bbox 2975 3458 3097 3513; x_wconf 76' lang='lat' dir='ltr'><strong>ipsa</strong></span> <span class='ocrx_word' id='word_1_524' title='bbox 3124 3446 3364 3515; x_wconf 87' lang='lat' dir='ltr'><strong>novit,ob</strong></span> <span class='ocrx_word' id='word_1_525' title='bbox 3393 3463 3592 3506; x_wconf 81' lang='lat' dir='ltr'><strong>causas</strong></span> <span class='ocrx_word' id='word_1_526' title='bbox 3617 3460 3829 3509; x_wconf 86' lang='lat' dir='ltr'><strong>nostras</strong></span> 
     </span>
    </p>
   </div>
   <div class='ocr_carea' id='block_1_78' title="bbox 2177 3533 3831 3612">
    <p class='ocr_par' dir='ltr' id='par_1_78' title="bbox 2177 3533 3831 3612">
     <span class='ocr_line' id='line_1_78' title="bbox 2177 3533 3831 3612; baseline 0.006 -25"><span class='ocrx_word' id='word_1_527' title='bbox 2177 3533 2464 3604; x_wconf 86' lang='lat' dir='ltr'><strong>plectente,</strong></span> <span class='ocrx_word' id='word_1_528' title='bbox 2495 3534 2742 3605; x_wconf 88' lang='lat' dir='ltr'><strong>quamvis</strong></span> <span class='ocrx_word' id='word_1_529' title='bbox 2769 3534 2938 3589; x_wconf 86' lang='lat' dir='ltr'><strong>nimis</strong></span> <span class='ocrx_word' id='word_1_530' title='bbox 2964 3541 3269 3601; x_wconf 78' lang='lat' dir='ltr'><strong>ementem,</strong></span> <span class='ocrx_word' id='word_1_531' title='bbox 3292 3535 3467 3593; x_wconf 86' lang='lat' dir='ltr'><strong>hostes</strong></span> <span class='ocrx_word' id='word_1_532' title='bbox 3485 3538 3681 3612; x_wconf 85' lang='lat' dir='ltr'><strong>adepti</strong></span> <span class='ocrx_word' id='word_1_533' title='bbox 3707 3546 3831 3597; x_wconf 83' lang='lat' dir='ltr'><strong>sunt</strong></span> 
     </span>
    </p>
   </div>
   <div class='ocr_carea' id='block_1_79' title="bbox 2182 3621 3829 3698">
    <p class='ocr_par' dir='ltr' id='par_1_79' title="bbox 2182 3621 3829 3698">
     <span class='ocr_line' id='line_1_79' title="bbox 2182 3621 3829 3698; baseline 0.006 -21"><span class='ocrx_word' id='word_1_534' title='bbox 2182 3623 2489 3678; x_wconf 88' lang='lat' dir='ltr'><strong>victoriam.</strong></span> <span class='ocrx_word' id='word_1_535' title='bbox 2532 3623 2749 3695; x_wconf 86' lang='lat' dir='ltr'><strong>Ipseque</strong></span> <span class='ocrx_word' id='word_1_536' title='bbox 2778 3621 3030 3678; x_wconf 88' lang='lat' dir='ltr'><strong>dominus</strong></span> <span class='ocrx_word' id='word_1_537' title='bbox 3053 3639 3203 3696; x_wconf 89' lang='lat' dir='ltr'><strong>papa</strong></span> <span class='ocrx_word' id='word_1_538' title='bbox 3229 3625 3297 3681; x_wconf 88' lang='lat' dir='ltr'><strong>in</strong></span> <span class='ocrx_word' id='word_1_539' title='bbox 3339 3625 3578 3698; x_wconf 87' lang='lat' dir='ltr'><strong>quodam</strong></span> <span class='ocrx_word' id='word_1_540' title='bbox 3622 3629 3700 3685; x_wconf 86' lang='lat' dir='ltr'><strong>ab</strong></span> <span class='ocrx_word' id='word_1_541' title='bbox 3757 3633 3829 3687; x_wconf 86' lang='lat' dir='ltr'><strong>eis</strong></span> 
     </span>
    </p>
   </div>
   <div class='ocr_carea' id='block_1_80' title="bbox 2183 3709 3825 3793">
    <p class='ocr_par' dir='ltr' id='par_1_80' title="bbox 2183 3709 3825 3793">
     <span class='ocr_line' id='line_1_80' title="bbox 2183 3709 3825 3793; baseline 0.005 -27"><span class='ocrx_word' id='word_1_542' title='bbox 2183 3710 2402 3767; x_wconf 91' lang='lat' dir='ltr'><strong>castello</strong></span> <span class='ocrx_word' id='word_1_543' title='bbox 2481 3709 2742 3776; x_wconf 90' lang='lat' dir='ltr'><strong>obsessus,</strong></span> <span class='ocrx_word' id='word_1_544' title='bbox 2815 3726 2937 3766; x_wconf 92' lang='lat' dir='ltr'><strong>cum</strong></span> <span class='ocrx_word' id='word_1_545' title='bbox 3021 3721 3335 3784; x_wconf 74' lang='lat' dir='ltr'><strong>expugnata</strong></span> <span class='ocrx_word' id='word_1_546' title='bbox 3400 3715 3524 3787; x_wconf 87' lang='lat' dir='ltr'><strong>jam</strong></span> <span class='ocrx_word' id='word_1_547' title='bbox 3592 3717 3825 3793; x_wconf 84' lang='lat' dir='ltr'><strong>jamque</strong></span> 
     </span>
    </p>
   </div>
   <div class='ocr_carea' id='block_1_81' title="bbox 2180 3798 3830 3869">
    <p class='ocr_par' dir='ltr' id='par_1_81' title="bbox 2180 3798 3830 3869">
     <span class='ocr_line' id='line_1_81' title="bbox 2180 3798 3830 3869; baseline 0.008 -17"><span class='ocrx_word' id='word_1_548' title='bbox 2180 3798 2507 3865; x_wconf 89' lang='lat' dir='ltr'><strong>munitione,</strong></span> <span class='ocrx_word' id='word_1_549' title='bbox 2557 3800 2873 3855; x_wconf 82' lang='lat' dir='ltr'><strong>necessitate</strong></span> <span class='ocrx_word' id='word_1_550' title='bbox 2926 3803 3163 3869; x_wconf 88' lang='lat' dir='ltr'><strong>coactus,</strong></span> <span class='ocrx_word' id='word_1_551' title='bbox 3237 3806 3686 3862; x_wconf 86' lang='lat' dir='ltr'><strong>communionem</strong></span> <span class='ocrx_word' id='word_1_552' title='bbox 3757 3808 3830 3865; x_wconf 86' lang='lat' dir='ltr'><strong>eis</strong></span> 
     </span>
    </p>
   </div>
   <div class='ocr_carea' id='block_1_82' title="bbox 2176 3886 3830 3962">
    <p class='ocr_par' dir='ltr' id='par_1_82' title="bbox 2176 3886 3830 3962">
     <span class='ocr_line' id='line_1_82' title="bbox 2176 3886 3830 3962; baseline 0.006 -19"><span class='ocrx_word' id='word_1_553' title='bbox 2176 3889 2338 3959; x_wconf 85' lang='lat' dir='ltr'><strong>prius</strong></span> <span class='ocrx_word' id='word_1_554' title='bbox 2368 3886 2719 3943; x_wconf 86' lang='lat' dir='ltr'><strong>interdictam</strong></span> <span class='ocrx_word' id='word_1_555' title='bbox 2748 3886 3091 3957; x_wconf 89' lang='lat' dir='ltr'><strong>reddidisset,</strong></span> <span class='ocrx_word' id='word_1_556' title='bbox 3120 3893 3361 3962; x_wconf 88' lang='lat' dir='ltr'><strong>acceptos</strong></span> <span class='ocrx_word' id='word_1_557' title='bbox 3389 3892 3462 3948; x_wconf 90' lang='lat' dir='ltr'><strong>ab</strong></span> <span class='ocrx_word' id='word_1_558' title='bbox 3518 3895 3601 3950; x_wconf 88' lang='lat' dir='ltr'><strong>eis</strong></span> <span class='ocrx_word' id='word_1_559' title='bbox 3659 3897 3830 3953; x_wconf 80' lang='lat' dir='ltr'><strong>Bene-</strong></span> 
     </span>
    </p>
   </div>
   <div class='ocr_carea' id='block_1_83' title="bbox 2180 3976 3828 4056">
    <p class='ocr_par' dir='ltr' id='par_1_83' title="bbox 2180 3976 3828 4056">
     <span class='ocr_line' id='line_1_83' title="bbox 2180 3976 3828 4056; baseline 0.006 -24"><span class='ocrx_word' id='word_1_560' title='bbox 2180 3984 2399 4033; x_wconf 86' lang='lat' dir='ltr'><strong>ventum</strong></span> <span class='ocrx_word' id='word_1_561' title='bbox 2424 3993 2548 4032; x_wconf 90' lang='lat' dir='ltr'><strong>cum</strong></span> <span class='ocrx_word' id='word_1_562' title='bbox 2575 3977 2777 4034; x_wconf 82' lang='lat' dir='ltr'><strong>honore</strong></span> <span class='ocrx_word' id='word_1_563' title='bbox 2804 3976 3062 4035; x_wconf 89' lang='lat' dir='ltr'><strong>reductus</strong></span> <span class='ocrx_word' id='word_1_564' title='bbox 3087 3982 3184 4048; x_wconf 89' lang='lat' dir='ltr'><strong>est,</strong></span> <span class='ocrx_word' id='word_1_565' title='bbox 3216 3980 3404 4053; x_wconf 86' lang='lat' dir='ltr'><strong>ibique</strong></span> <span class='ocrx_word' id='word_1_566' title='bbox 3448 3989 3698 4056; x_wconf 86' lang='lat' dir='ltr'><strong>tempore</strong></span> <span class='ocrx_word' id='word_1_567' title='bbox 3726 3986 3828 4041; x_wconf 89' lang='lat' dir='ltr'><strong>ali-</strong></span> 
     </span>
    </p>
   </div>
   <div class='ocr_carea' id='block_1_84' title="bbox 2180 4064 3832 4140">
    <p class='ocr_par' dir='ltr' id='par_1_84' title="bbox 2180 4064 3832 4140">
     <span class='ocr_line' id='line_1_84' title="bbox 2180 4064 3832 4140; baseline 0.007 -20"><span class='ocrx_word' id='word_1_568' title='bbox 2180 4069 2382 4137; x_wconf 86' lang='lat' dir='ltr'><strong>quanto</strong></span> <span class='ocrx_word' id='word_1_569' title='bbox 2431 4064 2697 4133; x_wconf 85' lang='lat' dir='ltr'><strong>detentus,</strong></span> <span class='ocrx_word' id='word_1_570' title='bbox 2751 4081 2851 4121; x_wconf 91' lang='lat' dir='ltr'><strong>nec</strong></span> <span class='ocrx_word' id='word_1_571' title='bbox 2899 4066 3082 4124; x_wconf 88' lang='lat' dir='ltr'><strong>redire</strong></span> <span class='ocrx_word' id='word_1_572' title='bbox 3137 4071 3459 4140; x_wconf 89' lang='lat' dir='ltr'><strong>permissus.</strong></span> <span class='ocrx_word' id='word_1_573' title='bbox 3516 4071 3588 4128; x_wconf 81' lang='lat' dir='ltr'><strong>Et</strong></span> <span class='ocrx_word' id='word_1_574' title='bbox 3633 4072 3741 4130; x_wconf 85' lang='lat' dir='ltr'><strong>hoc</strong></span> <span class='ocrx_word' id='word_1_575' title='bbox 3779 4082 3832 4131; x_wconf 86' lang='lat' dir='ltr'><strong>et</strong></span> 
     </span>
    </p>
   </div>
   <div class='ocr_carea' id='block_1_85' title="bbox 2178 4154 3827 4228">
    <p class='ocr_par' dir='ltr' id='par_1_85' title="bbox 2178 4154 3827 4228">
     <span class='ocr_line' id='line_1_85' title="bbox 2178 4154 3827 4228; baseline 0.007 -20"><span class='ocrx_word' id='word_1_576' title='bbox 2178 4154 2447 4225; x_wconf 87' lang='lat' dir='ltr'><strong>superiori</strong></span> <span class='ocrx_word' id='word_1_577' title='bbox 2476 4169 2621 4210; x_wconf 88' lang='lat' dir='ltr'><strong>anno</strong></span> <span class='ocrx_word' id='word_1_578' title='bbox 2647 4156 2877 4226; x_wconf 72' lang='lat' dir='ltr'><strong>frugum</strong></span> <span class='ocrx_word' id='word_1_579' title='bbox 2900 4158 3141 4228; x_wconf 85' lang='lat' dir='ltr'><strong>penuria</strong></span> <span class='ocrx_word' id='word_1_580' title='bbox 3166 4159 3311 4227; x_wconf 81' lang='lat' dir='ltr'><strong>facta</strong></span> <span class='ocrx_word' id='word_1_581' title='bbox 3340 4163 3422 4215; x_wconf 87' lang='lat' dir='ltr'><strong>est</strong></span> <span class='ocrx_word' id='word_1_582' title='bbox 3448 4176 3563 4217; x_wconf 83' lang='lat' dir='ltr'><strong>non</strong></span> <span class='ocrx_word' id='word_1_583' title='bbox 3591 4162 3827 4220; x_wconf 81' lang='lat' dir='ltr'><strong>modica.</strong></span> 
     </span>
    </p>
   </div>
   <div class='ocr_carea' id='block_1_86' title="bbox 2188 4243 3830 4320">
    <p class='ocr_par' dir='ltr' id='par_1_86' title="bbox 2188 4243 3830 4320">
     <span class='ocr_line' id='line_1_86' title="bbox 2188 4243 3830 4320; baseline 0.008 -23"><span class='ocrx_word' id='word_1_584' title='bbox 2188 4243 2561 4298; x_wconf 89' lang='lat' dir='ltr'><strong>Werinharius</strong></span> <span class='ocrx_word' id='word_1_585' title='bbox 2601 4244 2779 4314; x_wconf 83' lang='lat' dir='ltr'><strong>frater</strong></span> <span class='ocrx_word' id='word_1_586' title='bbox 2804 4260 2959 4301; x_wconf 90' lang='lat' dir='ltr'><strong>meus</strong></span> <span class='ocrx_word' id='word_1_587' title='bbox 2990 4244 3160 4319; x_wconf 85' lang='lat'><strong>(650),</strong></span> <span class='ocrx_word' id='word_1_588' title='bbox 3190 4248 3481 4319; x_wconf 78' lang='lat' dir='ltr'><strong>Augiensis</strong></span> <span class='ocrx_word' id='word_1_589' title='bbox 3507 4253 3830 4320; x_wconf 79' lang='lat' dir='ltr'><strong>rnonachus,</strong></span> 
     </span>
    </p>
   </div>
   <div class='ocr_carea' id='block_1_87' title="bbox 2179 4332 3831 4411">
    <p class='ocr_par' dir='ltr' id='par_1_87' title="bbox 2179 4332 3831 4411">
     <span class='ocr_line' id='line_1_87' title="bbox 2179 4332 3831 4411; baseline 0.007 -25"><span class='ocrx_word' id='word_1_590' title='bbox 2179 4332 2471 4388; x_wconf 87' lang='lat' dir='ltr'><strong>admodum</strong></span> <span class='ocrx_word' id='word_1_591' title='bbox 2499 4332 2680 4388; x_wconf 86' lang='lat' dir='ltr'><strong>doctus</strong></span> <span class='ocrx_word' id='word_1_592' title='bbox 2696 4340 2747 4388; x_wconf 89' lang='lat' dir='ltr'><strong>et</strong></span> <span class='ocrx_word' id='word_1_593' title='bbox 2766 4334 3030 4403; x_wconf 89' lang='lat' dir='ltr'><strong>religioni</strong></span> <span class='ocrx_word' id='word_1_594' title='bbox 3051 4349 3198 4393; x_wconf 54' lang='lat' dir='ltr'><strong>verm</strong></span> <span class='ocrx_word' id='word_1_595' title='bbox 3223 4335 3433 4393; x_wconf 77' lang='lat' dir='ltr'><strong>deditus</strong></span> <span class='ocrx_word' id='word_1_596' title='bbox 3450 4338 3831 4411; x_wconf 74' lang='lat' dir='ltr'><strong>juvenis,cum</strong></span> 
     </span>
    </p>
   </div>
   <div class='ocr_carea' id='block_1_88' title="bbox 2177 4420 3828 4503">
    <p class='ocr_par' dir='ltr' id='par_1_88' title="bbox 2177 4420 3828 4503">
     <span class='ocr_line' id='line_1_88' title="bbox 2177 4420 3828 4503; baseline 0.007 -27"><span class='ocrx_word' id='word_1_597' title='bbox 2177 4421 2292 4477; x_wconf 90' lang='lat' dir='ltr'><strong>alio</strong></span> <span class='ocrx_word' id='word_1_598' title='bbox 2321 4437 2427 4478; x_wconf 77' lang='lat' dir='ltr'><strong>mm</strong></span> <span class='ocrx_word' id='word_1_599' title='bbox 2450 4420 2584 4477; x_wconf 85' lang='lat' dir='ltr'><strong>acho</strong></span> <span class='ocrx_word' id='word_1_600' title='bbox 2614 4422 2920 4490; x_wconf 87' lang='lat' dir='ltr'><strong>Luithario,</strong></span> <span class='ocrx_word' id='word_1_601' title='bbox 2948 4423 3129 4480; x_wconf 88' lang='lat' dir='ltr'><strong>studio</strong></span> <span class='ocrx_word' id='word_1_602' title='bbox 3174 4426 3310 4483; x_wconf 72' lang='lat' dir='ltr'><strong>vitae</strong></span> <span class='ocrx_word' id='word_1_603' title='bbox 3332 4429 3687 4499; x_wconf 78' lang='lat' dir='ltr'><strong>perfectioris</strong></span> <span class='ocrx_word' id='word_1_604' title='bbox 3729 4432 3828 4503; x_wconf 80' lang='lat' dir='ltr'><strong>ﬂa-</strong></span> 
     </span>
    </p>
   </div>
   <div class='ocr_carea' id='block_1_89' title="bbox 2175 4512 3831 4589">
    <p class='ocr_par' dir='ltr' id='par_1_89' title="bbox 2175 4512 3831 4589">
     <span class='ocr_line' id='line_1_89' title="bbox 2175 4512 3831 4589; baseline 0.008 -25"><span class='ocrx_word' id='word_1_605' title='bbox 2175 4526 2362 4582; x_wconf 89' lang='lat' dir='ltr'><strong>grans,</strong></span> <span class='ocrx_word' id='word_1_606' title='bbox 2390 4512 2891 4582; x_wconf 87' lang='lat' dir='ltr'><strong>peregrinationem</strong></span> <span class='ocrx_word' id='word_1_607' title='bbox 2918 4513 3066 4568; x_wconf 89' lang='lat' dir='ltr'><strong>clam</strong></span> <span class='ocrx_word' id='word_1_608' title='bbox 3086 4529 3190 4586; x_wconf 92' lang='lat' dir='ltr'><strong>pro</strong></span> <span class='ocrx_word' id='word_1_609' title='bbox 3221 4514 3436 4573; x_wconf 83' lang='lat' dir='ltr'><strong>Christo</strong></span> <span class='ocrx_word' id='word_1_610' title='bbox 3482 4518 3831 4589; x_wconf 72' lang='lat' dir='ltr'><strong>aggreditur,</strong></span> 
     </span>
    </p>
   </div>
   <div class='ocr_carea' id='block_1_90' title="bbox 2175 4599 3834 4682">
    <p class='ocr_par' dir='ltr' id='par_1_90' title="bbox 2175 4599 3834 4682">
     <span class='ocr_line' id='line_1_90' title="bbox 2175 4599 3834 4682; baseline 0.006 -28"><span class='ocrx_word' id='word_1_611' title='bbox 2175 4600 2379 4655; x_wconf 86' lang='lat' dir='ltr'><strong>litteris</strong></span> <span class='ocrx_word' id='word_1_612' title='bbox 2403 4615 2468 4655; x_wconf 90' lang='lat' dir='ltr'><strong>re</strong></span> <span class='ocrx_word' id='word_1_613' title='bbox 2478 4601 2664 4656; x_wconf 88' lang='lat' dir='ltr'><strong>missis</strong></span> <span class='ocrx_word' id='word_1_614' title='bbox 2694 4599 2974 4657; x_wconf 88' lang='lat' dir='ltr'><strong>licentiam</strong></span> <span class='ocrx_word' id='word_1_615' title='bbox 3005 4602 3219 4659; x_wconf 89' lang='lat' dir='ltr'><strong>abbatis</strong></span> <span class='ocrx_word' id='word_1_616' title='bbox 3243 4604 3534 4676; x_wconf 77' lang='lat' dir='ltr'><strong>pustulam</strong></span> <span class='ocrx_word' id='word_1_617' title='bbox 3557 4615 3614 4663; x_wconf 86' lang='lat' dir='ltr'><strong>et</strong></span> <span class='ocrx_word' id='word_1_618' title='bbox 3658 4610 3834 4682; x_wconf 82' lang='lat' dir='ltr'><strong>impe-</strong></span> 
     </span>
    </p>
   </div>
   <div class='ocr_carea' id='block_1_91' title="bbox 423 4677 3833 4789">
    <p class='ocr_par' dir='ltr' id='par_1_91' title="bbox 423 4677 3833 4789">
     <span class='ocr_line' id='line_1_91' title="bbox 423 4677 3833 4789; baseline 0.006 -54"><span class='ocrx_word' id='word_1_619' title='bbox 423 4679 559 4749; x_wconf 88' lang='lat' dir='ltr'><strong>burg</strong></span> <span class='ocrx_word' id='word_1_620' title='bbox 580 4682 974 4736; x_wconf 77' lang='lat' dir='ltr'><strong>commanente,</strong></span> <span class='ocrx_word' id='word_1_621' title='bbox 1004 4694 1129 4733; x_wconf 89' lang='lat' dir='ltr'><strong>cum</strong></span> <span class='ocrx_word' id='word_1_622' title='bbox 1160 4692 1286 4745; x_wconf 89' lang='lat' dir='ltr'><strong>rege</strong></span> <span class='ocrx_word' id='word_1_623' title='bbox 1313 4678 1601 4777; x_wconf 75' lang='lat' dir='ltr'><strong>Danorum</strong></span> <span class='ocrx_word' id='word_1_624' title='bbox 1622 4677 1832 4789; x_wconf 54' lang='lat' dir='ltr'><strong>[inscita</strong></span> <span class='ocrx_word' id='word_1_625' title='bbox 1885 4686 2063 4781; x_wconf 76' lang='lat' dir='ltr'><strong>egit...</strong></span> <span class='ocrx_word' id='word_1_626' title='bbox 2102 4724 2148 4789; x_wconf 66' lang='grc' dir='ltr'><strong>Β</strong></span> <span class='ocrx_word' id='word_1_627' title='bbox 2177 4695 2351 4743; x_wconf 88' lang='lat' dir='ltr'><strong>trans.</strong></span> <span class='ocrx_word' id='word_1_628' title='bbox 2383 4688 2450 4744; x_wconf 84' lang='lat' dir='ltr'><strong>Et</strong></span> <span class='ocrx_word' id='word_1_629' title='bbox 2473 4691 2722 4761; x_wconf 88' lang='lat' dir='ltr'><strong>sequenti</strong></span> <span class='ocrx_word' id='word_1_630' title='bbox 2778 4697 3037 4763; x_wconf 88' lang='lat' dir='ltr'><strong>tempore,</strong></span> <span class='ocrx_word' id='word_1_631' title='bbox 3084 4691 3386 4749; x_wconf 86' lang='lat' dir='ltr'><strong>Richardus</strong></span> 
     </span>
    </p>
   </div>
   <div class='ocr_carea' id='block_1_92' title="bbox 420 4766 3835 4857">
    <p class='ocr_par' dir='ltr' id='par_1_92' title="bbox 420 4766 3835 4857">
     <span class='ocr_line' id='line_1_92' title="bbox 420 4766 3835 4857; baseline 0.006 -34"><span class='ocrx_word' id='word_1_632' title='bbox 420 4768 625 4825; x_wconf 80' lang='lat' dir='ltr'><strong>ducatu</strong></span> <span class='ocrx_word' id='word_1_633' title='bbox 669 4769 933 4841; x_wconf 90' lang='lat' dir='ltr'><strong>privavit.</strong></span> <span class='ocrx_word' id='word_1_634' title='bbox 986 4767 1102 4835; x_wconf 87' lang='lat' dir='ltr'><strong>Quo</strong></span> <span class='ocrx_word' id='word_1_635' title='bbox 1156 4774 1399 4836; x_wconf 87' lang='lat' dir='ltr'><strong>tempora</strong></span> <span class='ocrx_word' id='word_1_636' title='bbox 1442 4766 1601 4836; x_wconf 88' lang='lat' dir='ltr'><strong>regni</strong></span> <span class='ocrx_word' id='word_1_637' title='bbox 1644 4769 1760 4821; x_wconf 87' lang='lat' dir='ltr'><strong>tam</strong></span> <span class='ocrx_word' id='word_1_638' title='bbox 1798 4770 2072 4840; x_wconf 86' lang='lat' dir='ltr'><strong>primores</strong></span> <span class='ocrx_word' id='word_1_639' title='bbox 2102 4766 2147 4789; x_wconf 80' lang='grc'><strong>¹¹</strong></span> <span class='ocrx_word' id='word_1_640' title='bbox 2185 4777 2376 4846; x_wconf 86' lang='lat' dir='ltr'><strong>abbas,</strong></span> <span class='ocrx_word' id='word_1_641' title='bbox 2407 4785 2460 4834; x_wconf 89' lang='lat' dir='ltr'><strong>et</strong></span> <span class='ocrx_word' id='word_1_642' title='bbox 2507 4778 2775 4835; x_wconf 73' lang='lat' dir='ltr'><strong>Hearicus</strong></span> <span class='ocrx_word' id='word_1_643' title='bbox 2829 4780 2964 4835; x_wconf 89' lang='lat' dir='ltr'><strong>item</strong></span> <span class='ocrx_word' id='word_1_644' title='bbox 3022 4783 3321 4852; x_wconf 70' lang='lat' dir='ltr'><strong>Augiensis</strong></span> <span class='ocrx_word' id='word_1_645' title='bbox 3369 4766 3699 4857; x_wconf 81' lang='lat' dir='ltr'><strong>monachus,</strong></span> <span class='ocrx_word' id='word_1_646' title='bbox 3740 4787 3835 4845; x_wconf 81' lang='lat' dir='ltr'><strong>hoc</strong></span> 
     </span>
    </p>
   </div>
   <div class='ocr_carea' id='block_1_93' title="bbox 422 4856 2074 4934">
    <p class='ocr_par' dir='ltr' id='par_1_93' title="bbox 422 4856 2074 4934">
     <span class='ocr_line' id='line_1_93' title="bbox 422 4856 2074 4934; baseline 0.002 -21"><span class='ocrx_word' id='word_1_647' title='bbox 422 4874 585 4930; x_wconf 87' lang='lat' dir='ltr'><strong>quam</strong></span> <span class='ocrx_word' id='word_1_648' title='bbox 617 4857 930 4934; x_wconf 81' lang='lat' dir='ltr'><strong>inferiores,</strong></span> <span class='ocrx_word' id='word_1_649' title='bbox 962 4862 1156 4913; x_wconf 88' lang='lat' dir='ltr'><strong>contra</strong></span> <span class='ocrx_word' id='word_1_650' title='bbox 1186 4856 1570 4925; x_wconf 85' lang='lat' dir='ltr'><strong>imperatorem</strong></span> <span class='ocrx_word' id='word_1_651' title='bbox 1598 4856 1773 4927; x_wconf 86' lang='lat' dir='ltr'><strong>magis</strong></span> <span class='ocrx_word' id='word_1_652' title='bbox 1794 4860 2074 4932; x_wconf 88' lang='lat' dir='ltr'><strong>magisque</strong></span> 
     </span>
    </p>
   </div>
   <div class='ocr_carea' id='block_1_94' title="bbox 416 4942 2067 5022">
    <p class='ocr_par' dir='ltr' id='par_1_94' title="bbox 416 4942 2067 5022">
     <span class='ocr_line' id='line_1_94' title="bbox 416 4942 2067 5022; baseline 0.002 -20"><span class='ocrx_word' id='word_1_653' title='bbox 416 4949 788 5015; x_wconf 84' lang='lat' dir='ltr'><strong>mussitantes,</strong></span> <span class='ocrx_word' id='word_1_654' title='bbox 811 4946 935 5018; x_wconf 89' lang='lat' dir='ltr'><strong>jam</strong></span> <span class='ocrx_word' id='word_1_655' title='bbox 962 4942 1173 5001; x_wconf 87' lang='lat' dir='ltr'><strong>dudum</strong></span> <span class='ocrx_word' id='word_1_656' title='bbox 1203 4959 1326 4999; x_wconf 88' lang='lat' dir='ltr'><strong>eum</strong></span> <span class='ocrx_word' id='word_1_657' title='bbox 1370 4943 1441 5000; x_wconf 91' lang='lat' dir='ltr'><strong>ab</strong></span> <span class='ocrx_word' id='word_1_658' title='bbox 1492 4944 1763 5003; x_wconf 67' lang='lat' dir='ltr'><strong>inchoatae</strong></span> <span class='ocrx_word' id='word_1_659' title='bbox 1814 4949 2067 5022; x_wconf 76' lang='lat' dir='ltr'><strong>fustitise,</strong></span> 
     </span>
    </p>
   </div>
   <div class='ocr_carea' id='block_1_95' title="bbox 2178 4867 3833 4948">
    <p class='ocr_par' dir='ltr' id='par_1_95' title="bbox 2178 4867 3833 4948">
     <span class='ocr_line' id='line_1_95' title="bbox 2178 4867 3833 4948; baseline 0.009 -27"><span class='ocrx_word' id='word_1_660' title='bbox 2178 4867 2487 4938; x_wconf 70' lang='lat' dir='ltr'><strong>exemplum</strong></span> <span class='ocrx_word' id='word_1_661' title='bbox 2514 4870 2701 4938; x_wconf 86' lang='lat' dir='ltr'><strong>secuti,</strong></span> <span class='ocrx_word' id='word_1_662' title='bbox 2761 4869 2968 4926; x_wconf 89' lang='lat' dir='ltr'><strong>relictis</strong></span> <span class='ocrx_word' id='word_1_663' title='bbox 3012 4870 3265 4926; x_wconf 89' lang='lat' dir='ltr'><strong>omnibus</strong></span> <span class='ocrx_word' id='word_1_664' title='bbox 3298 4870 3449 4929; x_wconf 86' lang='lat' dir='ltr'><strong>idem</strong></span> <span class='ocrx_word' id='word_1_665' title='bbox 3486 4878 3833 4948; x_wconf 66' lang='lat' dir='ltr'><strong>propositam</strong></span> 
     </span>
    </p>
   </div>
   <div class='ocr_carea' id='block_1_96' title="bbox 2178 4955 3832 5036">
    <p class='ocr_par' dir='ltr' id='par_1_96' title="bbox 2178 4955 3832 5036">
     <span class='ocr_line' id='line_1_96' title="bbox 2178 4955 3832 5036; baseline -0.004 -24"><span class='ocrx_word' id='word_1_666' title='bbox 2178 4955 2597 5026; x_wconf 85' lang='lat' dir='ltr'><strong>aggrediuntur.</strong></span> <span class='ocrx_word' id='word_1_667' title='bbox 2631 4957 2930 5029; x_wconf 87' lang='lat' dir='ltr'><strong>Imperator</strong></span> <span class='ocrx_word' id='word_1_668' title='bbox 2957 4958 3223 5016; x_wconf 84' lang='lat' dir='ltr'><strong>Henricus</strong></span> <span class='ocrx_word' id='word_1_669' title='bbox 3250 4977 3448 5033; x_wconf 80' lang='lat' dir='ltr'><strong>magno</strong></span> <span class='ocrx_word' id='word_1_670' title='bbox 3493 4964 3657 5036; x_wconf 71' lang='lat' dir='ltr'><strong>apud</strong></span> <span class='ocrx_word' id='word_1_671' title='bbox 3718 4966 3832 5023; x_wconf 67' lang='grc' dir='ltr'><strong>πει-</strong></span> 
     </span>
    </p>
   </div>
   <div class='ocr_carea' id='block_1_97' title="bbox 2003 5066 2234 5126">
    <p class='ocr_par' dir='ltr' id='par_1_97' title="bbox 2003 5066 2234 5126">
     <span class='ocr_line' id='line_1_97' title="bbox 2003 5066 2234 5126; baseline 0.009 -2"><span class='ocrx_word' id='word_1_672' title='bbox 2003 5066 2234 5126; x_wconf 70' lang='grc' dir='ltr'><strong>ΝΟΤΕ.</strong></span> 
     </span>
    </p>
   </div>
   <div class='ocr_carea' id='block_1_98' title="bbox 489 5157 2066 5233">
    <p class='ocr_par' dir='ltr' id='par_1_98' title="bbox 489 5157 2066 5233">
     <span class='ocr_line' id='line_1_98' title="bbox 489 5157 2066 5233; baseline 0.004 -19"><span class='ocrx_word' id='word_1_673' title='bbox 489 5162 634 5231; x_wconf 79' lang='grc'><strong>(647)</strong></span> <span class='ocrx_word' id='word_1_674' title='bbox 666 5158 876 5233; x_wconf 78' lang='lat' dir='ltr'><strong>Fallor,</strong></span> <span class='ocrx_word' id='word_1_675' title='bbox 910 5162 1013 5233; x_wconf 74' lang='lat' dir='ltr'><strong>aut</strong></span> <span class='ocrx_word' id='word_1_676' title='bbox 1039 5157 1367 5233; x_wconf 84' lang='lat' dir='ltr'><strong>infaustum</strong></span> <span class='ocrx_word' id='word_1_677' title='bbox 1398 5158 1535 5214; x_wconf 87' lang='lat' dir='ltr'><strong>hinc</strong></span> <span class='ocrx_word' id='word_1_678' title='bbox 1584 5160 1920 5233; x_wconf 81' lang='lat' dir='ltr'><strong>auspicium</strong></span> <span class='ocrx_word' id='word_1_679' title='bbox 1975 5178 2066 5221; x_wconf 84' lang='lat' dir='ltr'><strong>se-</strong></span> 
     </span>
    </p>
   </div>
   <div class='ocr_carea' id='block_1_99' title="bbox 463 5229 2064 5307">
    <p class='ocr_par' dir='ltr' id='par_1_99' title="bbox 463 5229 2064 5307">
     <span class='ocr_line' id='line_1_99' title="bbox 463 5229 2064 5307; baseline 0.004 -21"><span class='ocrx_word' id='word_1_680' title='bbox 463 5229 894 5307; x_wconf 60' lang='lat' dir='ltr'><strong>uentiumoein</strong></span> <span class='ocrx_word' id='word_1_681' title='bbox 923 5229 1324 5307; x_wconf 67' lang='lat' dir='ltr'><strong>Cruciatarum</strong></span> <span class='ocrx_word' id='word_1_682' title='bbox 1355 5234 1558 5307; x_wconf 82' lang='lat' dir='ltr'><strong>contra</strong></span> <span class='ocrx_word' id='word_1_683' title='bbox 1595 5229 1860 5307; x_wconf 67' lang='lat' dir='ltr'><strong>infideles</strong></span> <span class='ocrx_word' id='word_1_684' title='bbox 1892 5250 2064 5307; x_wconf 81' lang='lat' dir='ltr'><strong>expe-</strong></span> 
     </span>
    </p>
   </div>
   <div class='ocr_carea' id='block_1_100' title="bbox 418 5248 2061 5376">
    <p class='ocr_par' dir='ltr' id='par_1_100' title="bbox 418 5248 2061 5376">
     <span class='ocr_line' id='line_1_100' title="bbox 463 5248 2061 5307; baseline 0.003 -20"><span class='ocrx_word' id='word_1_685' title='bbox 463 5248 723 5287; x_wconf 82' lang='lat' dir='ltr'><strong>uenuum</strong></span> <span class='ocrx_word' id='word_1_686' title='bbox 758 5248 890 5285; x_wconf 77' lang='lat' dir='ltr'><strong>aein</strong></span> <span class='ocrx_word' id='word_1_687' title='bbox 923 5248 1324 5286; x_wconf 72' lang='lat' dir='ltr'><strong>uruclatarum</strong></span> <span class='ocrx_word' id='word_1_688' title='bbox 1355 5248 1558 5286; x_wconf 73' lang='lat' dir='ltr'><strong>contra</strong></span> <span class='ocrx_word' id='word_1_689' title='bbox 1595 5248 1860 5290; x_wconf 74' lang='lat' dir='ltr'><strong>muaeles</strong></span> <span class='ocrx_word' id='word_1_690' title='bbox 1892 5250 2061 5307; x_wconf 81' lang='lat' dir='ltr'><strong>expe-</strong></span> 
     </span>
     <span class='ocr_line' id='line_1_101' title="bbox 418 5248 2061 5376; baseline 0.004 -19"><span class='ocrx_word' id='word_1_691' title='bbox 418 5248 951 5376; x_wconf 43' lang='lat' dir='ltr'><strong>gitionumuinfeliei</strong></span> <span class='ocrx_word' id='word_1_692' title='bbox 986 5301 1332 5376; x_wconf 78' lang='lat' dir='ltr'><strong>plerumque</strong></span> <span class='ocrx_word' id='word_1_693' title='bbox 1362 5302 1516 5376; x_wconf 56' lang='lat' dir='ltr'><strong>exitu</strong></span> <span class='ocrx_word' id='word_1_694' title='bbox 1550 5306 1927 5376; x_wconf 87' lang='lat' dir='ltr'><strong>repetendum</strong></span> <span class='ocrx_word' id='word_1_695' title='bbox 1953 5312 2061 5364; x_wconf 89' lang='lat' dir='ltr'><strong>est.</strong></span> 
     </span>
    </p>
   </div>
   <div class='ocr_carea' id='block_1_101' title="bbox 489 5371 2067 5441">
    <p class='ocr_par' dir='ltr' id='par_1_101' title="bbox 489 5371 2067 5441">
     <span class='ocr_line' id='line_1_102' title="bbox 489 5371 2067 5441; baseline 0.004 -12"><span class='ocrx_word' id='word_1_696' title='bbox 489 5375 638 5441; x_wconf 78' lang='grc'><strong>(648)</strong></span> <span class='ocrx_word' id='word_1_697' title='bbox 670 5371 800 5427; x_wconf 87' lang='lat' dir='ltr'><strong>Vid.</strong></span> <span class='ocrx_word' id='word_1_698' title='bbox 834 5374 905 5429; x_wconf 87' lang='lat' dir='ltr'><strong>ad</strong></span> <span class='ocrx_word' id='word_1_699' title='bbox 940 5371 1036 5430; x_wconf 78' lang='lat' dir='ltr'><strong>an.</strong></span> <span class='ocrx_word' id='word_1_700' title='bbox 1074 5371 1651 5430; x_wconf 58' lang='lat' dir='ltr'><strong>tOBbeombustum</strong></span> <span class='ocrx_word' id='word_1_701' title='bbox 1698 5392 1831 5433; x_wconf 90' lang='lat' dir='ltr'><strong>vero</strong></span> <span class='ocrx_word' id='word_1_702' title='bbox 1880 5393 2067 5437; x_wconf 76' lang='lat' dir='ltr'><strong>emno-</strong></span> 
     </span>
    </p>
   </div>
   <div class='ocr_carea' id='block_1_102' title="bbox 421 5443 2063 5513">
    <p class='ocr_par' dir='ltr' id='par_1_102' title="bbox 421 5443 2063 5513">
     <span class='ocr_line' id='line_1_103' title="bbox 421 5443 2063 5513; baseline 0.005 -15"><span class='ocrx_word' id='word_1_703' title='bbox 421 5443 577 5499; x_wconf 86' lang='lat' dir='ltr'><strong>bium</strong></span> <span class='ocrx_word' id='word_1_704' title='bbox 609 5443 744 5499; x_wconf 89' lang='lat' dir='ltr'><strong>dein</strong></span> <span class='ocrx_word' id='word_1_705' title='bbox 766 5445 824 5499; x_wconf 92' lang='lat' dir='ltr'><strong>in</strong></span> <span class='ocrx_word' id='word_1_706' title='bbox 850 5444 1056 5503; x_wconf 89' lang='lat' dir='ltr'><strong>collem</strong></span> <span class='ocrx_word' id='word_1_707' title='bbox 1079 5445 1760 5513; x_wconf 80' lang='lat' dir='ltr'><strong>Altorﬁoimminentem,</strong></span> <span class='ocrx_word' id='word_1_708' title='bbox 1783 5465 1889 5505; x_wconf 87' lang='lat' dir='ltr'><strong>ceu</strong></span> <span class='ocrx_word' id='word_1_709' title='bbox 1914 5450 2063 5507; x_wconf 88' lang='lat' dir='ltr'><strong>anti-</strong></span> 
     </span>
    </p>
   </div>
   <div class='ocr_carea' id='block_1_103' title="bbox 408 5514 1987 5590">
    <p class='ocr_par' dir='ltr' id='par_1_103' title="bbox 408 5514 1987 5590">
     <span class='ocr_line' id='line_1_104' title="bbox 408 5514 1987 5590; baseline 0.002 -15"><span class='ocrx_word' id='word_1_710' title='bbox 408 5529 614 5590; x_wconf 63' lang='lat' dir='ltr'><strong>quam</strong></span> <span class='ocrx_word' id='word_1_711' title='bbox 632 5514 959 5590; x_wconf 78' lang='lat' dir='ltr'><strong>principum</strong></span> <span class='ocrx_word' id='word_1_712' title='bbox 988 5517 1326 5590; x_wconf 17' lang='lat' dir='ltr'><strong>sedemdfuit</strong></span> <span class='ocrx_word' id='word_1_713' title='bbox 1355 5516 1709 5590; x_wconf 73' lang='lat' dir='ltr'><strong>translatum</strong></span> <span class='ocrx_word' id='word_1_714' title='bbox 1740 5521 1804 5577; x_wconf 89' lang='lat' dir='ltr'><strong>P.</strong></span> <span class='ocrx_word' id='word_1_715' title='bbox 1839 5522 1987 5578; x_wconf 85' lang='lat' dir='ltr'><strong>Hess.</strong></span> 
     </span>
    </p>
   </div>
   <div class='ocr_carea' id='block_1_104' title="bbox 517 5586 1726 5662">
    <p class='ocr_par' dir='ltr' id='par_1_104' title="bbox 517 5586 1726 5662">
     <span class='ocr_line' id='line_1_105' title="bbox 517 5586 1726 5662; baseline 0.002 -18"><span class='ocrx_word' id='word_1_716' title='bbox 517 5586 1244 5662; x_wconf 53' lang='lat' dir='ltr'><strong>etoj_y_id.‘_i.abb.(:onoi1.</strong></span> <span class='ocrx_word' id='word_1_717' title='bbox 1273 5593 1333 5662; x_wconf 52' lang='grc' dir='ltr'><strong>ι,</strong></span> <span class='ocrx_word' id='word_1_718' title='bbox 1351 5589 1440 5657; x_wconf 81' lang='lat' dir='ltr'><strong>1x,</strong></span> <span class='ocrx_word' id='word_1_719' title='bbox 1474 5606 1531 5662; x_wconf 87' lang='lat' dir='ltr'><strong>p_.</strong></span> <span class='ocrx_word' id='word_1_720' title='bbox 1566 5589 1726 5647; x_wconf 68' lang='lat'><strong>4-240.</strong></span> 
     </span>
    </p>
   </div>
   <div class='ocr_carea' id='block_1_105' title="bbox 510 5657 2058 5739">
    <p class='ocr_par' dir='ltr' id='par_1_105' title="bbox 510 5657 2058 5739">
     <span class='ocr_line' id='line_1_106' title="bbox 510 5657 2058 5739; baseline 0.005 -22"><span class='ocrx_word' id='word_1_721' title='bbox 510 5657 637 5737; x_wconf 79' lang='lat'><strong>650)</strong></span> <span class='ocrx_word' id='word_1_722' title='bbox 664 5658 808 5721; x_wconf 84' lang='lat' dir='ltr'><strong>Hinc</strong></span> <span class='ocrx_word' id='word_1_723' title='bbox 836 5660 1210 5729; x_wconf 81' lang='lat' dir='ltr'><strong>Hermannus</strong></span> <span class='ocrx_word' id='word_1_724' title='bbox 1242 5659 1435 5722; x_wconf 81' lang='lat' dir='ltr'><strong>adhuc</strong></span> <span class='ocrx_word' id='word_1_725' title='bbox 1464 5657 1672 5735; x_wconf 76' lang='lat' dir='ltr'><strong>elucet,</strong></span> <span class='ocrx_word' id='word_1_726' title='bbox 1700 5661 1801 5739; x_wconf 85' lang='lat' dir='ltr'><strong>qui</strong></span> <span class='ocrx_word' id='word_1_727' title='bbox 1832 5663 2058 5733; x_wconf 81' lang='lat' dir='ltr'><strong>Werin-</strong></span> 
     </span>
    </p>
   </div>
   <div class='ocr_carea' id='block_1_106' title="bbox 2174 5166 3824 5242">
    <p class='ocr_par' dir='ltr' id='par_1_106' title="bbox 2174 5166 3824 5242">
     <span class='ocr_line' id='line_1_107' title="bbox 2174 5166 3824 5242; baseline 0.008 -19"><span class='ocrx_word' id='word_1_728' title='bbox 2174 5166 2324 5242; x_wconf 83' lang='lat' dir='ltr'><strong>harii</strong></span> <span class='ocrx_word' id='word_1_729' title='bbox 2356 5168 2534 5242; x_wconf 86' lang='lat' dir='ltr'><strong>hujus</strong></span> <span class='ocrx_word' id='word_1_730' title='bbox 2566 5170 2761 5227; x_wconf 81' lang='lat' dir='ltr'><strong>fratris</strong></span> <span class='ocrx_word' id='word_1_731' title='bbox 2793 5171 2884 5228; x_wconf 89' lang='lat' dir='ltr'><strong>sui</strong></span> <span class='ocrx_word' id='word_1_732' title='bbox 2915 5170 3179 5230; x_wconf 82' lang='lat' dir='ltr'><strong>Natalem</strong></span> <span class='ocrx_word' id='word_1_733' title='bbox 3210 5174 3305 5230; x_wconf 81' lang='lat' dir='ltr'><strong>ad.</strong></span> <span class='ocrx_word' id='word_1_734' title='bbox 3338 5190 3433 5231; x_wconf 82' lang='lat' dir='ltr'><strong>an.</strong></span> <span class='ocrx_word' id='word_1_735' title='bbox 3463 5176 3603 5232; x_wconf 85' lang='grc'><strong>1021</strong></span> <span class='ocrx_word' id='word_1_736' title='bbox 3627 5178 3824 5236; x_wconf 80' lang='lat' dir='ltr'><strong>notavi</strong></span> 
     </span>
    </p>
   </div>
   <div class='ocr_carea' id='block_1_107' title="bbox 2174 5239 3829 5313">
    <p class='ocr_par' dir='ltr' id='par_1_107' title="bbox 2174 5239 3829 5313">
     <span class='ocr_line' id='line_1_108' title="bbox 2174 5239 3829 5313; baseline 0.008 -18"><span class='ocrx_word' id='word_1_737' title='bbox 2174 5239 2269 5313; x_wconf 79' lang='lat' dir='ltr'><strong>cui</strong></span> <span class='ocrx_word' id='word_1_738' title='bbox 2300 5239 2497 5297; x_wconf 77' lang='lat' dir='ltr'><strong>tamen</strong></span> <span class='ocrx_word' id='word_1_739' title='bbox 2528 5258 2873 5313; x_wconf 83' lang='lat' dir='ltr'><strong>supremum</strong></span> <span class='ocrx_word' id='word_1_740' title='bbox 2903 5245 3030 5313; x_wconf 77' lang='lat' dir='ltr'><strong>ejus</strong></span> <span class='ocrx_word' id='word_1_741' title='bbox 3056 5244 3241 5301; x_wconf 84' lang='lat' dir='ltr'><strong>fatum</strong></span> <span class='ocrx_word' id='word_1_742' title='bbox 3273 5245 3431 5302; x_wconf 88' lang='lat' dir='ltr'><strong>haud</strong></span> <span class='ocrx_word' id='word_1_743' title='bbox 3490 5247 3829 5308; x_wconf 79' lang='lat' dir='ltr'><strong>innotuisse</strong></span> 
     </span>
    </p>
   </div>
   <div class='ocr_carea' id='block_1_108' title="bbox 2173 5259 3831 5390">
    <p class='ocr_par' dir='ltr' id='par_1_108' title="bbox 2173 5259 3831 5390">
     <span class='ocr_line' id='line_1_109' title="bbox 2174 5259 3829 5313; baseline 0.008 -18"><span class='ocrx_word' id='word_1_744' title='bbox 2174 5259 2269 5295; x_wconf 75' lang='lat' dir='ltr'><strong>cui</strong></span> <span class='ocrx_word' id='word_1_745' title='bbox 2300 5259 2497 5297; x_wconf 72' lang='lat' dir='ltr'><strong>tamen</strong></span> <span class='ocrx_word' id='word_1_746' title='bbox 2528 5259 2594 5298; x_wconf 82' lang='lat' dir='ltr'><strong>su</strong></span> <span class='ocrx_word' id='word_1_747' title='bbox 2643 5259 2873 5300; x_wconf 87' lang='lat' dir='ltr'><strong>remum</strong></span> <span class='ocrx_word' id='word_1_748' title='bbox 2903 5259 3030 5313; x_wconf 76' lang='lat' dir='ltr'><strong>ejus</strong></span> <span class='ocrx_word' id='word_1_749' title='bbox 3056 5259 3241 5301; x_wconf 73' lang='lat' dir='ltr'><strong>latum</strong></span> <span class='ocrx_word' id='word_1_750' title='bbox 3273 5259 3431 5302; x_wconf 83' lang='lat' dir='ltr'><strong>naua</strong></span> <span class='ocrx_word' id='word_1_751' title='bbox 3490 5259 3829 5308; x_wconf 74' lang='lat' dir='ltr'><strong>innotuisso</strong></span> 
     </span>
     <span class='ocr_line' id='line_1_110' title="bbox 2173 5259 3831 5390; baseline 0.008 -26"><span class='ocrx_word' id='word_1_752' title='bbox 2173 5311 2566 5390; x_wconf 54' lang='lat' dir='ltr'><strong>videturpum</strong></span> <span class='ocrx_word' id='word_1_753' title='bbox 2599 5259 2671 5370; x_wconf 59' lang='lat' dir='ltr'><strong>3e</strong></span> <span class='ocrx_word' id='word_1_754' title='bbox 2700 5330 2767 5371; x_wconf 89' lang='lat' dir='ltr'><strong>eo</strong></span> <span class='ocrx_word' id='word_1_755' title='bbox 2797 5314 3004 5390; x_wconf 80' lang='lat' dir='ltr'><strong>sileat:</strong></span> <span class='ocrx_word' id='word_1_756' title='bbox 3038 5316 3196 5387; x_wconf 88' lang='lat' dir='ltr'><strong>quod</strong></span> <span class='ocrx_word' id='word_1_757' title='bbox 3227 5318 3682 5390; x_wconf 81' lang='lat' dir='ltr'><strong>posteaadjecit</strong></span> <span class='ocrx_word' id='word_1_758' title='bbox 3699 5326 3831 5379; x_wconf 84' lang='lat' dir='ltr'><strong>Ber-</strong></span> 
     </span>
    </p>
   </div>
   <div class='ocr_carea' id='block_1_109' title="bbox 2174 5381 3828 5465">
    <p class='ocr_par' dir='ltr' id='par_1_109' title="bbox 2174 5381 3828 5465">
     <span class='ocr_line' id='line_1_111' title="bbox 2174 5381 3828 5465; baseline 0.007 -27"><span class='ocrx_word' id='word_1_759' title='bbox 2174 5381 2407 5465; x_wconf 61' lang='lat' dir='ltr'><strong>goldus,</strong></span> <span class='ocrx_word' id='word_1_760' title='bbox 2439 5385 2669 5465; x_wconf 81' lang='lat' dir='ltr'><strong>quique</strong></span> <span class='ocrx_word' id='word_1_761' title='bbox 2684 5401 2757 5465; x_wconf 72' lang='lat' dir='ltr'><strong>ex</strong></span> <span class='ocrx_word' id='word_1_762' title='bbox 2781 5402 2848 5465; x_wconf 72' lang='lat' dir='ltr'><strong>eo</strong></span> <span class='ocrx_word' id='word_1_763' title='bbox 2878 5381 3206 5465; x_wconf 67' lang='lat' dir='ltr'><strong>hauserunt</strong></span> <span class='ocrx_word' id='word_1_764' title='bbox 3215 5381 3673 5465; x_wconf 71' lang='lat' dir='ltr'><strong>_é_odices.Atque</strong></span> <span class='ocrx_word' id='word_1_765' title='bbox 3694 5392 3828 5449; x_wconf 83' lang='lat' dir='ltr'><strong>hinc</strong></span> 
     </span>
    </p>
   </div>
   <div class='ocr_carea' id='block_1_110' title="bbox 2174 5452 3823 5522">
    <p class='ocr_par' dir='ltr' id='par_1_110' title="bbox 2174 5452 3823 5522">
     <span class='ocr_line' id='line_1_112' title="bbox 2174 5452 3823 5522; baseline 0.008 -14"><span class='ocrx_word' id='word_1_766' title='bbox 2174 5452 2501 5511; x_wconf 44' lang='lat' dir='ltr'><strong>Urstisiau‘a</strong></span> <span class='ocrx_word' id='word_1_767' title='bbox 2563 5452 2735 5513; x_wconf 86' lang='lat' dir='ltr'><strong>lectio</strong></span> <span class='ocrx_word' id='word_1_768' title='bbox 2798 5457 3136 5522; x_wconf 84' lang='lat' dir='ltr'><strong>Hermanni,</strong></span> <span class='ocrx_word' id='word_1_769' title='bbox 3192 5459 3296 5515; x_wconf 89' lang='lat' dir='ltr'><strong>illa</strong></span> <span class='ocrx_word' id='word_1_770' title='bbox 3358 5477 3496 5518; x_wconf 88' lang='lat' dir='ltr'><strong>vero</strong></span> <span class='ocrx_word' id='word_1_771' title='bbox 3549 5452 3823 5521; x_wconf 59' lang='lat' dir='ltr'><strong>dodicum</strong></span> 
     </span>
    </p>
   </div>
   <div class='ocr_carea' id='block_1_111' title="bbox 2176 5523 3830 5611">
    <p class='ocr_par' dir='ltr' id='par_1_111' title="bbox 2176 5523 3830 5611">
     <span class='ocr_line' id='line_1_113' title="bbox 2176 5523 3830 5611; baseline 0.009 -32"><span class='ocrx_word' id='word_1_772' title='bbox 2176 5523 2443 5611; x_wconf 55' lang='lat' dir='ltr'><strong>ﬁernoldi</strong></span> <span class='ocrx_word' id='word_1_773' title='bbox 2473 5530 3133 5611; x_wconf 40' lang='lat' dir='ltr'><strong>es&#39;ee.co.nsotur,_prouti</strong></span> <span class='ocrx_word' id='word_1_774' title='bbox 3170 5531 3347 5588; x_wconf 86' lang='lat' dir='ltr'><strong>etiam</strong></span> <span class='ocrx_word' id='word_1_775' title='bbox 3368 5532 3429 5587; x_wconf 89' lang='lat' dir='ltr'><strong>in</strong></span> <span class='ocrx_word' id='word_1_776' title='bbox 3459 5536 3830 5611; x_wconf 70' lang='lat' dir='ltr'><strong>autographa</strong></span> 
     </span>
    </p>
   </div>
   <div class='ocr_carea' id='block_1_112' title="bbox 2173 5596 3818 5679">
    <p class='ocr_par' dir='ltr' id='par_1_112' title="bbox 2173 5596 3818 5679">
     <span class='ocr_line' id='line_1_114' title="bbox 2173 5596 3818 5679; baseline 0.011 -28"><span class='ocrx_word' id='word_1_777' title='bbox 2173 5596 2507 5679; x_wconf 50' lang='grc' dir='ltr'><strong>μυθείσθηεὶ</strong></span> <span class='ocrx_word' id='word_1_778' title='bbox 2539 5597 2820 5679; x_wconf 53' lang='lat' dir='ltr'><strong>habetur,</strong></span> <span class='ocrx_word' id='word_1_779' title='bbox 2842 5596 2959 5675; x_wconf 71' lang='lat' dir='ltr'><strong>qui</strong></span> <span class='ocrx_word' id='word_1_780' title='bbox 2974 5616 3078 5674; x_wconf 88' lang='lat' dir='ltr'><strong>pro</strong></span> <span class='ocrx_word' id='word_1_781' title='bbox 3110 5617 3272 5679; x_wconf 70' lang='lat' dir='ltr'><strong>more</strong></span> <span class='ocrx_word' id='word_1_782' title='bbox 3323 5618 3442 5679; x_wconf 79' lang='lat' dir='ltr'><strong>suo</strong></span> <span class='ocrx_word' id='word_1_783' title='bbox 3488 5596 3688 5679; x_wconf 56' lang='lat' dir='ltr'><strong>fusius</strong></span> <span class='ocrx_word' id='word_1_784' title='bbox 3714 5596 3818 5679; x_wconf 64' lang='grc' dir='ltr'><strong>ἰὴ</strong></span> 
     </span>
    </p>
   </div>
   <div class='ocr_carea' id='block_1_113' title="bbox 2174 5666 3600 5751">
    <p class='ocr_par' dir='ltr' id='par_1_113' title="bbox 2174 5666 3600 5751">
     <span class='ocr_line' id='line_1_115' title="bbox 2174 5666 3600 5751; baseline 0.012 -24"><span class='ocrx_word' id='word_1_785' title='bbox 2174 5666 2509 5733; x_wconf 82' lang='lat' dir='ltr'><strong>Hermanno</strong></span> <span class='ocrx_word' id='word_1_786' title='bbox 2540 5673 2777 5733; x_wconf 82' lang='lat' dir='ltr'><strong>narrata</strong></span> <span class='ocrx_word' id='word_1_787' title='bbox 2794 5666 2879 5732; x_wconf 44' lang='lat' dir='ltr'><strong>&#39;in&#39;</strong></span> <span class='ocrx_word' id='word_1_788' title='bbox 2898 5666 3313 5751; x_wconf 72' lang='lat' dir='ltr'><strong>compendium</strong></span> <span class='ocrx_word' id='word_1_789' title='bbox 3345 5675 3600 5745; x_wconf 74' lang='lat' dir='ltr'><strong>reduxit.</strong></span> 
     </span>
    </p>
   </div>
  </div>
