3982 6216
126 330 268 392 -261

1420 333 1899 398 CHRONICON.
1935 370 2009 381 -—-
2041 333 2231 398 SJEC.
2277 337 2380 398 XI.

3480 341 3595 401 262

1231 495 1439 551 CODD.
1473 496 2015 555 GOTTWCIENSIS
2045 499 2128 553 ET
2179 499 2562 555 MURENSIS.

179 591 663 665 propulsandam
679 593 898 650 auxilia
923 593 1226 666 delegavit.
1246 594 1322 649 Ea
1343 595 1635 666 siquidem
1659 613 1803 668 gens
1820 613 1853 652 a
1881 599 1936 662 Α
1965 597 2207 652 demach
2231 597 2839 668 [Haceldama]obiens
2860 596 3104 653 feliciter
3122 598 3419 670 sepelitur.
3435 599 3616 669 Cujus

176 682 562 754 temporibus
595 683 811 756 prioris
864 682 1095 738 Henrici
1150 683 1306 754 regis
1354 684 1508 754 (651)
1562 684 1620 738 in
1653 689 1848 756 partes

175 769 489 840 Calabriae,
513 772 770 828 Samnis:
801 770 1250 844 Campaniaeque
1280 771 1589 839 conﬂuxit;
1613 777 1689 839 et,
1713 773 1851 844 quia

176 859 482 932 indigenis
511 865 720 917 contra
753 861 899 918 281
931 860 1264 916 Graecorum
1296 865 1352 916 et
1395 861 1848 917 Sarracenorum

181 947 563 1006 incursiones
592 950 874 1006 audacter
895 947 1213 1022 praeliando
1244 949 1849 1022 auxiliabatur,primo

183 1041 494 1109 gratanter
523 1038 828 1110 accipitur.
865 1038 1072 1094 Postea
1091 1053 1223 1093 vero
1244 1037 1514 1110 pluribus
1543 1054 1745 1094 eorum
1777 1039 1849 1094 ad

189 1125 439 1182 uberem
449 1129 666 1182 terram
683 1126 1188 1193 concurrentibus,
1203 1126 1426 1183 viribus
1440 1127 1668 1183 adaucti
1692 1128 1852 1199 ipsos

194 1213 515 1287 indigetes,
549 1218 606 1270 et
655 1232 850 1271 eorum
882 1231 977 1270 res
1032 1214 1316 1270 violenter
1372 1216 1701 1287 possedere.
1749 1219 1852 1273 Leo

198 1307 328 1360 Ost.
365 1305 404 1357 ι.
439 1320 500 1368 n,
531 1320 577 1358 c.
608 1304 698 1381 84.
732 1335 798 1344 -—
833 1303 993 1359 Unde
1025 1304 1280 1359 domnus
1323 1321 1474 1375 papa
1503 1321 1634 1359 cum
1669 1304 1850 1377 pluri-

187 1391 312 1446 bus
345 1391 836 1447 Theutonicorum
871 1393 1117 1447 Romam
1149 1391 1401 1458 rediens,
1454 1397 1585 1464 post
1633 1393 1854 1449 Pascha

189 1484 402 1535 contra
432 1479 800 1536 Normannos
831 1481 1149 1536 exercitum
1182 1481 1382 1536 movit.
1418 1483 1551 1546 Sed,
1599 1482 1849 1538 exercitu

191 1568 330 1638 ejus
360 1569 577 1641 partim
601 1569 1042 1642 fugato,partim
1068 1569 1258 1626 occiso
1279 1587 1313 1625 a
1333 1571 1707 1640 Normannis,
1729 1571 1854 1643 ipse

194 1657 429 1729 papain
449 1659 708 1729 quodam
731 1657 970 1713 castello
986 1658 1058 1714 ab
1080 1657 1163 1714 eis
1183 1659 1650 1725 obsessus,cum,
1675 1675 1854 1732 expu-

195 1750 381 1817 gnata
409 1746 536 1816 jam
561 1747 810 1818 jamque
865 1746 1213 1814 munitione,
1249 1747 1591 1803 necessitate
1621 1752 1857 1804 coactus

197 1835 682 1890 communionem
712 1834 796 1890 eis
848 1835 1011 1906 prius
1062 1835 1429 1890 interdictam
1460 1836 1852 1908 :reddidisset,

196 1927 483 1994 acceptus
514 1923 587 1978 ab
617 1923 724 1991 eis,
778 1923 1170 1978 Beneventum
1228 1927 1424 1979 tamen
1457 1940 1589 1980 cum
1641 1925 1859 1982 honore

198 2011 511 2067 reducitur
538 2010 738 2083 ibique
769 2028 842 2066 ne
887 2011 1120 2078 rediret,
1156 2011 1498 2083 aliquandiu
1548 2013 1859 2069 detinetur.

202 2099 330 2157 Otto
361 2101 605 2169 Frising.
637 2131 706 2140 -—
737 2100 884 2172 Ipsis
942 2100 1151 2155 diebus
1183 2099 1422 2172 quidam
1484 2101 1666 2169 lacus,
1717 2119 1866 2174 quos

200 2188 406 2245 Julius
437 2189 631 2245 Caesar
659 2193 959 2260 perpetuo,
987 2193 1052 2244 ut
1081 2191 1417 2261 putabatur,
1441 2191 1664 2262 quadro
1696 2206 1868 2263 opere

203 2277 399 2333 fertur
453 2277 834 2342 obstruxisse,
903 2277 1084 2333 nimia
1139 2295 1426 2350 aquarum
1485 2279 1868 2336 inundatione

208 2365 462 2431 eil‘racti,
487 2367 765 2422 Narniam
799 2366 1015 2422 flumen
1047 2367 1422 2440 Tiberimque
1443 2367 1596 2424 ultra
1625 2370 1867 2424 modum

218 2455 517 2511 exundare
536 2456 739 2522 fecere,
763 2455 1075 2527 subitaque
1103 2454 1378 2512 illuvione
1399 2457 1584 2512 multa
1604 2459 1866 2524 aedificia,

213 2545 354 2616 ipse
383 2561 528 2616 pons
555 2543 894 2600 Narniensis
952 2545 1204 2609 dirutus,
1255 2545 1542 2616 multique
1593 2547 1868 2603 mortales

216 2633 381 2691 282
411 2632 701 2705 assumpti
735 2636 892 2688 sunt.
951 2632 1273 2704 Imperator
1318 2633 1377 2688 in
1436 2635 1686 2690 Saxonia
1714 2636 1868 2707 apud

211 2721 641 2794 Meresipurch,
675 2728 1071 2778 commorante
1120 2739 1318 2778 secum
1369 2740 1502 2796 rege
1550 2725 1868 2794 Danorum,

213 2811 447 2868 Pascha
475 2811 610 2884 egit,
644 2810 908 2883 ipsisque
955 2811 1164 2867 diebus
1210 2812 1541 2868 Conradum
1592 2813 1872 2886 Bajoariae

213 2903 456 2967 ducem,
485 2900 578 2956 cui
631 2901 758 2971 jam
790 2901 954 2971 prius
1012 2900 1277 2956 infensus
1307 2906 1450 2970 erat,
1509 2901 1870 2970 incusatum,

212 2990 619 3063 quorumdam
647 2988 974 3060 principum
995 2987 1221 3060 judicio
1242 2989 1456 3045 ducatu
1480 2991 1871 3062 privavit.Quo

210 3085 335 3136 tem
346 3094 485 3152 pore
501 3082 560 3133 et
582 3078 837 3148 majores
857 3077 1180 3133 etminores
1193 3079 1355 3150 regni
1379 3079 1787 3151 imperatorem
1813 3097 1874 3137 se

210 3169 350 3241 ipso
372 3166 624 3223 multum
649 3166 993 3222 deleriorem
1021 3167 1140 3222 fore
1161 3168 1574 3224 causabantur.
1592 3169 1660 3224 Et
1681 3169 1788 3226 hoc
1818 3175 1874 3226 et

215 3256 511 3328 superiori
534 3271 689 3311 anno
713 3255 947 3326 frugum
966 3255 1209 3327 penuria
1226 3256 1375 3311 facta
1391 3261 1479 3312 est
1493 3274 1608 3313 non
1622 3259 1870 3314 modica.

1892 1966 1940 2032 B

1964 685 2296 758 exemplum
2325 686 2522 758 plures
2554 687 2786 741 tandem
2811 687 2997 742 secuti
3023 719 3089 726 —
3113 692 3270 742 sunt.
3297 688 3616 760 Imperator

1961 773 2270 841 Henricus,
2300 773 2499 829 habito
2532 774 2686 845 apud
2719 774 3053 829 Triburiam
3084 779 3391 843 conventu,
3426 776 3610 831 filium

1961 879 2134 917 suum
2169 863 2530 934 mquivocum
2553 878 2748 934 regem
2784 880 2816 918 a
2847 863 3071 918 cunctis
3103 863 3260 936 eligi,
3283 864 3454 935 eique
3487 870 3617 936 post

1961 952 2185 1006 obitum
2219 968 2417 1016 suum,
2451 951 2498 1006 si
2533 956 2720 1006 rector
2741 952 2942 1021 justus
2968 953 3195 1006 futurus
3218 957 3392 1018 esset,
3424 954 3617 1022 subje-

1961 1040 2211 1095 ctionem
2234 1039 2491 1111 promitti
2513 1039 2664 1093 fecit.
2689 1038 2830 1093 Illuc
2847 1040 3148 1094 Conradus
3167 1041 3392 1096 dudum
3414 1042 3619 1112 Bajoa-

1959 1128 2056 1182 ria:
2080 1128 2195 1182 dux
2215 1128 2354 1182 dum
2388 1144 2501 1182 non
2528 1129 2801 1194 venisset,
2823 1132 2879 1183 et
2901 1128 3190 1198 Hungaris
3212 1146 3273 1184 se
3296 1130 3610 1201 adjungerc

1960 1221 2263 1282 tentasset,
2297 1216 2648 1288 quibusdam
2687 1217 2839 1272 23-!
2890 1216 3014 1270 suis
3047 1217 3519 1288 possessionibus
3546 1219 3617 1272 ab

1959 1305 2308 1376 imperatore
2325 1305 2582 1377 privatus
2597 1305 2992 1378 es’t.1bietiam
3019 1305 3189 1376 legati
3211 1306 3448 1360 Andreze
3466 1307 3619 1375 regis

1963 1393 2498 1465 Hungarorum,qui
2528 1411 2628 1465 pro
2649 1410 2784 1464 pace
2800 1395 3202 1464 componenda
3229 1394 3622 1457 advenerunt,

1964 1483 2070 1552 [re]
2093 1481 2411 1554 composita
2435 1483 2506 1536 ab
2531 1482 2878 1553 imperatore
2901 1482 3126 1536 remissi
3155 1481 3542 1536 sunt.llacilin
3555 1500 3623 1536 us

1964 1570 2452 1642 Babinbergensis
2499 1571 2810 1642 episcopus
2859 1571 3098 1626 infamis
3131 1570 3392 1626 moriens
3425 1570 3624 1626 locum

1965 1659 2127 1714 dedit
2158 1659 2326 1728 (652).

2038 1748 2178 1801 4054
2208 1747 2524 1818 Imperator
2554 1764 2686 1801 vero
2719 1747 2775 1800 in
2807 1746 3128 1816 Bajoariam
3165 1745 3420 1814 veniens,
3446 1747 3622 1802 duca-

1965 1839 2090 1890 tum
2121 1835 2249 1904 ejus
2309 1835 2613 1906 provincia:
2673 1835 2791 1890 tilio
2851 1852 2954 1890 suo
3006 1835 3297 1906 aequivoco
3355 1835 3614 1890 tradidit.

1971 1923 2296 1996 Sicque,’,in
2329 1925 2529 1978 eadem
2564 1939 2934 1978 commorans
2985 1923 3305 1995 provincia,
3357 1923 3621 1978 Natalem

1976 2013 2205 2070 Domini
2229 2012 2286 2067 in
2311 2011 2445 2066 villa
2466 2012 2702 2083 Ottinga
2718 2011 3058 2083 egit,ibique
3085 2012 3624 2084 Babenbergensem

1976 2103 2374 2175 episcopatum
2409 2100 2757 2157 Adalberoni
2809 2100 3154 2156 consobrino
3203 2117 3309 2155 suo
3341 2101 3486 2170 (653)
3518 2101 3626 2154 do-

1976 2191 2219 2257 navit,et
2244 2191 2459 2260 sic,per
2478 2188 2880 2243 Alemanniam
2903 2187 3214 2255 transiens,
3237 2189 3448 2260 Turegi
3481 2189 3627 2251 Qua-

1975 2280 2369 2350 dragesimam
2419 2277 2730 2334 inchoavit.
2786 2277 3094 2348 Moguntim
3145 2281 3339 2331 autem
3400 2277 3622 2331 Pascha

1978 2367 2310 2434 celebravit,
2347 2367 2444 2422 ubi
2477 2367 2850 2422 Theobaldus
2897 2366 3116 2420 Odonis
3157 2365 3334 2431 filius,
3371 2367 3440 2420 ad
3493 2382 3625 2420 eum

1977 2459 2049 2513 de
2073 2457 2275 2513 Galliis
2299 2455 2809 2522 adveniens,miles
2833 2456 2959 2524 ejus
2982 2454 3325 2510 efficitur.——-
3351 2455 3630 2510 Dominus

1979 2564 2131 2618 papa
2160 2546 2394 2601 tandem
2421 2545 2674 2600 instante
2707 2543 2967 2616 paschali
2993 2549 3250 2614 tempore
3278 2543 3520 2598 Romam
3549 2561 3630 2598 re-

1977 2652 2180 2690 versus
2201 2633 2674 2706 segrotans,235
2701 2631 3091 2687 invalescente
3111 2631 3168 2686 in
3188 2631 3312 2685 dies
3330 2631 3632 2703 languore,

1979 2725 2230 2797 glorioso
2250 2724 2426 2790 exitu,
2444 2723 2674 2778 cunctis
2695 2723 2859 2793 prius
2876 2721 3227 2776 benedicens
3243 2725 3298 2776 et
3318 2720 3634 2776 admonitis

1979 2814 2330 2880 valedicens,
2385 2816 2441 2868 et
2486 2813 2544 2867 S.
2582 2811 2745 2866 Petro
2798 2814 3032 2882 peccata
3060 2827 3168 2864 sua
3216 2809 3546 2874 confessus,
3576 2814 3634 2863 et

1981 2903 2354 2959 devotissime
2377 2919 2438 2958 se
2458 2901 2540 2956 illi
2565 2899 3007 2964 commendans,
3031 2917 3124 2954 xvr
3151 2898 3273 2954 Kal.
3300 2898 3433 2954 Maii
3457 2897 3622 2964 obiit,

1980 2997 2037 3047 et
2068 2992 2125 3047 in
2157 2989 2398 3047 basilica
2435 2991 2492 3044 S.
2520 2988 2670 3044 Petri
2695 2989 2863 3059 juxta
2891 2992 2946 3041 S.
2981 2987 3242 3060 Gregorii
3294 2986 3631 3058 sepulcrum

1981 3079 2246 3153 sepultus
2261 3077 2560 3134 miraculis
2573 3077 2854 3133 claruisse
2869 3082 3228 3132 memoratur
3240 3075 3632 3132 —Gotifridus

1983 3171 2099 3226 dux
2131 3169 2340 3225 iterum
2370 3167 2650 3222 rebellare
2698 3165 3036 3238 imperatori
3082 3164 3340 3234 molitur,
3372 3169 3450 3230 et,
3483 3163 3632 3219 clam

1985 3257 2209 3314 Italiam
2232 3255 2791 3329 ingrediens,ibique
2804 3255 3100 3310 dominam
3121 3253 3439 3308 Beatricem
3464 3253 3634 3324 (654),

217 3346 380 3404 288
410 3343 822 3400 Werinharius
849 3343 1159 3416 Augiensis
1199 3345 1525 3402 monachus
1557 3347 1874 3403 admodum
1909 3333 1951 3398 C
1987 3347 2222 3402 viduam
2257 3350 2388 3418 post
2410 3349 2656 3400 mortem
2689 3343 2794 3397 viri
2830 3343 2920 3398 sui
2944 3341 3300 3397 marchionis
3332 3341 3634 3407 Bonifacii,

216 3436 435 3490 doctus
464 3437 520 3489 et
539 3449 671 3488 vere
717 3430 983 3504 religioni
1015 3433 1266 3497 deditus,
1301 3435 1495 3490 studio
1524 3435 1650 3491 vitm
1683 3437 1874 3508 perfe-

217 3523 426 3579 ctioris
439 3519 986 3594 ﬂagrans,peregrin
997 3522 1144 3577 ando
1158 3522 1214 3576 in
1235 3522 1562 3580 Jerusalem
1577 3526 1876 3596 proChris-

212 3617 279 3668 to
304 3627 545 3684 peregre
567 3611 862 3683 profectus
886 3615 997 3678 est,
1020 3609 1207 3666 etillic
1228 3611 1402 3668 etiam
1435 3613 1495 3668 in
1518 3630 1654 3686 agro
1674 3614 1877 3671 Achel-

1986 3435 2096 3492 sibi
2129 3436 2188 3490 in
2219 3435 2555 3506 eonjugium
2588 3430 2908 3504 copulavit,
2943 3430 3269 3486 Balduinus
3299 3431 3638 3503 imperatori

1987 3523 2252 3581 rebellat.

1016 3742 1322 3790 HUCUSQUE
1348 3744 1634 3785 caaomcs
1664 3748 1989 3787 annuum.
2020 3744 2231 3786 sumne
2261 3741 2667 3783 nancnromvs
2693 3725 2860 3796 (655).

1653 3847 1839 3903 EDIT.
1888 3845 2213 3904 URSTISII.

217 3942 455 4000 buriam
482 3949 736 3997 conventu
769 3939 973 4006 habito,
1005 3941 1186 4012 ﬁlium
1227 3943 1566 4016 aequivocum
1612 3961 1642 3999 a
1673 3947 1880 4001 cunctis

206 4031 366 4100 eligi
393 4032 548 4102 eique
571 4034 690 4101 post
719 4030 930 4086 obitum
960 4046 1142 4095 suum,
1173 4033 1228 4086 si
1254 4040 1430 4087 rector
1439 4035 1633 4104 justus
1659 4035 1882 4104 futurus

213 4127 379 4186 esset,
406 4119 791 4190 subjectionem
821 4120 1070 4189 promitti
1115 4121 1266 4190 fecit.
1322 4120 1402 4174 Ad
1458 4137 1618 4191 quem
1646 4138 1880 4178 conven-

216 4220 343 4266 tum
398 4225 523 4263 cum
586 4207 865 4264 Conradus
920 4207 1124 4262 dudum
1184 4209 1455 4269 Baioariw
1528 4209 1644 4265 dum
1698 4213 1885 4266 venire

217 4299 440 4361 nolens,
471 4313 594 4351 cum
621 4295 890 4367 expeditis
910 4297 1182 4352 militibus
1204 4299 1323 4368 regi
1337 4297 1604 4354 rebellare
1630 4300 1881 4368 moliens,

221 4386 522 4455 Hungaris
564 4401 620 4441 se
641 4385 878 4456 jungere
907 4389 1176 4453 tentasset,
1207 4386 1541 4456 quibusdam
1571 4388 1732 4455 inibi,
1766 4404 1886 4460 qua

221 4477 385 4548 prius
443 4474 724 4542 habuerat,
787 4475 1208 4544 possessionibus
1264 4477 1380 4530 suis
1436 4475 1506 4531 ab
1561 4478 1888 4548 imperatore

219 4565 480 4637 privatus
499 4571 596 4628 est,
629 4579 721 4617 eas
751 4565 912 4632 quasi
947 4564 1202 4632 legaliter
1228 4566 1560 4636 acquirente.
1596 4565 1676 4620 lbi
1723 4568 1888 4621 etiam

229 4653 403 4722 legati
447 4651 682 4708 Andreae
708 4653 850 4722 regis
893 4653 1277 4724 Hungarorum
1318 4669 1421 4724 pro
1448 4669 1582 4725 pace
1605 4662 1886 4726 pactoque,

226 4758 378 4807 cum,
436 4741 778 4812 suffragante
836 4740 1221 4796 Ratisbonense
1275 4743 1518 4814 episcopo
1567 4743 1892 4798 immensam

223 4830 540 4903 pecuniam,
572 4843 803 4900 suaque
844 4831 1146 4900 provinciw
1173 4838 1403 4901 partem,
1433 4832 1504 4900 [et
1552 4831 1623 4886 ad
1668 4831 1888 4904 expedi-

229 4921 405 4976 tiones
433 4935 642 4986 omnes,
671 4922 886 4990 praeter
913 4919 1183 4988 Italicam,
1219 4935 1341 4976 suos
1389 4921 1561 4976 ituros
1605 4923 1891 4992 promitte-

1989 3951 2128 4011 rent,
2164 3945 2466 4013 imperator
2494 3956 2556 3995 ea
2585 3955 2641 3994 se
2670 3942 3013 4008 accepturum
3054 3937 3162 4005 ﬁde
3204 3936 3332 3991 data
3373 3936 3641 4008 spondens

1988 4049 2077 4090 eos
2106 4032 2342 4088 remisit.
2382 4028 2684 4084 Iladamuta
2716 4028 2842 4098 (656
2888 4025 2952 4081 de
3004 4026 3324 4094 Nuinburgo
3363 4025 3640 4082 abbatissa

1989 4121 2338 4186 venerabilis,
2370 4135 2489 4190 quae
2519 4119 2694 4172 locum
2739 4133 2898 4170 suum
2952 4117 3114 4186 prius
3161 4131 3296 4187 pene
3341 4115 3640 4186 dilapsum,

1993 4221 2142 4268 intra
2173 4213 2221 4266 et
2251 4213 2408 4264 extra
2438 4207 2794 4262 laudabiliter
2830 4209 3211 4275 recuperatum
3265 4207 3326 4259 in
3371 4206 3649 4277 optimum

1992 4301 2292 4358 deduxerat
2319 4303 2542 4364 statum,
2577 4297 2747 4351 aliam
2790 4311 2891 4367 pro
2921 4311 2977 4350 se
3017 4295 3327 4365 designans,
3360 4301 3410 4349 et
3437 4296 3648 4349 sorori-

1997 4391 2093 4446 bus
2133 4391 2218 4461 pie
2249 4387 2543 4444 admonitis
2575 4386 2835 4440 ultimum
2865 4383 3190 4449 valedicens,
3224 4401 3279 4438 ιν
3330 4383 3448 4438 Καὶ.
3506 4384 3646 4440 Νου.

1993 4479 2252 4550 feliciter,
2286 4493 2315 4532 ο
2342 4478 2561 4531 utinam
2585 4479 2604 4528 !
2625 4473 2866 4529 decessit.
2900 4473 3193 4528 "trutinas
3217 4473 3406 4538 etiam,
3437 4471 3652 4526 Ballin-

1998 4566 2272 4636 bergensis
2302 4567 2576 4637 episcopus
2599 4563 2848 4634 infamis,
2879 4562 3120 4616 moriens
3150 4561 3329 4616 locum
3357 4559 3522 4614 dedit.

2069 4657 2209 4712 4054
2238 4656 2341 4710 Per
2389 4653 2531 4708 idem
2580 4661 2787 4722 tempus
2828 4649 3106 4706 Conradus
3151 4649 3356 4704 dudum
3407 4650 3541 4716 dum,
3575 4651 3656 4705 ab

2001 4744 2215 4800 Andrea
2243 4759 2368 4812 rege
2415 4743 2799 4810 Hungarorum
2841 4743 3124 4810 gratanter
3151 4743 3442 4810 susceptus,
3473 4739 3544 4803 ei,
3575 4755 3660 4797 ne

1999 4835 2299 4906 allegatum
2328 4848 2449 4886 cum
2500 4833 2828 4902 imperatore
2854 4828 3026 4899 [trdus
3053 4830 3333 4899 perﬁceret
3361 4827 3655 4898 dissuasit,

1999 4928 2051 4980 et
2078 4923 2294 4978 auxilio
2322 4921 2441 4990 ejus
2470 4919 2761 4989 quamdam
2801 4917 3097 4973 Carentani
3122 4920 3356 4989 partem,
3391 4930 3657 4986 quorum-

1839 5020 2049 5076 NOTZE

326 5117 450 5192 651)
476 5114 739 5192 Secundi
773 5113 1057 5192 videlicet.
1090 5114 1220 5192 Vid.
1255 5133 1347 5192 an.
1382 5117 1539 5192 1022.

231 5254 245 5262 ν,
302 5186 448 5262 (652)
479 5189 616 5246 Hac
648 5187 841 5262 gratis
872 5187 943 5241 de
974 5186 1222 5258 praesule
1271 5187 1416 5244 alias
1465 5187 1626 5243 haud
1673 5186 1890 5246 inﬁmis

231 5258 681 5321 laedis—asserta
708 5259 1001 5314 videntur.

291 5337 437 5409 (653)
470 5331 792 5409 Mathildis
819 5329 1043 5409 scilicet
1073 5328 1215 5409 filio,
1249 5329 1634 5409 quae_matr_is_
1661 5329 1893 5409 Henrici

225 5400 429 5468 Giselie'
450 5425 632 5467 soror
661 5407 819 5469 erat,
855 5406 1038 5474 nupta
1068 5400 1332 5474 Conrado
1378 5400 1685 5474 Carinthiaa
1736 5402 1890 5459 duci.

297 5484 427 5542 654)
464 5490 545 5540 De
579 5481 701 5537 hac
735 5473 996 5531 BeatriCe
1024 5473 1138 5528 vid.
1176 5489 1309 5528 mox
1337 5490 1430 5528 an.
1465 5473 1625 5528 4052.

297 5486 402 5542 654
464 5490 545 5540 De
579 5484 701 5537 hac
735 5484 996 5531 Beatrice
1024 5484 1138 5528 vna.
1176 5489 1309 5528 mox
1337 5490 1430 5528 an.
1465 5484 1625 5528 1052.

272 5484 427 5636 5652i
455 5556 585 5616 Hoc
620 5547 812 5636 nodo
834 5541 1900 5636 Elissae"-ﬁereanaielaaiuaj

203 5614 491 5703 aliiensi}:
524 5633 591 5692 et
654 5616 1164 5698 Engelbergensis
1196 5615 1442 5690 codices,
1506 5614 1608 5692 qui
1668 5614 1777 5674 soli
1831 5631 1901 5677 ex

2001 5113 2420 5190 reliquisiillud
2451 5113 2522 5190 ad
2545 5113 2729 5190 tinem
2750 5130 2936 5183 usque
2970 5115 3316 5190 perduxere1
3342 5127 3559 5190 nempe
3573 5116 3652 5172 ad

2002 5209 2096 5246 an.
2130 5183 2270 5245 ῘΙΟ54
2303 5201 2416 5256 quo
2467 5183 2610 5257 obiit
2657 5183 3025 5257 Hermannus
3064 5186 3156 5240 die
3184 5187 3251 5240 24
3284 5185 3464 5257 Sept,
3509 5189 3570 5257 et
3618 5204 3656 5242 a

2002 5278 2117 5334 quo
2148 5259 2281 5334 dein
2313 5253 2686 5334 prosequitur
2714 5256 2842 5325 ejus
2875 5255 3264 5323 continuator,
3299 5253 3652 5314 Bertholdus

2003 5325 2191 5404 ipsius
2208 5325 2564 5404 discipulus.

2075 5401 2222 5473 (656)
2253 5395 2533 5473 Bruschio
2565 5396 2916 5473 Iiademodis
2947 5396 3182 5473 dicitur,
3207 5402 3441 5473 ‘quarta
3471 5399 3647 5473 abba~

2005 5467 2151 5556 tissa
2165 5467 2544 5556 parthenqnis
2565 5467 2995 5556 ljeohurgensis
3012 5485 3190 5542 prope
3203 5467 3647 5556 Ingolstadium,

2007 5539 2278 5603 circa'an.
2317 5540 2474 5609 1007,
2509 5556 2542 5596 a
2572 5540 2629 5596 S.
2664 5539 2908 5602 Henrico
2938 5539 3081 5617 imp.
3110 5539 3406 5599 exstructi.
