3982 6216
415 365 542 432 263

1463 363 1827 426 CHRONIGI
1873 362 2288 425 HERMANNI
2331 359 2792 424 CONTRACT].

3714 352 3841 418 ια

1843 518 2030 576 EDIT.
2078 519 2402 577 URSTISII.

421 643 551 698 dam
579 642 743 697 etiam
756 640 1073 710 primatum,
1097 638 1194 708 qui
1220 651 1340 689 eam
1377 633 1744 706 possidebant,
1774 635 2060 690 machina-
2088 635 2145 702 Α
2173 636 2456 691 auxilium
2501 649 2664 689 suum
2692 633 2782 689 illi
2821 632 3103 704 pollicitus
3130 637 3229 688 est.
3260 657 3331 672 --
3361 627 3629 686 Dominus
3652 643 3842 702 papa,

419 733 584 794 tione,
616 728 745 784 aliis
771 725 1019 797 expulsis
1038 723 1396 796 primoribus,
1431 724 1680 777 invasam
1707 723 1870 793 cepit.
1894 723 2064 794 Impe-

419 822 573 872 rator
602 831 723 871 vero
773 816 834 869 in
880 814 1199 885 Bajoariam
1241 813 1482 877 veniens,
1522 811 1780 866 ducatum
1824 812 2064 881 ejusdem

414 905 709 976 provincia
728 903 843 972 ﬁlio
861 917 958 957 suo
975 903 1248 973 aequivoco
1281 899 1532 955 tradidit.
1566 900 1760 971 Sicque
1788 899 1846 954 in
1875 900 2064 956 eadem

414 1007 751 1047 commorans
806 991 1090 1061 provincia
1117 989 1364 1044 Natalem
1409 989 1630 1044 Domini
1676 990 1736 1043 in
1787 989 1924 1043 villa
1977 989 2064 1043 0t-

414 1084 564 1151 tinga
583 1081 712 1151 egit,
745 1079 923 1151 ibique
945 1078 1396 1148 Babinbergensis
1420 1077 1676 1132 Ecclesia:
1695 1078 2064 1147 praesulatum

411 1170 727 1225 consobrino
777 1184 873 1222 suo
906 1167 1232 1222 Adalberoni
1260 1165 1500 1221 donavit.
1535 1196 1602 1204 —
1631 1165 1849 1230 Deinde,
1878 1165 2061 1219 habito

414 1259 714 1314 Ilatzsbonae
755 1257 1043 1328 colloquio,
1093 1272 1192 1326 per
1245 1256 1627 1310 Alemanniam
1684 1255 1977 1318 transiens,
2009 1261 2062 1308 et

408 1347 627 1418 furibus
658 1347 908 1415 infestus,
940 1343 1214 1398 nonnulla
1243 1360 1431 1399 eorum
1479 1342 1854 1397 conventicula
1899 1343 2063 1396 exuri

400 1437 624 1507 jubens,
686 1435 881 1502 Turegi
940 1432 1426 1501 Quadragesimam
1482 1431 1779 1496 inchoavit,
1835 1434 1905 1497 et,
1965 1446 2062 1501 per

411 1525 614 1595 ripales
646 1521 820 1578 Rheni
850 1523 1010 1576 urbes
1056 1521 1328 1592 paulatim
1374 1518 1715 1586 descendens,
1767 1517 2062 1589 Moguntite

406 1613 668 1684 paschale
687 1614 890 1682 festum
913 1610 1230 1675 celebravit,
1263 1609 1358 1664 ubi
1382 1607 1746 1665 Theodbaldus
1791 1607 1939 1676 ﬁlius
1970 1608 2060 1663 0t-

412 1703 570 1765 tonis,
591 1700 660 1756 ad
680 1715 806 1755 eum
825 1699 889 1754 de
912 1698 1106 1754 Galliis
1127 1700 1366 1765 veniens,
1402 1702 1453 1753 et
1493 1698 1650 1752 miles
1679 1712 1796 1768 ejus
1819 1697 2058 1768 effectus,

2170 740 2296 779 cum
2321 724 2470 796 apud
2492 721 3076 790 Beneventum,divino
3099 721 3585 776 intentusservitio
3603 717 3712 774 diu
3741 718 3840 774 da-

2170 821 2434 883 moratus,
2477 811 2696 867 tandem
2741 814 2980 866 instante
3030 808 3279 882 paschali
3334 815 3572 880 tempore
3602 808 3842 862 Romam

2168 905 2443 972 aegrotans
2473 914 2718 956 reversus
2741 907 2896 966 esset,
2920 899 3281 954 invalescente
3309 897 3370 952 in
3390 895 3508 952 dies
3531 897 3838 965 languore,

2169 990 2405 1057 glorioso
2432 990 2606 1055 exitu,
2636 989 2846 1043 cunctis
2870 988 3029 1058 prius
3079 985 3396 1042 benedicens
3425 992 3478 1040 et
3521 983 3837 1040 admonitis

2170 1078 2498 1144 valedicens,
2531 1080 2819 1148 sanctoque
2846 1077 3009 1132 Petro
3052 1083 3274 1146 peccata
3316 1091 3420 1130 sua
3443 1075 3749 1144 confessas,
3781 1076 3838 1129 et

2168 1167 2350 1222 devote
2392 1183 2446 1222 se
2475 1167 2567 1220 illi
2613 1165 3016 1230 commendans,
3047 1181 3142 1219 xv:
3172 1163 3400 1220 Kalend.
3451 1163 3624 1218 Haias
3667 1163 3833 1230 obiit,

2167 1258 2218 1311 et
2258 1257 2316 1310 in
2349 1255 2579 1310 basilica
2598 1255 2654 1310 S.
2687 1255 2844 1309 Petri
2864 1254 3031 1324 juxta
3059 1253 3371 1324 sepulcrum
3401 1251 3460 1308 S.
3491 1252 3668 1323 Papa:
3701 1250 3834 1307 Gre-

2167 1345 2311 1413 gorii
2363 1344 2621 1414 sepultus,
2680 1343 2971 1397 miraculis
3025 1341 3295 1396 claruisse
3347 1347 3714 1396 memoratur.
3765 1361 3835 1380 ο-ι-

2168 1431 2478 1501 Gotefridus
2533 1433 2734 1486 iterum
2788 1438 2976 1485 contra
3027 1431 3414 1501 imperatorem
3467 1427 3834 1499 tyrannidem

2170 1522 2395 1589 invasit,
2442 1520 2768 1592 Italiamque
2797 1520 3031 1575 latenter
3057 1519 3269 1586 adiens,
3317 1519 3629 1575 Beatricem
3654 1519 3830 1574 Boni-

2167 1611 2307 1680 facii
2337 1608 2610 1680 quondam
2636 1609 2974 1664 marchionis
3004 1608 3228 1664 viduam
3257 1623 3486 1665 uxorem
3510 1608 3750 1679 accepit.

1691 1837 1784 1876 PIN
1795 1837 1846 1876 IT
1876 1835 2230 1876 HERMANNUS
2261 1834 2531 1876 URSTISII.

1039 2131 2003 2299 CHBONICI
2114 2009 3189 2297 HERMANNI

1789 2372 2440 2448 CONTINUATIO

1567 2523 1659 2578 AB
1686 2521 1878 2579 ANNO
1913 2524 2089 2580 MLIV
2134 2523 2362 2589 USQUE
2399 2523 2655 2580 MLXVI.

1094 2667 1225 2730 Una
1253 2685 1382 2726 cum
1412 2668 1537 2746 ejus
1581 2666 1711 2727 Vita
1740 2666 1966 2748 scripta
1993 2685 2032 2728 a
2062 2665 2380 2728 Bert/ioldo
2423 2667 2552 2746 ejus
2600 2665 2890 2747 discipulo
2917 2666 3128 2746 (656').

767 2819 869 2889 (Ex
903 2834 1044 2874 mss.
1079 2817 1377 2873 codicibus
1411 2817 1689 2883 Murensi,
1722 2816 2175 2891 Engelbergensi
2205 2821 2260 2872 et
2301 2815 2685 2873 Gottwicensi
2740 2815 2969 2872 collatis
2999 2833 3132 2872 cum
3165 2815 3462 2883 Urstisio.)

1615 3085 1959 3142 ’³⁸⁸³⁵³
2020 3095 2610 3185 MONITUM.

486 3386 1356 3460 Undebanc(continuationem
1387 3386 1670 3460 hauserit,
1693 3387 1844 3442 haud
1877 3388 2149 3460 equidem
2183 3389 2403 3460 indicat
2427 3386 2729 3460 Urslisius,
2752 3385 2908 3460 haud
2931 3385 3177 3440 dubium
3200 3387 3402 3460 tamen
3415 3382 3655 3460 quiue:
3668 3383 3818 3458 prio-

415 3458 576 3514 ribus
607 3459 982 3531 editionibus.
1013 3458 1174 3531 certe
1197 3475 1310 3513 non
1345 3458 1592 3531 habetur
1621 3459 1677 3512 in
1702 3457 2062 3531 autographa
2080 3459 2348 3531 Bernoldi
2375 3459 2592 3531 codice,
2617 3475 2876 3531 quocum
2896 3457 3051 3513 bucu

3127 3472 3200 3512 ue
3217 3457 3734 3528 Sen-Georgianus
3746 3470 3819 3528 ex

411 3547 541 3584 asse
571 3530 1022 3600 conspiraverat.
1053 3529 1242 3584 Nostri
1266 3546 1399 3584 vero
1432 3530 1658 3601 codices
1679 3526 2290 3601 eamd'em'separatim
2323 3547 2436 3584 non
2465 3526 2757 3595 exhibent,
2782 3529 2882 3585 sed
2905 3545 3048 3601 cum,
3065 3526 3250 3601 altera
3273 3526 3720 3601 dictiBernoldi
3740 3527 3817 3582 ita

411 3599 806 3665 commistam,
831 3605 895 3655 ut
927 3607 1119 3655 tamen
1153 3618 1280 3672 qua:
1310 3600 1502 3671 primi,
1583 3618 1666 3654 uae
1694 3601 1937 3656 secundi
1968 3599 2390 3656 contionatoris
2413 3601 2552 3666 sint,
2583 3616 2652 3655 ex
2677 3601 2806 3672 ipsa
2835 3599 3186 3655 narrationis
3217 3601 3366 3655 serie
3397 3599 3645 3668 liqueat.
3680 3605 3819 3654 Pras-

413 3673 703 3725 mittimus
732 3671 913 3725 initur
941 3677 1161 3725 textum
1201 3671 1448 3725 Urstisii.
1480 3617 1779 3725 co%icibus
1812 3689 1971 3725 more
2003 3671 2309 3725 hucusuue
2338 3672 2509 3725 solito
2541 3671 2889 3725 subnotatis.
2935 3675 3217 3725 Caterum
3249 3671 3320 3725 de
3349 3669 3670 3725 Bertholdo
3699 3672 3818 3725 eius

1480 3688 1544 3726 (ΣΟ

413 3671 913 3753 mittimusigitur
941 3671 1179 3753 textum
1201 3671 1448 3753 Uret-isii,

409 3749 641 3800 auctore
667 3742 928 3799 diximus
960 3743 1017 3798 in
1051 3743 1458 3799 dissertatione
1487 3743 1556 3798 ad
1594 3742 2018 3798 Hermannum.

1592 3672 1779 3744 icibus
1812 3689 1971 3727 more
2003 3671 2309 3744 hucusque
2338 3672 2509 3727 solito
2541 3669 2889 3727 subnotatis.
2935 3675 3217 3726 Caeterum
3249 3671 3320 3727 de
3349 3669 3670 3728 Bertholdo
3699 3672 3818 3742 ejus

1816 3866 2054 3923 EDITIO
2087 3867 2417 3923 URSTISII.

485 3984 620 4039 1054
653 3983 1046 4040 Herimannus
1066 3984 1238 4054 (657),
1271 3981 1588 4038 Woll’eradi
1620 3982 1850 4038 comitis
1881 3982 2057 4049 ﬁlius,
2093 3986 2139 4050 Β
2169 3983 2242 4038 ab
2272 3981 2621 4053 imperatore
2637 3971 2946 4055 Mogunti'ze
2970 3980 3252 4046 factus,in
3275 3997 3389 4053 quo
3411 3981 3814 4038 Gebehardus.

410 4073 482 4128 ab
497 4072 741 4127 infantia
761 4073 1037 4128 omnibus
1056 4071 1336 4127 membris
1362 4076 1718 4134 contractus,
1739 4071 1837 4126 sed
1857 4087 2063 4126 omnes

412 4167 550 4216 tunc
583 4161 864 4231 temporis
892 4160 1046 4216 viros
1078 4160 1368 4232 sapientia
1397 4167 1452 4214 et
1482 4159 1794 4215 virtutibus
1832 4158 2063 4231 praeel-

412 4246 560 4311 lens,
596 4247 653 4301 in
684 4246 1011 4302 Alesbusan
1046 4248 1262 4317 prsidio
1311 4263 1418 4301 suo
1467 4246 1780 4302 defunctus
1823 4248 1968 4318 (658)
2001 4262 2066 4302 ac

416 4334 685 4405 sepultus
715 4338 824 4390 est.
857 4365 924 4375 —-
973 4333 1352 4390 Werinberus
1380 4333 1525 4404 (659)
1558 4337 1614 4388 et
1645 4333 1955 4391 Liutberus
2005 4335 2065 4391 in

417 4421 936 4494 Hierosolymitano
957 4423 1163 4479 itinere
1185 4421 1446 4477 defuncti
1463 4426 1623 4476 sunt.
1648 4451 1715 4462 -——
1735 4421 2067 4480 Conventus

2173 4069 2587 4126 Eistetensium
2620 4071 2773 4127 252
2803 4071 3114 4142 episcopus
3143 4069 3216 4124 ab
3242 4069 3538 4142 episcopis
3586 4069 3826 4138 electus,

2175 4159 2540 4231 Romamque
2571 4159 2811 4225 missus,
2843 4159 3041 4230 ibique
3070 4156 3388 4214 honorifice
3409 4157 3827 4232 susceptus,in

2174 4247 2442 4318 sequenti
2464 4245 2921 4318 Quadragesima
2939 4245 3089 4318 (660)
3112 4246 3171 4302 in
3195 4247 3370 4303 Casna
3393 4246 3635 4302 Domini
3665 4244 3828 4303 CLIV

2175 4350 2326 4406 papa
2355 4335 2681 4402 ordinatus,
2713 4335 2963 4392 Victoris
2992 4335 3234 4391 secundi
3264 4349 3478 4392 nomen
3511 4335 3756 4408 accepit.

1954 4538 2271 4596 CODICES.

490 4651 624 4706 1054
657 4651 958 4708 Conventus
984 4651 1071 4706 ab.
1111 4691 1124 4704 .
1161 4692 1174 4704 .
1207 4648 1537 4705 Gebehartus
1566 4651 1912 4710 Aureatensis
1941 4655 2238 4728 episcopus.
2276 4697 2289 4710 .

2327 4697 2340 4710 .
2378 4672 2575 4713 nomen
2604 4658 2826 4729 accepit.

1991 4780 2226 4836 NOTIE.

486 4895 659 4967 (656')
689 4892 851 4949 Hanc
867 4891 1056 4947 Vitam
1084 4890 1356 4946 dedimus
1379 4906 1556 4963 supra
1585 4891 1642 4947 in
1676 4895 1970 4965 prooemiis
1989 4896 2060 4951 ad

417 4965 840 5022 He‘rmanuum.

485 5039 631 5109 (637)
666 5037 782 5091 Hoc
811 5032 1022 5109 elogio
1044 5031 1454 5109 destituuntur
1491 5034 1738 5109 codices,
1781 5037 1880 5109 qui
1915 5038 2060 5109 inte-

419 5104 580 5180 gram
613 5104 742 5180 ejus
765 5104 1228 5180 Vitam_sistunt;
1255 5121 1357 5160 nec
1382 5104 1556 5180 etiam
1581 5104 1829 5180 habetur
1849 5108 1908 5162 in
1935 5107 2064 5180 Beu-

417 5176 1273 5261 noldi.co‘dice,‘quio‘Chronicon
1295 5177 1630 5261 continuato
1657 5177 1752 5260 filo
1777 5195 1963 5261 usque
1989 5179 2062 5234 ad

416 5267 512 5305 an.
534 5252 554 5304 Ι
577 5251 682 5321 100
696 5246 980 5321 perduxit,
1003 5249 1148 5321 quin
1167 5247 1347 5321 ullam
1369 5247 1682 5321 Hermanni
1702 5246 2062 5305 mentionem

418 5321 611 5376 faciat.
665 5317 727 5374 In
779 5317 988 5374 Chron.
1021 5317 1100 5376 'S.
1136 5319 1310 5374 Blasii
1359 5319 1429 5375 ad
1466 5319 1522 5376 b.
1556 5339 1606 5375 ιι.
1645 5320 1896 5390 legitur:
1928 5322 2061 5376 Her-

415 5407 654 5446 mannus
704 5390 1034 5459 Contractus,
1076 5393 1232 5447 homo
1263 5393 1375 5460 Dei,
1409 5409 1506 5446 vm
1540 5392 1668 5447 Kal.
1704 5392 1880 5449 Octob.
1932 5393 2059 5463 feli-

415 5464 556 5523 citer
581 5463 897 5523 exspiravit.

2243 4895 2390 4968 (659)
2421 4893 2524 4968 Hic
2568 4896 2744 4968 frater
2787 4899 2910 4953 erat
2959 4893 3275 4952 Hermanni
3328 4893 3647 4951 Contracti.
3699 4891 3825 4951 Vid.

2172 4983 2354 5023 supra
2385 4967 2454 5022 ad
2487 4984 2584 5023 an.
2617 4967 2778 5023 4053.

2263 5035 2390 5109 660)
2421 5042 2668 5094 Causam
2694 5039 2898 5094 tandiu
2930 5037 3122 5094 dilatae
3169 5036 3564 5109 ordinationis
3595 5035 3830 5109 exponit

2172 5107 2498 5182 anOnymus
2520 5111 2995 5182 Ha_s_enriedanus
3024 5109 3085 5164 in
3115 5109 3243 5182 ejus
3259 5107 3570 5182 Yitaapud
3598 5107 3830 5182 (Gretse-

2171 5178 2570 5264 rum,'opp._t.
2603 5180 2669 5249 X,
2704 5197 2761 5252 p.
2793 5181 2900 5236 847
2923 5196 3092 5306 seqq.
3110 5178 3488 5236 Gebehardus
3511 5181 3830 5263 autem.”-

2171 5255 2253 5306 tre
2281 5255 2591 5306 Hartwiao.
2625 5255 2802 5306 matre
2827 5267 2954 5306 vero
2978 5253 3043 5306 Bt
3071 5267 3159 5306 ιω
3188 5253 3374 5306 natus.
3403 5247 3607 5306 Suevta
3636 5265 3826 5306 oriun-

2171 5257 2253 5306 tre
2281 5257 2591 5323 Hartwigo,
2625 5257 2802 5307 matre
2827 5267 2954 5308 vero
2978 5257 3159 5307 Biliza
3188 5257 3374 5316 natus,
3403 5257 3607 5306 Suevia
3636 5257 3826 5306 oriun-

2170 5322 2270 5378 dus
2291 5324 2523 5389 exstitit,
2557 5330 2609 5378 et
2636 5324 2802 5378 etiam
2827 5323 3090 5394 regalem,
3140 5331 3200 5378 ut
3225 5324 3338 5393 ipse
3362 5323 3666 5394 fieinricus

2169 5395 2468 5464 fatebatur,
2494 5395 2811 5520 prosapiam
2840 5389 2910 5449 ei:
2934 5403 3095 5466 parte
3122 5389 3326 5464 attigit.
3360 5393 3568 5448 Frater
3608 5389 3826 5450 scilicet

2171 5468 2296 5520 erat
2316 5464 2610 5520 Adalberti
2641 5465 2660 5520 Ι
2715 5464 2944 5520 comitis
2975 5465 3045 5520 de
3065 5465 3284 5520 Calwa.
3311 5463 3383 5518 de
3413 5479 3533 5520 auo
3556 5463 3823 5520 pluribus

2171 5468 2296 5539 erat
2316 5463 2610 5539 Adalberti
2639 5463 2692 5539 ll
2715 5463 2949 5539 comitis
2975 5463 3284 5539 degalwa,
3301 5463 3393 5539 de
3413 5479 3533 5536 quo
3556 5463 3823 5539 pluribus

488 5533 635 5610 (658)
669 5533 750 5592 lbi
780 5534 1011 5611 quidem
1044 5533 1328 5611 sepultus,
1361 5539 1420 5592 at
1450 5533 1505 5592 in
1536 5533 1726 5609 Augia
1755 5533 2066 5606 dclqunclus
2179 5535 2330 5594 infra
2360 5536 2417 5594 in
2449 5535 2736 5596 Bernoldo
2768 5537 2839 5594 ad
2873 5553 2966 5594 an.
3009 5536 3142 5595 l093
3173 5540 3231 5594 et
3258 5533 3419 5595 4099.

419 5613 526 5664 est.
