3982 6216
145 256 262 376 269

1607 305 2162 372 CONTLNUATIO.

3468 317 3586 380 270

1569 471 1809 526 EDITIO
1851 469 2170 526 URSTISII.

163 575 498 640 dedicatur,
533 576 593 628 et
633 575 831 644 Agnes
876 570 1238 642 imperatrix,
1291 569 1572 641 deposnis
1618 568 1830 640 regali-
1856 579 1910 643 Α
1940 569 2232 623 scutarius
2281 569 2410 638 ejus
2435 569 2776 642 eligebatur.
2801 602 2867 611 -—
2891 572 3249 629 Pataviensis
3271 575 3581 648 episcopus

166 664 279 720 bus
303 662 704 728 vestimentis,
737 677 902 716 sacro
932 659 1222 715 velamine
1252 657 1616 714 circumdata
1656 659 1824 725 (692).

241 753 391 810 257
457 751 602 806 1062
660 751 831 806 Sexto
881 749 1021 808 Idus
1078 746 1377 803 Februarii
1435 751 1825 817 terrmmotus,

166 841 411 914 fulgura
439 845 498 896 et
531 839 793 896 tonitrua
824 837 976 894 facta
1005 840 1178 904 sunt;
1213 834 1543 908 pestilentia
1581 839 1637 890 et
1668 852 1826 890 mor-

170 930 378 987 talitas
405 929 727 986 subsecuta
757 925 979 982 multos
1034 924 1326 981 exstinxit.
1391 925 1670 980 Henricus
1729 940 1827 979 rex

165 1019 334 1092 apud
364 1019 698 1090 Trajectum
727 1015 1164 1072 Frisim‘urbem
1197 1013 1349 1069 diem
1401 1013 1634 1068 Paschas
1693 1029 1825 1068 cum

167 1111 372 1164 matre
395 1106 762 1178 imperatrice
792 1104 940 1176 (693)
963 1104 1098 1174 egit.
1132 1133 1198 1143 —
1234 1102 1336 1157 His
1367 1101 1575 1157 diebus
1623 1102 1824 1156 Hanno

172 1195 523 1270 Agrippina
564 1193 804 1250 Colonia:
863 1191 1364 1263 archiepiscopus,
1425 1189 1826 1245 adnitentibus

165 1283 538 1357 quibusdam
562 1283 718 1354 regni
742 1280 1119 1353 principibus,
1139 1279 1450 1335 Henricum
1475 1295 1666 1350 regem
1691 1295 1824 1334 cum

163 1372 379 1430 lancea
410 1375 467 1426 et
496 1369 624 1425 aliis
656 1369 885 1442 imperii
919 1368 1252 1441 insignibus
1285 1385 1318 1422 a
1348 1371 1532 1422 matre
1577 1367 1825 1438 impera-

162 1462 317 1518 trice
349 1460 402 1515 vi
426 1459 705 1532 abripuit,
737 1473 1052 1528 secumque
1073 1456 1372 1512 Coloniam
1395 1455 1635 1510 adduxit
1653 1456 1821 1527 (694).

165 1581 240 1591 -—
263 1548 604 1606 Parmensis
635 1546 964 1619 episcopus,
998 1545 1222 1600 dudum
1275 1543 1518 1611 electus,
1581 1544 1824 1599 Romam

165 1637 613 1696 consecrandus
647 1635 792 1692 adiit
816 1653 829 1702 ;
861 1633 1106 1690 cuicum
1128 1633 1373 1689 Romani
1401 1631 1610 1688 armati
1631 1649 1828 1688 occur-

164 1726 838 1798 rerentingressumque
851 1722 1244 1795 prohiberent,
1262 1720 1576 1777 multitudo
1590 1720 1823 1776 illorum

163 1834 200 1871 a
233 1815 532 1870 militibus
562 1813 689 1884 ejus
718 1811 1065 1866 occiduntur
1095 1814 1152 1866 et
1192 1810 1251 1864 in
1309 1809 1502 1864 Tiberi
1564 1809 1825 1864 submer-

162 1908 419 1977 guntur,
443 1901 635 1959 caueri
668 1900 946 1972 fugantur
977 1899 1143 1971 (695).

241 1957 703 2062 1w063’Tempore
730 1957 900 2055 veris,
957 1957 1150 2043 medio
1208 2001 1409 2042 mense
1466 1985 1669 2058 Aprili,
1723 1957 1900 2058 perD

160 2087 429 2155 quatuor
457 2079 582 2135 dies
613 2077 802 2134 hiems
825 2093 992 2144 saeva,
1024 2079 1266 2131 ventosa
1285 2078 1342 2130 et
1363 2075 1587 2142 nivosa,
1610 2091 1744 2130 aves
1769 2079 1825 2130 et

162 2187 383 2244 pecora
411 2169 625 2241 frigore
655 2165 947 2236 exstinxit,
980 2165 1254 2220 arborum
1286 2168 1343 2219 et
1370 2163 1672 2220 vinearum
1705 2180 1824 2219 ma-

160 2261 394 2316 ximam
412 2272 646 2329 quoque
667 2259 893 2328 partem
922 2253 1189 2324 perdidit.
1206 2285 1272 2292 —
1297 2252 1606 2324 Engilhard
1617 2269 1685 2307 us
1707 2252 1822 2324 epi-

162 2364 392 2420 scopus
421 2347 492 2401 de
518 2345 866 2414 Magdiburg
887 2341 1052 2407 obiit,
1085 2342 1177 2396 cui
1223 2342 1400 2395 frater
1456 2342 1601 2411 (696)
1657 2340 1820 2396 Colo-

163 2436 402 2493 niensis
427 2432 844 2505 archiepiscopi
876 2430 1178 2486 successit.
1204 2461 1271 2470 —-
1302 2429 1588 2484 Henricus
1624 2432 1821 2502 Augu-

161 2525 390 2584 stensis
411 2524 719 2596 episcopus
736 2521 882 2578 obiit
900 2519 1070 2590 (697),
1097 2519 1190 2574 cui
1209 2519 1492 2573 lmbricus
1515 2519 1816 2574 successit.

159 2646 232 2657 —
265 2613 483 2670 Eodem
517 2627 670 2667 anno
692 2609 964 2682 quadam
988 2607 1386 2678 mulierjuxta
1417 2607 1817 2662 Constantiam

160 2705 478 2770 infantem,
511 2701 627 2756 duo
659 2698 873 2771 capita,
906 2713 1011 2753 nec
1039 2713 1155 2752 non
1195 2701 1252 2751 et
1295 2700 1499 2751 caetera
1557 2696 1820 2752 membra

161 2795 236 2850 ad
267 2806 463 2863 usque
494 2788 701 2844 clunes
730 2786 989 2859 duplicia
1017 2785 1353 2850 habentem,
1385 2784 1625 2857 peperit.

231 2881 378 2938 4064
411 2877 700 2935 Henricus
733 2891 832 2931 rex
860 2874 1122 2931 Natalem
1154 2873 1386 2928 Domini
1408 2872 1655 2928 Coloniae
1677 2873 1818 2930 cele-

159 2970 373 3039 bravit,
407 2967 568 3024 diem
602 2964 834 3020 Paschze
866 2967 1060 3020 autem
1092 2961 1290 3018 Leodii
1327 2962 1594 3034 Synodus
1654 2962 1816 3018 Man-

159 3065 273 3116 tuae
305 3057 482 3129 (698).

233 3148 381 3205 1065
409 3143 702 3202 Henricus
723 3159 820 3199 rex
835 3139 1097 3196 Natalem
1116 3138 1343 3195 Domini
1378 3139 1636 3207 Goslare,
1660 3141 1817 3196 diem

164 3241 364 3295 autem
383 3233 624 3292 Pascha
636 3229 968 3289 Wormatia’.
990 3228 1320 3285 celebravit.
1336 3257 1406 3270 —-
1423 3228 1574 3284 258
1597 3229 1816 3285 Domus

1937 657 2102 727 obiit,
2136 657 2226 711 cui
2257 657 2610 715 Altmannus
2644 659 3037 732 imperatricis
3068 661 3403 732 capellanus
3449 684 3581 722 sue-

1937 747 2131 801 cessit.
2162 746 2278 801 Hoc
2309 750 2571 819 tempore
2601 749 2914 820 Sigifridus
2949 750 3441 822 Moguntiacensis
3489 773 3578 810 ar-

1937 835 2344 906 chiepiscopus
2374 839 2543 907 (700),
2577 838 2922 894 Wilhelmus
2946 841 3335 910 Trajectensis
3356 843 3578 914 episco-

1939 940 2066 994 pus,
2102 927 2159 978 et
2188 925 2546 981 Guntharius
2577 926 3064 999 Babinbergensis
3095 929 3426 1002 episcopus,
3449 932 3578 988 Otto

1937 1011 2377 1069 Ratisbonensis
2407 1015 2736 1086 episcopus,
2770 1033 2904 1070 cum
2933 1032 3145 1088 magno
3187 1025 3469 1090 apparatu
3522 1027 3576 1076 et

1936 1101 2215 1156 comitatu
2249 1101 2607 1157 Hierusalem
2641 1104 3097 1174 proﬁciscentes,
3131 1107 3188 1161 in
3222 1124 3288 1161 eo
3323 1109 3577 1166 itinerea

1936 1189 2180 1262 paganis
2212 1189 2397 1246 multa
2427 1197 2564 1246 sunt
2593 1193 2850 1264 perpessi
2881 1211 2893 1260 ;
2926 1211 3063 1249 nam
3096 1199 3151 1250 et
3176 1196 3394 1252 bellum
3441 1216 3575 1254 cum

1934 1277 2017 1332 eis
2050 1278 2194 1334 inire
2215 1284 2354 1334 sunt
2385 1282 2584 1336 coacti.
2612 1280 2671 1334 In
2697 1283 2896 1336 eadem
2930 1283 3389 1342 viaGuntharius
3411 1288 3573 1355 obiit,

1935 1366 2431 1423 cuiRicimannus
2457 1371 2603 1440 (701)
2666 1369 2992 1426 Simoniace
3050 1373 3353 1430 successit.
3411 1375 3573 1431 Multi

1935 1454 2159 1510 nobiles
2190 1455 2340 1510 civili
2375 1456 2522 1512 bello
2555 1458 2870 1529 perierunt.

2012 1544 2144 1597 1066
2175 1544 2455 1599 Henricus
2488 1561 2583 1600 rex
2614 1545 2875 1601 Natalem
2900 1547 3129 1604 Domini
3177 1551 3432 1620 Goslare,
3465 1554 3574 1608 Pa—

1933 1631 2075 1686 scha
2105 1636 2300 1687 autem
2329 1633 2480 1704 apud
2515 1635 2848 1705 Traiectum
2891 1638 3026 1708 egit.
3083 1670 3148 1678 —
3204 1641 3574 1698 Eberhardus

1933 1720 2294 1775 Trevirensis
2326 1721 2816 1794 archiepiscopus,
2845 1743 2958 1779 xvn
2993 1727 3115 1781 Kal.
3152 1729 3284 1784 Maii
3324 1731 3574 1787 Sabbato

1935 1813 2132 1864 sancto
2167 1809 2417 1874 Paschr,
2454 1811 2758 1882 completis
2789 1831 2821 1868 a
2853 1831 2914 1869 se
2953 1815 3138 1885 ipsius
3177 1818 3288 1872 diei
3343 1818 3572 1889 ofﬁciis,

1933 1898 2077 1970 ipsis
2108 1898 2569 1954 sacerdotalibus
2599 1901 2964 1956 vestimentis
2995 1902 3260 1972 indutus,
3296 1909 3575 1979 requievit

1932 1987 1991 2042 in
2025 2003 2179 2059 pace.
2217 1987 2319 2042 Cui
2346 1987 2645 2043 Conradus
2678 1988 3036 2046 Coloniensis
3071 1995 3572 2064 przepositus,ele-

1932 2081 2061 2132 ctus
2092 2094 2126 2131 a
2154 2092 2306 2148 rege,
2343 2078 2652 2132 succedere
2684 2078 2884 2132 debuit
2913 2097 2925 2146 ;
2960 2081 3061 2134 sed
3093 2098 3126 2135 a
3152 2081 3302 2138 clero
3346 2088 3401 2138 et
3431 2085 3574 2140 civi-

1932 2165 2495 2220 busTrevirensibus
2509 2165 2792 2221 refutatus
2810 2171 2916 2221 est.
2937 2169 3099 2223 Unde
3115 2171 3355 2239 quidam
3378 2188 3574 2230 comes

1931 2253 2001 2308 de
2032 2252 2242 2307 militia
2272 2253 2621 2320 Trevirensi,
2663 2255 2896 2310 nomine
2932 2257 3346 2327 Theodericus,
3407 2275 3574 2318 eumt

1930 2343 2062 2397 dem
2093 2342 2424 2396 Conradum
2446 2342 2725 2398 Trevirim
2749 2345 3080 2401 tendentem
3106 2349 3572 2420 comprehendit,

1929 2436 1986 2486 et
2017 2430 2116 2485 diu
2150 2431 2258 2486 sub
2291 2431 2556 2486 custodia
2586 2438 2942 2487 maceratum
2981 2439 3232 2504 quatuor
3290 2438 3575 2497 militibus

1929 2521 2291 2575 enecandum
2323 2520 2636 2575 commisit.
2671 2522 2775 2584 Qui
2804 2522 2944 2576 dum
2977 2540 3111 2579 eum
3142 2529 3229 2580 ter
3262 2543 3363 2597 per
3392 2531 3576 2600 quod-

1928 2610 2063 2665 dam
2097 2609 2481 2680 praecipitium
2515 2610 2889 2678 dejecissent,
2923 2618 2978 2666 et
3002 2612 3147 2666 nihil
3169 2615 3281 2670 sibi
3305 2615 3417 2672 nisi
3445 2619 3577 2674 bra-

1928 2698 2125 2753 chium
2157 2697 2426 2752 collidere
2451 2702 2707 2768 possent,
2752 2716 2905 2755 unus
2939 2717 3006 2755 ex
3055 2700 3175 2758 illis
3235 2705 3576 2775 poenitentia

1927 2788 2161 2852 ductus,
2191 2787 2262 2841 ab
2292 2802 2358 2842 eo
2388 2786 2615 2841 Veniam
2650 2787 2997 2858 impetravit.
3038 2791 3203 2847 Alius
3233 2797 3428 2850 autem
3475 2813 3572 2851 vo-

1925 2875 2052 2930 lens
2083 2891 2216 2930 eum
2241 2873 2547 2942 decollare,
2568 2875 2865 2932 maxillam
2889 2879 3016 2948 ejus
3039 2884 3268 2936 tantum
3299 2883 3568 2942 abscidit.

1928 2968 1994 3019 Et
2024 2963 2106 3019 sic
2129 2963 2253 3034 ipse
2282 2963 2396 3018 Deo
2426 2963 2640 3037 dignus
2673 2969 2892 3038 martyr
2915 2968 2986 3022 ad
3005 2969 3321 3026 Dominum
3355 2972 3572 3045 migra-

1925 3053 2007 3107 vit
2027 3050 2300 3107 Kalendis
2320 3052 2500 3120 Junii,
2526 3053 2796 3125 sepultus
2820 3056 2891 3110 ad
2924 3057 3217 3113 abbatiam
3251 3062 3572 3130 quamdam

1926 3140 2205 3196 Doleiam.
2240 3142 2381 3196 Tres
2413 3146 2608 3198 autem
2643 3143 2861 3200 milites
2891 3147 3098 3202 mortis
3127 3147 3286 3204 illius
3309 3155 3574 3207 auctores

1927 3231 2106 3303 digna
2138 3228 2282 3285 ultio
2310 3233 2684 3302 postmodum
2718 3235 3031 3291 subsecuta
3056 3242 3183 3305 est;
3228 3256 3364 3295 nam
3425 3258 3581 3297 unus

165 3326 378 3400 regalis
408 3321 640 3380 Goslari
671 3323 1044 3378 concremata
1067 3321 1156 3373 est
1187 3316 1332 3388 (699)
1359 3334 1371 3372 :
1407 3318 1560 3389 quod
1620 3322 1676 3373 et
1732 3319 1818 3374 fa-
1849 3325 1894 3390 C
1932 3335 2132 3375 eorum
2165 3324 2467 3392 acceptum
2496 3321 2692 3376 cibum
2724 3323 3009 3395 deglutire
3050 3343 3164 3381 non
3223 3328 3446 3398 valens,
3479 3329 3580 3385 alii

168 3420 329 3472 ctum
357 3417 448 3470 est
475 3429 533 3467 v1
566 3409 693 3467 Kal.
716 3407 954 3481 Aprilis,
975 3406 1292 3462 indictione
1317 3407 1508 3472 tertia,
1532 3406 1820 3463 etibidem

169 3504 472 3560 accinctus
497 3504 588 3556 est
611 3498 899 3555 Henricus
928 3495 1143 3568 gladio,
1167 3511 1321 3551 anno
1351 3495 1513 3567 regni
1535 3495 1626 3553 sui
1648 3513 1824 3563 nono,

173 3592 366 3649 aetatis
397 3594 594 3647 autem
621 3604 742 3644 sua
763 3585 991 3642 decimo
1014 3587 1242 3656 quarto,
1267 3588 1323 3640 et
1343 3583 1460 3641 dux
1481 3583 1829 3642 Godefridus

1935 3409 2048 3464 duo
2083 3425 2293 3464 manus
2323 3427 2462 3466 suas
2493 3410 2812 3468 lacerantes
2836 3415 2906 3468 ad
2937 3414 3161 3470 clautra
3200 3416 3411 3473 inferni
3453 3420 3586 3475 des-

1937 3497 2280 3552 cenderunt.
2573 3508 2577 3512 ·

1729 3700 2045 3760 CODICES.

257 3803 402 3860 1062
433 3819 490 3858 VI
519 3801 640 3857 Idus
666 3799 1022 3857 Februarii...
1055 3799 1347 3866 exstinxit,
1374 3808 1423 3856 et
1437 3801 1609 3872 fames
1638 3818 1838 3874 magna

173 3899 338 3968 facta
369 3896 474 3949 est.
505 3892 765 3946 Henricus
796 3906 963 3946 rex...
997 3889 1132 3958 egit.
1169 3890 1271 3944 llis
1325 3888 1514 3946 diebus
1573 3892 1835 3948 Hanno...

181 3983 478 4046 Coloniam
507 3979 758 4035 adduxit.

256 4071 405 4130 1063
436 4068 643 4125 Eodem
673 4084 818 4124 anno
851 4069 1099 4141 quaedam
1126 4067 1400 4126 mulier...
1429 4070 1657 4140 peperit.

260 4161 406 4218 1064
437 4157 510 4214 Ut
540 4156 846 4214 Urstisius.

2019 3801 2161 3855 4065
2217 3801 2480 3859 Henricus
2529 3817 2696 3858 rex...
2755 3801 3064 3861 Wormatiaz
3129 3809 3256 3878 egit.
3317 3811 3585 3869 Domus...

1949 3899 2292 3946 concremata
2321 3896 2416 3947 est.
2452 3893 2863 3949 Patavz’ensis...
2895 3898 3164 3951 successit.
3199 3899 3301 3953 Hoc
3359 3905 3602 3974 tempore

1952 3979 2326 4051 Sigifridus...
2367 3981 2675 4037 Simoniace
2702 3986 2969 4039 successit.
3006 3986 3242 4042 Multi...
3291 3992 3599 4060 perierunt.

2027 4068 2166 4123 1066
2197 4069 2460 4126 Henricus
2491 4085 2656 4125 rex...
2692 4072 2816 4141 egit.

1785 4255 2019 4312 NOTIE.

262 4355 513 4439 (692)Mld
548 4353 738 4439 serius
765 4353 1082 4439 contigisse
1112 4331 1293 4439 liquet
1317 4353 1846 4439 ean/Inambe‘rtcnad
1957 4354 2100 4439 tiam
2143 4355 2491 4439 Pagi‘i‘illam
2523 4358 2594 4413 ad
2619 4375 2712 4439 an.
2739 4359 2872 4439 1067
2920 4362 3232 4439 statuentis
3259 4367 3606 4439 pmpendet.

190 4424 288 4487 an'.
329 4424 488 4494 1062,
520 4432 577 4481 et
606 4424 914 4480 Annalists
933 4424 1070 4480 Sex.
1103 4424 1302 4480 ad’an.
1339 4425 1500 4480 4063.
1538 4425 1664 4480 Vid.
1728 4426 1846 4480 Ma-

191 4497 566 4578 bill‘.“1_\nnal.
601 4497 640 4552 l.
677 4513 788 4578 Lx1_,
820 4514 878 4551 n.
917 4498 1010 4551 101
1047 4513 1211 4578 seqq.

264 4571 422 4642 (693)
454 4574 603 4642 §rgo
636 4568 888 4642 necdum
912 4566 1287 4642 annopriore
1319 4566 1524 4642 velata.

290 4640 420 4711 694)
454 4640 570 4695 Hoc
642 4640 873 4694 luribus
903 4640 1184 4694 describit
1221 4640 1491 4692 Lambert

286 4715 420 4780 695)
452 4711 560 4766 Vid
592 4657 941 4767 Eambertus
975 4711 1045 4766 ad
1077 4726 1296 4766 annum
1332 4709 1492 4764 4064.

272 4781 419 4852 ⁷696)
448 4783 592 4838 Aliis
622 4781 845 4837 Wezilo
878 4798 979 4836 seu
1009 4781 1370 4837 Wernherus
1402 4781 1634 4834 dicitur.

267 4787 417 4929 (697)
451 4855 618 4910 Hunc
645 4852 1354 4929 annumucbituspariter
1382 4851 1634 4929 assignai

289 4851 417 4926 697)
451 4855 618 4910 Hunc
649 4870 882 4926 annum,
906 4853 1106 4926 obitus
1136 4852 1354 4924 pariter
1382 4851 1686 4926 assignant
1740 4853 1847 4908 Ne-

196 4923 521 4993 crelogium
555 4926 744 4993 Fuld.,
771 4929 830 4980 et
859 4923 1071 4979 Chron.
1098 4923 1344 4993 August.
1371 4924 1441 4977 ad
1475 4939 1734 4979 mensem
1757 4926 1854 4980 Se-

194 4998 521 5074 ptembrem
551 5017 567 5074 ;
602 4998 962 5074 Lambertus
987 5012 1120 5074 vero
1151 4998 1221 5050 ad
1250 5011 1470 5074 annum
1503 5011 1625 5074 seq.

197 5143 336 5200 dum
358 5161 390 5201 a

642 4639 873 4694 luribus
903 4638 1184 4694 describit
1221 4638 1564 4693 Lambertus
1596 4640 1666 4694 ad
1697 4640 1757 4695 h.
1791 4657 1844 4695 a.

1880 4683 1926 4746 D

269 5073 413 5198 (698)
447 5077 523 5128 De
553 5072 665 5127 hac
699 5067 930 5142 synodo
961 5070 1472 5122 controvertuntur
1516 5067 1849 5138 scriptores,

269 5161 336 5198 1m
358 5161 390 5198 a
418 5144 454 5198 ii
484 5161 612 5198 eam
634 5159 776 5198 cum
794 5138 1041 5194 Baronio
1058 5139 1127 5193 ad
1154 5137 1309 5192 hunc
1332 5154 1551 5192 annum
1574 5141 1849 5198 referunt,

418 5144 454 5200 ii
484 5161 612 5200 eam
634 5137 776 5199 cum
794 5138 1041 5194 Baronio
1058 5139 1127 5193 ad
1154 5137 1309 5192 hunc
1332 5154 1551 5192 annum
1574 5137 1851 5204 referunt,

1955 4429 2060 4510 Ast
2091 4444 2206 4481 non
2238 4428 2401 4510 video
2429 4430 2721 4510 quomodo
2752 4432 2880 4500 ejus
2913 4438 3130 4510 mentio
3177 4428 3298 4510 ﬁeri
3355 4428 3613 4510 potuerit

1957 4498 2016 4552 in
2041 4497 2151 4552 hac
2178 4497 2957 4581 co.n_tinuatinone,‘jan1—anno
2983 4506 3138 4581 1066,
3166 4497 3426 4581 adeoque
3450 4514 3613 4564 ante-

1958 4586 2134 4646 quam
2167 4570 2470 4646 celebrata
2488 4570 2669 4646 fuerit,
2691 4573 2803 4629 ista
2833 4570 3432 4646 synodus,vabsclu.ta,
3492 4581 3610 4636 nisi

1959 4641 2157 4719 ipsum
2191 4641 2426 4719 aliunde
2459 4643 2553 4719 hic
2611 4641 3027 4719 interpolatum
3087 4641 3278 4706 dicere
3334 4641 3610 4719 velimus,

1959 4715 2260 4768 Constaret
2292 4715 2375 4770 sic
2407 4717 2550 4770 ratio
2606 4732 2710 4770 cur
2739 4717 3085 4772 Bertholdus
3144 4715 3609 4779 continuationis

1960 4783 2140 4853 hujus
2171 4784 2422 4863 scriptor
2451 4788 2520 4863 ad
2556 4805 2648 4863 an.
2685 4789 2808 4863 1061
2867 4789 3260 4863 Alexandrum
3320 4798 3607 4863 tanquam

1961 4872 2070 4934 usu
2081 4861 2369 4934 rpatorem
2386 4857 2675 4934 habuerit,
2693 4859 2790 4928 qui
2809 4861 3060 4934 primum
3076 4860 3276 4926 altero,
3293 4857 3610 4934 postquam

1959 4927 2893 5004 ipse_scribere_desierat,_anno_
2925 4933 3080 4995 1067,
3139 4948 3242 4988 ceu
3294 4927 3610 5004 legitimus

1934 5047 1936 5049 ,
1961 4997 2493 5071 pontifexAindicta
2515 5001 2732 5071 synodo
2763 5001 2996 5071 agnitus
3024 5006 3130 5056 est.

2034 5070 2181 5139 (699)
2215 5069 2277 5122 In
2310 5067 2417 5139 hoc
2444 5067 2673 5122 Urstisii
2707 5067 2830 5125 loco
2864 5089 2980 5127 una
3010 5072 3261 5129 alterave
3291 5074 3447 5130 linea
3490 5075 3612 5131 sive

1965 5137 2187 5219 inéMs?
2222 5139 2340 5219 sive
2372 5137 2442 5219 ab
2468 5139 2691 5219 editors
2722 5143 2962 5198 omissa.
2987 5144 3164 5201 Recte
3212 5163 3343 5202 vero
3396 5145 3620 5219 legitur

201 5215 293 5290 βω
325 5235 452 5274 cum
478 5216 656 5290 pagio
680 5208 1604 5290 aqua.1067,alii‘deniqu_ecum
1629 5209 1855 5290 Mansio
1964 5209 2206 5290 infrain
2220 5207 2522 5290 'Hernoldc
2554 5210 2623 5290 ad
2648 5209 3065 5290 hun‘c_annum.

199 5287 404 5363 Quppl.
433 5280 644 5347 ConFil.
672 5293 719 5343 t.
737 5284 798 5363 ΔΙ)
823 5281 1081 5363 primum
1106 5280 1176 5363 ad
1201 5296 1294 5363 an:
1323 5281 1853 5363 1.072Accnsignant.

193 5350 397 5420 Horum
431 5366 698 5420 rationes
734 5350 795 5413 in
821 5350 1184 5428 Compendio
1207 5350 1854 5428 exhibetCallesAnnal.

188 5433 327 5521 Eccl.
361 5437 621 5501 Germ.t.
644 5433 724 5506 V,
751 5445 816 5506 p.
851 5422 1156 5500 566'seq.;
1192 5422 1289 5482 ubi
1321 5424 1508 5505 magis
1539 5426 1859 5486 iri—senten-

2039 5279 2186 5351 (700)
2219 5279 2430 5351 Fusius
2457 5279 2578 5336 haec
2607 5280 2785 5337 habet
2814 5283 3162 5342 Lambertus
3195 5290 3261 5342 ad
3299 5289 3356 5344 h.
3391 5306 3439 5344 a.

2039 5349 2186 5425 (701)
2219 5349 2526 5408 Lamberto
2558 5357 2613 5408 et
2643 5351 2774 5409 aliis
2799 5353 3168 5415 Hermannus
3202 5361 3438 5425 dicitur.
