3982 6216
400 445 514 505 271
1098 436 1493 496 APPENDIX
1542 435 1645 494 AD
1692 431 2133 494 CHRONICON
2184 431 2593 493 HERMANNI
2643 428 3107 493 CONTRAC'I‘I.
3694 421 3819 484 972

1228 617 3802 646 Μ

1362 788 2815 962 CHBONICON

1560 1135 1849 1242 SEU
1970 1133 2666 1238 ANNALES

947 1373 1958 1508 MONASTEBII
2058 1365 3287 1499 PETEBSHUSANI

708 1633 798 1688 EX
837 1631 952 1686 MS.
995 1627 1150 1683 COD.
1193 1627 1360 1682 SA‘JC.
1406 1625 1503 1679 XII
1545 1623 1864 1679 EJUSDEM
1908 1621 2317 1676 IMPEBIALIS
2357 1619 2675 1675 COENOBII
2716 1618 2906 1674 NUNC
2948 1616 3170 1687 PRIMO
3212 1614 3512 1682 EDITUM,

1167 1806 1566 1877 (Ussermann,
1601 1803 1917 1857 Germaniae
1945 1814 2120 1855 sacra:
2149 1799 2497 1865 Prodromus,
2526 1802 2666 1852 tom.
2701 1798 2742 1863 Ι,
2777 1800 2927 1868 part.
2965 1796 3050 1865 ιι.)

1772 1975 2455 2070 PRZEFATIO.

463 2339 779 2408 Hcrmanni
807 2353 875 2391 ex
907 2329 1184 2403 Augicnsi
1214 2328 1411 2382 codice
1434 2326 1744 2394 desumpto
1766 2322 2048 2378 Chronico
2081 2326 2134 2391 Α
2167 2325 2428 2378 medium
2461 2339 2590 2378 saec.
2625 2339 2703 2377 xu
2726 2322 2936 2394 prodit.
2981 2320 3072 2376 Sic
3132 2319 3169 2374 ι.
3205 2336 3280 2386 1v,
3320 2335 3372 2374 c.
3412 2320 3502 2392 12,
3534 2319 3699 2377 circa
3728 2338 3827 2378 an.

413 2430 570 2487 aliud
603 2428 698 2481 hic
732 2422 1084 2492 subjicimus
1115 2418 1298 2472 eidem
1332 2413 1505 2469 vicini
1540 2411 1900 2477 monasterii,
1950 2412 2050 2466 Pe-
2166 2414 2301 2467 H26
2332 2411 2673 2482 aliquandiu
2722 2411 2780 2464 in
2832 2409 2978 2465 cella
3035 2408 3490 2481 Wagenhausen
3551 2408 3829 2466 demora-

413 2517 756 2575 tershausen
788 2510 959 2580 vulgo
991 2506 1152 2572 dicti,
1173 2509 1334 2558 extra
1356 2518 1556 2556 muros
1581 2500 2053 2555 Constantienses
2163 2507 2258 2556 tus
2289 2506 2393 2556 est.
2432 2500 2652 2554 lbidem
2685 2515 2747 2565 n,
2775 2500 2808 2554 3
2839 2497 3194 2554 Pctershusii
3228 2513 3486 2568 praesens
3517 2499 3831 2566 erat,dum

411 2608 481 2663 ad
502 2588 804 2660 -Rhenum.
833 2593 1182 2652 Particulare
1214 2592 1269 2646 id
1295 2591 1564 2661 equidem
1597 2593 1703 2656 est,
1737 2588 1963 2660 locique
1986 2588 2053 2641 il-
2164 2607 2258 2644 an.
2294 2591 2427 2644 1131
2461 2605 2672 2660 corpus
2732 2590 2789 2644 S.
2851 2587 3179 2642 Gehehardi
3239 2584 3495 2641 levatum
3545 2592 3700 2653 erat,
3730 2587 3829 2643 cui

411 2695 528 2750 lius
559 2691 843 2762 originem
869 2703 934 2742 ac
966 2683 1159 2755 priora
1183 2683 1332 2736 facta
1363 2678 1734 2751 potissimum
1792 2677 1969 2745 sistit,
1994 2681 2058 2732 ut
2163 2679 2341 2734 etiam
2371 2679 2680 2733 sanitatem
2712 2694 2881 2732 suam
2912 2678 2969 2732 in
3017 2674 3270 2747 acceptis
3310 2673 3534 2731 retulit.
3569 2675 3830 2731 Demum

411 2788 609 2840 tamen
639 2778 808 2852 plura
837 2774 1011 2831 etiam
1034 2768 1524 2835 contineat,unde
1547 2767 1734 2838 patria
1753 2767 1926 2822 medii
1952 2765 2055 2820 aevi
2167 2786 2222 2822 n.
2256 2769 2322 2822 16
2378 2767 2802 2839 expeditionem
2856 2764 3102 2821 Conradi
3170 2763 3324 2836 regis
3380 2763 3442 2818 in
3495 2765 3828 2820 Saracenos

417 2870 658 2930 historia
689 2869 977 2938 quantum
1003 2863 1072 2918 ad
1098 2859 1318 2915 nobiles
1339 2857 1630 2913 Bodamici
1654 2861 1873 2912 tractus
1898 2855 2058 2910 fami-
2167 2874 2260 2911 an.
2300 2857 2434 2910 1147
2468 2861 2686 2910 motam
2718 2854 3075 2923 describens,
3107 2869 3208 2909 eos
3239 2852 3426 2907 adhuc
3458 2852 3714 2908 minime
3746 2869 3834 2909 το,

415 2963 549 3030 lias,
581 2953 996 3031 geographiam
1026 2955 1084 3006 et
1106 2948 1458 3004 Alemannis?
1480 2962 1764 3017 pagorum
1789 2944 2055 2999 notitiam
2167 2945 2345 3000 diisse
2374 2947 2642 3008 testatur,
2675 2944 2775 3014 qui
2806 2959 2873 2997 ex
2903 2959 3008 2998 suo
3038 2941 3162 2996 loco
3194 2939 3334 2995 illuc
3374 2940 3624 3010 profecti
3660 2944 3828 2996 sunt.

419 3029 697 3107 illustrari
721 3043 1043 3116 plurimum
1069 3037 1272 3093 valeat.
1294 3038 1350 3090 In
1377 3052 1490 3106 quo
1518 3035 1690 3090 etiam
1714 3037 2058 3104 argumento
2167 3035 2247 3088 Ex
2277 3033 2452 3088 variis
2475 3037 2667 3087 tamen
2689 3030 3146 3087 circumstantiis
3169 3046 3276 3086 suo
3300 3029 3425 3084 loco
3447 3030 3733 3086 notandis
3753 3030 3836 3085 vi-

421 3142 684 3197 versatur
698 3133 888 3190 Codex
910 3126 1329 3201 Diplomaticus
1349 3122 1702 3180 Alamanniae
1726 3124 2057 3193 etBurgun-
2168 3123 2438 3178 dabimus
2468 3121 2789 3176 οὶη-οηίεοη
2821 3120 2928 3175 hoc
2959 3136 3072 3174 non
3104 3119 3177 3174 ab
3209 3135 3326 3174 uno
3363 3122 3624 3186 tantum,
3663 3119 3770 3175 sed
3802 3137 3839 3175 ἃ

419 3230 528 3287 ἀίω
557 3223 993 3293 Trans-juranaz
1025 3218 1181 3272 intra
1207 3214 1354 3270 ﬁnes
1374 3211 1636 3268 diceeesis
1659 3210 2062 3267 Constantien-
2170 3211 2439 3284 pluribus
2471 3209 2852 3280 scriptoribus
2883 3207 3062 3263 fuisse
3111 3207 3522 3278 compilatum,
3575 3208 3666 3262 uti
3702 3209 3832 3279 jam

422 3320 525 3386 sis,
543 3330 715 3388 quem
741 3328 841 3368 seu
878 3308 1253 3381 prodromum
1277 3301 1533 3358 bistorize
1554 3301 1815 3371 ejusdem
1840 3299 2061 3370 episco-
2172 3302 2315 3358 alias
2349 3301 2419 3355 de
2449 3298 2786 3369 hujusmodi
2817 3297 3104 3352 chronicis
3135 3296 3603 3352 observavimus.

422 3385 594 3481 patus
648 3401 805 3476 prelo
855 3398 1104 3470 jamjam
1164 3393 1414 3463 subjecit
1465 3389 1682 3446 sodalis
1747 3393 1944 3444 noster
1999 3388 2058 3442 P.
2244 3390 2474 3444 Primus
2506 3405 2638 3443 vero
2670 3387 2881 3442 borum
2905 3385 3208 3442 annalium
3230 3385 3603 3457 scriptoreos
3623 3401 3838 3442 nonex

422 3472 786 3566 II‘rudpe‘rtus
818 3489 1092 3557 Neugart.
2175 3479 2422 3536 aliorum
2445 3479 2731 3532 duntaxat
2747 3475 3047 3540 relatione,
3073 3475 3227 3529 unde
3248 3472 3450 3546 plures
3475 3474 3836 3546 plerumque

492 3561 745 3657 Dig-num
769 3579 910 3635 adeo
944 3590 1252 3631 censemus
1281 3572 1390 3626 hoc
1420 3567 1743 3625 Chronicon
1793 3567 1950 3637 quod
2005 3567 2064 3621 in
2175 3567 2382 3623 fabulae
2403 3581 2698 3638 emergere
2720 3563 2926 3628 solent,
2953 3564 3052 3618 sed
3077 3578 3145 3617 ex
3173 3561 3532 3618 authenticis
3557 3567 3629 3618 ut
3651 3562 3834 3634 pluri-

418 3649 918 3748 publicamlucem
937 3659 1514 3736 protrahatur,cujus
1529 3657 1812 3710 hactenus
1831 3655 2063 3710 nonnisi
2096 3700 2140 3764 B
2177 3673 2338 3713 mum
2369 3654 2606 3720 tabulis,
2627 3651 2841 3707 chartis
2873 3651 3120 3722 aliisque
3158 3650 3365 3706 comvis
3389 3652 3743 3707 monasterii
3767 3649 3835 3706 i1-

863 3755 877 3764 -
1015 3753 1047 3764 η
1102 3751 1137 3764 n
1186 3751 1194 3764 ι
1257 3749 1269 3764 1
1384 3748 1397 3764 ι
1466 3763 1495 3764 η
1542 3745 1900 3764 p,,,_,1_.,.____
1936 3760 2031 3764 --μ
2171 3747 2206 3764 1ο
2329 3743 2673 3764 11,ημ--..ιῖ,
2701 3740 3040 3764 -----..ε....ει
3090 3740 3172 3764 --ιε
3196 3755 3260 3764 Α..
3295 3739 3547 3764 -1:A_____
3579 3741 3804 3764 _A_:_J_

418 3739 684 3834 excerpta
713 3755 981 3829 qumdam
1014 3753 1072 3807 S.
1099 3748 1506 3805 Gcbchardum
1541 3745 1906 3798 t'undatorem
1932 3760 2063 3798 con-
2099 3739 2140 3764 υ
2171 3747 2285 3801 lius
2313 3743 2676 3800 documentis
2697 3740 3063 3812 conscripsit,
3090 3740 3177 3794 uti
3195 3755 3263 3794 ex
3293 3739 3553 3795 aliorum
3577 3741 3834 3812 scripto-

415 3828 710 3908 cernentia
731 3828 798 3900 in
832 3841 1027 3898 Manlii
1049 3837 1333 3895 Chronico
1365 3834 1737 3909 episcopatus
1780 3837 2060 3887 Constan-
2172 3851 2298 3890 rum
2334 3832 2634 3888 collatione
2655 3829 2970 3900 liquet,qui
2995 3829 3130 3883 inde
3151 3828 3328 3883 etiam
3352 3829 3514 3884 haud
3536 3829 3837 3884 modicam

414 3940 618 3996 tiensis
649 3935 799 4010 apud
840 3928 1372 3999 Pistorium(Scrip.
1408 3927 1528 3979 Iter.
1567 3922 1744 3978 Germ.
1779 3925 1819 3975 t.
1861 3922 1956 3987 III,
2002 3939 2058 3993 p.
2173 3923 2522 3996 quandoque
2553 3919 2740 3973 lucem
2773 3917 3086 3988 accipiunt.
3139 3916 3210 3971 Ut
3253 3921 3478 3989 autem,
3528 3918 3693 3988 quod
3742 3933 3836 3972 res

412 4031 539 4101 685)
563 4004 846 4100 prostant.
882 4022 1138 4076 Habetur
1167 4018 1224 4071 in
1260 4032 1369 4071 ms.
1399 4014 1596 4068 codice
1617 4012 2062 4066 membranaceo
2173 4017 2280 4076 est,
2313 4011 2598 4077 dicamus,
2625 4008 2797 4060 fidem
2850 4004 3119 4060 Chronici
3179 4006 3365 4060 nostri
3415 4005 3580 4061 haud
3616 4022 3828 4078 parum

415 4119 472 4173 in
508 4093 628 4182 Iol.,
662 4113 935 4186 pluribus
965 4124 1096 4163 vero
1125 4105 1318 4159 Iituris
1349 4103 1485 4156 hinc
1517 4101 1652 4156 inde
1701 4116 2057 4170 respersum,
2173 4104 2507 4170 suspectam
2540 4095 2790 4151 reddunt
2812 4111 2937 4164 quae
2960 4093 3129 4147 initio
3151 4094 3280 4163 ejus
3303 4093 3608 4148 habentur
3629 4094 3704 4148 de
3720 4093 3836 4148 Bri;

416 4206 572 4278 quod
603 4180 930 4258 collectioni
955 4192 1562 4250 nostraainserendum
1587 4189 1840 4259 gratiose
1877 4189 2066 4243 nobis—
2173 4189 2547 4262 gantinorum
2581 4183 2858 4238 comitum
2917 4181 3165 4253 origine,
3227 4180 3389 4236 nullo
3444 4181 3838 4254 antiquorum

418 4268 553 4349 cum
568 4277 2063 4356 communicavitdignissimusistiuscoenobiiabbas
2175 4276 2526 4346 scriptorum
2548 4271 2876 4326 testimonio
2895 4268 3058 4335 fulta,
3085 4286 3151 4325 ac
3181 4269 3430 4342 insuper
3448 4270 3512 4325 in
3553 4271 3844 4327 nonnulis

419 4377 732 4448 Josepbus,
762 4373 854 4428 cui
885 4371 1050 4442 proin
1084 4372 1278 4438 grates
1309 4365 1403 4419 hic
1439 4364 1668 4434 publico
1711 4365 1944 4420 nomine
1976 4383 2063 4420 re-
2175 4359 2713 4419 historicaaillorum
2741 4362 3068 4429 temporum
3096 4358 3306 4414 rationi
3339 4359 3667 4415 contraria.
3702 4359 3840 4422 Quae

423 4446 752 4538 pendimus.
779 4461 1106 4515 Occurrunt
1134 4455 1372 4525 quidem
1407 4452 1466 4505 in
1496 4467 1560 4505 eo
1601 4450 1830 4505 levioris
1891 4454 2062 4507 subin
2176 4451 2304 4523 ipsa
2334 4450 2507 4504 etiam
2543 4464 2718 4501 causa
2743 4450 2832 4500 est
2859 4447 3014 4516 quod
3043 4446 3221 4501 Wilh.
3256 4447 3394 4502 Ern.
3420 4447 3748 4504 Tenzelius
3778 4447 3839 4501 in

422 4534 705 4611 momenti
733 4545 1117 4610 narrationes,
1141 4559 1266 4614 qua:
1298 4537 1492 4594 saeculi
1528 4555 1641 4610 quo
1673 4541 1956 4611 scriptum
1979 4547 2068 4597 est
2174 4537 2425 4594 Vindicii
2447 4535 2740 4590 historicis
2760 4551 2861 4606 pro
2880 4534 3177 4606 Conringii
3202 4552 3456 4591 censura
3479 4537 3541 4590 in
3585 4536 3852 4609 diploma

422 4648 480 4698 et
509 4637 811 4710 scriptoris
853 4632 1091 4705 genium
1151 4628 1425 4699 produnt,
1482 4643 1802 4696 quarumve
1861 4629 2067 4682 notitia
2177 4627 2421 4685 coenobii
2450 4623 3415 4696 Lindaviensis,p.270,postquam
3442 4642 3510 4681 ex
3534 4624 3761 4680 Manlio
3785 4639 3852 4680 ea

421 4729 580 4786 haud
614 4727 855 4782 interest
889 4717 1144 4790 publico.
1176 4715 1324 4778 Quin
1355 4731 1485 4768 vero
1515 4713 1615 4768 illa
1637 4716 1823 4769 omitti
1851 4721 2068 4788 queant
2178 4716 2474 4774 retulisset
2493 4732 2620 4785 quae
2646 4712 2795 4767 infra
2815 4712 2872 4766 in
2896 4712 3183 4768 Chronico
3206 4713 3245 4768 l.
3280 4731 3321 4780 ι,
3351 4731 3411 4770 n.
3440 4718 3498 4783 2,
3531 4716 3567 4770 3
3600 4720 3660 4771 et
3690 4718 3745 4780 1,
3780 4713 3850 4768 de

423 4819 505 4876 nil
537 4833 676 4874 sane
705 4808 973 4883 impedit,
1002 4822 1134 4860 cum
1158 4804 1214 4857 id
1239 4802 1405 4858 unice
1428 4808 1632 4874 agatur
1655 4808 1806 4858 utne
1829 4805 2064 4876 quidla-
2178 4807 2286 4862 hac
2308 4801 2645 4876 genealogia
2664 4800 2961 4873 leguntur,
2988 4801 3110 4856 brec
3133 4803 3374 4858 demum
3419 4803 3806 4875 subjunxerit
3834 4818 3848 4856 :

421 4912 542 4964 teat
573 4905 725 4977 (IUOd
764 4897 961 4972 Dama”
993 4891 1244 4947 δίδίοτίω
1284 4908 1514 4963 qquuo
1561 4893 1731 4947 modo
1787 4892 2066 4948 inservire
2178 4920 2203 4945 <(
2239 4895 2448 4948 Totum
2481 4892 2670 4946 locum
2707 4890 2953 4945 recitare
2983 4906 3169 4961 operas
3202 4893 3463 4963 pretium
3500 4893 3636 4958 fuit,
3672 4897 3742 4947 ut
3772 4894 3851 4946 le-

424 4995 628 5066 Ροεείί-
663 4988 843 5047 Νοδίε
875 4987 1048 5047 certe,
1087 4980 1184 5052 qni
1213 4980 1283 5035 ab
1324 4980 1545 5051 aliquot
1594 4982 1720 5052 jam
1780 4981 1947 5036 annis
2006 4982 2063 5036 in
2108 5060 2137 5066 _
2177 4989 2300 5040 ctor
2318 4981 2545 5037 facilius
2568 4978 3213 5034 defabulosacomitum
3232 4978 3856 5052 Brigantinorumori-

425 5079 763 5137 adornanda
794 5070 1106 5129 Germania
1124 5087 1288 5125 sacra
1319 5087 1687 5125 communem
1715 5070 2066 5125 conferimus
2098 5060 2139 5125 C
2179 5074 2312 5146 gine
2347 5070 2425 5124 ibi
2456 5068 2748 5139 descripta
2771 5067 3041 5137 judicare
3064 5073 3260 5138 queat.
3300 5091 3328 5118 »
3381 5071 3573 5141 Cujus
3608 5069 3855 5142 quidem

427 5182 685 5239 operam,
715 5164 995 5228 huncque
1025 5158 1081 5210 in
1115 5159 1288 5212 finem
1330 5159 1729 5214 delitescentia
1783 5158 2066 5212 hactenus
2179 5161 2376 5233 rigidas
2409 5175 2666 5213 censura:
2690 5156 2942 5211 rationes
2966 5163 3278 5227 sequentes
3311 5157 3552 5231 allegat.
3578 5160 3630 5213 1.
3660 5179 3690 5208 ‹‹
3713 5155 3858 5221 Quis

429 5254 804 5309 monumenta
823 5245 1086 5316 undique
1101 5246 1523 5331 conquirimus,
1539 5247 1725 5300 visum
1745 5246 1888 5301 satis
1909 5246 2063 5301 haud
2182 5251 2326 5303 ferat
2349 5243 2933 5311 fabulantem,Galliaa
2951 5245 3179 5316 Togata:
3204 5248 3575 5303 Francorum
3603 5248 3862 5319 impera-

425 5345 514 5396 est
545 5338 593 5393 si
626 5337 727 5392 illa
757 5337 1045 5392 duntaxat
1071 5334 1131 5389 in
1161 5330 1358 5390 Sacros
1388 5351 1531 5388 usus
1571 5339 1800 5389 nostros
1830 5350 2065 5388 conver-
2177 5343 2368 5391 torum
2393 5341 2652 5405 tempore
2677 5330 3025 5403 peculiarem
3052 5349 3248 5406 regem
3277 5336 3465 5392 fuisse
3485 5336 3514 5392 ?
3540 5360 3567 5388 υ
3604 5335 3788 5407 Atqui
3807 5334 3858 5390 si

425 5433 641 5491 tamus,
675 5425 785 5482 nisi
824 5425 1032 5481 eadem
1067 5423 1197 5479 aliis
1229 5438 1462 5494 quoque
1518 5430 1858 5478 sisteremus
1915 5423 2068 5476 unde
2179 5426 2247 5478 de
2269 5439 2405 5477 vera
2435 5422 2616 5477 Gallia
2646 5422 2838 5490 Togata
2863 5437 2960 5473 seu
2987 5422 3151 5475 “alia
3183 5439 3381 5478 sermo
3435 5427 3538 5491 sit,
3583 5429 3742 5481 certe
3791 5437 3858 5478 ex

425 5515 597 5570 etiam
628 5517 885 5587 profana:
920 5513 1170 5567 historiae
1202 5513 1300 5566 lux
1325 5512 1587 5581 quaedam
1620 5511 1836 5566 aliundi
1874 5515 2064 5581 queat.
2179 5510 2493 5566 Hermanni
2518 5507 2848 5563 testimonio
2874 5508 2941 5561 ad
2967 5526 3061 5563 an.
3088 5512 3193 5564 888
3213 5511 3388 5568 multi
3411 5514 3641 5570 ibidem
3667 5509 3859 5584 reguli

499 5603 651 5662 παπ
684 5605 862 5662 Porro
896 5602 1159 5659 Chronici
1191 5601 1363 5656 istius
1393 5600 1642 5671 scriptor
1661 5616 1871 5655 nomen
1894 5616 2064 5654 suum
2178 5597 2379 5656 Carolo
2405 5599 2612 5653 Crasso
2646 5600 2875 5651 mortuo
2907 5604 3310 5669 emerserunt;
3371 5603 3422 5658 si
3475 5619 3617 5659 vero
3660 5601 3856 5659 caui;

422 5690 649 5766 nullibi,
688 5711 748 5754 se
781 5699 985 5754 tamen
1017 5689 1260 5748 coenobii
1288 5687 1450 5745 illius
1509 5687 1862 5746 monachum
1921 5686 2072 5746 circa
2185 5689 2398 5765 Tegula:
2421 5684 2653 5742 nomine
2683 5685 2836 5744 208
2868 5684 3136 5764 scriptori
3171 5693 3378 5750 nostro
3412 5691 3602 5752 Gallia
3631 5690 3858 5768 Belgica
