3982 6216
155 318 273 390 213

988 320 1438 388 CHRONIGON
1485 317 2200 392 PETERSHUSANUM.
2235 352 2312 370 --
2343 322 2756 390 ΡΒΟἝΜΙΑ.

3453 321 3571 387 274

157 455 246 513 vel
278 455 484 514 Celtica
510 455 732 527 veniat,
755 456 837 514 uti
871 461 1072 530 postea
1100 457 1384 524 dicemus,
1419 455 1658 512 Carolus
1690 453 1818 510 Cal—
1851 462 1900 522 Α
1930 455 2176 512 aiiorum
2206 456 2542 514 testimonia
2562 458 2613 513 ei
2635 454 3162 530 suti'ragentur,etsi
3194 455 3250 512 in
3276 457 3574 516 nonnullis

157 563 264 603 vus
297 547 380 602 ibi
431 546 542 603 sub
603 547 1062 620 imperatoribus
1121 545 1358 602 Francis
1422 545 1823 601 Lothariolet

157 636 440 692 Ludovice
468 635 516 692 II
535 652 786 709 regnum
811 635 1128 692 obtinebat.
1152 639 1206 692 2.
1237 636 1448 702 Quaerit
1465 659 1490 685 «
1525 633 1823 699 Quomodo

154 741 225 781 ex
255 725 387 781 aliis
410 723 690 798 genuinis
713 725 1102 797 scriptoribus
1130 724 1360 796 probari
1395 727 1583 797 potest
1615 739 1822 794 quem-

152 832 336 887 quam
364 816 722 870 Francorum
754 815 1177 885 imperatorum
1202 813 1380 868 ﬁliam
1417 831 1583 868 suam
1608 813 1666 866 in
1701 828 1820 866 ma-

150 904 500 959 trimonium
517 902 751 958 dedisse
767 902 947 956 nobili
968 904 1203 958 cuidam
1219 919 1286 956 ex
1307 901 1492 958 Gallia
1513 899 1772 972 Togata?
1796 921 1822 946 »

153 993 349 1048 Pauca
387 991 587 1063 legerit
638 990 988 1057 Tenzelius;
1023 992 1080 1045 id
1128 991 1283 1046 enim
1326 991 1477 1063 quod
1513 989 1820 1061 ignoravit,

151 1099 274 1138 non
297 1099 366 1138 ex
387 1080 659 1152 genuinis
683 1080 855 1134 modo
880 1080 1293 1151 scriptoribus,
1323 1081 1423 1134 sed
1449 1084 1504 1135 et
1530 1077 1822 1133 authenti-

151 1169 243 1226 cis
276 1185 511 1240 quoque
542 1168 1122 1224 instrumentisinfra
1154 1169 1557 1238 probabimus.
1595 1168 1648 1222 3.
1683 1165 1824 1234 obji-

156 1257 279 1313 cit:
316 1282 343 1305 n
391 1259 593 1312 Nonne
637 1275 702 1312 ex
737 1261 822 1310 tot
873 1257 1092 1311 chartis
1142 1258 1643 1329 scriptoribusque
1689 1273 1822 1309 con-

157 1349 282 1402 stat
341 1347 642 1401 Potamum
714 1350 834 1400 tam
897 1347 1350 1418 praecedentium
1407 1346 1822 1417 imperatorum

151 1435 513 1490 Francorum
547 1451 723 1505 quam
774 1432 960 1488 Caroli
993 1435 1185 1489 Crassi
1239 1441 1502 1506 tempore
1539 1433 1822 1504 palatium

147 1522 382 1596 regium
420 1521 652 1578 fuisse?
687 1523 986 1586 Quomodo
1018 1522 1200 1594 igitur
1231 1522 1303 1577 ab
1348 1521 1544 1595 aliquo
1579 1523 1822 1577 Franco-

149 1628 284 1668 rum
303 1611 729 1684 imperatorum
745 1611 948 1665 donari
964 1611 1155 1682 potuit
1173 1611 1375 1666 comiti
1399 1611 1737 1683 Brigantino
1759 1614 1822 1664 Ρ»

146 1700 254 1756 Hic
285 1700 410 1772 ipse
469 1699 581 1754 sibi
639 1700 990 1770 respondeat
1049 1700 1354 1755 Tenzelius
1388 1701 1448 1772 (ι,
1514 1718 1582 1769 c.,
1610 1718 1664 1772 p.
1697 1700 1827 1768 27-t)

1933 543 2218 600 factorum
2243 545 2700 604 circumstantiis
2732 547 2974 602 aberret.
3010 547 3332 620 Equiorem
3376 552 3573 604 tamen

1934 649 1994 688 se
2016 638 2208 704 pestea
2236 638 2317 706 (p.
2348 637 2476 706 275)
2507 636 2715 691 borum
2740 636 3040 692 annalium
3065 636 3324 707 judicem
3359 637 3577 708 praebet

1933 722 2256 791 Tenzelius,
2293 748 2318 774 ‹‹
2357 743 2524 797 quos,
2583 725 2737 791 licet,
2774 727 3057 796 scribens,
3093 731 3261 781 antea
3292 725 3572 781 comitum

1936 812 2452 885 (Brigantinorum)
2484 814 2764 886 originem
2794 815 3008 871 fabulis
3033 815 3445 885 coinquinasse
3475 833 3572 870 os-

1933 901 2294 956 tenderimus
2324 903 2616 972 (asseruit,
2653 920 2765 957 non
2800 904 3107 975 probavit,)
3139 921 3252 958 non
3289 904 3576 976 improba-

1935 1005 2065 1044 mus
2096 994 2310 1056 tamen,
2346 1008 2471 1062 qua}
2505 992 2723 1046 habent
2751 993 2820 1046 de
2855 997 3090 1063 parente
3121 992 3411 1047 Gebhardi
3442 993 3573 1047 fun-

1933 1078 2153 1133 datoris
2183 1079 2398 1147 (Uzone
2457 1098 2556 1135 seu
2621 1081 2933 1151 Udalrico,)
2988 1081 3202 1152 quippe
3235 1087 3296 1136 ut
3327 1081 3574 1136 ccenobii

1933 1166 2340 1222 Petershusani
2375 1169 2556 1222 initiis
2590 1169 2880 1240 propiora,
2910 1170 2988 1223 ita
3012 1169 3208 1240 procul
3242 1171 3358 1224 dub
3387 1187 3418 1224 o
3451 1175 3572 1225 stu-

1934 1254 2156 1309 diosius
2187 1256 2592 1328 sinceriusque
2624 1259 2945 1312 adservata.
2967 1258 3362 1329 Novimusque
3385 1276 3452 1314 ex
3483 1259 3574 1330 ip-

1935 1343 2015 1396 sis
2050 1344 2522 1414 Brigantinorum
2584 1346 2899 1401 assertis...
2959 1363 3055 1400 eos
3088 1365 3120 1400 a
3151 1347 3474 1401 Gebehardi
3528 1348 3573 1402 II

1933 1432 2463 1489 Constantiensium
2510 1435 2763 1506 episcopi
2791 1435 3070 1506 genitore,
3104 1451 3172 1488 cx
3199 1435 3576 1505 pPchltPlSSl-

1936 1538 2030 1576 mo
2063 1521 2518 1577 Alemannorum
2543 1540 2750 1595 genere
2776 1528 3092 1594 procreato,
3124 1529 3401 1595 tanquam
3429 1524 3578 1580 radi-

1935 1627 1997 1666 ce
2031 1616 2206 1666 totam
2245 1614 2526 1668 comitum
2584 1631 2826 1669 suorum
2862 1614 3190 1686 progeniem
3225 1614 3504 1671 derivare.
3545 1638 3572 1664 »

1935 1700 2096 1762 Quod
2120 1701 2166 1754 si
2192 1700 2469 1773 largiente
2487 1702 2758 1756 Tensalio
2782 1719 2847 1757 ea
2869 1703 2922 1756 in
2945 1702 3038 1758 his
3061 1703 3374 1758 annalibus
3396 1703 3577 1759 since-

141 1795 228 1854 ita
256 1787 525 1845 scribens
553 1804 566 1843 :
601 1809 623 1835 ι
650 1789 848 1860 Neque
873 1789 1027 1843 enim
1064 1787 1179 1844 illis
1206 1789 1574 1861 temporibus
1608 1806 1818 1844 novum
1853 1826 1899 1890 D
1937 1788 2090 1842 riora
2113 1795 2248 1843 sunt
2279 1808 2405 1861 quae
2439 1791 2676 1862 propius
2707 1796 2969 1862 tempora
2999 1791 3366 1847 S.Gebhardi
3393 1793 3574 1865 respi-

143 1874 531 1950 insolensque
575 1877 870 1932 duxerunt
918 1877 1320 1949 imperatores,
1363 1882 1554 1933 curtes
1587 1896 1817 1950 quoque

142 1965 443 2039 regales...
493 1965 812 2021 comitibus
856 1966 1002 2020 bene
1052 1967 1275 2021 meritis
1327 1965 1579 2039 elargiri.
1611 1990 1636 2015 ››
1667 1968 1725 2021 Si
1758 1968 1814 2021 id

143 2055 332 2129 igitur
359 2053 552 2111 Caroli
575 2055 766 2109 Crassi
799 2053 1158 2127 temporibus
1181 2073 1282 2110 nec
1313 2073 1513 2111 novum
1543 2072 1648 2111 nec
1671 2058 1814 2111 inso-

143 2145 265 2200 lens
296 2147 446 2207 erat,
478 2144 756 2214 ergojam
786 2149 956 2198 antea
990 2143 1208 2198 factum
1233 2144 1406 2199 fuerit
1437 2161 1672 2200 necesse
1705 2150 1812 2212 est,

149 2238 218 2289 ut
241 2231 429 2288 curtis
448 2231 886 2304 regalis,qualis
915 2236 1037 2288 erat
1053 2233 1384 2300 Potamum,
1419 2252 1532 2289 non
1565 2234 1691 2289 dico
1715 2252 1814 2290 co-

152 2321 287 2377 miti
318 2321 464 2377 bene
496 2321 874 2387 merenti,sed
909 2321 1142 2392 proprio
1183 2339 1288 2377 suo
1322 2324 1516 2394 nepoti
1548 2323 1814 2379 Udalrico

153 2411 219 2476 in
277 2409 576 2482 proprium
637 2409 975 2464 concederet
1025 2410 1351 2466 Ludovicus
1408 2412 1812 2481 Germanicus,

148 2497 347 2555 Caroli
380 2497 565 2553 Crassi
592 2501 778 2570 pater.
813 2499 936 2564 Qua
981 2503 1176 2554 tamen
1227 2500 1536 2556 donatione
1566 2518 1683 2555 non
1713 2502 1814 2557 ob-

149 2591 376 2654 stante,
403 2590 710 2641 Potamum
737 2587 1008 2662 eo'modo
1068 2582 1259 2642 curtis
1281 2589 1435 2660 regio
1476 2606 1817 2662 permanere

144 2675 366 2752 potuit,
403 2674 498 2731 ubi
531 2676 688 2747 regio
725 2675 961 2731 nomine
992 2677 1094 2747 jus
1125 2677 1432 2745 diceretur,
1467 2696 1580 2750 quo
1614 2680 1814 2734 Luste-

145 2782 331 2832 nowa
363 2781 468 2820 seu
515 2763 832 2819 Lustinava
880 2764 1096 2836 pariter
1125 2766 1307 2820 curtis
1338 2765 1568 2836 regalis,
1609 2767 1678 2821 de
1701 2784 1815 2838 qua

143 2855 227 2912 ita
261 2852 471 2909 scribit
511 2851 814 2908 Tenzelius
864 2853 926 2923 (I.
959 2869 1029 2922 c.,
1070 2869 1126 2924 p.
1174 2853 1338 2925 272):
1367 2876 1394 2903 ‹‹
1446 2854 1515 2908 Ut
1543 2854 1816 2910 Arnolt'us

142 2942 472 3014 imperator
513 2945 738 2996 curtem
784 2941 1135 2996 Lustenowa
1182 2941 1453 2997 Udalrico
1503 2943 1698 2997 comiti
1744 2944 1815 2997 de

139 3031 485 3102 Linzegewe
516 3030 703 3099 (juxta
758 3028 1017 3084 chartam
1051 3046 1145 3084 an.
1209 3030 1307 3084 891
1335 3031 1486 3101 apud
1523 3019 1814 3100 Herrgott)

139 3121 201 3186 in
225 3121 332 3193 jus
358 3118 732 3192 proprietatis
789 3117 965 3186 dedit,
997 3118 1079 3172 ita
1108 3135 1221 3174 non
1252 3119 1547 3175 intercedo
1579 3120 1811 3192 quomi-

139 3226 257 3266 nus
289 3207 492 3263 comiti
524 3205 863 3278 Brigantino
912 3211 1134 3262 curtem
1171 3208 1437 3263 Lintowa
1483 3208 1571 3263 vel
1602 3207 1808 3266 Aruol-
1841 3194 1882 3260 C

138 3299 235 3362 fus
266 3296 357 3352 vel
389 3295 541 3352 alius
570 3296 820 3351 donasse
855 3295 1100 3351 dicatur.
1137 3299 1258 3353 Imo
1291 3315 1403 3352 non
1449 3315 1806 3370 repugnave-

138 3387 252 3444 rim
288 3386 339 3444 si
390 3385 523 3458 quis
563 3385 720 3440 hunc
775 3384 1107 3440 Udalricum
1169 3387 1439 3442 comitem
1499 3386 1635 3441 velit
1683 3404 1809 3443 esse

137 3475 420 3534 eumdem
441 3490 618 3548 quem
638 3472 953 3529 chronicon
973 3474 1489 3531 Petershusianum
1513 3475 1810 3548 Brigantio

138 3565 397 3638 aliisque
414 3563 556 3620 locis
577 3568 1018 3618 renumeratum
1043 3563 1200 3619 sistit
1220 3562 1281 3634 (l.
1310 3582 1347 3634 ι,
1385 3582 1439 3618 n.
1460 3566 1534 3631 3),
1553 3565 1726 3620 modo
1742 3581 1810 3620 ea

141 3655 462 3720 demantur
503 3670 628 3725 qua:
664 3656 720 3707 et
770 3651 982 3706 fabulis
1031 3651 1266 3724 propria
1320 3657 1540 3720 sunt,et
1568 3653 1809 3720 notorie,

144 3746 217 3808 ut
248 3743 580 3806 Potamum,
612 3741 683 3796 ad
717 3740 947 3812 imperii
973 3741 1180 3796 iiscum
1204 3741 1426 3796 diutius
1457 3743 1809 3813 pertinuere,

144 3829 244 3890 vel
276 3827 412 3884 aliis
442 3829 772 3894 comitibus,
803 3831 866 3883 ut
896 3828 1180 3897 Buchorn,
1218 3829 1624 3884 inservierunt.
1651 3852 1678 3880 ››
1717 3835 1813 3885 De-

144 3933 327 3976 mum
360 3915 442 3971 ita
497 3915 821 3972 concludit:
848 3939 875 3965 «
909 3916 1125 3972 Saltem
1156 3917 1476 3973 Chronicon
1514 3918 1672 3973 istud
1703 3919 1812 3974 Pe~

139 4005 576 4066 tershusanum
607 4006 945 4060 recentioris
1003 4006 1311 4061 commatis
1369 4023 1497 4062 esse
1547 4007 1632 4061 vel
1668 4006 1811 4060 illud

143 4094 366 4170 prodit,
400 4094 558 4167 quod
587 4096 785 4150 ruinas
815 4094 1169 4151 habitationis
1217 4097 1461 4166 antiquae
1495 4096 1647 4152 264
1689 4112 1814 4151 me—

147 4187 359 4253 morat,
395 4199 575 4256 quam
609 4182 923 4238 incoluerit
952 4186 1066 4237 Uzo
1093 4188 1254 4255 pater
1284 4183 1576 4239 Gebhardi
1611 4184 1818 4239 funda-

146 4273 292 4337 toris
322 4271 741 4330 Petershusani
776 4271 836 4343 (l.
866 4289 904 4339 ι,
939 4289 996 4327 n.
1027 4272 1104 4343 5).
1138 4294 1166 4322 )›
1190 4273 1432 4346 Scripsit
1455 4289 1616 4339 sane,
1647 4275 1813 4343 utvi-

143 4363 364 4432 dimus,
419 4360 696 4418 Chronici
745 4364 951 4416 auctor
979 4361 1212 4417 duobus
1252 4362 1368 4416 fere
1401 4367 1532 4434 post
1562 4361 1814 4418 Uzonem

141 4451 394 4518 saculis,
433 4451 536 4508 ubi
563 4451 694 4522 jam
753 4448 813 4504 in
870 4449 1082 4504 rudera
1133 4450 1476 4506 consederat
1521 4455 1686 4507 vetus
1716 4468 1817 4506 arx

1931 1876 2253 1949 ciunt,ergo
2288 1878 2500 1948 pariter
2529 1878 2785 1948 genuina
2819 1880 3039 1933 censeri
3073 1881 3286 1954 debent
3311 1898 3438 1953 quae
3464 1881 3574 1936 ibi-

1927 1966 2059 2020 dem
2092 1966 2161 2020 de
2194 1965 2447 2037 episcopi
2472 1965 2631 2020 illius
2658 1967 3000 2038 cognatione
3030 1969 3456 2040 cumHedwige
3477 1969 3576 2025 du-

1928 2052 2424 2118 cissa,Burcbardi
2453 2055 2497 2107 ll
2520 2052 2870 2107 Alemannis:
2898 2054 3062 2109 ducis
3084 2057 3574 2126 conjuge,haben-

1926 2146 2041 2196 tur.
2079 2143 2207 2197 Haec
2250 2160 2381 2196 vero
2402 2160 2505 2196 nec.
2539 2143 2658 2214 ipse
2685 2143 2990 2197 Tenzelius
3021 2142 3306 2213 explicare
3339 2146 3569 2215 poterit,

1926 2229 2193 2285 nisiillud
2215 2230 2490 2286 horumce
2517 2230 2816 2286 annalium
2845 2237 3100 2304 systema
3131 2232 3570 2305 genealogicum

1925 2318 2075 2374 infra
2103 2322 2130 2386 §
2163 2322 2226 2373 14
2258 2336 2292 2374 a
2321 2319 2488 2374 nobis
2521 2319 2883 2392 propositum
2911 2321 3214 2375 admiserit
3241 2338 3254 2388 ;
3284 2322 3436 2392 quod
3461 2321 3569 2395 igi-

1924 2411 2020 2463 tur
2049 2408 2204 2464 haud
2224 2409 2365 2464 adeo
2389 2407 2720 2464 fabulosum
2745 2413 2924 2476 est,ut
2952 2409 3087 2464 huic
3120 2409 3388 2481 scriptori
3411 2409 3567 2466 vide-

1925 2501 2037 2553 tur.

1995 2586 2189 2640 Mitius
2222 2586 2486 2641 nonnihil
2522 2587 2592 2642 de
2621 2587 2901 2642 Chronico
2927 2590 3123 2642 nostro
3145 2587 3404 2643 sentiunt
3435 2588 3567 2644 Bol-

1924 2675 2178 2730 landiani
2210 2667 2701 2748 agiographi,qui,
2740 2677 2794 2732 in
2823 2676 3242 2731 commentario
3264 2678 3473 2748 prmvio
3496 2679 3566 2733 ad

1922 2764 2115 2819 Vitam
2139 2764 2197 2820 S.
2232 2763 2518 2819 Gebhardi
2553 2769 2616 2835 (t.
2653 2766 2725 2819 Vl
2763 2765 3028 2838 Augusti,
3061 2783 3116 2838 p.
3152 2767 3296 2837 106),
3331 2766 3410 2821 ita
3440 2784 3572 2838 pror

1925 2853 2236 2908 nuntiant:
2275 2876 2299 2903 «
2334 2852 2656 2912 Chronicon
2684 2855 3126 2909 Constantiense
3157 2853 3376 2925 (Manlii
3411 2854 3566 2910 scili-

1925 2946 2032 3011 cet,
2067 2942 2258 3012 qui,ut
2285 2958 2463 3012 supra
2485 2941 2758 3006 diximus,
2785 2941 3211 2997 nobilissimam
3245 2943 3396 2998 hanc
3433 2960 3564 3016 pro-

1924 3029 2151 3103 geniem
2184 3046 2251 3084 ex
2281 3030 2372 3083 his
2430 3029 2835 3086 Petri-Domus
2891 3029 3204 3088 annalibus
3256 3031 3569 3104 decerpsit)

1923 3120 2150 3192 egregie
2207 3119 2420 3174 meruit
2475 3120 2544 3174 de
2602 3119 3045 3190 praeclarissimo
3097 3121 3199 3174 viri
3236 3125 3564 3189 stemmate,

1922 3209 2094 3265 modo
2126 3214 2245 3262 tam
2277 3224 2410 3262 vera
2440 3207 2559 3262 sint
2589 3225 2764 3278 quam
2827 3207 3134 3279 splendida
3184 3226 3311 3280 quze
3368 3211 3560 3265 refert.

1918 3297 2028 3352 Sed
2063 3297 2211 3353 265
2245 3303 2382 3351 aetas
2414 3297 2584 3351 istius
2634 3297 2889 3351 auctoris
2920 3301 3038 3351 tam
3083 3313 3282 3353 recens
3314 3298 3371 3352 in
3403 3314 3565 3353 com-

1918 3384 2214 3456 paratione
2237 3390 2355 3440 tam
2380 3384 2604 3455 antiqui
2621 3385 2946 3440 stemmatis
2961 3387 3115 3457 quod
3136 3387 3329 3454 refert,
3352 3404 3564 3459 parum

1919 3473 2092 3528 habet
2125 3473 2511 3528 auctoritatis.
2545 3495 2570 3518 ιι
2602 3473 2711 3526 Sed
2746 3473 3041 3528 advertere
3063 3474 3403 3529 debuissent
3434 3491 3561 3530 eru-

1920 3560 2023 3616 diti
2056 3560 2196 3615 socii
2227 3578 2341 3616 non
2362 3560 2558 3616 Manlii
2584 3578 2710 3616 esse
2733 3561 2882 3615 hanc
2901 3560 3326 3631 genealogiam,
3348 3561 3448 3632 qui
3471 3579 3572 3616 sa:-

1921 3648 2050 3704 culo
2073 3666 2164 3703 xvr
2192 3649 2513 3704 Clironicon
2535 3648 2896 3720 scripsit,sed
2929 3649 3242 3703 Annalium
3265 3649 3570 3704 Petershu-

1922 3737 2222 3793 sianorum
2256 3755 2382 3793 saec.
2409 3754 2510 3790 x11.
2541 3737 2699 3802 Quod
2735 3736 2867 3791 dein
2899 3738 3161 3792 addunt:
3197 3760 3223 3786 «
3260 3737 3374 3791 Nec
3400 3736 3578 3808 impe-

1924 3827 2150 3890 ratoris,
2186 3843 2287 3881 nec
2319 3825 2535 3881 sororis
2567 3827 2717 3895 ejus,
2751 3841 2856 3879 nec
2910 3825 3062 3896 regis
3094 3826 3428 3896 interempti
3464 3843 3573 3882 no-

1923 3932 2056 3970 men
2107 3915 2397 3986 exprimit,
2433 3935 2460 3962 »
2489 3919 2642 3969 recte
2672 3919 2930 3981 monent,
2975 3930 3107 3968 cum
3140 3919 3196 3969 et
3227 3930 3332 3968 nos
3358 3930 3426 3968 ea
3455 3913 3570 3968 ibi-

1923 4004 2055 4059 dem
2071 4004 2491 4070 desideremus,
2511 4020 2637 4075 quae
2651 4019 2782 4056 vero
2803 4001 3047 4056 inferius
3066 4002 3572 4074 investigabimus,

1924 4093 2078 4147 unde
2101 4091 2320 4164 patebit
2343 4090 2473 4145 illos
2493 4095 2642 4146 recte
2675 4090 3052 4160 subjunxisse
3078 4108 3091 4146 :
3127 4116 3152 4140 ‹‹
3180 4091 3238 4146 Si
3275 4095 3470 4145 tamen
3500 4093 3572 4146 ad

1923 4185 2159 4253 tempus
2189 4181 2477 4246 attendas,
2512 4179 2740 4234 videtur
2761 4180 3044 4251 respicere
3067 4181 3136 4235 ad
3162 4178 3447 4235 familiam
3471 4179 3572 4234 Ca-

1925 4269 2031 4326 roli
2062 4269 2273 4341 Magni,
2333 4267 2419 4324 vel
2453 4268 2699 4325 aliorum
2761 4267 2860 4340 qui
2887 4285 2917 4324 e
2949 4269 3181 4323 natione
3219 4269 3569 4324 Francorum

1925 4358 2134 4416 saeculo
2167 4375 2320 4414 nono
2352 4357 2664 4430 imperium
2697 4357 3024 4412 Occidentis
3061 4360 3397 4413 tenuerunt.
3434 4379 3462 4407 »

1996 4449 2124 4504 Haec
2156 4449 2225 4504 de
2278 4453 2476 4504 nostro
2537 4446 2819 4502 Chronico
2879 4451 3232 4517 praenotasse
3287 4446 3571 4514 sufﬁciat;

141 4540 508 4615 Brigantina,
543 4553 702 4594 anno
750 4537 858 4591 948
888 4538 959 4626 ab
1009 4537 1338 4594 Hermanno
1387 4540 1534 4594 duce
1564 4543 1733 4612 capta
1761 4545 1820 4594 et
1851 4562 1895 4626 Β
1930 4539 2096 4610 plura
2125 4537 2183 4592 in
2214 4536 2606 4626 sequentibus
2634 4536 2772 4591 hinc
2801 4535 2936 4590 inde
2957 4540 3277 4626 recurrent,
3312 4536 3576 4626 subjecta

137 4631 460 4694 destructa.
493 4627 720 4682 Verum
773 4641 842 4680 ex
887 4625 1096 4682 iisdem
1131 4627 1392 4683 fontibus
1441 4627 1674 4682 haurire
1717 4645 1817 4699 po-
1852 4624 1878 4626 ᾧ
1930 4625 2259 4699 ρΓωρι-ἱῐῐιίε
2291 4624 2705 4697 disquisitione
2737 4641 2855 4696 qua
2893 4629 3154 4679 vexatam
3189 4624 3247 4679 S.
3283 4624 3576 4680 Gebhardi

135 4719 244 4792 tuit
265 4715 575 4776 Gebhardi
599 4713 1126 4788 progeniem,unde
1147 4719 1201 4772 et
1223 4717 1491 4787 ejusdem
1515 4720 1681 4788 gesta
1696 4721 1819 4771 tam
1930 4714 2330 4788 genealogiam
2364 4731 2477 4769 non
2511 4713 2747 4786 quidem
2781 4712 3460 4780 defendere,examinare
3490 4718 3577 4768 ta-

129 4809 380 4868 ﬁdeliter
410 4802 764 4876 descripsit.
799 4802 994 4874 Neque
1049 4805 1204 4860 enim
1246 4806 1472 4860 sincero
1505 4805 1648 4860 alias
1679 4806 1821 4860 scri-
1932 4822 2063 4860 men
2097 4803 2468 4870 tentavimus,
2505 4802 2704 4858 relicta
2734 4802 2885 4870 aliis,
2921 4819 3096 4874 quam
3122 4802 3291 4856 nobis
3323 4801 3583 4871 sumpsi-

119 4902 271 4976 ptori
304 4897 516 4959 omnis
552 4894 693 4949 ideo
729 4891 874 4947 ﬁdes
897 4892 1238 4966 deneganda
1258 4899 1348 4950 est
1371 4894 1430 4948 in
1456 4893 1572 4948 illis
1596 4910 1723 4965 quae
1750 4894 1821 4948 de
1935 4911 2085 4962 mus,
2122 4911 2246 4964 quae
2278 4891 2568 4948 voluerint
2599 4891 2887 4947 sentiendi
2918 4890 3203 4945 libertate.

119 4990 504 5068 temporibus
539 5002 578 5041 a
609 4998 676 5042 se
710 4980 1122 5040 remotioribus
1145 4987 1366 5050 narrat,
1402 4983 1654 5039 maxime
1687 4982 1735 5039 si
1767 4987 1824 5038 et
