3982 6216
446 347 564 412 275

1144 353 1536 420 APPENDIX
1579 354 1680 419 AD
1725 347 2173 429 CHRONICON
2218 356 2638 424 HERMANNI
2682 357 3146 427 GONTRACTI.

3727 358 3843 427 2⁸³16

446 519 3844 552 m

956 679 1104 788 DE
1174 678 2116 793 BlllGAlV‘TlNORUM
2183 681 2699 795 COMITUM
2767 682 3349 800 PBOSAPIA

1698 905 2592 1018 DISQUISITIO

1508 1137 1615 1198 Ex
1653 1147 1962 1219 systemate
2008 1138 2297 1202 Chronici
2332 1139 2778 1202 Petershusam'.

517 1461 547 1529 ξ
579 1462 604 1516 1
644 1461 798 1519 286
826 1459 1202 1533 Prapotentis
1253 1459 1391 1514 olim
1442 1459 1619 1531 hujus
1646 1459 1899 1526 familia,
1930 1461 2086 1516 unde
2117 1462 2164 1526 Α
2202 1461 2518 1533 imperator
2547 1461 2868 1518 Germania
2898 1465 2955 1518 et
2992 1460 3348 1519 Alemannia
3395 1463 3846 1522 dominabatur:

447 1549 574 1606 alia
606 1549 934 1621 complures
963 1548 1322 1620 prodierunt,
1374 1548 1657 1620 originem
1708 1549 1778 1604 ab
1829 1548 2087 1620 antiquis

447 1639 637 1695 Ratia
669 1638 961 1694 Curiensis
985 1637 1296 1693 comitibus
1323 1642 1592 1708 repetuut
1616 1637 2088 1703 Lazius,Crusius

447 1729 774 1800 Stumpﬁus
805 1728 1037 1798 aliique.
1074 1727 1231 1782 Hanc
1263 1743 1391 1781 vero
1424 1743 1525 1781 ceu
1549 1727 1744 1798 primi;
1779 1730 1842 1780 ut
1862 1727 2091 1781 videtur

448 1817 778 1875 stemmatis
800 1817 895 1872 hic
925 1816 1081 1871 haud
1130 1815 1554 1881 examinamus,
1608 1815 1875 1870 Chronici
1907 1817 2088 1871 nostri

447 1907 791 1977 scriptorem
822 1906 890 1960 de
923 1903 1242 1976 posteriore
1285 1904 1570 1960 duntaxat
1619 1904 1890 1976 prosapia
1935 1908 2088 1959 trac-

443 1998 664 2051 tantem
694 1994 1068 2063 illustraturi,
1102 1993 1200 2065 qui
1233 1993 1474 2049 comites
1505 1992 1637 2048 illos
1668 2010 1735 2048 ex
1765 1993 1952 2048 Gallia
1979 1994 2086 2048 Το-

444 2089 582 2156 gata
613 2085 670 2138 in
703 2085 810 2140 has
842 2088 1025 2138 terras
1058 2083 1405 2138 adducit.At
1437 2099 1568 2137 mox
1601 2081 1657 2137 in
1691 2082 1892 2136 limine
1919 2083 2088 2136 aber-

445 2175 702 2242 rat,dum
727 2173 785 2228 in
805 2173 1127 2229 Galliarum
1151 2172 1435 2227 divisione
1461 2176 1662 2227 contra
1685 2171 1931 2226 aliorum
1955 2171 2090 2226 scri-

445 2267 680 2335 ptorum
713 2263 885 2317 fidem
919 2261 1157 2316 Galliam
1190 2264 1488 2317 Comatam
1523 2261 1580 2314 in
1643 2261 1938 2332 Cisalpina
1986 2277 2089 2315 seu

445 2352 611 2406 Italia
643 2351 904 2418 collocat,
938 2368 1063 2420 qua
1095 2355 1287 2403 tamen
1310 2349 1530 2404 cmtcris
1550 2350 1770 2420 Togata
1787 2354 1872 2404 est
1898 2367 1910 2416 ;
1938 2349 2090 2404 unde

444 2456 548 2510 per
578 2457 638 2494 se
671 2440 800 2492 fluit
831 2455 898 2493 ex
929 2441 1121 2492 mente
1153 2437 1408 2491 auctoris
1458 2437 1644 2491 nostri
1683 2435 1929 2491 Galliam
1979 2439 2088 2492 To-

445 2531 642 2600 gatam
694 2526 854 2580 illam
887 2542 1014 2580 esse
1045 2542 1221 2594 quam
1255 2525 1350 2579 alii
1375 2525 1675 2580 Comatam
1695 2540 1795 2579 seu
1815 2524 2088 2580 Celticam

445 2623 546 2671 aut
577 2615 865 2687 Belgicam
900 2614 1223 2668 nominant.
1258 2614 1418 2676 Quod
1449 2630 1582 2668 cum
1632 2613 1788 2668 haud
1830 2616 2088 2689 attende-

442 2710 574 2761 rent
612 2703 712 2775 qui
742 2704 814 2757 de
846 2702 952 2756 hoc
982 2702 1266 2757 Chronico
1298 2707 1642 2769 tractarunt,
1669 2703 1726 2756 in
1759 2701 1903 2758 alios
1934 2720 2089 2758 erro-

444 2810 537 2850 res
567 2792 822 2865 prolapsi
863 2796 1022 2857 sunt,
1057 2795 1120 2847 ut
1152 2809 1283 2848 mox
1313 2797 1485 2846 antea
1514 2792 1584 2846 de
1623 2791 1891 2847 Tenzelio
1926 2797 2088 2848 nota-
2120 2831 2167 2897 B

443 2898 659 2937 VlmUS.

517 2971 547 3042 §
576 2971 644 3024 II.
679 2969 834 3024 Idem
863 2967 1106 3040 contigit
1134 2968 1219 3024 Jo.
1255 2969 1423 3024 Conr.
1466 2967 1788 3032 Fuesslino,
1833 2969 1930 3040 qui
1981 2969 2089 3024 etsi

446 3059 792 3131 (Staats-und
818 3057 1314 3126 Erdbeschrez'bung
1367 3057 1465 3112 der
1511 3058 1776 3113 Schwoitz.
1825 3062 1867 3112 t.
1901 3059 1998 3125 IV,
2029 3075 2086 3130 p.

449 3149 573 3218 173)
604 3147 903 3218 scriptoris
933 3147 1115 3202 nostri
1175 3163 1427 3202 errorem
1485 3147 1802 3217 agnoverit,
1836 3147 1961 3218 ipse
2003 3151 2088 3203 ta-

454 3253 587 3290 men
610 3235 784 3291 etiam
806 3235 1090 3308 originem
1109 3236 1258 3291 hanc
1281 3234 1337 3289 in
1361 3235 1525 3290 Italia
1543 3251 1646 3290 ceu
1677 3236 1796 3291 veri
1835 3235 2089 3291 nominis

453 3323 642 3380 Gallia
671 3325 888 3397 Togata
917 3323 1178 3394 inquirit.
1215 3325 1602 3380 Memoratum
1642 3324 1796 3380 enim
1847 3342 1880 3380 a
1923 3324 2089 3380 chro-

451 3413 750 3485 nographo
777 3413 814 3468 l.
850 3431 888 3479 ι,
921 3430 978 3467 n.
1011 3417 1064 3480 2,
1098 3413 1441 3484 regicidium
1487 3417 1617 3484 post
1664 3413 1847 3468 Caroli
1898 3413 2090 3469 Crassi

448 3501 591 3575 imp.
625 3502 846 3558 obitum
879 3503 1277 3574 reponendum
1327 3502 1639 3568 existimat,
1675 3503 1908 3573 quando
1958 3503 2088 3558 novi

447 3593 663 3664 ubique
693 3591 879 3665 reguli
909 3597 1294 3659 emerserunt,
1347 3609 1494 3662 quos
1550 3591 1702 3646 inter
1753 3591 1824 3646 ad
1856 3609 1951 3647 an.
1985 3594 2090 3647 895

444 3685 766 3754 pracipuos
789 3686 1050 3736 recenset
1063 3680 1477 3753 Berengarium
1502 3679 1771 3735 Everardi
1793 3679 1978 3735 filium
1993 3681 2090 3736 Fo-

444 3770 842 3841 rojuliensem,
867 3774 926 3826 et
977 3770 1283 3825 Widonem
1297 3768 1510 3840 Spoleti
1535 3769 1713 3824 duces
1744 3785 1877 3822 cum
1909 3769 2087 3839 hujus

442 3859 560 3914 filio
617 3861 946 3928 Lamberto,
968 3859 1067 3931 qui
1099 3860 1168 3914 de
1194 3858 1368 3914 Italia
1397 3874 1574 3929 regno
1606 3857 1758 3912 inter
1781 3874 1842 3912 se
1859 3861 2090 3912 conten-

441 3947 676 4004 debant.
709 3951 787 4004 Ex
845 3949 938 4004 bis
971 3949 1313 4004 Lambertus
1379 3963 1471 4001 an.
1506 3947 1611 4001 898
1637 3946 1866 4002 occisus
1898 3950 1985 4000 est
2013 3947 2086 4000 ab

440 4035 681 4108 Hugone
708 4037 825 4091 filio
840 4036 1380 4107 Meginfredi,quem
1403 4034 1664 4106 Arnulph
1677 4052 1744 4089 us
1767 4035 1843 4088 im
1855 4039 2087 4106 perator

439 4125 512 4179 ad
543 4126 760 4180 tuenda
784 4125 970 4179 suain
991 4124 1582 4194 ltaliamjuraducem
1597 4122 2085 4178 Mediolanensem

2200 1551 2270 1604 ad
2305 1567 2477 1622 quem
2509 1552 2672 1618 adeo,
2708 1568 2821 1606 non
2865 1551 2936 1606 ad
2989 1551 3340 1621 Conradum,
3402 1556 3532 1625 post
3571 1554 3848 1610 tredecim

2198 1655 2383 1694 annos
2409 1639 2681 1705 electum,
2716 1641 3028 1712 confugere
3086 1639 3387 1696 debuisset
3427 1641 3523 1696 hic
3572 1641 3845 1713 regicida,

2199 1728 2364 1798 isque
2398 1745 2512 1783 non
2545 1727 2852 1784 Udalricus
2887 1730 2986 1784 sed
3020 1729 3184 1800 Hugo
3206 1729 3625 1801 appellatus,et
3647 1731 3849 1788 unicus

2199 1816 2439 1888 insuper
2461 1817 2800 1889 Meginfredi
2824 1817 2990 1873 ducis
3013 1817 3468 1873 Mediolanensis
3490 1815 3648 1873 filius
3664 1819 3850 1890 (Lurr-

2199 1922 2407 1960 PRAND.
2443 1907 2481 1959 ι.
2515 1922 2586 1972 c.,
2617 1923 2664 1960 c.
2704 1907 2812 1976 12),
2841 1905 2938 1960 ubi
2967 1906 3143 1960 etiam
3203 1904 3349 1960 nihil
3409 1907 3480 1961 de
3529 1907 3660 1978 ejus
3692 1907 3847 1981 fuga.

2199 1996 2464 2058 Quavero
2485 1993 2708 2049 ratione
2728 1993 3440 2066 prohabiturMeginfredo
3455 1994 3593 2050 huic
3607 2001 3847 2068 nuptam

2199 2081 2379 2137 fuisse
2411 2081 2780 2154 imperatoris
2813 2083 3122 2154 cujusdam
3153 2087 3254 2138 aut
3310 2087 3462 2156 regis
3495 2084 3848 2142 Francorum

2198 2169 2581 2242 ﬁliam,primi
2605 2172 2777 2227 istius
2798 2172 3122 2244 Brigantini
3145 2172 3376 2228 comitis
3401 2175 3849 2246 matrem,cujus

2200 2265 2462 2331 respectu
2487 2262 2792 2315 avunculus
2813 2260 2974 2316 illius
2990 2261 3102 2316 dici
3127 2266 3326 2334 posset
3351 2261 3717 2334 Arnulphus,
3750 2266 3848 2336 qui

2200 2348 2515 2417 mequidem
2553 2366 2782 2405 sorores
2813 2348 3056 2405 habuit?
3086 2349 3295 2405 Melius
3322 2350 3379 2405 id
3397 2352 3661 2407 Conrado
3689 2353 3848 2427 Iregi

2201 2438 2508 2494 convenire
2541 2443 2755 2510 posset,
2807 2438 2917 2494 nisi
2980 2439 3242 2511 Hugonis
3292 2455 3504 2495 nomen
3550 2439 3845 2509 obstaret;

2200 2523 2366 2579 facile
2395 2526 2552 2580 enim
2584 2543 2748 2582 soror
2779 2526 2976 2598 aliqua
3005 2526 3252 2582 Conradi
3305 2526 3459 2598 regis
3507 2528 3847 2600 Meginfrédi

2197 2611 2368 2668 istius
2400 2616 2613 2686 conjux
2641 2630 2769 2670 esse
2802 2615 3171 2686 potuit,unde
3198 2619 3254 2670 et
3300 2616 3370 2670 ab
3410 2615 3717 2688 Arnulpho
3748 2617 3850 2674 im-

2199 2707 2461 2772 peratore
2475 2703 2800 2760 Mediolano
2814 2704 3119 2776 prafectus
3133 2720 3260 2759 esse
3272 2703 3520 2772 videtur,
3547 2721 3683 2760 cum
3705 2707 3851 2762 Con-

2199 2789 2322 2845 radi
2357 2791 2486 2847 avia
2517 2792 2691 2846 fuerit
2712 2791 2831 2846 ﬁiia
2851 2791 3079 2859 Gisela,
3103 2809 3228 2864 qua
3251 2809 3416 2848 soror
3433 2796 3556 2848 erat
3579 2793 3848 2851 Ludovici

2200 2879 2549 2947 Germanici,
2576 2881 2756 2952 patris
2786 2880 3030 2948 Arnulﬁ,
3063 2881 3147 2936 uti
3195 2897 3332 2936 mox
3382 2885 3585 2954 postea
3630 2883 3851 2940 videbi-

2199 2985 2352 3023 mus.
2387 2968 2688 3024 Constat'et
2725 2969 2861 3026 hinc
2909 2969 3057 3024 ratio
3119 2986 3222 3026 cur
3279 2969 3625 3042 Meginfredi
3689 2971 3849 3029 filius

2200 3056 2473 3112 occiderit
2496 3057 2963 3126 Lambertum,ut
2986 3061 3115 3130 pote
3136 3058 3197 3114 in
3227 3074 3404 3131 regno
3448 3059 3626 3114 Italia
3672 3077 3852 3117 amu-

2201 3144 2321 3200 lum
2346 3145 2807 3218 Berengarii,qui
2831 3145 3033 3202 Gisela
3051 3147 3224 3203 istius
3249 3146 3403 3202 filius
3429 3153 3572 3216 erat,
3589 3149 3852 3223 adeoque

2200 3233 2311 3305 ipsi
2346 3240 2645 3306 cognatus.
2678 3236 2939 3290 Conrado
2971 3253 3102 3291 vero
3163 3235 3449 3291 avunculo
3505 3237 3580 3293 ad
3604 3254 3853 3311 regnum

2200 3321 2416 3377 elevato
2451 3322 2708 3378 melioris
2742 3324 2986 3379 fortuna
3031 3340 3134 3396 spe
3166 3324 3381 3396 potius,
3415 3340 3596 3396 quam
3645 3328 3722 3382 ob
3754 3345 3852 3400 pa-

2199 3414 2417 3465 tratum
2452 3411 2818 3483 regicidium,
2838 3413 2908 3479 ad
2934 3427 3069 3467 eum
3093 3412 3151 3466 in
3177 3411 3589 3468 Alemanniam
3612 3431 3852 3490 conces-

2199 3499 2358 3568 serit,
2393 3499 2730 3572 Brigantino
2761 3500 3039 3556 comitatu
3073 3501 3144 3556 ab
3167 3516 3232 3556 eo
3263 3502 3538 3557 donatus.
3570 3502 3852 3566 Quamvis

2199 3593 2393 3643 autem
2417 3588 2510 3643 hic
2569 3588 2914 3660 regicidium
2973 3589 3346 3658 haberemus,
3406 3589 3598 3646 multa
3653 3595 3852 3648 tamen

2199 3675 2389 3731 adhuc
2442 3675 2697 3741 obstant,
2754 3693 2888 3732 cum
2950 3676 3215 3732 Chronici
3274 3678 3459 3734 nostri
3514 3681 3854 3745 narratione

2196 3764 2290 3818 vix
2319 3781 2384 3819 ac
2405 3781 2475 3819 ne
2505 3765 2601 3819 vix
2622 3765 2857 3837 quidem
2889 3765 3254 3821 concilianda
3277 3784 3290 3834 ;
3311 3783 3438 3838 qua
3470 3767 3629 3823 enim
3663 3768 3728 3824 in
3746 3770 3854 3826 hoc

2196 3857 2511 3924 systemate
2527 3854 2734 3910 fuisset
2755 3869 2920 3910 soror
2941 3853 3095 3924 regis
3121 3855 3475 3910 Francorum
3497 3859 3557 3912 et
3586 3855 3846 3929 impera-

2195 3941 2338 3997 toris
2360 3942 2778 4008 Romanorum,
2812 3959 2957 3997 uxor
3000 3943 3180 4015 patris
3212 3942 3464 3998 Udalrici
3497 3944 3850 4017 Brigantini,

2197 4029 2311 4084 nisi
2343 4031 2586 4085 Conradi
2633 4031 2785 4102 regis
2844 4031 3268 4086 Germanorum
3323 4048 3424 4087 seu
3487 4033 3852 4089 Francorum

2197 4117 2599 4187 Orientalium,
2635 4121 2789 4175 unde
2819 4125 2996 4176 natus
3025 4125 3166 4188 erat,
3202 4121 3470 4192 quamvis
3525 4121 3856 4194 imperator

438 4214 840 4278 constituerat,
875 4212 1218 4266 Lambertus
1248 4228 1380 4266 vero
1398 4211 1584 4281 capite
1615 4210 1783 4281 plecti
1809 4212 2084 4280 jusserat,
2117 4195 2160 4261 C
2197 4222 2500 4277 nunquam
2533 4208 2752 4263 fuerit?
2780 4208 2921 4263 Dein
2955 4208 3340 4280 regicidarum
3373 4225 3529 4264 unus
3561 4208 3662 4265 hic
3703 4211 3857 4266 dici-

439 4302 505 4352 ut
533 4300 738 4353 scribit
787 4298 1181 4369 Luitprandus
1237 4298 1384 4352 Hist.
1417 4297 1455 4351 l.
1493 4299 1534 4365 Ι,
1569 4315 1618 4352 c.
1654 4297 1722 4351 I2
1753 4299 1898 4354 267
1937 4300 2086 4370 (MU-

439 4402 566 4439 RAT.
613 4388 790 4456 Scrzpt
845 4386 970 4440 Ital.
1027 4389 1069 4439 t.
1104 4385 1195 4454 II).
1257 4384 1604 4456 Opinionem
1663 4402 1831 4440 suam
1889 4387 2087 4444 hausit

441 4473 782 4529 Fuesslinus
815 4489 883 4528 ex
904 4472 1403 4543 Herm.Conringii
1437 4488 1682 4528 censura
1701 4473 2083 4546 diplom.Lin-

438 4559 565 4616 dav.
596 4580 651 4634 p.
685 4564 812 4629 270,
843 4561 944 4616 ubi
1000 4562 1083 4617 ita
1111 4562 1318 4616 refert:
1373 4582 1399 4608 «
1435 4562 1694 4616 Conrado
1724 4563 1746 4618 Ι
1777 4569 2078 4636 regnante,

437 4649 602 4723 Hugo
663 4649 1117 4706 Mediolanensis
1167 4649 1490 4704 secundum
1547 4649 1860 4707 Baronium
1891 4653 2080 4710 occiso

435 4741 743 4796 Lamberto
776 4737 953 4794 Italia
1015 4754 1167 4810 rege,
1203 4737 1274 4792 ad
1307 4739 1630 4793 Conradum
1683 4739 1850 4794 illum
1884 4758 2078 4814 regem

432 4830 785 4886 avunculum
819 4844 992 4883 suum
1021 4826 1382 4898 confugiens,
1428 4827 1768 4899 Brigantino
1801 4831 2078 4886 comitatu

431 4919 658 4991 primus
689 4917 955 4973 omnium
997 4915 1251 4970 creditur
1309 4915 1577 4971 donatus.
1615 4939 1643 4966 ››
1675 4918 1808 4980 Qua
1841 4919 2077 4989 quidem

429 5007 718 5063 sententia
748 5003 1011 5076 proxime
1070 5019 1201 5059 cum
1249 5005 1579 5060 narratione
1626 5005 1943 5061 Annalium
1976 5025 2075 5064 no-

428 5099 684 5151 strorum
733 5092 1084 5160 conveniret,
1145 5093 1214 5159 si,
1276 5093 1430 5165 quod
1490 5097 1650 5165 optat
1680 5093 1986 5152 Tenzelius
2018 5115 2074 5169 p.

425 5186 552 5249 282,
585 5182 793 5237 asserti
827 5181 915 5237 sui
949 5191 1211 5239 auctores
1242 5183 1615 5254 rationesque
1645 5181 1972 5255 allegasset.
2005 5189 2079 5241 At

427 5275 635 5342 prater
663 5287 730 5325 ea
765 5287 893 5341 qua
930 5271 1025 5326 hic
1071 5271 1226 5329 idem
1260 5276 1464 5327 auctor
1493 5267 1803 5344 Conringio
1826 5271 1866 5326 l.
1901 5289 1950 5328 c.
1981 5290 2078 5346 op-

427 5359 611 5430 ponit,
647 5359 762 5414 alia
784 5360 975 5416 adhuc
997 5367 1133 5416 sunt
1156 5378 1282 5432 qua
1314 5361 1449 5416 huic
1470 5362 1812 5430 conjectura
1845 5361 2076 5419 obstare

425 5449 1012 5505 videntur.Baronius
1033 5450 1304 5522 equidem
1327 5449 1541 5504 eadem
1568 5449 1856 5504 Lamberti
1880 5451 1950 5504 ad
1975 5467 2070 5507 an.

422 5536 527 5591 910
557 5536 770 5606 retulit,
799 5537 949 5594 male
969 5543 1186 5604 tamen,
1221 5555 1355 5593 cum
1388 5543 1614 5593 certum
1648 5537 1725 5592 sit
1758 5537 1918 5593 illam
1943 5539 2069 5608 jam
2100 5561 2147 5624 Β

2195 4299 2294 4350 tur
2322 4295 2682 4365 Vodalricus,
2716 4297 2870 4367 apud
2902 4297 3281 4370 Conringium
3313 4297 3480 4370 Hugo
3507 4315 3520 4364 ;
3581 4298 3735 4355 forte
3765 4304 3856 4355 ta-

2195 4400 2328 4439 men
2361 4385 2757 4457 Luitprandus
2789 4386 2848 4440 in
2881 4385 3043 4441 Italia
3073 4386 3339 4442 scribens
3396 4402 3614 4443 nomen
3673 4389 3858 4446 unius

2193 4473 2410 4541 fratris,
2444 4474 2544 4546 qui
2574 4474 2634 4529 in
2664 4473 3011 4530 Alemannia
3041 4478 3422 4543 remanserat,
3455 4473 3776 4548 ignoravit,
3801 4480 3859 4533 et

2191 4563 2538 4635 Gonringius
2577 4580 2680 4635 pro
2717 4564 2892 4620 Uzone
2922 4580 3025 4620 seu
3055 4565 3295 4631 Huz-one,
3329 4563 3414 4619 uti
3444 4563 3624 4620 etiam
3658 4565 3856 4621 dictus

2191 4657 2280 4707 est
2311 4651 2639 4724 Udalricus,
2672 4651 2930 4724 reposuit
2956 4654 3128 4722 Ilvugo.
3163 4654 3306 4708 Cum
3365 4668 3501 4725 ergo
3559 4654 3685 4709 hac
3739 4654 3856 4709 sub

2191 4741 2451 4797 Conrado
2474 4741 2736 4814 adeoque
2762 4745 2894 4813 post
2924 4758 3022 4797 an.
3063 4741 3164 4798 9H
3231 4741 3383 4798 208
3434 4742 3854 4814 contigissent,

2190 4828 2495 4886 Udalricus
2527 4829 2635 4885 levi
2661 4830 2890 4902 negotio
2922 4829 2982 4884 in
3005 4829 3350 4886 Alemannia
3367 4830 3690 4902 progenuit
3706 4830 3853 4886 Uzo-

2189 4936 2322 4974 nem
2354 4935 2456 4973 seu
2489 4917 2823 4974 Udalricum
2857 4918 3104 4974 alterum
3135 4918 3364 4974 Patrem
3394 4918 3780 4974 S.Gebhardi
3797 4923 3856 4975 et

2186 5005 2438 5064 Udalrici
2473 5006 2676 5077 lII,qui
2708 5007 2914 5062 an.965
2935 5022 3142 5078 pugna
3173 5008 3524 5078 Augustana
3560 5007 3855 5064 interesse

2186 5095 2394 5169 potuit.

2255 5187 2282 5254 §
2313 5184 2410 5238 III.
2436 5181 2813 5238 Tentavimus
2844 5182 3149 5254 hucusque
3179 5182 3436 5254 primum
3456 5182 3726 5240 Annales
3750 5197 3857 5240 no-

2185 5277 2337 5330 stros
2367 5271 2692 5344 explicandi
2725 5271 2990 5338 modum,
3019 5271 3153 5328 licet
3168 5271 3418 5327 necdum
3441 5271 3590 5328 satis
3612 5272 3857 5345 expedi-

2183 5366 2332 5429 tum,
2368 5364 2592 5416 retenta
2622 5358 2884 5432 regicidii
2914 5360 3316 5432 historia,qua
3349 5361 3463 5415 nisi
3483 5360 3640 5417 dicto
3666 5363 3854 5418 modo

2182 5455 2238 5506 et
2267 5455 2526 5521 tempore
2557 5447 2788 5503 admitti
2819 5448 3024 5520 nequit
3055 5449 3166 5504 sub
3225 5448 3554 5522 Carolingis
3597 5450 3856 5524 regibus

2181 5543 2280 5594 aut
2307 5537 2778 5609 imperatoribus.
2811 5536 3193 5593 Tentabimus
3217 5539 3343 5609 jam
3383 5542 3443 5593 et
3472 5537 3764 5608 alterum,
3800 5539 3857 5595 si

421 5643 514 5725 an.
538 5627 643 5682 898
675 5626 854 5683 fuisse
885 5630 1298 5700 perpetratam,
1349 5643 1463 5697 quo
1494 5624 1684 5680 adhuc
1726 5625 2069 5697 Arnulphus
2102 5623 2114 5624 ί
2178 5625 2516 5697 regicidium
2549 5623 3102 5698 excipias,Chronici
3135 5625 3318 5704 nostri
3346 5627 3683 5686 narrationi
3715 5644 3853 5686 ma-
