3982 6216
151 347 286 417 27³1

1007 345 1459 415 CHRONICON
1501 341 2224 413 PETERSHUSANUM.
2255 379 2336 398 —
2363 349 2774 416 PROCEMIA.

3475 347 3592 416 278

157 483 260 557 gis
295 481 781 540 accommodum.
815 481 1179 556 Precipuum
1239 481 1420 555 hujus
1464 481 1830 538 tractationis
1860 482 1914 548 Α
1944 481 2019 538 tis
2040 483 2315 539 Bussenin
2339 483 2619 540 hodierno
2640 484 2913 541 districtu
2933 482 3170 558 capituli
3192 482 3593 558 Sulgaviensis

161 573 640 630 fundamentum
673 572 897 645 praebet
925 571 1184 644 diploma
1215 570 1488 627 Ludovici
1508 571 1837 626 Germanici

162 662 391 718 datum
420 679 496 718 an
522 661 633 717 867
693 662 1006 732 (Hsnoo'rr.
1067 677 1124 714 n.
1185 660 1332 730 177),
1392 676 1507 731 quo
1554 659 1708 714 idem
1740 675 1838 714 rex

163 749 524 807 Udalricum
543 749 823 806 comitem
847 749 906 804 in
920 752 1279 822 Argengewe
1305 748 1580 804 dilectum
1594 757 1840 819 nepotem

166 856 358 896 suum
396 838 670 912 appellat,
704 839 880 910 cujus
911 838 1238 910 progenies,
1273 837 1320 892 si
1355 836 1652 909 explorata
1673 838 1836 902 foret,

169 928 363 1001 plana
394 928 660 984 fortassis
690 931 849 983 esset
879 927 1159 982 comitum
1205 925 1672 997 Brigantinorum
1707 942 1839 997 pro-

171 1017 467 1090 sapia,uti
489 1033 623 1072 mox
652 1016 921 1072 dicemus
952 1015 1294 1086 (702).Haud
1320 1015 1475 1069 enim
1498 1014 1838 1069 dubitamus

169 1106 345 1163 hunc
378 1106 575 1177 ipsum
603 1103 774 1160 illum
801 1120 932 1160 esse
965 1103 1306 1159 Udalricum
1340 1102 1398 1157 in
1432 1102 1717 1158 Chronico
1742 1119 1840 1157 no-

178 1199 313 1252 stro
347 1198 760 1261 memoratum,
783 1193 954 1264 cujus
977 1191 1135 1248 illius
1159 1191 1271 1248 Uzo
1295 1191 1449 1264 apud
1472 1191 1838 1264 Brigantium

181 1282 468 1340 habitare
497 1282 752 1354 coeperit,
784 1280 1019 1336 interim
1052 1297 1260 1336 rursus
1296 1283 1427 1352 post
1457 1280 1709 1346 ruinam,
1740 1297 1840 1334 cu-

170 1372 286 1443 jus
322 1368 683 1426 VValafridus
705 1368 1397 1435 meminit,instauratum
1427 1387 1440 1435 ;
1474 1369 1628 1424 unde
1660 1372 1717 1422 et
1747 1385 1844 1439 pa-

174 1464 273 1515 ter
302 1460 442 1529 ejus
471 1458 528 1514 in
561 1458 751 1514 vicino
779 1474 926 1531 pago
961 1463 1323 1530 Argengewe
1379 1472 1482 1513 seu
1531 1457 1841 1529 Linzgowe

174 1545 491 1605 habitarit.

249 1679 641 1753 Cognationis
673 1679 848 1752 hujus
869 1679 1224 1752 stipitem,ut
1245 1679 1478 1735 interim
1501 1696 1535 1734 a
1552 1679 1843 1736 Chronico

176 1774 385 1828 nostro
418 1768 1022 1841 abstrahamus,quod
1057 1767 1166 1824 hac
1195 1768 1254 1824 in
1277 1785 1336 1823 re
1375 1768 1619 1824 minime
1641 1769 1842 1825 defen-

173 1859 443 1916 dendum
478 1857 867 1930 suscipimus,
898 1875 929 1914 e
960 1857 1181 1929 duplici
1214 1858 1370 1913 fonte
1419 1857 1589 1912 nobis
1643 1858 1842 1929 depre-
1870 1854 1918 1919 B

170 1947 462 2005 hendisse
525 1946 814 2003 videmur.
876 1951 1074 2002 Unum
1123 1945 1435 2019 Theganus
1479 1946 1842 2003 Trevirensis

171 2035 650 2109 chorepiscopus
674 2051 897 2091 cozevus
931 2039 1008 2090 De
1037 2035 1217 2107 gestis
1261 2034 1532 2090 Ludovici
1565 2035 1646 2090 Pii
1697 2035 1838 2109 imp.

173 2126 510 2199 (Bouourr,
542 2129 586 2180 t.
621 2125 718 2189 VI,
752 2141 808 2196 p.
838 2125 929 2196 73)
961 2123 1199 2192 indicat,
1233 2123 1331 2178 ubi
1377 2141 1503 2196 cap.
1536 2125 1571 2180 2
1603 2124 1723 2180 haac
1754 2125 1838 2201 le:

173 2219 434 2289 guntur:
468 2237 513 2265 ‹‹
545 2213 788 2270 Carolus
817 2214 1040 2285 (postea
1072 2213 1340 2285 Magnus)
1372 2229 1506 2268 cum
1548 2212 1607 2267 in
1631 2214 1841 2284 juven-

170 2308 296 2362 tute
323 2308 473 2372 erat,
510 2301 622 2358 sibi
647 2302 845 2373 junxit
876 2301 1228 2357 nobilissimi
1259 2302 1488 2374 generis
1518 2303 1840 2358 Suevorum

176 2392 436 2467 puellam
466 2391 720 2448 nomine
748 2390 1166 2463 Hiltegardam,
1201 2407 1326 2463 quae
1357 2396 1482 2446 erat
1525 2391 1596 2447 de
1627 2408 1838 2464 cogna-

181 2482 344 2540 tione
371 2479 709 2538 Gothefridi
739 2478 904 2535 ducis
941 2479 1425 2535 Alamannorum.
1461 2479 1839 2536 Gothefridus

179 2572 296 2629 dux
325 2570 533 2644 genuit
563 2568 980 2640 Houchingum
1009 2585 1022 2636 ;
1062 2567 1449 2642 Houchingus
1468 2569 1669 2641 genuit
1697 2568 1840 2624 Nebi

174 2660 329 2732 (vide
359 2676 552 2732 supra
584 2657 646 2712 in
679 2656 834 2714 notis
864 2657 936 2712 ad
971 2658 1242 2713 Herman.
1278 2673 1330 2712 a.
1361 2658 1526 2728 724);
1561 2657 1704 2712 Nebi
1735 2675 1836 2713 au-

176 2749 461 2823 tegenuit
490 2751 796 2815 Immam;
844 2746 1031 2802 Imma
1084 2761 1217 2801 vero
1267 2745 1492 2818 peperit
1553 2745 1837 2818 Hiltegar-

176 2837 307 2894 dam
339 2835 764 2895 beatissimam
789 2835 1110 2907 reginam.»
1139 2833 1314 2889 Plura
1339 2834 1409 2889 de
1439 2833 1547 2889 hac
1571 2834 1841 2906 prosopia

173 2926 517 3000 disquirunt
551 2924 824 2982 Cointius
849 2928 907 2979 et
936 2922 1302 2979 Bollandiani
1336 2923 1393 2978 in
1425 2923 1560 2978 Vita
1593 2922 1841 2979 B.Hilte-

171 3017 368 3090 gardis
398 3021 442 3073 t.
477 3016 568 3073 III
603 3013 811 3086 April.,
834 3013 1002 3086 p.790
1023 3029 1348 3085 seqq.,qum
1369 3029 1502 3069 vero
1533 3013 1607 3068 ad
1635 3029 1842 3085 propo-

173 3105 353 3163 situm
383 3108 678 3162 nostrum
709 3101 865 3158 haud
891 3101 1202 3173 pertinent.

1947 569 2219 628 habebat.
2241 571 2510 629 Alteram
2523 573 2691 630 nobis
2712 575 2858 629 viam
2883 575 3084 646 pandit
3105 591 3432 647 anonymus
3453 576 3595 630 San-

1947 660 2235 717 Gallensis
2275 662 2595 718 monachus
2633 664 2710 718 De
2738 663 2916 734 gestis
2953 663 3137 719 Caroli
3172 664 3246 719 Μ.
3283 665 3589 736 (Bouquet,

1948 753 1989 805 t.
2022 749 2090 820 V,
2116 767 2166 821 p.
2197 751 2318 822 111)
2343 753 2484 806 dum
2508 751 2687 807 alium
2713 753 2904 808 adhuc
2926 753 3190 824 ejusdem
3221 752 3588 825 Hildegardis

1947 839 2157 910 reginae
2202 840 2435 895 fratrem
2480 840 2743 911 producit
2792 840 3146 908 Udalricum,
3198 842 3291 896 cui
3349 841 3590 896 Carolus

1949 927 2193 998 Magnus
2224 927 2474 998 plurima
2504 929 2816 985 contulerit
2858 929 2916 984 in
2962 933 3167 985 oriente
3214 938 3264 984 et
3299 930 3593 998 occidente,

1945 1015 2162 1070 Suevia:
2194 1015 2417 1072 scilicet
2446 1034 2546 1071 seu
2571 1016 2944 1084 Alemanniaa,
2971 1019 3186 1090 quibus
3207 1035 3329 1072 cum
3357 1026 3471 1090 post
3500 1018 3593 1072 ob-

1947 1106 2086 1160 itum
2109 1107 2277 1175 ipsius
2314 1105 2668 1173 Hildegardze
2691 1108 2765 1177 (a.
2797 1109 2927 1175 783)
2963 1123 3062 1179 pro
3109 1107 3340 1178 quodam
3364 1110 3592 1162 comisso

1947 1209 1980 1246 α
2014 1193 2210 1249 Carolo
2231 1193 2579 1265 spoliaretur
2609 1196 2925 1260 honoribus,
2969 1197 3304 1250 admonitus
3353 1211 3450 1250 rex
3472 1197 3592 1266 pri-

1946 1285 2115 1338 stinos
2145 1283 2371 1337 honores
2400 1285 2591 1338 statim
2633 1285 2721 1338 illi
2765 1286 2894 1355 fecit
2941 1286 3179 1338 restitui.
3231 1283 3593 1356 Bildegardis

1949 1387 2120 1442 porro
2152 1371 2367 1442 praedia
2407 1372 2780 1442 potissimum
2813 1373 2871 1427 in
2903 1373 3141 1444 Algovia
3173 1372 3352 1428 fuisse
3373 1373 3489 1428 sita
3507 1373 3595 1428 vel

1949 1460 2137 1515 solum
2163 1460 2471 1515 fundatum
2494 1461 2565 1515 ab
2591 1478 2657 1516 eo
2690 1461 3150 1532 Campidonense
3175 1461 3596 1516 monasterium

1949 1547 2240 1616 declarat;
2270 1549 2423 1603 unde
2447 1553 2504 1604 et
2525 1549 2771 1605 fratrum
2792 1550 2918 1620 ejus
2940 1549 3339 1620 possessiones
3356 1549 3596 1605 omnino

1952 1636 2050 1692 illo
2082 1637 2438 1693 Alemannis:
2460 1642 2644 1694 tractu
2668 1639 2991 1710 quaerenda:
3017 1643 3175 1707 sunt,
3211 1639 3364 1710 quod
3399 1639 3469 1693 de
3489 1641 3596 1694 Ge-

1949 1725 2252 1796 roldojam
2275 1726 2548 1782 vidimus.
2577 1727 2913 1783 Udalricum
2946 1745 3076 1784 vero
3101 1727 3265 1783 illum
3289 1727 3591 1799 Turgoviaa

1949 1814 2219 1870 comitem
2252 1831 2580 1883 censemus,
2614 1833 2788 1888 quem
2817 1821 2878 1870 P.
2906 1821 3178 1889 Herrgott
3208 1817 3279 1871 ab
3311 1833 3462 1871 anno
3493 1816 3599 1871 787

1952 1920 2140 1974 usque
2171 1906 2276 1957 800
2302 1904 2360 1958 in
2394 1903 2618 1959 chartis
2649 1906 2774 1960 suis
2806 1909 2990 1970 notat,
3038 1906 3136 1976 qui
3197 1905 3373 1960 simul
3404 1921 3599 1960 comes

1954 2008 2185 2064 quoque
2211 1992 2271 2046 in
2299 1993 2659 2064 Argengewe
2683 1993 2861 2049 fuisse
2897 1994 3129 2048 videtur
3149 2009 3217 2048 ex
3257 1994 3316 2048 P.
3341 1993 3600 2064 Neugart

1951 2081 2086 2136 Cod.
2122 2079 2261 2151 dipl.
2294 2079 2476 2135 Alem.
2511 2085 2646 2148 vet.,
2691 2099 2748 2136 n.
2797 2081 2939 2148 lli/1;
2993 2081 3050 2135 in
3099 2082 3271 2151 cujus
3315 2081 3598 2137 comitatu

1951 2169 2130 2224 situm
2158 2173 2283 2226 erat
2302 2173 2557 2225 castrum
2584 2169 2924 2241 Breganzia:
2947 2169 3063 2224 imo
3079 2169 3399 2241 Linzgovize
3420 2167 3596 2224 etiam

1949 2273 2166 2323 comes,
2190 2258 2287 2329 qui
2314 2259 2372 2327 (ι.
2407 2275 2478 2323 c.,
2515 2275 2572 2312 n.
2602 2260 2724 2329 150)
2757 2275 2891 2313 cum
2917 2258 3146 2314 duobus
3172 2257 3304 2312 {iliis
3328 2255 3598 2312 Odalrico

1948 2351 2005 2403 et
2036 2347 2325 2419 Rodperto
2357 2351 2595 2403 notatur
2643 2346 2701 2402 in
2747 2347 2951 2403 charta
2985 2365 3080 2402 an.
3133 2349 3258 2411 805,
3313 2350 3369 2401 et
3399 2346 3455 2400 in
3483 2345 3599 2402 alia

1949 2453 2043 2492 an.
2077 2437 2181 2490 804
2212 2437 2452 2508 insuper
2497 2435 2554 2490 in
2604 2435 2919 2508 Brisgovia.
2976 2438 3162 2508 Atque
3211 2435 3346 2489 hinc
3377 2435 3596 2506 optime

1947 2525 2121 2580 verba
2140 2525 2302 2581 citati
2332 2525 2606 2597 anonymi
2651 2523 3016 2596 explicantur
3037 2525 3106 2579 de
3138 2526 3347 2579 criente
3374 2531 3424 2578 et
3453 2525 3592 2579 occi-

1947 2613 2105 2669 dente
2118 2613 2477 2668 Alemannici
2502 2614 2769 2680 ducatus,
2795 2613 2894 2668 ubi
2920 2628 3318 2684 possessiones
3339 2628 3478 2667 suas
3496 2611 3592 2667 ha-

1948 2701 2138 2758 buerit
2169 2701 2497 2764 Udalricus.
2542 2703 2716 2758 frater
2763 2701 3129 2774 Hildegardis
3178 2701 3411 2773 reginae.
3443 2700 3589 2756 Cum

1948 2796 2141 2848 autem
2175 2791 2295 2846 haec
2327 2808 2425 2860 per
2455 2790 2638 2846 tilium
2673 2792 3027 2846 Ludovicum
3060 2791 3225 2845 Pium
3258 2790 3387 2845 avia
3419 2789 3596 2845 fuerit

1950 2878 2223 2935 Ludovici
2256 2880 2605 2946 Germanici,
2633 2880 2715 2934 uti
2739 2879 2900 2935 illius
2941 2880 3116 2935 frater
3157 2879 3462 2934 Udalricus
3492 2895 3596 2950 pa-

1949 2968 2090 3023 riter
2121 2984 2262 3022 avus
2285 2968 2648 3038 cognominis
2679 2985 2773 3023 an.
2805 2969 2911 3022 867
2941 2967 2998 3022 in
3029 2969 3389 3040 Argengewe
3419 2966 3599 3022 comi-

1947 3056 2045 3122 tis,
2070 3059 2402 3127 postremus
2424 3055 2517 3112 hic
2540 3055 2845 3112 Udalricus
2865 3060 2921 3112 et
2943 3056 3270 3112 Ludovicus
3291 3055 3598 3111 Germani-

1951 3162 2054 3201 cus
2082 3146 2396 3201 consobrini
2423 3147 2638 3217 potius,
2685 3161 2863 3217 quam
2912 3146 3031 3201 veri
3081 3145 3338 3201 nominis
3384 3152 3601 3216 nepotes

243 3239 493 3312 Propius
524 3238 658 3293 huc
688 3238 953 3307 spectant
1011 3251 1136 3306 quae
1193 3233 1369 3290 habet
1429 3234 1693 3290 Wetinus
1724 3238 1840 3289 Au-
1873 3219 1916 3286 C
1954 3233 2067 3290 dici
2097 3234 2310 3290 debent
2335 3251 2348 3302 ;
2373 3234 2527 3306 quod
2551 3250 2681 3290 vero
2705 3251 2818 3290 non
2841 3235 3036 3289 obstat
3064 3235 3383 3305 quominus
3405 3249 3599 3288 comes
3661 3266 3663 3268 -

175 3329 393 3402 giensis
441 3323 791 3383 monachus
819 3323 878 3378 in
908 3322 1235 3379 visionibus
1292 3323 1416 3378 suis
1467 3323 1537 3378 de
1597 3323 1843 3379 Geroldo

177 3418 406 3484 comite,
441 3411 831 3486 Hildegardis
863 3412 1099 3485 reginae,
1133 3410 1316 3467 Caroli
1349 3411 1541 3484 Magni
1574 3412 1844 3484 conjugis

177 3505 373 3573 fratre,
406 3506 467 3560 in
499 3501 788 3558 Hunnico
821 3500 970 3557 bello
1001 3500 1191 3556 occiso
1222 3501 1290 3555 ad
1327 3517 1420 3555 an.
1449 3502 1575 3567 799,
1629 3501 1699 3556 de
1731 3517 1844 3572 quo

177 3595 247 3649 ad
272 3595 550 3650 eumdem
589 3606 824 3647 annum
852 3593 1260 3646 Hermannus:
1297 3605 1590 3662 quemque
1625 3588 1842 3645 ibidem

176 3683 500 3738 Pussimum
531 3688 783 3754 quoque
799 3678 1276 3750 cognominatum
1302 3678 1484 3733 fuisse
1507 3677 1843 3734 notavimus

179 3771 332 3827 209
364 3770 438 3824 ob
469 3768 694 3841 praedia
724 3783 833 3822 sua
863 3783 990 3837 qua:
1022 3765 1079 3822 in
1111 3765 1320 3822 Suevia
1347 3769 1404 3820 et
1454 3765 1646 3822 vicina
1675 3781 1839 3821 mon-

1951 3322 2061 3379 iste
2083 3323 2398 3394 improprie
2419 3324 2626 3378 saltem
2649 3339 2812 3394 nepos
2842 3341 2945 3379 seu
2970 3323 3446 3394 consanguineus
3479 3322 3599 3376 Lu-

1953 3411 2141 3467 dovici
2172 3411 2460 3466 nominari
2490 3412 2766 3483 potuerit,
2797 3411 2918 3482 qui,
2953 3413 3035 3466 uti
3069 3416 3124 3466 et
3155 3429 3296 3466 avus
3324 3413 3475 3482 ejus,
3504 3427 3599 3465 ca-

1953 3505 2138 3556 strum
2165 3500 2527 3572 Brigantium
2552 3499 2829 3569 obtinuit,
2854 3500 2950 3554 ubi
2968 3500 3144 3555 etiam
3167 3501 3294 3569 ejus
3308 3499 3463 3554 filius
3481 3500 3602 3555 sive

1954 3606 2155 3661 nepos,
2191 3593 2356 3660 pater
2385 3589 2444 3643 S.
2478 3588 2788 3656 Gebhardi,
2829 3587 3124 3642 habitavit.
3179 3589 3382 3643 Nescio
3427 3603 3600 3659 porro

1953 3695 2026 3733 an
2050 3695 2164 3732 non
2188 3677 2247 3732 in
2279 3677 2414 3731 dicti
2435 3676 2712 3748 anonymi
2739 3675 2927 3732 verbis
2949 3675 3125 3731 lateat
3150 3677 3598 3731 fundamentum

1950 3766 2133 3822 totius
2165 3765 2516 3820 narrationis
2549 3765 2731 3821 nostri
2763 3763 3053 3832 Chronici,
3076 3764 3364 3836 ejusmodi
3405 3769 3602 3819 tamen

175 3947 326 4020 (702)
357 3946 634 4015 Genuina,
664 3952 724 4002 ut
753 3944 989 4014 videtur,
1023 3945 1474 4013 Brigantinorum
1488 3945 1750 4000 comitum
1775 3944 2095 4071 geneatllo‘git:
2121 3952 2234 4000 tam
2255 3959 2325 4000 ex
2378 3943 2584 3999 chartis
2641 3959 2806 4016 quam
2856 3944 3053 3999 cowvis
3107 3945 3223 4015 fere
3250 3943 3610 4015 scriptoribus

1623 4031 1852 4071 sequens
1899 4032 1925 4070 s
2011 4033 2070 4071 in
2097 4032 2182 4071 ur.

1623 4031 1852 4087 sequens
1899 4031 2182 4071 statuitur.

839 4141 1102 4196 Stemma
1129 4137 1562 4211 CaroliMagni.

773 4211 1093 4282 Ansegisus
1125 4209 1371 4282 ﬁliusfS.
1407 4209 1656 4269 Arnulfi.

777 4281 1026 4354 Pepinus
1050 4281 1380 4354 ﬁeristalus
1414 4287 1440 4346 τι
1477 4298 1529 4336 a.
1553 4282 1679 4354 714.

775 4351 1018 4410 Carolus
1047 4351 1347 4410 Martellus
1382 4357 1410 4418 f
1447 4369 1499 4408 a.
1531 4353 1657 4408 741.

1781 4141 2042 4212 Stemma
2069 4139 2439 4212 Hildegardis
2469 4139 2596 4210 ejus
2626 4137 2913 4212 conjugis.

1785 4211 2162 4268 Gothefridus
2193 4209 2310 4266 dux
2337 4209 2692 4267 Alem’annite
2728 4215 2754 4275 ῒ
2785 4209 2837 4265 εἶ.
2866 4211 2994 4265 708.

1785 4282 2165 4356 Houchingus
2202 4283 2476 4356 princeps
2508 4282 2696 4356 partis
2725 4281 3101 4356 Alamanniae.

1786 4353 1929 4410 Nebi
1961 4353 2099 4410 dux.

2545 4351 2818 4409 Berthold
2828 4370 2895 4409 us
2925 4353 3062 4410 dux.

1796 4425 2070 4481 Harman.
2105 4443 2157 4481 a.
2189 4427 2312 4481 824.

1381 4499 1408 4561 ’r
1444 4511 1496 4550 a.
1527 4495 1654 4550 768.

1530 4583 1675 4622 UXOI‘

774 4493 1014 4567 Pipinus
1046 4509 1164 4550 rex.

775 4565 1013 4623 Carolus
1043 4581 1316 4638 magnus.

788 4921 1110 4977 Ludovicus
1141 4921 1281 4976 Pius

821 5063 1141 5121 Ludovicus
1171 5063 1577 5121 Germanicus.

1743 5275 2049 5333 Udalricus
2080 5275 2152 5331 IV

1750 5364 1944 5404 comes
1976 5348 2210 5404 Brigan-

1794 4496 2001 4552 Imma.
2032 4497 2100 4552 N.
2131 4497 2396 4553 maritus.

1809 4643 1837 4705 ῒ
1875 4656 1924 4695 a.
1955 4640 2080 4695 783.

1797 4567 2183 4640 Hildegardis.
2513 4565 2821 4640 Udalricus
2852 4569 2874 4622 Ι
2906 4583 3000 4623 co-
3209 4566 3494 4640 Geroﬁldus

2524 4653 2650 4693 mes
2680 4637 2738 4692 in
2770 4641 2987 4711 Argen-
3214 4639 3528 4711 praefactus

2513 4725 2698 4780 gewe.
2733 4709 2805 4764 ab
2841 4709 2894 4764 a.
3213 4709 3421 4765 limitis

2515 4781 2776 4836 787-882.
3213 4781 3308 4850 Baj
3318 4795 3437 4834 oar.
3470 4784 3499 4844 t

3215 4867 3267 4905 a.
3297 4851 3424 4904 799.

2529 4921 2836 4978 Udalricus
2865 4921 2911 4977 II
2943 4937 3138 4978 comes
3169 4921 3238 4992 (')

2521 4993 2991 5074 EPAPSGnS‘EYYe-

2521 5061 2836 5119 Udalricus
2861 5064 2936 5119 III
2970 5079 3165 5120 comes
3197 5061 3256 5117 in

2519 5135 2882 5206 Argengewe
2913 5152 2966 5190 a.
2998 5136 3124 5190 867.

2521 5203 2668 5278 sto
2690 5203 2896 5278 comes
2927 5204 3232 5278 Brigantii.

2439 5273 2498 5329 S.
2532 5273 2929 5331 Gebehardus.
3029 5272 3060 5278 “
3187 5276 3310 5332 Duo
3391 5272 3622 5330 fratres.

2443 5343 2771 5416 episcopus.

1751 5419 1817 5474 tii
1853 5425 1882 5486 ’r
1917 5437 1969 5475 a.
1997 5419 2123 5474 978.

265 5546 333 5618 (‘)
362 5545 535 5618 Hunc
567 5541 796 5618 prioris
833 5541 1025 5618 filium
1049 5543 1433 5618 habemusex
1459 5559 1638 5614 supra
1669 5543 1852 5618 citata
1880 5543 2080 5598 charta
2108 5559 2202 5618 an.
2235 5540 2362 5610 805,
2393 5540 2562 5618 cujus
2610 5539 2698 5618 vel
2749 5538 2945 5618 fratris
2994 5540 3121 5618 ejus
3146 5541 3417 5618 Rodperti
3473 5541 3630 5597 filius

203 5611 327 5676 esse
355 5611 864 5687 debuit—sequens
888 5614 1192 5674 Udalricus
1221 5615 1282 5671 in
1314 5613 1516 5671 charta
1537 5611 1682 5670 anni
1713 5613 1841 5683 867,
1875 5618 1941 5670 ut
1968 5613 2234 5686 cognatio
2261 5627 2396 5669 cum
2429 5611 2716 5670 Ludovico
2747 5611 3091 5670 Germanico
3135 5614 3414 5669 servetur.
