3982 6216
426 339 546 408 2'79

1129 340 1518 407 APPENDIX
1565 342 1666 405 AD
1713 338 2159 405 cnnomeou
2205 339 2623 404 HERMANNI
2670 318 3133 405 couraAch.

3716 330 3848 401 280

433 478 1257 550 circumstantiisvestitzequzs
1279 479 1413 533 huic
1434 477 1732 549 systemati
1751 476 1905 531 haud
1924 491 2068 529 con-
2098 473 2154 541 Α
2182 474 2377 531 comiti
2423 475 2941 541 Antissiodorensi,
2991 473 3189 547 Alpais
3239 472 3455 547 Begoni
3485 470 3837 542 Parisiensi,

430 573 693 630 veniunt.
710 570 1000 626 Udalricm
1014 567 1273 637 aliuquid
1295 567 1632 637 deliquisse,
1650 566 1850 620 undea
1867 564 2069 620 Carolo

432 662 662 733 Magno,
685 659 896 715 sororis
921 674 1035 713 suae
1069 656 1296 723 marito,
1333 656 1501 711 bonis
1534 654 1657 711 suis
1689 654 1972 725 spoliatus
2004 669 2069 708 ac

432 750 802 822 postmodum
820 746 1122 800 restitutus
1138 746 1609 817 sit,exanonymo
1629 748 1873 799 constat.
1893 743 2071 797 Deme

432 837 796 908 regicidium,
821 834 1064 890 Galliam
1097 842 1149 888 et
1180 836 1400 901 fugam,
1425 850 1490 888 ac
1514 851 1614 904 pro
1636 833 1903 887 avunculo
1930 831 2069 886 sub-

434 930 610 983 stitue
630 923 1581 992 sororium,habebisidipsumlere
1611 923 1761 993 quod
1781 923 1837 976 in
1870 924 2069 975 Anna-

430 1013 589 1070 libus
622 1013 659 1069 l.
695 1033 731 1081 ι,
776 1031 832 1068 ιι.
875 1014 927 1079 3,
979 1016 1270 1077 narratur,
1322 1011 1449 1082 ipsa
1501 1011 1675 1065 etiam
1728 1014 2070 1065 enumerata

431 1103 647 1176 praedia
670 1103 725 1157 in
752 1102 916 1174 pagis
956 1103 1333 1172 Argengewe,
1369 1100 1675 1171 Linzgewe
1698 1104 1754 1155 et
1774 1099 1933 1154 alibi.
1958 1102 2069 1153 Ha-

430 1192 534 1249 bes
563 1193 698 1247 hinc
721 1192 895 1247 etiam
920 1207 1023 1245 cur
1058 1190 1254 1261 plures
1286 1190 1572 1261 preecipue
1612 1188 1865 1244 Udalrici
1890 1188 1947 1242 in
1980 1187 2070 1241 his

428 1281 694 1354 partibus
715 1281 985 1335 dicantur
1005 1279 1074 1333 de
1095 1277 1279 1334 Caroli
1305 1278 1493 1346 Magni
1530 1278 1800 1349 prosapia
1837 1276 1967 1342 orti,
2005 1292 2072 1329 ex

430 1370 625 1428 carnis
654 1368 935 1425 nimirum
965 1367 1397 1439 propinquitate
1419 1382 1552 1422 cum
1577 1366 1922 1437 Hildegarde
1944 1366 2071 1434 ejus

431 1457 679 1527 conjuge
700 1471 767 1510 ac
790 1453 1056 1510 Ludovici
1085 1453 1167 1509 Pii
1191 1459 1391 1519 matre,
1416 1454 1569 1525 quod
1594 1453 1727 1509 dein
1764 1469 1972 1509 nomen
1999 1453 2069 1508 ab

430 1546 561 1617 ejus
582 1545 757 1599 fratre
780 1542 1046 1598 Udalrico
1070 1542 1349 1597 haustum
1385 1541 1516 1598 aliis
1548 1544 1702 1599 210
1725 1559 1957 1614 quoque
1985 1544 2072 1597 fa-

432 1633 610 1689 miliis
634 1649 735 1705 per
756 1648 934 1688 novas
947 1635 1267 1687 contractas
1285 1632 1596 1687 affinitates
1610 1632 1883 1697 adhaesit;
1902 1633 2071 1702 cujus

433 1721 672 1794 quidem
692 1720 769 1775 rei
792 1738 905 1776 non
928 1720 987 1774 in
1012 1720 1298 1775 Udalricis
1324 1720 1514 1786 modo,
1539 1720 1641 1776 sed
1671 1724 1728 1775 et
1758 1720 2071 1775 Hartman-

2184 564 2544 637 Hildegardis
2574 565 2806 619 cuidam
2852 563 3207 619 Theoderico
3267 561 3490 633 comiti,
3535 566 3593 617 et
3635 559 3841 619 Gisela

2180 653 2511 709 Eberhardo
2543 653 2739 709 comiti
2769 652 3099 708 ‘Cisoniensi
3141 652 3201 707 in
3235 651 3507 707 Flandria
3535 667 3601 707 ac
3629 654 3843 722 postea

2179 741 2312 797 duci
2338 741 2737 811 Forojuliensi,
2771 758 2899 812 quae
2930 741 3070 795 dicti
3086 739 3275 797 Caroli
3298 739 3455 796 Calvi
3491 755 3560 795 ex
3588 738 3842 795 Juditha

2180 847 2345 887 soror
2372 835 2495 886 erat
2536 830 2784 885 uterina.
2819 828 2895 884 Ex
2926 829 2976 884 is
3009 846 3126 884 una
3166 836 3353 884 mater
3400 828 3459 882 in
3504 828 3615 884 hoc
3644 832 3840 900 syste-

2181 924 2334 974 mate
2365 936 2492 975 esse
2524 918 2725 975 debuit
2755 918 2849 974 Ἦ
2864 919 2908 974 2
2941 917 3075 973 dicti
3112 916 3362 973 Udalrici
3398 916 3651 983 comitis,
3676 921 3737 971 et
3768 932 3838 972 ex

2181 1025 2388 1063 sonore
2420 1010 2629 1079 nepotis
2661 1007 2935 1062 Ludovici
2985 1005 3337 1072 Germanici,
3382 1006 3486 1077 qui
3525 1010 3837 1077 propterea

2181 1095 2338 1152 illius
2367 1097 2668 1152 avunculus
2699 1095 2915 1150 dicitur
2963 1094 3024 1149 in
3069 1093 3349 1149 chronico
3396 1099 3635 1162 nostro;
3669 1099 3738 1150 ut
3771 1098 3839 1150 ut

2179 1184 2335 1240 enim
2366 1185 2474 1241 iste
2495 1183 2819 1240 avunculus
2841 1186 3137 1254 Imperator
3165 1185 3440 1253 Augustus
3472 1188 3736 1252 vocetur,
3774 1183 3833 1238 id

2180 1277 2373 1330 tamen
2407 1275 2476 1329 de
2516 1273 2628 1329 alio
2661 1290 2837 1344 quam
2870 1272 3162 1328 Ludovico
3203 1271 3547 1328 Germanico
3578 1271 3835 1344 intelligi

2181 1362 2402 1433 nequit,
2425 1362 2597 1417 ambo
2615 1363 2771 1417 enim
2794 1362 2921 1432 ejus
2945 1361 3151 1418 fratres
3172 1360 3554 1433 imperatores
3577 1359 3660 1415 nil
3675 1360 3834 1431 juris

2182 1453 2238 1507 in
2269 1452 2614 1508 Alemannia
2636 1452 2950 1518 habebant,
2979 1456 3044 1506 ut
3070 1449 3264 1523 nepoti
3286 1467 3394 1507 suo
3417 1449 3636 1522 praadia
3656 1450 3834 1507 dona—

2181 1558 2242 1596 re
2271 1541 2585 1612 potuerint.

2252 1676 2527 1740 Quasnam
2558 1677 2755 1730 autem
2786 1673 3022 1729 illarum
3054 1671 3393 1729 Udalricum
3434 1671 3827 1744 progenuerit,

2187 1763 2537 1834 conjecturis
2568 1763 2764 1834 potius
2796 1777 2974 1834 quam
3005 1762 3179 1817 certis
3224 1761 3589 1833 argumentis
3618 1778 3830 1818 eruen-

431 1811 525 1867 nis
593 1811 759 1866 Mane
802 1809 950 1866 oldis
1020 1808 1371 1864 Burchardis
1430 1808 1650 1865 caeteris
1697 1824 1764 1865 ue
1810 1825 1971 1864 exem
2017 1807 2074 1864 la
2187 1807 2537 1834 """""""
2569 1807 2764 1834 ¹’“’““”
2798 1807 2974 1834 “¹“““”“’
3007 1807 3178 1861 ”“”ῗ
3224 1807 3588 1860 “’“ῗ³“”ῗ“”““”
3620 1807 3804 1862 “ῖ““’“

433 1854 653 1924 _-_’_,__
680 1825 935 1924 “Em”
957 1852 1015 1924 ζ*
1053 1897 1405 1924 Μηηιληκη
1464 1826 1706 1924 ΜΛ,ηὲ
1744 1825 2070 1924 *ΗΑ-.-Ρη
2103 1842 2151 1908 Β
2184 1852 2347 1919 dum,
2370 1868 2503 1906 cum
2529 1867 2715 1923 pauca
2734 1866 2936 1907 earum
2961 1851 3110 1905 facta
3137 1848 3348 1906 litteris
3371 1854 3492 1904 sint
3511 1865 3831 1924 consigna-

433 1900 655 1973 passim
680 1903 941 1971 prostant
962 1899 1019 1953 in
1050 1897 1428 1970 genealogiis,
1462 1914 1709 1968 quorum
1744 1897 1984 1953 nomina
2006 1914 2074 1952 ex

432 1988 657 2061 nuptiis
686 1988 745 2042 in
772 1986 918 2043 alias
950 1987 1126 2042 etiam
1161 1985 1413 2042 familias
1443 1990 1583 2041 sunt
1610 1985 1974 2057 implantata.

504 2122 651 2177 211
688 2120 718 2192 ξ
750 2122 842 2176 IV.
879 2119 1094 2176 Ultima
1126 2120 1249 2175 haec
1271 2121 1339 2174 de
1382 2119 1438 2173 S.
1476 2118 1765 2175 Gebhardi
1805 2117 2076 2190 prosapia

433 2211 742 2280 desumpta
790 2212 930 2265 sunt
976 2224 1045 2263 ex
1092 2207 1375 2263 Chronico
1425 2207 1875 2271 Petershusano,
1906 2208 2076 2276 cujus

431 2306 687 2368 systema
709 2299 833 2368 jam
862 2314 994 2351 cum
1028 2296 1302 2351 omnibus
1334 2295 1457 2351 suis
1477 2293 1769 2365 adjunctis
1790 2295 2077 2349 examina-

430 2386 666 2453 bimus;
701 2386 856 2456 quod
890 2385 997 2439 etsi
1030 2383 1477 2439 difﬁcultatibus
1511 2383 1632 2438 suis
1676 2383 1831 2438 haud
1864 2386 2073 2453 careat,

433 2474 622 2530 multa
638 2478 834 2528 tamen
858 2473 929 2526 ad
951 2472 1361 2527 illustrandum
1391 2471 1698 2527 historiam
1737 2471 1796 2525 in
1834 2487 1900 2526 eo
1940 2488 2074 2527 con-

430 2566 652 2619 tentam
686 2562 925 2616 faciunt.
958 2561 1122 2615 Haud
1147 2575 1289 2615 sane
1320 2560 1644 2615 difﬁtemur
1671 2560 1954 2615 nonnulla
1983 2559 2076 2615 hic

432 2666 735 2708 occurrere
768 2666 896 2721 quae
928 2665 1043 2704 non
1076 2648 1204 2703 dico
1230 2647 1474 2715 fabulas,
1508 2648 1652 2703 tales
1682 2650 1875 2704 tamen
1907 2649 2079 2704 tradi-

433 2739 623 2796 tiones
647 2756 749 2794 seu
786 2738 973 2793 fontes
1014 2737 1269 2809 sapiunt,
1299 2737 1397 2808 qui
1442 2737 1547 2792 etsi
1582 2754 1812 2809 semper
1835 2737 2074 2809 genuini

434 2828 587 2883 haud
614 2826 751 2893 sint,
790 2826 975 2882 multa
1010 2830 1206 2881 tamen
1240 2842 1373 2881 vera
1402 2826 1507 2880 etsi
1534 2824 1696 2882 falsis
1729 2827 2078 2897 quandoque

436 2916 724 2988 permixta
746 2933 847 2988 pro
871 2914 1063 2970 saeculi
1104 2915 1274 2986 genio
1306 2914 1578 2970 referant.
1611 2915 1836 2970 Norunt
1864 2915 2075 2971 eruditi

437 3004 771 3076 frequenter
798 3004 856 3059 id
887 3004 1132 3071 evenire,
1166 3007 1232 3058 ut
1252 3002 1311 3057 in
1342 3003 1754 3059 remotioribus
1784 3003 1877 3059 his
1909 3003 2078 3060 factis

436 3093 750 3152 enarandis
762 3094 1047 3164 ejusmodi
1062 3094 1235 3150 subin
1248 3094 1694 3150 circumstantiae
1708 3095 1776 3150 ad
1787 3094 2078 3151 miscean-

2182 1943 2261 2007 ta,
2295 1943 2351 1994 et
2381 1939 2999 2011 aliundejfeminarum
3022 1939 3082 1993 in
3104 1937 3325 1994 chartis
3345 1937 3526 2008 hujus
3546 1938 3831 2011 temporis

2183 2027 2487 2083 rarissima
2507 2028 2791 2083 habeatur
2813 2026 3055 2082 mentio.
3075 2027 3232 2083 Inter
3263 2024 3597 2083 Adelbeidis
3618 2030 3741 2083 tres
3761 2044 3830 2085 ex

2183 2117 2441 2172 Conrado
2476 2115 2623 2173 ﬁlios
2649 2115 2848 2171 nullus
2879 2113 3185 2171 Udalricus
3234 2114 3537 2186 reperitur,
3581 2115 3685 2172 sed
3714 2116 3829 2172 duo

2184 2204 2426 2261 abbates
2465 2208 2669 2271 erant;
2718 2204 2926 2259 tertius
2975 2202 3123 2275 patri
3171 2202 3462 2274 aquivoco
3522 2205 3828 2260 successit.

2185 2296 2319 2361 Quae
2350 2293 2493 2349 adeo
2525 2291 2619 2347 hic
2650 2291 2896 2364 intelligi
2927 2292 3149 2362 nequit,
3174 2291 3257 2346 uti
3282 2306 3389 2348 nec
3410 2290 3633 2363 Alpais,
3659 2293 3830 2364 cujus

2186 2383 2331 2438 duos
2353 2382 2504 2436 ﬁlios
2528 2382 2841 2437 Letardum
2864 2386 2921 2436 et
2941 2380 3266 2435 Ebrardum
3284 2380 3550 2435 nominat
3563 2379 3833 2437 Flodoar-

2186 2471 2299 2526 dus
2328 2470 2388 2525 in
2415 2469 2668 2525 Historia
2698 2468 2971 2525 Remensi
3005 2467 3043 2523 l.
3076 2485 3152 2536 ιν,
3187 2484 3238 2534 c,
3271 2468 3360 2523 46.
3386 2468 3631 2525 Restant
3652 2468 3836 2541 igitur

2186 2559 2552 2632 Hildegardis
2582 2562 2638 2615 et
2679 2558 2891 2615 Gisela.
2946 2557 3167 2615 Prioris
3216 2556 3463 2613 maritus
3512 2557 3834 2615 Theodori-

2186 2663 2290 2702 cus
2319 2663 2384 2702 ex
2415 2648 2652 2703 nomine
2682 2652 2913 2703 tantum
2943 2646 3237 2702 indicatur
3265 2663 3300 2701 a
3344 2646 3573 2702 Cointio
3602 2647 3829 2719 (Annal.

2185 2740 2226 2791 t.
2259 2736 2406 2803 VIII,
2439 2753 2496 2808 p.
2519 2738 2644 2805 606)
2665 2737 2799 2792 etin
2824 2736 3043 2791 t’Artde
3081 2735 3398 2806 veri/terte:
3416 2735 3573 2791 dates
3602 2736 3667 2807 (t.
3701 2740 3747 2804 Ι,
3773 2754 3832 2809 p.

2183 2826 2331 2892 555),
2366 2841 2492 2891 nec,
2526 2824 2625 2879 ubi
2656 2824 2917 2880 locorum
2958 2839 3154 2880 comes
3177 2823 3369 2893 fuerit,
3394 2824 3652 2895 produnt
3679 2829 3835 2882 vete-

2185 2930 2278 2971 res
2312 2914 2559 2969 Francize
2582 2914 2915 2985 scriptores.
2942 2913 3004 2969 Id
3028 2929 3212 2968 unum
3233 2929 3302 2969 ex
3341 2911 3610 2968 Nitbardi
3637 2913 3836 2970 Histo-

2184 3003 2272 3057 ria
2302 3001 2340 3056 l.
2375 3020 2458 3068 ιιι,
2486 3020 2543 3057 ιι.
2577 3004 2609 3057 4
2641 3003 2954 3073 (Βουρυετ,
2975 3006 3016 3057 t.
3049 3002 3172 3069 VII,
3204 3017 3260 3073 p.
3291 3002 3383 3073 25)
3413 2999 3613 3074 colligi
3671 3002 3838 3060 vide-

2184 3090 2730 3163 turLHitdegardem
2752 3089 2939 3147 Caroli
2968 3088 3121 3145 Calvi
3164 3104 3447 3156 sororem,
3478 3106 3609 3161 quae
3642 3090 3838 3148 Theo-

438 3187 553 3249 tur,
595 3199 743 3255 quae,
797 3183 905 3239 etsi
944 3183 1013 3238 de
1057 3183 1169 3238 ﬁde
1214 3188 1486 3254 suspecta
1523 3189 1623 3237 aut
1647 3182 1885 3238 omnino
1918 3181 2075 3238 falsa:
2109 3208 2154 3274 C
2189 3178 2385 3234 dorico
2407 3182 2705 3249 nupserat,
2734 3177 2793 3233 in
2816 3178 3046 3234 civitate
3067 3177 3461 3243 Laudunensi,
3489 3177 3753 3250 adeoque
3776 3180 3834 3236 in

436 3271 574 3339 sint,
601 3269 1302 3344 ipsamtamenhistoricae
1319 3269 1666 3325 narrationis
1684 3268 2076 3325 substantiam
2115 3265 2153 3274 “”
2189 3266 2376 3323 Gallia
2427 3267 2658 3339 Belgica
2704 3267 2901 3322 sedem
2950 3265 3251 3334 habuisse,
3295 3270 3474 3338 atque
3505 3265 3579 3321 ab
3626 3268 3834 3325 eodem

437 3376 809 3432 nequaquam
840 3362 1145 3427 evertunt;
1183 3376 1351 3414 secus
1382 3358 1537 3414 enim
1591 3362 1786 3413 actum
1829 3359 1976 3413 foret
2007 3358 2077 3413 de

434 3447 709 3520 plurimis
740 3448 1094 3503 Francorum
1137 3447 1468 3513 annalibus,
1520 3446 1620 3519 qui
1669 3451 1866 3502 tamen
1916 3451 2075 3502 tanto

435 3536 627 3593 studio
650 3536 824 3592 etiam
849 3537 921 3592 ab
951 3535 1365 3592 eruditissimis
1385 3536 1526 3591 viris
1546 3535 1828 3591 hactenus
1843 3533 2080 3607 conqui-

433 3625 529 3683 siti
560 3630 733 3696 atque
759 3625 1034 3702 illustrati
1068 3629 1224 3681 sunt.
1251 3626 1414 3697 Saepe
1436 3640 1692 3697 namque
1712 3624 1770 3679 in
1799 3623 2078 3680 sublestis

433 3730 665 3787 quoque
684 3714 778 3770 his
797 3714 1194 3770 monumentis
1217 3713 1505 3786 reperitur
1525 3713 1678 3786 quod
1701 3711 1840 3768 alibi
1864 3711 2080 3767 frustra

434 3819 678 3875 quaares,
727 3803 985 3859 historia;
1037 3807 1234 3858 tamen
1311 3801 1565 3857 multum
1622 3801 1902 3873 proﬁcua.
1962 3800 2077 3856 Nec

432 3897 699 3949 nostrum
733 3892 876 3948 adeo
907 3891 1015 3947 bac
1049 3893 1108 3960 in
1159 3908 1220 3947 re
1262 3894 1538 3946 conatum
1586 3889 1983 3962 improbatum
2009 3888 2079 3944 iri

432 3979 821 4048 conﬁdimus;
864 3980 1067 4036 eadem
1116 3978 1407 4051 siquidem
1455 3977 1725 4034 libertate
1774 3976 2078 4049 opiniones

428 4073 664 4126 nostras
685 4069 1087 4140 proponimus,
1114 4084 1233 4139 qua
1251 4069 1546 4140 voluptate
1569 4066 1817 4123 aliorum
1837 4066 1899 4121 in
1921 4066 2080 4121 simi-

428 4156 584 4213 libus
634 4173 808 4212 sensa
858 4161 959 4212 aut
1021 4157 1388 4227 conjecturas
1454 4154 1864 4227 pervolvimus.
1918 4154 2078 4210 Hanc

429 4260 687 4315 namque
714 4245 928 4299 damus
956 4243 1209 4311 veniam,
1251 4244 1624 4315 petimusque
1652 4243 1932 4299 vicissim.

502 4375 532 4447 §
561 4375 629 4429 V.
655 4375 728 4430 Ut
763 4375 1001 4447 propius
1041 4374 1221 4447 igitur
1256 4375 1489 4431 tertiam
1522 4372 1948 4432 conciliationis
1977 4393 2075 4431 ra-

429 4464 649 4520 tionem
674 4463 1106 4535 aggrediamur,
1131 4479 1198 4518 ex
1226 4462 1542 4518 Annalium
1577 4465 1907 4519 nostrorum
1942 4481 2073 4519 nar-

2186 3355 2389 3412 Carolo
2429 3373 2522 3411 an.
2577 3356 2684 3410 842
2728 3354 2954 3411 veniam
3004 3355 3367 3427 impetrasse,
3420 3356 3578 3427 quod
3630 3362 3837 3413 contra

2186 3445 2383 3517 ipsum
2414 3444 2617 3500 faverit
2641 3443 2911 3499 Lothario
2934 3444 3291 3516 imperatori,
3324 3443 3491 3500 alteri
3513 3444 3678 3500 fratri
3699 3460 3831 3502 suo.

2185 3533 2357 3590 Nulla
2387 3549 2558 3606 porro
2589 3532 2802 3588 ibidem
2838 3531 3032 3587 mariti
3067 3531 3130 3586 ﬁt
3160 3531 3400 3600 mentio,
3443 3532 3563 3588 sive
3590 3533 3827 3589 demum

2188 3627 2457 3685 mortuus
2496 3622 2622 3693 jam
2672 3621 2867 3689 fuerit,
2938 3621 3057 3676 sive
3106 3637 3140 3676 a
3186 3621 3387 3677 Carolo
3438 3621 3702 3678 eamdem
3750 3622 3824 3678 ob

2186 3726 2425 3767 causam
2459 3709 2666 3782 pulsus
2697 3726 2829 3764 cum
2863 3707 3021 3777 ﬁliis,
3054 3708 3103 3764 si
3147 3725 3294 3781 quos
3323 3709 3550 3766 habuit.
3588 3711 3746 3776 Quod
3774 3706 3825 3766 si

2184 3799 2355 3872 plura
2384 3800 2456 3854 de
2483 3815 2549 3854 eo
2573 3799 2852 3854 baberent
2882 3797 3124 3868 antiqua
3153 3800 3557 3865 monumenta,
3591 3800 3820 3854 consta-

2186 3893 2276 3944 ret
2296 3886 2559 3943 fortassis
2586 3886 2744 3942 hunc
2767 3885 2963 3958 ipsum
2994 3885 3247 3941 Udalrici
3295 3886 3481 3941 nostri
3525 3902 3597 3942 ex
3634 3886 3826 3943 Hilde-

2185 3977 2361 4051 garde
2383 3980 2607 4049 patrem
2638 3974 2951 4041 exstitisse,
2979 3973 3137 4030 haud
3166 3973 3605 4031 contradicente
3634 3979 3829 4031 nostro

2183 4065 2490 4131 Chronico,
2523 4063 2574 4121 si
2605 4064 2777 4120 modo
2827 4062 3090 4136 regicidii
3135 4063 3261 4119 loco
3310 4068 3473 4120 mota
3518 4067 3723 4121 contra
3751 4080 3840 4120 re-

2184 4170 2317 4228 gem
2347 4152 2583 4210 rebellio
2613 4151 3025 4209 substituatur.
3067 4151 3203 4216 Quae
3225 4151 3317 4208 his
3339 4152 3575 4210 obstare
3594 4152 3839 4211 ulterius

2187 4245 2447 4316 possent,
2478 4241 2630 4297 infra
2658 4241 2688 4315 §
2719 4242 2787 4295 12
2816 4239 3224 4297 discutiemus.

2252 4374 2401 4448 §VI.
2435 4373 2812 4430 Pervenimus
2837 4373 2966 4445 jam
3000 4373 3073 4429 ad
3117 4372 3391 4428 ultimam
3439 4372 3720 4430 Ludovici
3752 4373 3834 4430 Pii

2184 4463 2368 4520 ﬁliam
2419 4462 2695 4527 Giselam,
2744 4460 2931 4518 Caroli
3000 4460 3156 4517 Calvi
3188 4473 3468 4518 ‘sororem
3518 4462 3836 4530 uterinam,

432 4551 656 4608 ratione
687 4551 775 4606 vir
803 4551 901 4607 ille
950 4552 1008 4606 in
1042 4550 1230 4607 Gallia
1274 4552 1513 4621 Togata,
1560 4554 1661 4605 aut
1690 4551 1883 4622 potius
1906 4554 2078 4624 juxta
2104 4573 2152 4638 Ι)
2184 4568 2364 4625 quam
2385 4553 2695 4622 conjugem
2720 4551 2966 4606 duxerat
2986 4550 3365 4607 Eberhardus
3389 4566 3495 4607 seu
3517 4550 3837 4615 Evrardus,

430 4645 690 4713 systema
710 4640 1012 4712 scriptoris
1030 4640 1082 4710 (Ξ
1102 4640 1154 4710 1)
1174 4638 1403 4711 Belgica
1438 4638 1558 4695 sive
1593 4639 1809 4695 Celtica
1834 4641 2074 4697 nobilis-

432 4728 915 4811 simus,[]dalrici
955 4728 1277 4800 Brigantini
1329 4731 1512 4800 pater,
1548 4730 1691 4799 regis
1712 4733 2073 4805 Francorum,

429 4820 596 4891 quiet
626 4820 920 4890 imperator
951 4819 1333 4885 Romanorum,
1373 4833 1630 4872 sororem
1674 4817 1732 4872 in
1774 4818 2072 4880 matrimo-

431 4908 527 4964 nio
549 4908 772 4964 habuit.
799 4906 901 4963 Vel
923 4907 1032 4962 hoc
1055 4905 1244 4961 solum
1285 4906 1522 4962 denotat
1555 4906 1832 4961 saeculum
1858 4924 1933 4973 Ix,
1956 4923 2072 4962 non

427 5013 562 5053 vero
585 5015 640 5065 x,
664 5014 777 5068 quo
793 4997 920 5068 jam
953 4993 1363 5050 deﬁcientibus
1401 4993 1783 5067 Carolingicis
1822 5011 1920 5050 rex
1949 4999 2074 5050 erat

425 5085 725 5142 Conradus
748 5084 796 5155 (ξ
828 5084 902 5155 2).
935 5084 1147 5139 Verum
1191 5082 1323 5154 quis
1370 5081 1479 5138 iste
1519 5082 1883 5153 imperator?
1912 5086 2074 5138 Certe

428 5171 740 5228 necCaroli
766 5171 961 5242 Magni
984 5186 1089 5226 nec
1110 5170 1381 5228 Ludovici
1404 5172 1487 5226 Pii
1514 5187 1742 5228 sorores
1766 5170 2070 5227 maritatas

423 5261 702 5333 legimus,
736 5259 786 5314 si
818 5277 934 5315 una
966 5260 1178 5316 Bertha
1208 5262 1265 5317 S.
1292 5259 1616 5333 Angilberti
1644 5277 1789 5316 uxor
1818 5260 2069 5332 excipia-

424 5354 541 5403 tur.
581 5349 778 5418 Itaque
812 5348 1081 5405 Ludovici
1112 5351 1193 5405 Pii
1225 5350 1401 5417 Filias,
1442 5366 1669 5405 sorores
1720 5349 1928 5403 Lotarii
1966 5350 1985 5403 Ι
2017 5352 2073 5404 et

427 5435 615 5493 Caroli
647 5435 802 5491 Calvi
826 5438 1264 5511 imperatorum,
1298 5456 1365 5496 ac
1392 5437 1665 5523 Ludovici
1698 5438 2069 5493 [Germanici

426 5522 814 5596 intelligenda:
846 5528 1104 5597 veniunt,
1139 5546 1386 5601 quarum
1419 5522 1673 5600 quatuor
1702 5525 2072 5597 reperiuntur

431 5613 676 5672 diversis
704 5614 845 5674 viris
866 5617 1117 5676 elocatze.
1140 5616 1475 5675 Adelheidis
1496 5615 1777 5672 nimirum
1809 5614 2070 5671 Conrado

2184 4645 2313 4695 tum
2362 4639 2717 4695 Cisoniensis
2765 4638 2825 4693 in
2882 4638 3156 4694 Flandria
3202 4654 3421 4708 comes,
3469 4642 3678 4710 postea
3723 4640 3841 4694 dux

2187 4726 2629 4799 Forojuliensis,
2663 4742 2909 4797 quamve
2951 4725 3047 4780 hic
3101 4725 3373 4798 pluribus
3418 4725 3839 4783 illustrandam

2183 4818 2480 4883 duximus,
2513 4814 2562 4870 si
2594 4830 2709 4869 non
2733 4830 2835 4885 pro
2859 4815 3169 4870 statuendo
3191 4814 3301 4871 hoc
3322 4817 3659 4882 stemmate,
3684 4820 3841 4871 certe

2182 4922 2286 4977 pro
2314 4903 2665 4960 illustranda
2692 4902 3015 4959 Germanias
3067 4907 3282 4960 nostra
3333 4919 3512 4960 sacra;
3561 4903 3834 4961 historia.

2183 4994 2553 5049 Hermannus
2574 4991 2923 5047 Contractus
2943 4992 3014 5047 ad
3038 5008 3132 5049 an.
3155 4994 3264 5047 799
3288 4991 3626 5059 Ehericum,
3660 5008 3837 5066 quem

2181 5082 2280 5138 alii
2312 5080 2649 5137 Heinricum
2679 5080 2903 5146 dicunt,
2936 5080 3146 5136 ducem
3180 5079 3650 5152 Forojuliensem
3682 5099 3719 5138 a
3740 5081 3839 5137 Ca-

2181 5170 2304 5229 rolo
2337 5170 2489 5226 213
2520 5172 2726 5240 Magno
2770 5168 3180 5236 constitutum,
3230 5186 3265 5225 a
3312 5169 3590 5225 Liburnis
3634 5174 3833 5226 autem

2180 5259 2440 5315 occisum
2473 5260 2778 5313 memorat.
2811 5256 3001 5328 Hujus
3044 5255 3235 5313 ﬁlium
3285 5258 3582 5314 Eccardus
3613 5258 3831 5331 (Franc.

2182 5349 2272 5404 0r.
2310 5352 2350 5401 t.
2387 5348 2427 5413 Ι,
2461 5363 2518 5417 p.
2548 5347 2675 5413 796)
2710 5344 2917 5400 statuit
2957 5344 3296 5401 Hunrocum
3347 5362 3452 5402 seu
3483 5347 3833 5420 Hunrogum

2178 5436 2473 5501 comitem,
2528 5433 2628 5506 qui
2674 5433 2824 5488 inter
2870 5436 3049 5488 testes
3106 5434 3504 5491 subscribitur
3548 5436 3613 5492 in
3665 5438 3835 5492 testa-

2180 5529 2375 5581 mento
2405 5522 2591 5580 Caroli
2621 5520 2818 5594 Magni
2847 5538 2943 5578 an.
2975 5523 3073 5578 81t
3130 5524 3286 5595 apud
3339 5524 3746 5599 Eginbardum
3776 5523 3831 5577 in

2179 5614 2307 5684 ejus
2338 5613 2490 5682 Vita,
2522 5628 2627 5668 nec
2657 5627 2772 5667 non
2803 5610 2956 5669 inter
2981 5612 3344 5673 Francorum
3373 5613 3602 5687 legatos
3635 5615 3708 5673 ad
3739 5628 3831 5686 pa-
