3982 6216
189 285 354 360 -ῑεῦ

1079 289 1530 357 CHRONICON
1575 285 2292 355 PETERSHUSANUM.
2327 318 2406 338 --
2435 287 2854 356 PROtEMIA.

3548 288 3667 354 286

242 444 419 505 quem
451 425 663 486 nullus
680 427 1225 486 simulFrancorum
1258 445 1504 502 regnum
1519 427 1901 500 etimperium
1936 427 1986 492 Α
2017 425 2097 480 ita
2129 425 2308 480 edixit
2342 441 2354 479 :
2382 448 2408 475 «
2444 424 2560 481 illis
2593 425 2953 491 hominibus,
3007 422 3108 498 qui
3158 427 3363 482 contra
3401 441 3494 482 me
3525 425 3665 482 fece-

241 519 807 585 Romanumtenuit,
823 520 992 589 cujus
1007 535 1170 574 soror
1193 519 1440 574 fueritin
1461 515 1905 573 matrimonium

241 608 399 664 data.
431 606 622 663 Caroli
674 607 835 663 enim
866 607 1060 665 Crassi
1093 609 1276 663 ambae
1319 623 1546 662 sorores
1599 605 1906 661 abbatissae

242 696 600 754 Turicenses
632 700 824 752 erant.
886 696 1134 752 Perinde
1166 700 1361 751 autem
1393 699 1500 762 est,
1535 694 1655 750 sive
1715 692 1903 748 Ludo«

241 784 410 842 vicus
437 785 580 841 Pius
613 784 821 851 ﬁliam,
855 785 974 840 sive
1003 783 1242 840 Carolus
1267 785 1475 840 Calvus
1505 799 1763 840 sororem
1797 798 1903 836 nu-

243 875 373 947 ptui
422 872 684 930 elocasse
731 873 964 929 dicatur
1018 891 1030 928 :
1087 896 1114 923 ‹‹
1170 891 1238 928 ex
1286 891 1402 945 qua
1433 874 1580 928 duos
1611 871 1814 944 genuit
1846 870 1907 924 ﬁ-

243 962 382 1031 lios,
415 985 443 1012 »
477 967 620 1034 quot
668 978 880 1035 nempe
909 962 968 1018 in
1001 961 1408 1018 Alemanniam
1440 965 1738 1026 venerant,
1772 958 1904 1014 reli-

244 1050 353 1124 qui
372 1051 535 1107 enim
564 1066 668 1107 ceu
697 1050 931 1124 longius
963 1050 1156 1107 dissiti
1187 1052 1245 1106 in
1278 1050 1372 1108 bis
1416 1051 1680 1123 partibus
1728 1049 1906 1121 scrip-

246 1139 371 1196 tori
399 1139 563 1196 haud
593 1139 997 1196 innotuerunt.

326 1228 466 1294 Qua
498 1243 630 1284 vero
674 1227 941 1300 deinceps
972 1229 1043 1284 de
1073 1228 1228 1301 regis
1264 1231 1620 1285 Francorum
1669 1229 1823 1284 caede
1872 1244 1906 1283 a

248 1317 490 1374 duobus
512 1317 604 1373 his
624 1317 902 1373 fratribus
914 1321 1140 1390 patrata
1163 1323 1496 1384 narrantur,
1517 1317 1698 1372 totius
1719 1316 1900 1388 hujus

244 1404 451 1462 seaculi
485 1405 741 1461 historias
772 1410 1123 1479 repugnant,
1159 1423 1244 1473 ac,
1279 1406 1329 1462 si
1358 1407 1476 1461 veri
1523 1406 1775 1478 speciem
1806 1405 1905 1460 ha-

242 1493 385 1550 bere
413 1485 687 1561 debeant,
721 1495 955 1550 nonnisi
984 1496 1056 1550 de
1091 1499 1251 1550 mota
1293 1495 1548 1566 quadam
1591 1494 1904 1550 rebellione

244 1599 351 1640 seu
386 1583 717 1638 defectione
759 1600 795 1638 a
824 1600 928 1640 suo
959 1598 1094 1656 rege
1135 1583 1336 1640 Carolo
1387 1584 1556 1640 Calvo
1597 1583 1777 1655 accipi
1811 1584 1904 1638 de-

240 1672 407 1739 bent,
461 1671 698 1743 qualem
731 1671 914 1727 altera
945 1688 1178 1744 quoque
1212 1673 1480 1743 ejusdem
1512 1690 1676 1729 soror
1706 1671 1902 1728 Hilde-

243 1761 450 1834 gardis
479 1759 681 1859 comiti
713 1760 1070 1859 Theoderico
1103 1767 1287 1832 nupta
1304 1763 1427 1859 jam
1448 1780 1541 1817 an.
1565 1763 1671 1816 842
1701 1766 1903 1859 contra
1934 1794 1982 1859 B

241 1850 447 1922 ipsum
480 1848 687 1905 molita
717 1854 826 1914 est,
861 1849 942 1905 uti
965 1850 1237 1920 superius
1277 1849 1554 1906 diximus.
1609 1849 1756 1913 Quid
1788 1849 1905 1920 igi-

243 1943 347 1993 tur
379 1937 624 2004 mirum,
657 1937 709 1993 si
735 1942 790 1992 et
821 1954 983 1993 socer
1011 1937 1171 1994 illius
1204 1955 1269 1994 ac
1302 1943 1539 2011 nepotes
1593 1939 1706 1994 tale
1763 1937 1903 2009 quid

243 2026 381 2082 ausi
411 2025 677 2082 fuerint?
709 2026 825 2081 Nec
855 2043 986 2082 vero
1007 2026 1512 2098 solisconjecturis
1534 2027 1628 2083 hic
1663 2028 1904 2094 utimur;

243 2113 380 2187 ipsa
411 2131 671 2186 namque
703 2113 899 2188 Gisela
926 2115 1244 2172 Eberhardi
1280 2133 1424 2171 uxor
1445 2133 1565 2172 rem
1591 2117 1650 2172 in
1676 2117 1906 2172 duabus

245 2204 449 2260 citatis
481 2203 704 2260 chartis
733 2204 806 2259 de
835 2221 928 2260 an.
953 2206 1059 2260 868
1081 2209 1138 2260 et
1166 2206 1272 2259 870
1293 2206 1437 2261 satis
1463 2210 1657 2278 aperte
1690 2207 1905 2278 prodit,

248 2293 396 2348 dum
428 2307 522 2347 res
553 2309 586 2347 a
617 2293 846 2348 seniore
875 2310 980 2349 suo
1013 2310 1113 2350 seu
1158 2294 1368 2350 marito
1413 2296 1664 2350 Evrardo
1710 2295 1906 2367 perdi—

253 2386 351 2438 tas
376 2385 432 2436 et
459 2381 518 2436 in
540 2381 694 2454 regis
725 2381 1055 2438 dominium
1087 2385 1352 2439 redactas
1376 2383 1488 2440 sibi
1513 2385 1704 2440 denuo
1736 2402 1770 2440 a
1800 2384 1906 2439 Ca-

254 2468 382 2526 rolo
399 2469 887 2538 Calvo,Germano
909 2487 1036 2538 suo,
1061 2473 1365 2528 restitutas
1389 2474 1722 2544 profitetur;
1749 2474 1904 2545 quod

249 2559 512 2631 profecto
543 2557 781 2630 aliquod
841 2559 1034 2614 mariti
1079 2561 1170 2615 sui
1220 2565 1322 2616 aut
1349 2561 1603 2617 ﬁliorum
1662 2579 1904 2618 suorum

248 2644 462 2701 saltem
494 2645 715 2708 crimen
746 2663 850 2702 seu
882 2646 1160 2704 feloniam
1201 2649 1460 2705 indicare
1492 2650 1742 2706 videtur.
1777 2652 1906 2706 For—

245 2734 429 2790 tassis
460 2734 652 2807 hiipsi
687 2736 805 2791 duo
837 2737 1044 2792 fratres
1075 2737 1229 2793 inter
1258 2737 1392 2794 illos
1442 2756 1678 2811 quoque
1717 2738 1904 2796 Caroli

247 2839 524 2895 proceres
555 2824 1040 2893 numerabantur,
1075 2826 1175 2898 qui
1198 2825 1298 2882 diu
1321 2828 1445 2898 jam
1474 2827 1641 2883 illum
1676 2828 1904 2900 pertaesi

247 2929 346 2970 an.
375 2913 484 2968 858
513 2911 763 2968 solemni
804 2912 1092 2985 legatione
1135 2915 1403 2971 Ludovici
1437 2915 1758 2971 Germaniae
1808 2933 1904 2972 re-

246 3002 340 3074 gis
371 2999 664 3057 auxilium
719 3006 922 3058 contra
964 3002 1151 3058 Caroli
1210 3003 1364 3076 regis
1407 3003 1499 3060 sui
1532 3005 1901 3077 tyrannidem

245 3089 649 3163 postularunt,
675 3088 894 3162 illoque
923 3108 1058 3147 cum
1090 3091 1342 3148 exercitu
1383 3093 1442 3147 in
1474 3093 1692 3150 Gallias
1740 3095 1904 3150 adve-

2018 519 2174 578 runt,
2210 514 2364 569 sicut
2396 515 2578 579 scitis,
2613 520 2667 570 et
2697 515 2768 570 ad
2804 531 3001 570 meum
3037 515 3271 571 fratrem
3311 521 3662 571 venerunt...

2015 607 2204 659 totum
2239 604 2529 675 perdono;
2566 604 2720 676 quod
2769 608 2971 660 contra
3019 620 3110 659 me
3158 604 3558 671 misfecerunt,
3611 608 3668 659 et

2014 691 2252 748 illorum
2287 692 2506 750 allodes
2539 693 2792 765 [allodia,
2812 709 2913 748 seu
2939 693 3176 764 praedia]
3208 693 3278 748 de
3305 691 3664 760 haereditate,

2017 784 2072 836 et
2102 781 2172 836 de
2203 782 2559 853 conquisita,
2585 785 2642 837 et
2669 798 2793 853 quae
2816 783 2886 836 de
2915 782 3230 838 donatione
3253 782 3435 837 nostri
3461 782 3664 838 Senio-

2016 868 2096 925 ris
2127 870 2347 926 scilicet
2371 871 2578 943 patris,
2611 887 2715 926 seu
2749 869 3023 926 Ludovici
3051 870 3157 933 Pii,
3193 869 3547 937 habuerunt,
3577 887 3668 924 ex-

2015 962 2180 1030 cepto
2212 957 2335 1026 illo,
2369 961 2523 1031 quod
2557 961 2629 1015 de
2660 975 2788 1014 mea
2819 959 3130 1014 donatione
3161 959 3341 1025 venit,
3376 958 3494 1014 illis
3529 975 3665 1013 con-

2014 1047 2175 1115 cedo,
2215 1047 2262 1103 si
2299 1047 2445 1103 mihi
2494 1048 2831 1103 ﬁrmitatem
2867 1046 3130 1114 fecerint,
3178 1047 3333 1118 quod
3382 1046 3442 1101 in
3485 1062 3664 1117 regno

2014 1151 2142 1191 meo
2176 1136 2399 1208 paciﬁci
2435 1135 2575 1202 sint,
2616 1158 2640 1184 n
2673 1137 2758 1191 uti
2791 1135 3007 1206 legitur
3038 1136 3192 1206 apud
3218 1134 3526 1190 Buluzium
3547 1136 3667 1206 (Ca-

2008 1227 2109 1296 pit.
2144 1241 2254 1296 reg.
2285 1227 2478 1281 Franc.
2515 1230 2554 1280 t.
2586 1225 2655 1290 II,
2684 1241 2736 1296 p.
2794 1225 2916 1294 144,
2957 1241 3022 1280 ac
3066 1241 3198 1280 cum
3230 1225 3347 1280 illis
3401 1226 3666 1298 apprime

2013 1319 2367 1386 congruunt,
2401 1331 2526 1386 quas
2549 1314 2742 1370 Gisela
2781 1331 2946 1370 soror
2981 1315 3038 1368 in
3071 1329 3252 1385 supra
3281 1313 3474 1370 citatis
3504 1314 3665 1370 char~

2011 1403 2086 1458 tis
2137 1405 2208 1458 de
2238 1402 2450 1460 ablatis
2492 1420 2847 1476 rursumque
2891 1403 3002 1458 sibi
3050 1401 3338 1458 restitutis
3391 1420 3424 1458 a
3461 1403 3664 1458 Carolo

2014 1493 2190 1547 fratre
2222 1495 2396 1549 rebus
2430 1498 2873 1549 commemorat.

2083 1581 2303 1637 Cuncta
2353 1582 2494 1649 haec,
2532 1583 2614 1638 uti
2646 1583 2815 1639 nobis
2845 1582 3049 1638 saltem
3074 1583 3342 1653 fvidetur,
3398 1583 3665 1638 sufﬁcere

2014 1677 2263 1743 possunt
2315 1673 2386 1727 ad
2427 1672 2842 1728 vindicandam
2899 1672 3202 1744 scriptoris
3243 1673 3427 1729 nostri
3467 1674 3663 1740 ﬁdem,

2013 1760 2060 1814 si
2110 1777 2295 1815 unum
2338 1761 2509 1815 modo
2541 1761 2887 1832 regicidium
2937 1761 3228 1830 dematur,
3262 1778 3328 1817 ac
3375 1771 3666 1817 commota

2020 1852 2222 1902 contra
2251 1866 2444 1920 regem
2486 1849 2723 1904 rebellio
2749 1849 3160 1905 substituatur.
3209 1849 3396 1905 Facile
3448 1850 3664 1922 quippe

2016 1936 2073 1991 in
2103 1953 2239 1992 vera
2265 1937 2560 1994 discessus
2592 1937 2827 1992 illorum
2860 1939 3104 1992 fratrum
3139 1955 3317 1993 causa
3351 1939 3663 2010 assignan-

2015 2027 2089 2082 da
2110 2027 2297 2098 decipi
2337 2027 2528 2098 potuit
2558 2026 2829 2099 scriptor,
2864 2027 3004 2098 quin
3054 2031 3249 2082 tamen
3291 2027 3534 2083 ﬁctitius
3588 2029 3665 2084 sit

2015 2115 2277 2188 ipsorum
2307 2115 2364 2170 in
2398 2115 2804 2171 Alemanniam
2840 2117 3144 2184 adventus,
3175 2116 3428 2187 buicque
3457 2134 3660 2190 super-

2016 2207 2238 2260 structa
2267 2203 2625 2276 genealogia,
2660 2207 2723 2258 ut
2745 2204 2981 2275 quidem
3013 2203 3140 2258 vult
3183 2204 3504 2260 Tenzelius.
3546 2208 3660 2261 Ad-

2015 2294 2188 2349 ducta
2246 2293 2452 2348 saltem
2513 2292 2819 2364 hucusque
2851 2297 3197 2364 argumenta
3244 2297 3564 2366 utrumque
3613 2298 3660 2352 si

2013 2399 2130 2438 non
2162 2387 2320 2438 extra
2351 2380 2611 2448 :dubium
2656 2384 2901 2452 ponunt,
2937 2380 3162 2436 fabulas
3191 2385 3385 2438 tamen
3423 2401 3536 2440 non
3571 2402 3661 2440 sa-

2015 2472 2202 2544 piunt,
2227 2488 2584 2543 causamque
2607 2469 2783 2526 simul
2806 2468 3104 2525 declarant
3124 2487 3228 2525 cur
3249 2471 3422 2527 ambo
3455 2473 3662 2529 fratres

2011 2563 2071 2617 in
2101 2561 2505 2617 Alemanniam
2539 2559 2890 2624 devenerint,
2943 2575 3009 2614 ac
3051 2563 3283 2632 tempus
3325 2577 3440 2632 quo
3469 2561 3528 2616 in
3566 2579 3662 2634 pa-

2011 2651 2189 2706 triam
2238 2656 2483 2722 uterque
2523 2649 2600 2705 sit
2647 2652 2968 2718 revocatus,
3011 2648 3322 2720 impetrata
3362 2666 3571 2724 nempe
3629 2671 3662 2707 a

2011 2739 2214 2796 Carolo
2234 2738 2406 2795 Calvo
2434 2755 2567 2812 rege
2598 2737 2870 2794 admissae
2920 2737 3254 2794 rebellionis
3301 2738 3489 2806 venia,
3524 2757 3658 2796 con-

2013 2827 2247 2884 ciliante
2279 2833 2413 2898 pote
2444 2827 2820 2898 potissimum
2851 2842 3054 2882 eorum
3088 2819 3250 2898 patre
3299 2827 3657 2896 Eberhardo,

2012 2917 2114 2988 qui
2139 2917 2289 2972 inter
2318 2916 2583 2986 ejusdem
2617 2915 2778 2987 pacis
2809 2918 2990 2971 testes
3013 2918 3248 2970 notatur
3268 2917 3422 2988 apud
3452 2917 3656 2974 Eccar-

2011 3005 2152 3060 dum
2183 3005 2404 3076 (Fra-nc.
2441 3007 2542 3061 0r.
2567 3009 2609 3059 t.
2641 3003 2709 3072 Il,
2744 3021 2800 3076 p.
2849 3005 2953 3059 476
2982 3020 3106 3076 seq.

2081 3097 2108 3162 §
2139 3094 2262 3148 XII.
2297 3093 2487 3149 Altero
2519 3092 2700 3166 igitur
2728 3092 3000 3160 fratrum,
3031 3092 3302 3166 quisquis
3333 3093 3429 3150 ille
3461 3094 3654 3162 fuerit,

245 3179 468 3244 niente,
513 3179 744 3235 deserto
785 3179 1004 3248 Carolo,
1053 3181 1125 3236 ad
1158 3180 1354 3253 ipsum
1401 3182 1783 3254 transierunt,
1816 3183 1900 3238 uti
1933 3161 1975 3228 (ἶ
2014 3185 2165 3238 facta
2189 3199 2330 3255 pace
2360 3182 2420 3238 in
2451 3183 2699 3254 patriam
2749 3199 2996 3250 reverso,
3025 3182 3186 3238 solus
3216 3182 3275 3238 in
3311 3182 3654 3240 Alemannis

245 3267 322 3324 ad
363 3268 638 3324 eumdem
689 3284 910 3324 annum
967 3269 1227 3325 referunt
1276 3269 1529 3327 Annales
1562 3270 1898 3328 Fuldenses.

243 3355 611 3414 Conveniunt
663 3356 788 3412 hac
848 3356 940 3423 Iis,
996 3374 1124 3429 qua
1173 3357 1346 3414 habet
1387 3359 1732 3429 Cbronicon,
1763 3361 1824 3430 (1.
1861 3379 1899 3429 ι,

247 3461 311 3501 n.
345 3445 426 3516 3,)
455 3445 692 3501 venisse
723 3461 856 3500 cum
889 3445 1008 3502 illis
1038 3445 1198 3502 viros'
1225 3447 1648 3516 nobilissimos,
1685 3449 1902 3521 quibus

243 3533 362 3606 ipsi
393 3535 610 3606 praedia
641 3535 716 3590 ab
747 3536 1022 3591 avunculo
1051 3552 1158 3592 suo
1190 3535 1249 3591 in
1279 3536 1626 3593 Alemannis
1664 3538 1774 3594 sibi
1800 3541 1903 3595 do-

248 3627 393 3677 nata
423 3623 639 3678 fuerint
671 3623 921 3696 elargiti.
945 3624 1316 3680 Avunculum
1333 3625 1490 3681 hunc
1523 3625 1704 3682 alium
1743 3627 1899 3684 haud

254 3709 443 3764 fuisse
471 3727 644 3780 quam
679 3713 1039 3769 Ludovicum
1062 3712 1496 3782 Germanicum,
1521 3715 1614 3770 cui
1637 3715 1903 3772 Aleman-

259 3796 363 3852 nia
393 3799 648 3870 parebat,
669 3801 797 3872 jam
827 3801 886 3856 in
920 3801 1320 3873 superioribus
1359 3803 1778 3875 probavimus..

330 3887 470 3951 Quae
517 3903 646 3943 vero
676 3889 984 3961 hucusque
1029 3890 1307 3958 diximus,
1353 3892 1686 3947 conﬁrmari
1738 3910 1806 3948 ex
1836 3909 1901 3949 eo

250 3991 492 4048 quoque
521 3975 815 4046 videntur,
849 3979 1002 4050 quod
1024 3979 1197 4049 juxta
1222 3978 1463 4035 eosdem
1489 3980 1742 4036 Annales
1765 3980 1900 4036 Ful-

250 4064 472 4121 denses
501 4081 574 4120 an
594 4066 1109 4132 858,Eberhardus
1127 4083 1342 4136 comes,
1359 4067 1514 4123 haud
1539 4069 1712 4125 dubie
1745 4071 1898 4126 279

249 4152 697 4224 Forojuliensis,
725 4171 1139 4228 germanorum
1158 4155 1369 4212 horum
1425 4157 1692 4214 exsulum
1717 4163 1899 4230 pater,

246 4241 473 4298 missus
521 4243 797 4300 Ludovici
833 4245 880 4299 II
911 4244 1052 4317 imp.
1086 4262 1156 4301 ex
1204 4244 1368 4301 Italia
1417 4247 1488 4302 ad
1542 4247 1899 4304 Ludovicum

245 4331 664 4388 Germanicum
692 4332 920 4388 Ulmam
951 4334 1022 4388 ad
1063 4332 1423 4405 colloquium
1461 4335 1701 4391 venerit.
1737 4335 1900 4392 Unde

242 4418 364 4476 alia
391 4421 562 4477 nobis
593 4422 931 4492 conjectura
977 4422 1260 4490 nascitur,
1294 4422 1695 4480 Eberhardum
1738 4425 1896 4481 hunc

2013 3270 2318 3327 Udalricus
2341 3271 2640 3338 remansit,
2663 3271 2925 3326 omnium
2937 3272 3065 3342 jam
3090 3272 3325 3344 utrique
3341 3288 3645 3344 germano-

2011 3377 2142 3416 rum
2203 3361 2356 3417 280
2402 3365 2573 3415 antea
2625 3361 2697 3416 ab
2729 3360 3016 3416 avunculo
3048 3361 3397 3417 donatorum
3437 3361 3495 3416 in
3523 3361 3654 3417 Ale-

2012 3451 2250 3504 mannia
2278 3450 2629 3520 praediorum
2652 3466 2976 3520 possessor.
3006 3448 3223 3504 Saltem
3238 3450 3365 3520 jam
3397 3467 3492 3506 an.
3524 3452 3650 3516 867,

2010 3554 2114 3593 ceu
2163 3543 2423 3609 tempore
2479 3538 2798 3593 narrationi
2844 3537 2981 3592 huic
3011 3554 3315 3609 congruo,-
3346 3537 3656 3593 Udalricus

2011 3626 2280 3682 Ludovici
2313 3625 2640 3682 Germanici
2665 3643 2844 3697 nepos
2877 3630 2933 3680 et
2962 3626 3168 3680 Comes
3199 3625 3258 3680 in
3289 3630 3654 3697 Argeugewe

2010 3715 2282 3782 occurrit,
2316 3731 2382 3770 ac
2430 3713 2575 3770 fdrte
2633 3714 2807 3768 etiam
2885 3713 2944 3768 in
3009 3712 3286 3785 Linzgove
3337 3714 3650 3785 (Hannon,

2008 3807 2052 3858 t.
2083 3804 2150 3859 II.
2187 3820 2242 3874 p.
2276 3804 2366 3872 48)
2410 3819 2562 3858 anno
2593 3802 2719 3867 879,
2751 3802 2849 3856 881
2885 3805 2942 3856 et
2979 3802 3105 3854 902.
3129 3803 3231 3868 Ac,
3264 3804 3328 3856 ut
3384 3818 3561 3873 supra
3595 3802 3651 3856 in
3743 3851 3748 3856 .

2009 3891 2346 3964 praefatione
2387 3906 2455 3944 ex
2480 3888 2747 3944 Tenzelio
2789 3887 3247 3956 observavimus,
3280 3889 3434 3944 idem
3466 3889 3652 3959 facile,

2009 3979 2102 4034 cui
2131 3977 2470 4049 Arnulphus
2502 3977 2644 4048 imp.
2677 3979 2897 4032 curtem
2930 3975 3364 4033 Lustenowain
3395 3977 3652 4048 proprie-

2006 4071 2187 4124 tatem
2205 4067 2384 4134 dedit,
2410 4070 2476 4121 ut
2497 4069 2726 4121 constat
2745 4081 2812 4120 ex
2823 4065 3026 4121 charta
3049 4081 3124 4119 an
3149 4064 3244 4120 891
3275 4065 3581 4138 (Hsnoo'rr,
3609 4068 3650 4121 Ι.

2009 4174 2083 4222 c.,
2115 4173 2172 4228 p.
2204 4156 2318 4226 57,)
2361 4172 2488 4226 qua:
2531 4153 2758 4227 integra
2803 4154 2980 4210 etiam
3028 4153 3242 4226 legitur
3287 4156 3346 4210 in
3389 4154 3650 4211 Scbardii

2009 4245 2392 4317 scriptoribus
2413 4246 2478 4316 (t.
2515 4245 2558 4311 Ι,
2592 4260 2648 4315 p.
2679 4244 2828 4313 534).
2863 4243 2954 4298 Nil
2986 4247 3181 4299 tamen
3219 4245 3357 4300 certi
3408 4243 3501 4299 hic
3534 4249 3651 4301 sta-

2007 4339 2170 4390 tuere
2212 4333 2364 4402 licet,
2418 4349 2551 4411 cum
2613 4335 2696 4388 tot
2752 4332 3023 4399 Udalrici,
3079 4332 3139 4388 in
3173 4333 3418 4389 diversis
3445 4333 3652 4389 vicinis

2007 4422 2363 4478 Alemannis:
2421 4421 2609 4494 pagis,
2662 4420 2918 4476 maxime
2949 4420 3009 4475 in
3055 4421 3436 4495 Argengovia,
3488 4421 3650 4478 Linz-

242 4507 491 4580 perinde
513 4525 578 4564 ac
591 4509 862 4582 conjugis
885 4526 1004 4565 sua;
1025 4526 1286 4566 sororem
1308 4510 1720 4585 Hildegardem
1736 4514 1899 4585 prius
1930 4527 1977 4593 D
2006 4512 2194 4584 govia,
2226 4510 2517 4582 Turgovia
2567 4525 2634 4566 ac
2669 4509 2804 4565 dein
2845 4508 3127 4582 Brigantii
3169 4526 3402 4583 quoque
3451 4527 3651 4567 occur-

243 4613 281 4653 a
315 4596 585 4668 partibus
634 4597 892 4654 Lotharii
923 4598 1065 4670 imp.
1115 4599 1372 4667 stetisse,
1421 4616 1487 4655 ac
1528 4605 1835 4672 propterea
1864 4621 1899 4659 a

240 4685 448 4742 Carolo
477 4685 648 4742 Calvo
671 4687 997 4743 ditionibus
1027 4687 1087 4742 in
1117 4703 1296 4760 regno
1327 4688 1455 4758 ejus
1485 4688 1613 4745 sitis
1652 4695 1893 4747 exutum

243 4772 306 4828 in
339 4773 567 4830 Italiam
610 4774 684 4830 ad
727 4774 1062 4831 Lotharium
1095 4776 1473 4843 concessisse,
1514 4794 1548 4832 a
1577 4795 1714 4850 quo,
1774 4780 1893 4836 sive

239 4862 374 4932 ejus
403 4861 545 4931 ﬁlio,
569 4863 854 4920 Ludovico
876 4865 922 4920 II
949 4865 1118 4936 imp.,
1146 4863 1562 4935 Forojuliensis
1580 4867 1698 4921 dux
1720 4867 1895 4923 fuerit

240 4951 635 5021 constitutus;
669 4967 848 5024 quam
878 4953 1064 5026 patris
1078 4951 1172 5009 sui
1189 4952 1594 5025 spoliationem
1617 4956 1759 5010 dum
1782 4955 1892 5010 ini-

239 5055 356 5110 que
386 5039 606 5097 ferrent
633 5042 752 5098 duo
783 5043 912 5114 ejus
944 5041 1072 5113 ﬁlii,
1106 5057 1241 5097 cum
1265 5041 1396 5098 aliis
1425 5043 1764 5114 proceribus
1796 5045 1895 5100 ad-

234 5142 447 5184 versus
505 5129 779 5186 Carolum
839 5130 1191 5187 rebellantes
1233 5129 1518 5187 Ludovico
1549 5131 1892 5189 Germanico

238 5217 524 5276 avunculo
557 5235 622 5275 se
652 5219 1024 5276 tradiderint.
1060 5219 1194 5284 Quae
1225 5222 1432 5291 postea
1469 5226 1803 5292 sequuntur
1831 5221 1892 5276 in

235 5305 522 5364 Chronico
543 5309 616 5366 de
657 5308 853 5365 furore
870 5307 1170 5365 Gallorum
1199 5308 1397 5363 sedato
1419 5308 1668 5380 istisque
1697 5310 1893 5365 fratri-

235 5393 346 5452 bus
368 5397 427 5452 in
459 5398 717 5471 patriam
749 5397 1054 5464 revocatis,
1087 5397 1160 5452 ad
1203 5411 1426 5450 annum
1455 5397 1562 5452 850
1592 5398 1894 5453 referenda

233 5499 698 5559 censemus,quo
715 5487 872 5560 apud
903 5485 1272 5542 Conﬂuentes
1295 5499 1434 5555 pace
1455 5484 1609 5540 inter
1621 5485 1892 5541 Carolum

230 5578 286 5630 et
313 5575 662 5647 praedictum
714 5575 1068 5634 Ludovicum
1108 5574 1339 5629 ﬁrmata
1386 5572 1628 5629 Carolus
1683 5571 1894 5630 Calvus

2007 4604 2220 4668 rentes,
2251 4599 2497 4655 dubium
2533 4615 2764 4671 semper
2790 4599 3008 4654 faciant
3037 4615 3179 4654 num
3210 4599 3389 4656 iidem
3413 4599 3652 4667 fuerint,

2006 4707 2080 4744 an
2105 4705 2236 4744 vero
2267 4687 2505 4756 diversi,
2536 4687 2739 4743 eodem
2774 4687 3034 4755 nomine,
3064 4693 3128 4742 ut
3163 4689 3286 4743 ﬁeri
3319 4687 3564 4756 solebat,
3593 4688 3649 4744 in

2004 4778 2150 4834 alias
2189 4793 2420 4849 quoque
2454 4775 2711 4832 familias
2743 4792 2845 4847 per
2885 4775 3262 4831 matrimonia
3311 4781 3648 4847 propagato.

2071 4869 2098 4934 §
2126 4865 2273 4920 XIII.
2298 4865 2399 4921 His
2417 4865 2654 4920 interim
2679 4864 3048 4920 eruditorum
3067 4862 3323 4919 examini
3345 4863 3648 4932 subjectis,

2000 4954 2102 5010 illa
2130 4954 2302 5010 modo
2333 4953 2656 5023 expendere
2671 4953 2840 5023 juvat
2869 4969 3019 5024 qua),
3054 4954 3123 5006 de
3153 4951 3263 5005 hac
3285 4949 3648 5020 Brigantino-

2001 5059 2133 5099 rum
2167 5042 2449 5098 comitum
2481 5040 2844 5112 genealogis,
2879 5056 3049 5113 porro
3071 5039 3128 5093 in
3151 5037 3434 5095 Chronico
3453 5042 3651 5094 nostro

2001 5132 2290 5188 habentur
2310 5127 2886 5200 prioribusjapprime
2917 5132 3324 5184 consentanea.
3349 5125 3434 5180 Ita
3453 5131 3649 5182 autem

2001 5220 2039 5276 l.
2075 5223 2116 5276 Ι.
2134 5237 2190 5275 n.
2208 5219 2278 5272 36
2299 5217 2500 5271 habet:
2522 5238 2548 5265 «
2571 5216 2707 5272 Erat
2726 5217 2967 5288 quidam
2991 5231 3209 5286 comes,
3232 5212 3469 5269 nomine
3487 5214 3646 5269 Adil-

2001 5308 2289 5366 bardus...
2322 5304 2474 5360 beati
2504 5303 2612 5358 viri
2634 5304 2961 5360 Gebehardi
2979 5305 3149 5375 juxta
3177 5301 3368 5358 carnis
3407 5319 3650 5358 consan-

2000 5398 2348 5469 guinitath
2380 5390 2768 5464 propinquus,
2798 5408 3172 5463 nequaquam
3204 5395 3402 5446 tamen
3437 5390 3646 5446 Suevi-

2001 5501 2170 5557 gena,
2195 5484 2296 5541 sed
2331 5480 2603 5535 habitans
2635 5479 2692 5534 in
2724 5483 2880 5535 terra
2908 5479 3250 5552 longinqua,
3291 5479 3384 5534 cui
3413 5479 3548 5550 jure
3589 5479 3646 5531 in

2003 5573 2402 5635 bzsreditatem
2429 5572 2724 5624 cesserant
2745 5584 2958 5641 magna
2978 5571 3036 5625 et
3052 5567 3236 5624 multa
3258 5568 3471 5641 praedia
3491 5565 3551 5622 in
3583 5564 3650 5618 ll-
