3982 6216
378 259 499 324 287

1080 257 1472 325 APPENDIX
1517 259 1621 323 AD
1667 257 2116 322 CHRONICON
2161 256 2580 321 HERMANNI
2625 254 3093 323 CONTRACTI.

3678 250 3826 336 $88

376 395 593 469 rigove,
626 417 654 446 »
685 412 790 452 seu
817 394 1012 468 potius
1034 394 1309 467 Ilargove,
1328 393 1630 466 exquibus
1661 392 2018 464 Brigantinis
2048 395 2102 461 Α
2131 391 2312 447 chorn
2343 392 2523 459 dedit,
2559 392 2704 448 forte
2734 400 2791 449 et
2818 391 3023 463 ﬁliam,
3066 394 3319 451 matrem
3358 394 3564 466 postea
3609 387 3820 464 hujus

381 485 647 560 cognatis
659 484 783 542 suis
796 483 1076 557 pradium
1090 484 1143 538 in
1166 482 1810 539 Steiubach.Gebbardo
1825 485 2018 537 autem

379 574 651 649 episcopo
672 572 1086 644 nepotisuoalia
1109 571 1274 642 plura
1288 570 1612 626 tradiderit.
1632 570 1916 633 Quisvero
1931 570 2023 624 hic

378 658 1221 728 Adilbardus,seuAdalardus,
1246 659 1650 731 Brigantinoru
1663 676 1717 713 m
1745 658 2024 714 comitum

379 768 561 824 nepos
582 767 682 806 seu
700 747 1171 820 consanguineus
1189 748 1215 802 ?
1237 748 1435 820 Neque
1458 748 1615 803 enim
1638 748 1707 803 de
1727 747 2025 820 superiore

375 839 665 896 Adalardo
696 837 1013 892 Eberhardi
1043 836 1162 892 ﬁlio
1184 854 1375 892 sermo
1408 836 1499 891 hic
1531 853 1658 892 esse
1690 841 1898 909 potest,
1934 842 2022 892 ut-

376 933 510 1002 pote
540 928 764 999 integro
796 925 1008 982 swculo
1042 927 1349 981 anteriore.
1376 925 1540 981 Hunc
1572 926 2024 998 deprehendisse

376 1016 547 1072 nobis
577 1015 848 1070 videntur
879 1015 938 1069 in
969 1014 1315 1070 Ekkehardo
1335 1013 1575 1070 Juniore
1598 1014 1669 1069 de
1692 1013 1935 1093 Casibus
1964 1018 2019 1067 S.

376 1104 544 1171 Galli,
568 1121 695 1175 cap.
730 1104 798 1159 10
830 1103 1131 1173 (GOLDAST.
1164 1105 1361 1174 Scrz'pt.
1397 1108 1437 1156 t.
1475 1104 1514 1168 Ι,
1550 1119 1607 1173 p.
1649 1103 1735 1173 .12)
1769 1102 1849 1157 ita
1881 1101 2021 1157 scri-

374 1195 549 1251 bente
584 1210 649 1249 :u
681 1191 1026 1247 Vodalricus
1053 1191 1292 1263 quidam
1325 1208 1520 1246 comes
1561 1192 1631 1245 de
1664 1190 1847 1246 Caroli
1893 1207 2023 1261 pro-

375 1283 540 1354 sapia
570 1279 1046 1353 Wendilgardam
1081 1279 1311 1334 Henrici
1343 1279 1496 1351 regis
1534 1280 1603 1335 de
1636 1278 1757 1334 ﬁlia
1801 1278 2022 1350 neptim

374 1387 615 1427 uxorem
642 1369 957 1441 accipiens,
979 1367 1385 1432 Adalhartum,
1405 1368 1507 1439 qui
1528 1367 1691 1423 Gallo
1714 1367 2022 1423 Altstetten

374 1463 510 1531 post
537 1457 799 1523 tradidit,
833 1458 904 1511 de
934 1473 1001 1511 ea
1023 1463 1079 1511 et
1101 1456 1281 1512 ﬁliam
1308 1456 1648 1527 procreavit.
1684 1456 1786 1512 Hic
1819 1456 2022 1510 nuntio

375 1546 813 1612 Buochorn,ubi
836 1545 1139 1614 habitavit,
1162 1545 1697 1616 accepto,Hungros
1721 1544 2018 1611 Noricum,

374 1636 473 1693 ubi
496 1635 713 1708 praedia
734 1634 785 1690 ei
812 1637 996 1701 erant,
1022 1634 1265 1701 irruerc,
1289 1633 1487 1689 hostes
1508 1650 1573 1688 cu
1588 1650 1641 1688 m
1661 1632 1887 1688 caeteris
1919 1650 2016 1705 ag-

375 1742 638 1799 gressus,
659 1723 846 1779 victus
869 1722 1180 1794 capitur,et
1197 1722 1252 1776 in
1272 1721 1629 1794 Hungariam
1650 1721 1911 1794 captivus
1935 1739 2020 1777 as-

375 1816 661 1885 portatur.
687 1833 715 1862 »
750 1811 945 1867 Refert
964 1810 1097 1865 dein
1117 1809 1471 1875 Udalricum,
1496 1814 1893 1882 postquatuor
1913 1827 2018 1865 an-

374 1919 483 1958 nos
511 1901 840 1973 captivitate
864 1900 1156 1968 reducem,
1181 1898 1430 1954 alterum
1464 1899 1655 1953 adhuc
1685 1898 1871 1953 ﬁlium
1896 1914 2021 1969 pro-

374 2007 605 2046 creasse
626 1988 1050 2051 Burchardum,
1065 1991 1448 2059 cognomento
1474 1986 1827 2059 Ingenitum,
1844 2003 2017 2058 quem

373 2078 505 2134 Otto
536 2078 746 2150 Iimp.,
778 2093 879 2133 ceu
913 2081 1181 2147 nepotem
1214 2092 1388 2131 suum
1414 2076 1567 2131 circa
1596 2093 1668 2130 an
1700 2075 1807 2130 959
1837 2075 2018 2130 abba—

371 2166 465 2222 tis:
496 2167 553 2222 S.
579 2165 727 2222 Galli
748 2164 1232 2235 adhucjuvenem
1270 2163 1606 2235 praefecerit.
1633 2164 1715 2218 Ex
1732 2163 2020 2233 Hepidan-

372 2255 432 2310 ni
448 2255 779 2311 Annalibus
797 2255 942 2310 281
963 2254 1035 2308 ad
1056 2271 1152 2309 an.
1177 2254 1303 2317 913,
1319 2257 1376 2307 et
1397 2252 1682 2324 excerptis
1703 2250 2016 2306 Annalium

369 2344 727 2400 Francorum
772 2343 962 2413 (supra
1004 2357 1137 2413 pag.
1190 2341 1310 2411 109)
1346 2340 1654 2396 Udalricus
1689 2356 1884 2395 comes
1915 2338 2015 2395 illo

370 2448 525 2488 anno
547 2448 681 2487 cum
704 2429 1070 2501 Erchangero
1092 2434 1149 2484 et
1179 2428 1509 2495 Bertboldo,
1536 2428 1636 2499 qui
1662 2427 2015 2483 Alemannizc

369 2519 650 2574 ducatum
680 2517 1034 2581 invaserant,
1061 2516 1369 2589 Hungaros
1398 2518 1468 2572 ad
1502 2516 1728 2574 OEnum
1772 2515 2013 2572 ﬂuvium

369 2606 719 2680 proﬂigavit,
771 2608 904 2677 post
951 2604 1186 2676 aliquod
1219 2609 1448 2677 tempus
1478 2609 1671 2660 tamen
1712 2604 1864 2660 circa
1916 2622 2009 2660 an.

366 2695 476 2751 915
503 2695 561 2749 in
589 2694 774 2750 altera
788 2692 1152 2765 expeditione
1171 2693 1228 2748 in
1260 2694 1657 2765 captivitatem
1680 2694 1751 2749 ab
1776 2692 2010 2749 illisab-

367 2787 642 2840 etractus.
674 2782 806 2838 Vid.
839 2780 1027 2838 Calles
1057 2781 1263 2837 Annal.
1298 2780 1516 2838 Eccles.
1541 2781 1733 2838 Germ.
1770 2800 1807 2838 ι.
1843 2782 1917 2837 IV
1937 2783 2007 2837 ad

368 2888 590 2928 annum
617 2871 726 2926 917
749 2870 944 2937 et920,
979 2874 1035 2926 et
1058 2869 1298 2926 Crusius
1341 2870 1547 2926 Annal.
1579 2888 1635 2943 p.
1671 2888 1729 2939 ιι,
1766 2871 1802 2927 l.
1841 2889 1922 2936 ιιι,
1956 2888 2006 2926 c.

366 2962 420 3016 8.
437 2960 575 3016 Inde
591 2974 726 3014 vero
744 2963 1337 3030 postquatuorannos
1354 2958 1638 3017 liberatus
1661 2961 1903 3015 domum
1927 2976 2011 3015 re-

365 3049 493 3117 diit,
516 3048 745 3105 vivente
784 3047 977 3103 adhuc
1008 3047 1320 3104 Salomone
1351 3048 1427 3104 III
1460 3049 1733 3120 episcopo
1781 3051 1854 3104 ad
1896 3049 2009 3103 ini-

2132 479 2404 550 Udalrici,
2428 489 2599 553 aqua
2619 485 2676 536 et
2695 498 2907 537 nomen
2939 486 2995 537 et
3026 482 3360 556 prosapiam
3382 478 3573 543 Caroli
3592 478 3816 554 Magni

2134 568 2414 625 hauserit.
2442 569 2649 626 Lasius
2673 570 2752 625 De
2784 570 3016 643 migrat.
3043 576 3201 643 gent.
3236 589 3292 644 p.
3326 570 3434 626 559
3465 568 3635 626 illum
3658 585 3819 627 cum

2134 658 2309 715 fratre
2352 657 2660 716 Adelberto
2710 660 3072 716 conditorem
3107 659 3282 717 castri
3313 657 3824 717 Buochorndicit

2133 751 2394 819 tempore
2425 747 2610 803 Caroli
2634 748 2850 821 Magni,
2876 749 2986 803 sub
3012 766 3126 820 quo
3152 749 3407 820 acceptis
3429 748 3589 821 agris
3613 747 3673 803 in
3691 750 3822 805 No-

2134 834 2250 891 rico
2273 837 2343 891 ab
2366 837 2593 892 Hunuis
2615 842 2822 910 captus
2846 836 2920 893 sit
2948 856 2960 905 ;
2994 842 3051 892 et
3072 843 3270 894 tamen
3293 837 3812 911 Wendelgardem

2135 925 2263 995 ejus
2295 926 2603 1003 conjugem
2638 930 2769 998 post
2799 925 3098 999 integrum
3130 924 3415 988 saeculum,
3454 942 3548 980 an.
3572 925 3682 980 916
3713 942 3816 982 re-

2133 1012 2357 1069 clusam
2391 1014 2545 1086 apud
2575 1015 2634 1069 S.
2671 1013 2902 1069 Gallum
2937 1013 3087 1069 fuise
3120 1012 3344 1069 scribit.
3380 1013 3489 1069 Ubi
3520 1030 3659 1069 vero
3699 1029 3815 1068 no-

2133 1102 2379 1157 tandum
2412 1106 2500 1157 est
2532 1101 2716 1157 Caroli
2744 1103 2939 1174 Magni
2966 1119 3177 1158 nomen
3199 1102 3400 1158 Carolo
3420 1105 3628 1161 Crasso
3647 1118 3811 1175 quo-

2133 1206 2247 1261 que
2279 1190 2527 1245 subinde
2560 1207 2593 1244 a
2624 1190 3012 1261 scriptoribus
3044 1205 3172 1245 esse
3191 1190 3501 1257 tributum,
3533 1204 3603 1246 eo
3629 1191 3805 1263 quod

2135 1279 2217 1333 uti
2247 1278 2407 1350 prior
2438 1284 2621 1333 totam
2673 1277 3072 1333 monarchiam
3122 1276 3456 1335 Francicam
3506 1294 3627 1334 una
3655 1295 3806 1335 cum

2132 1367 2377 1438 imperio
2395 1366 2556 1422 solus
2589 1367 2869 1435 tenuerit;
2895 1367 3050 1439 quod
3075 1366 3284 1439 probat
3300 1364 3601 1424 Mabillon.
3634 1366 3719 1422 De
3736 1384 3807 1424 re

2132 1454 2373 1526 diplom.
2408 1456 2447 1510 l.
2484 1474 2537 1524 v,
2574 1474 2630 1527 p.
2664 1456 2790 1510 £08.
2837 1455 2958 1519 Quo
3007 1471 3185 1511 sensu
3217 1460 3274 1510 et
3308 1454 3514 1512 Lazius
3544 1453 3585 1511 1.
3619 1471 3672 1511 c.
3708 1454 3807 1513 in-

2130 1543 2313 1617 telligi
2338 1544 2530 1611 debet,
2555 1544 2824 1616 quamvis
2854 1543 2940 1600 vel
2973 1544 3058 1600 sic
3084 1560 3247 1600 error
3264 1543 3493 1613 subsit;
3526 1543 3796 1603 Udalrici

2128 1633 2434 1704 captivitas
2447 1634 2602 1689 enim
2621 1650 2734 1689 non
2762 1633 2871 1688 sub
2893 1631 3097 1688 Carolo
3125 1632 3356 1701 Crasso,
3382 1633 3482 1689 sed
3506 1634 3617 1688 sub
3638 1632 3795 1699 Con-

2129 1722 2266 1776 rado
2300 1721 2320 1776 I
2350 1721 2619 1794 contigit.
2652 1725 2715 1775 In
2745 1736 2812 1776 eo
2844 1719 3035 1793 setiam
3083 1719 3307 1776 fallitur
3346 1721 3502 1792 quod
3554 1721 3793 1778 Henrici

2128 1810 2388 1881 Aucupis
2419 1808 2601 1864 filiam
2653 1808 3096 1882 Wendelgardae
3148 1812 3397 1865 matrem
3445 1808 3798 1883 Hedwigem

2128 1896 2446 1953 Burchardi
2482 1897 2840 1952 Alemannis:
2874 1897 3040 1953 ducis
3075 1899 3389 1969 conjugem
3439 1896 3618 1964 dicat,
3655 1914 3789 1971 quas

2128 1990 2325 2041 tamen
2357 1985 2622 2056 improlis
2652 1985 2927 2052 decessit,
2958 2002 3063 2041 nec
3093 1984 3326 2042 Henrici
3356 1986 3619 2058 Aucupis
3641 1986 3790 2056 ﬁlia,

2127 2075 2227 2130 sed
2260 2075 2386 2145 ejus
2425 2091 2503 2129 exv
2526 2074 2642 2129 ﬁlio
2674 2075 2920 2130 Henrico
2942 2074 3193 2131 Bavariaz
3223 2074 3372 2130 duce
3416 2074 3612 2146 neptis
3642 2075 3786 2143 fuit,

2126 2165 2297 2232 cujus
2322 2162 2538 2232 pariter
2569 2178 2749 2233 nepos
2772 2161 2989 2217 dicitur
3009 2163 3062 2216 S.
3097 2161 3444 2218 Gebhardus
3475 2160 3626 2217 infra
3656 2161 3697 2217 l.
3735 2181 3785 2230 ι,

2126 2268 2162 2306 n
2192 2250 2281 2306 39.
2320 2249 2756 2322 Wendelgardaz
2788 2255 3039 2306 matrem
3070 2250 3229 2307 haud
3280 2251 3549 2307 nominat
3597 2250 3793 2309 Ekke-

2125 2338 2368 2401 bardus,
2395 2339 2496 2395 sed
2520 2339 2702 2395 ﬁliam
2732 2344 2963 2395 tantum
2991 2339 3133 2396 dicit
3153 2338 3385 2395 Henrici
3417 2338 3593 2412 regis,
3629 2338 3794 2395 scili-

2123 2431 2211 2483 cet
2231 2429 2511 2501 Aucupis,
2538 2427 2701 2484 illam
2732 2433 2926 2484 tamen
2949 2428 3293 2502 Hedwigem
3310 2444 3416 2485 seu
3438 2428 3790 2501 Hatwigem

2122 2520 2285 2572 vocat
2324 2517 2567 2573 Crusius
2598 2515 2827 2589 (Annal,
2862 2534 2917 2589 p.
2952 2534 3015 2585 ιι,
3045 2515 3084 2571 1.
3120 2534 3205 2585 ιιι,
3240 2531 3289 2574 c.
3322 2516 3376 2586 8,
3402 2516 3492 2584 l2,
3538 2520 3600 2572 et
3630 2514 3669 2571 l.
3708 2534 3788 2585 Iv,

2118 2622 2166 2660 c.
2195 2606 2250 2673 3,
2281 2606 2335 2677 9)
2371 2605 2611 2678 aliique,
2655 2604 2946 2677 quamvis
2991 2604 3229 2661 aliunde
3261 2609 3486 2661 certum
3528 2605 3610 2661 sit
3656 2622 3793 2662 eam

2123 2693 2384 2767 Hugonis
2415 2693 2611 2768 magni
2636 2694 2886 2749 Francia:
2913 2693 3081 2749 ducis
3098 2710 3360 2762 uxorem,
3389 2693 3658 2768 Hugonis
3680 2711 3792 2751 au-

2120 2786 2239 2838 tem
2288 2781 2483 2855 Capeti
2516 2782 2668 2856 regis
2692 2787 2942 2838 matrem
2973 2782 3264 2840 existisse.

2191 2872 2391 2939 ιβιδ
2421 2870 2565 2927 XIV.
2591 2874 2946 2943 Quocumque
2974 2888 3108 2928 vero
3140 2871 3375 2929 nomine
3395 2871 3642 2942 venerit,
3663 2872 3794 2930 ﬁlia

2116 2964 2271 3016 certe
2301 2960 2409 3015 fuit
2434 2960 2667 3015 Henrici
2698 2960 2975 3032 Aucupis,
3000 2959 3168 3031 cujus
3191 2964 3379 3019 mater
3398 2964 3525 3017 erat
3539 2960 3794 3018 Hedwi-

2116 3047 2205 3119 gis
2236 3065 2337 3103 seu
2361 3048 2647 3119 Hatwigis
2676 3053 2858 3119 nupta
2886 3049 3078 3104 Ottoni
3095 3048 3312 3105 illustri
3335 3050 3596 3107 Saxoniw
3620 3051 3792 3109 duci.

364 3138 516 3193 tium
547 3136 685 3192 anni
706 3136 813 3190 920
828 3135 1138 3203 defuncto;
1175 3136 1273 3208 qui
1299 3136 1350 3192 ei
1370 3136 1848 3208 Wendelgartam
1876 3154 2013 3193 con~
2039 3138 2082 3206 C
2122 3137 2249 3191 Haec
2281 3141 2476 3191 autem
2510 3135 2630 3190 ﬁlia
2659 3141 2782 3191 erat
2800 3152 2976 3208 supra
2996 3137 3301 3193 memorati
3327 3137 3651 3194 Eberhardi
3677 3138 3795 3206 Eo-

352 3227 583 3298 jugem,
616 3226 837 3280 interea
876 3223 1148 3292 velatam,
1184 3224 1440 3280 reddidit
1481 3225 1538 3285 in
1576 3224 2007 3282 Constantiensi

363 3313 584 3387 synodo
615 3312 842 3385 (Concit.
883 3316 1066 3370 Germ.
1101 3318 1143 3369 t.
1180 3314 1245 3382 II,
1278 3331 1334 3386 p.
1369 3314 1496 3385 591)
1528 3313 1683 3369 circa
1725 3330 1820 3369 an.
1882 3314 2006 3371 919.

364 3402 468 3459 Hic
489 3417 658 3473 porro
681 3399 986 3457 Udalricus
1007 3419 1040 3457 a
1065 3401 1410 3476 cognomine
1440 3402 1776 3475 Brigantiae
1799 3403 2009 3459 comite

361 3490 534 3563 plane
565 3489 832 3546 diversus
851 3495 961 3559 est,
986 3491 1067 3546 uti
1101 3496 1159 3547 et
1181 3495 1515 3564 temporum
1536 3491 1682 3547 ratio
1707 3495 1765 3548 et
1795 3492 2009 3547 diversi

362 3580 666 3653 utriusque
684 3579 790 3635 filii
812 3579 1429 3637 demonstrant.Filius
1445 3585 1641 3637 autem
1665 3580 1845 3637 fuisse
1857 3581 2012 3636 vide-

358 3673 457 3725 tur
485 3670 661 3726 unius
692 3685 762 3725 ex
781 3668 901 3724 illis
920 3669 1072 3726 veris
1105 3668 1524 3740 nobilissimis,
1540 3667 1641 3741 qui
1660 3673 1806 3725 teste
1837 3669 2010 3724 chro-

358 3756 489 3815 nico
520 3762 722 3815 nostro
757 3775 890 3815 cum
913 3757 1255 3830 Brigantiae
1277 3759 1335 3813 in
1349 3757 1758 3815 Alemanniam
1781 3757 2011 3830 profugi

356 3851 659 3917 venerunt,
691 3847 906 3920 quibus
936 3847 1062 3920 ipse
1094 3848 1249 3903 dona
1279 3847 1527 3921 largitus
1557 3851 1667 3912 est,
1718 3862 1784 3902 ac
1832 3845 2009 3901 etiam

357 3935 742 4009 perconjugia
763 3935 1048 3993 afﬁnitate
1069 3936 1440 4008 coujunctus,
1457 3951 1707 4008 quorum
1730 3935 1833 3989 uni
1858 3935 2007 3989 Bue-

2117 3224 2455 3297 rojuliensis
2484 3224 2651 3280 ducis
2691 3241 2759 3280 ex
2778 3224 2971 3282 Gisela
3002 3225 3271 3281 Ludovici
3313 3226 3393 3298 pii
3426 3225 3587 3295 ﬁlia;
3622 3228 3796 3291 unde

2117 3318 2173 3371 et
2203 3313 2320 3369 ﬁlio
2370 3314 2499 3385 ejus
2548 3312 2815 3383 Henrico,
2861 3313 3304 3387 Carolingorum
3360 3316 3684 3373 stemmate
3729 3315 3792 3373 in

2112 3401 2422 3458 Germania
2451 3401 2760 3469 exstincto,
2794 3402 2887 3470 ius
2932 3402 3230 3475 quoddam
3262 3402 3324 3459 in
3356 3402 3468 3463 hoc
3518 3418 3787 3477 regnum

2119 3495 2405 3547 annatum
2447 3494 2552 3545 est.
2606 3488 2669 3545 In
2698 3493 3050 3547 testamento
3088 3490 3276 3549 Patris
3324 3491 3417 3548 sui
3445 3491 3787 3559 Eberhardi

2118 3579 2385 3635 Helwick
2414 3582 2672 3646 vocatur,
2702 3595 2866 3634 soror
2886 3578 3186 3650 Adalardi,
3207 3597 3310 3637 seu
3345 3579 3628 3649 Udalrici,
3665 3584 3795 3640 Bri-

2118 3667 2495 3741 gantinorum
2526 3667 2818 3742 parentis:
2854 3682 2959 3724 nec
2991 3684 3108 3725 non
3144 3668 3401 3727 Judithaa
3448 3669 3594 3727 aviae
3624 3670 3787 3735 Con-

2090 3755 2244 3821 ,radi
2278 3757 2299 3811 Ι
2332 3756 2505 3828 regis,
2539 3755 2624 3811 uti
2674 3756 2880 3829 probat
2933 3756 3149 3813 Eccard
3200 3759 3417 3834 (Franc.
3463 3757 3558 3815 0r.
3611 3760 3690 3828 II,
3727 3779 3787 3835 p.

2116 3847 2255 3913 824;
2296 3846 2401 3901 νει.
2441 3860 2686 3901 menum.
2727 3848 3005 3916 quatern.,
3054 3862 3115 3919 p,
3155 3847 3281 3919 i0);
3319 3846 3476 3903 unde
3519 3862 3788 3920 sequens

2121 3933 2334 4007 prodit.

1602 4066 1936 4124 SYSTEMA
1989 4065 2544 4124 GENEALOGICUM

1871 4181 1922 4220 Β.
1967 4180 2256 4221 ΕΕΒΗΛΒΒῘ

1480 4262 1565 4315 Ea:
1590 4262 1843 4317 chronica
1870 4262 2270 4319 Petershusano
2302 4265 2357 4318 et
2383 4263 2637 4319 Eccardo.

1601 4384 2000 4444 LUDOVICUS
2031 4386 2170 4445 Pius
2199 4387 2533 4459 imperator.

644 4478 1015 4552 Eberhardus
1043 4481 1161 4552 dux
1193 4479 1635 4552 Forojuliensis.
1669 4481 1754 4539 Ux
1776 4481 1992 4549 Gisela,

569 4549 922 4618 Adalardus,
955 4568 1059 4608 seu
1092 4549 1448 4610 Udalricusl

642 4624 847 4677 Comes
868 4622 1149 4695 Brigantii

1634 4746 1932 4804 Conradus

1660 4835 1878 4876 comes.

644 4744 759 4800 Uzo
791 4760 988 4801 comes
1022 4762 1168 4801 uxor

715 4815 1035 4889 Dietburga

571 4942 630 4998 S.
663 4939 1047 5012 Gehebardus
1066 4957 1159 5012 ep.
1185 4940 1317 4997 frat.

644 5011 954 5069 Udalricus
984 5012 1054 5069 III
1090 5011 1285 5070 comes

1571 4943 1868 5001 Conradus
1890 4945 2007 5000 dux

1631 5020 1834 5088 postea
1855 5032 1954 5073 rex

1806 4553 2050 4610 Juditha
2080 4571 2224 4611 uxor

1684 4623 2040 4682 Werinharii
2070 4626 2302 4683 comitis

2653 4554 2961 4624 Heilwich,
2997 4572 3101 4612 seu
3123 4554 3405 4613 Hedwich
3439 4572 3541 4615 ux.

2730 4626 2957 4683 Ottonis
2987 4626 3157 4684 ducis
3197 4626 3485 4684 Saxoniaa.

2571 4748 2853 4823 Henricus
2898 4752 3125 4823 Auceps

2574 4822 2901 4878 Germaniae
2933 4838 3050 4878 rex.

2241 4945 2526 5018 Henricus
2719 4949 2852 5018 Qtto
2883 4946 2906 5002 Ι
3086 4945 3416 5018 Hedwigis.

2229 5016 2349 5072 dux
2370 5016 2507 5072 Bav.
2744 5016 2891 5089 imp.

2101 5138 2405 5210 Hedwigis
2424 5138 2591 5196 ducis
3025 5138 3467 5210 Wendelgarda

2099 5209 2395 5266 Buchardi
2422 5227 2586 5266 uxor.
2954 5261 2964 5271 .
3032 5228 3129 5269 ιιι.
3163 5209 3445 5277 Udalrici.

2882 5330 3211 5393 Adalardus
3256 5351 3456 5394 comes

2586 5396 2603 5445 κ
2955 5408 3016 5465 in
3057 5406 3387 5466 Buochorn.
