3982 6216
157 415 270 482 289

988 421 1435 482 CHRONICUN
1483 420 2198 484 PETERSHUSANUM.
2230 454 2310 468 —
2345 423 2757 486 PROCEMIA.

3456 434 3575 492 290

213 552 526 618 'Quantum
540 553 613 608 ad
629 551 970 624 Hedwigem
988 551 1215 607 Ottouis
1233 554 1822 627 Saxoniaconjugem
1851 555 1903 620 Α
1935 553 2142 610 saltem
2175 572 2278 628 per
2307 560 2532 612 aetatem
2562 556 2800 613 minime
2829 558 3110 630 implicat,
3144 563 3391 632 ctsijam
3423 567 3577 623 circa
3648 553 3660 564 ’

161 643 218 698 in
240 641 475 699 diversa
507 643 734 699 abeunt
764 642 1110 714 scriptores!
1140 643 1454 698 Hubnerus
1487 644 1545 699 in
1587 644 1818 699 Geneal.

160 748 286 789 eam
317 748 437 788 non
467 731 682 788 Giselaa
714 731 956 800 sororis,
976 731 1079 786 sed
1111 731 1300 802 ipsius
1363 732 1628 788 Ludovici
1686 733 1824 788 Ger-

161 821 379 878 manici
399 821 589 877 ﬁliam
622 821 852 888 statuit,
888 836 1067 892 quam
1097 835 1232 875 vero
1264 821 1487 894 antiqui
1521 823 1821 893 ignorant.

160 909 223 966 In
253 910 396 965 I’Art
423 909 488 966 de
512 911 738 980 ver-irier
769 911 844 964 les
886 909 1035 965 dates
1057 909 1304 981 Hedwig
1365 911 1484 965 ﬁlia
1535 911 1824 983 Arnulphi

160 998 305 1071 imp.
339 998 579 1066 dicitur,
602 1016 638 1054 a
657 998 928 1054 Tenzelio
954 997 1267 1070 Luitgarda
1283 999 1824 1056 nominata.Verum

162 1089 384 1145 Eccard
407 1089 635 1161 (Franc.
668 1088 760 1144 0r.
788 1091 831 1143 t.
867 1087 934 1154 Il,
970 1104 1027 1159 p.
1059 1088 1183 1156 609)
1232 1086 1436 1143 multis
1485 1090 1692 1160 probat
1735 1089 1829 1142 0t-

164 1177 331 1232 tonis
353 1178 664 1248 conjugem
688 1176 867 1231 ﬁliam
892 1175 1074 1231 fuisse
1099 1174 1303 1230 Gisela:
1327 1180 1383 1231 et
1406 1177 1826 1245 Everardi,ma-

169 1265 334 1320 xime
373 1281 443 1321 ex
471 1265 602 1320 Vita
630 1263 1008 1319 Hathumodzs
1043 1263 1200 1320 288
1245 1263 1552 1320 abbatissa:
1612 1266 1828 1322 sororis

169 1354 448 1424 ejusdem
472 1352 693 1408 Ottonis
713 1353 903 1423 ducis,
926 1352 1025 1423 qui
1046 1351 1263 1408 ibidem
1290 1369 1520 1420 regnum
1539 1359 1752 1426 neptem
1769 1354 1828 1408 in

164 1442 550 1497 matrimonio
577 1442 852 1496 habuisse
885 1441 1133 1512 legitur;
1160 1458 1298 1514 ergo
1338 1459 1451 1497 non
1513 1443 1715 1499 ﬁliam.
1765 1444 1829 1498 In

161 1529 512 1603 Necrologio
543 1529 816 1586 Fuldensi
851 1547 944 1586 an.
973 1531 1078 1585 903
1107 1531 1325 1586 obiisse
1357 1536 1591 1588 notatur
1647 1533 1833 1588 Hada-

164 1621 328 1694 wiga
359 1619 687 1687 comitissa,
719 1636 894 1692 quam
929 1620 1195 1674 eamdem
1227 1621 1411 1676 fuisse
1454 1621 1828 1676 arbitramur.

163 1711 309 1782 Ejus
340 1710 527 1766 altera
559 1725 725 1765 soror
753 1713 892 1763 natu
927 1711 1115 1779 major
1145 1709 1202 1764 in
1234 1710 1422 1781 patris
1481 1715 1832 1766 testamento

166 1803 411 1854 notatur
439 1798 688 1854 Juditha
718 1798 968 1853 Conradi
1002 1799 1022 1852 Ι
1047 1799 1199 1870 regis
1221 1798 1366 1863 avia,
1401 1803 1466 1853 ut
1487 1800 1610 1854 vult
1633 1801 1833 1855 Eccar-

1934 660 2027 697 an.
2059 645 2165 698 913
2191 649 2363 700 natus
2396 646 2587 701 fuerit.
2620 647 2816 702 Alium
2849 653 3044 703 autem
3080 650 3447 725 investiganti
3484 656 3574 712 lu-

1933 732 2077 787 bens
2108 735 2430 804 acquiesco.

2005 826 2032 889 ξ
2066 822 2178 877 XV.
2207 823 2436 878 Diutius
2476 825 2756 880 hactenus
2796 826 2853 879 in
2886 825 3232 884 illustraudo
3287 831 3572 892 Chronico

1938 915 2133 964 nostro
2147 911 2217 964 de
2241 911 2429 982 prima
2450 913 2924 984 Briguntinorum
2949 915 3228 972 comitum
3252 920 3473 992 origine
3498 923 3576 980 1a-

1937 997 2439 1070 boravimus,quin
2463 1005 2656 1054 tamen
2682 1001 2914 1057 illorum
2946 1019 3072 1074 qua:
3106 1007 3458 1076 protulimus
3479 1029 3573 1068 va-

1937 1087 2038 1141 des
2071 1103 2174 1141 nos
2209 1092 2571 1158 praestemus.
2609 1090 2750 1144 Rem
2784 1091 3037 1146 adducta
3059 1102 3404 1166 argumenta
3429 1101 3578 1157 deci-

1937 1175 2096 1240 dant,
2131 1193 2255 1246 quae
2289 1177 2452 1231 novis
2485 1178 2600 1231 fors
2624 1179 3016 1248 producendis
3064 1182 3431 1242 documentis
3479 1195 3582 1245 aut

1940 1264 2216 1330 refellere,
2249 1271 2350 1320 aut
2380 1269 2659 1337 majorem
2686 1267 2742 1321 in
2778 1267 2962 1324 lucem
3007 1271 3292 1329 deducere
3335 1278 3580 1335 eruditis

1939 1355 2140 1408 eodem
2177 1358 2347 1410 modo
2379 1355 2624 1411 liberum
2657 1362 2800 1420 esto,
2834 1374 2949 1428 quo
2967 1377 3140 1415 sensa
3171 1368 3367 1418 nostra
3390 1370 3446 1420 et
3466 1368 3584 1440 opi-

1940 1443 2142 1496 niones
2160 1444 2282 1498 sine
2297 1445 2605 1513 cujusdam
2626 1447 2960 1516 przejudicio
2976 1449 3150 1503 unius
3169 1449 3583 1524 investigandas

1940 1531 2196 1586 historia:
2230 1533 2422 1587 studio
2455 1533 2568 1588 illis
2620 1533 3019 1605 proponimus,
3081 1537 3221 1608 quin
3283 1541 3585 1614 scriptoris

1942 1621 2125 1675 nostri
2164 1622 2558 1677 narrationem
2620 1623 2835 1693 ubique
2884 1629 2942 1679 et
2993 1627 3280 1698 praecipue
3339 1646 3472 1686 mox
3526 1632 3583 1689 in

1941 1709 2173 1764 exordio
2203 1710 2587 1765 vindicemus.
2626 1712 2685 1765 ld
2745 1712 2951 1768 saltem
3013 1715 3184 1770 nobis
3239 1721 3588 1788 persuadere

1942 1797 2096 1851 haud
2133 1799 2448 1868 possimus,
2482 1798 2649 1853 illum
2702 1805 2803 1854 aut
2849 1817 2916 1855 ex
2965 1802 3315 1873 ignorantia,
3373 1813 3476 1864 aut
3523 1816 3588 1866 ut

166 1887 284 1942 dus
309 1887 374 1957 (ι.
408 1903 481 1955 c.,
506 1904 564 1958 p.
599 1887 746 1956 821i),
781 1887 936 1941 unde
958 1886 1051 1942 hic
1076 1887 1250 1942 etiam
1283 1903 1388 1942 ceu
1414 1889 1712 1960 proximus
1740 1889 1835 1944 Ca-
1865 1925 1912 1989 Β
1944 1885 2174 1940 familiae
2201 1891 2365 1939 (etate
2395 1903 2500 1940 sua
2539 1888 2729 1941 adhuc
2762 1887 2987 1943 ﬂorenti
3038 1891 3394 1963 adularetur,
3446 1897 3590 1954 talia

163 1972 469 2047 rolingicae
501 1974 734 2030 familia:
758 1980 1006 2047 aguatus
1041 1976 1365 2030 Germanias
1401 1993 1646 2048 regnum
1679 1977 1826 2032 obti-

167 2065 323 2120 nuit.
347 2062 781 2119 Tertiamillius
801 2080 1064 2120 sororem
1099 2063 1504 2137 Ingiltrudem,
1540 2066 1596 2119 in
1630 2067 1832 2121 eodem

168 2156 530 2209 testamento
563 2155 974 2218 memoratam,
1002 2169 1069 2206 ex
1103 2153 1307 2208 matris
1357 2154 1559 2210 Giselce
1610 2154 1831 2223 charta,

171 2257 270 2298 an.
305 2242 434 2307 870,
469 2239 779 2296 monialem
817 2240 997 2296 fuisse
1019 2240 1074 2294 in
1109 2241 1311 2296 eodem
1345 2241 1668 2297 Cisoniensi
1710 2259 1832 2298 mo-

174 2329 440 2386 nasterio
454 2328 749 2385 existimat
768 2329 1059 2384 Eecardus
1081 2331 1139 2401 (ι.
1168 2347 1241 2398 r.,
1265 2349 1298 2402 p
1329 2331 1454 2401 610)
1483 2349 1493 2397 ;
1529 2332 1681 2402 quod
1702 2347 1834 2386 vero

181 2418 421 2475 admitti
452 2418 675 2490 nequit,
707 2433 839 2472 cum
865 2422 1092 2489 supra§
1125 2419 1186 2471 10
1209 2435 1275 2472 ex
1317 2418 1635 2473 Flodoardo
1658 2436 1833 2491 appa-

183 2512 319 2562 reat
351 2505 686 2562 Hucholdns
718 2507 913 2561 nescio
942 2506 1038 2578 qui
1061 2509 1265 2561 sororis
1288 2505 1574 2578 Rodulphi
1609 2508 1836 2562 abbatis

179 2595 545 2651 Cisomensis
564 2597 822 2650 maritus.
849 2595 991 2649 Cum
1023 2595 1204 2665 igitur
1225 2594 1510 2666 praedicta:
1543 2596 1670 2650 dua:
1684 2598 1836 2664 ejus-

178 2685 319 2740 dem
352 2700 600 2750 sorores,
633 2700 735 2738 seu
768 2682 971 2738 Giselzs
1006 2682 1135 2737 ﬁlia:
1168 2683 1313 2738 alios
1345 2683 1656 2739 habuerint
1711 2701 1834 2739 ma-

178 2774 354 2841 ritos,
382 2771 734 2827 alterutrum
765 2772 1164 2842 consequitur,
1197 2770 1286 2826 vel
1306 2771 1696 2845 Ingeltrudem
1729 2777 1839 2828 ter-

181 2862 328 2917 tiam
361 2861 612 2916 istarum
645 2877 906 2916 sororem
936 2859 1252 2916 monialem
1282 2859 1440 2915 haud
1475 2861 1677 2932 fuisse,
1737 2865 1839 2917 aut

179 2954 458 3022 quartam
491 2949 552 3004 in
583 2953 936 3005 testamento
955 2949 1236 3004 omissam
1260 2949 1453 3004 adhuc
1475 2967 1601 3006 esse
1623 2951 1836 3006 admit-

177 3040 448 3107 tendam,
482 3038 568 3092 uti
602 3054 782 3109 supra
839 3038 886 3110 (Ξ
921 3039 1006 3109 11)
1048 3039 1118 3093 de
1165 3039 1369 3110 quinto
1426 3039 1615 3094 adhuc
1665 3041 1838 3094 fratre

181 3127 456 3183 Udalrico
487 3125 794 3197 conjectati
827 3144 1054 3182 sumus.
1493 3150 1495 3152 ·

255 3220 337 3271 Ex
362 3215 669 3288 praemisso
702 3218 895 3270 autem
932 3221 1244 3272 stemmate
1268 3221 1416 3288 patel
1452 3234 1569 3289 qua
1620 3217 1839 3273 ratione

1944 1974 2165 2044 absque
2197 1973 2574 2028 fundamento
2605 1980 2661 2029 et
2689 1991 2756 2029 ex
2796 1977 3030 2032 cerebro
3077 1982 3409 2053 conﬁngere
3467 1987 3588 2041 sive

1942 2061 2196 2117 voluisse
2220 2062 2337 2117 sive
2358 2063 2635 2133 potuisse,
2671 2063 2811 2134 quin
2844 2065 3114 2121 falsitatis
3147 2070 3414 2125 admissa!
3464 2074 3584 2144 pia-

1945 2151 2075 2206 culo
2107 2167 2167 2205 se
2189 2157 2506 2222 exponeret
2527 2169 2592 2206 eo
2616 2156 2876 2224 tempore
2899 2170 3014 2224 quo
3037 2157 3238 2211 eadem
3275 2159 3496 2216 familia
3526 2162 3585 2217 in

1945 2240 2142 2311 plures
2177 2257 2370 2294 ramos
2401 2239 2586 2295 divisa
2617 2241 2955 2296 adhucdum
3015 2243 3262 2315 vigebat,
3324 2233 3587 2321 adeoque

1945 2327 2154 2382 melius
2169 2345 2342 2400 quam
2365 2346 2520 2383 nunc
2543 2330 2612 2384 de
2643 2346 2776 2383 vera
2799 2332 2927 2401 ejus
2959 2332 3178 2403 origine
3209 2340 3474 2392 constare
3497 2339 3591 2394 de-

1945 2417 2089 2470 buit.
2116 2417 2590 2488 Brigantinorum
2625 2418 2830 2472 saltem
2863 2421 3142 2475 comitum
3179 2439 3310 2477 cum
3330 2427 3588 2482 Carolin-

1945 2505 2090 2577 gicis
2110 2505 2342 2575 regibus
2358 2507 2665 2577 sanguinis
2682 2507 3178 2578 propinquitatem
3209 2516 3371 2566 extra
3415 2513 3586 2568 dubi-

1947 2611 2043 2648 um
2061 2594 2222 2665 ponit
2244 2610 2393 2666 srepe
2416 2595 2660 2649 citatum
2694 2597 2959 2650 Ludovici
2985 2597 3312 2654 Germanici
3331 2601 3590 2672 diploma

1947 2683 2082 2738 anni
2113 2684 2237 2744 867,
2271 2699 2386 2754 quo
2419 2683 2751 2739 Udalricum
2778 2684 3009 2740 illarum
3034 2687 3286 2759 partium
3318 2693 3589 2748 comitem

1946 2781 2188 2843 nepotem
2216 2789 2375 2826 suum
2397 2773 2905 2844 eompellat,cujus
2932 2776 3169 2845 quidem
3203 2779 3485 2835 rationem
3509 2780 3594 2835 in-

1944 2861 2229 2932 vestigare
2262 2860 2563 2931 hucusque
2590 2860 2805 2932 duplici
2838 2861 2929 2917 via
2977 2867 3351 2922 tentavimus.
3397 2869 3594 2940 Neque

1946 2966 2080 3004 vero
2111 2954 2362 3004 stemma
2393 2949 2550 3003 istud
2585 2948 2722 3003 olim
2756 2955 2874 3005 tam
2909 2951 3131 3008 celebre
3163 2953 3404 3027 aliaeque
3458 2957 3594 3014 inde

1949 3039 2365 3094 descendentes
2391 3038 2602 3093 discuti
2623 3038 2765 3093 satis
2797 3045 3097 3110 poterunt,
3131 3044 3384 3099 maxime
3409 3046 3482 3101 ob
3507 3051 3594 3102 tot

1949 3127 2326 3199 cognomines
2347 3125 2668 3197 Udalricos,
2693 3129 2847 3198 quod
2873 3146 3083 3184 nomen
3108 3148 3176 3186 ex
3199 3149 3315 3187 una
3340 3133 3395 3188 in
3413 3133 3588 3190 aliam

1953 3215 2234 3271 familiam
2269 3217 2340 3270 ob
2363 3221 2686 3270 contractas
2709 3217 3024 3274 afﬁnitates
3048 3219 3284 3277 ﬂuxisse
3339 3223 3589 3292 videtur,

179 3307 244 3360 S.
279 3305 630 3360 Gebhardus
655 3304 712 3358 in
737 3303 1020 3360 Chronico
1044 3310 1243 3360 nostro
1261 3323 1441 3378 nepos
1463 3307 1688 3361 dicatur
1719 3313 1837 3362 tam
1871 3292 1912 3357 C
1952 3306 2133 3360 donec
2159 3304 2411 3377 genuina
2443 3305 2674 3359 interim
2701 3307 3072 3375 producenda
3101 3309 3451 3367 documenta
3469 3329 3592 3368 rem

183 3392 486 3466 Hedwigis
520 3393 793 3460 ducissze,
829 3411 1003 3464 quam
1051 3395 1315 3450 Adalardi
1377 3396 1842 3452 Buochronensis

185 3483 443 3549 comitis,
477 3483 993 3554 consanguinitate
1023 3488 1274 3549 tantum,
1302 3501 1414 3539 non
1439 3485 1610 3540 etiam
1645 3485 1842 3557 gradi-

185 3573 302 3628 bus
316 3570 697 3644 computatis.
715 3570 992 3634 Quamvis
1005 3573 1160 3627 enim
1181 3573 1237 3627 in
1254 3573 1473 3629 chartis
1505 3579 1561 3628 et
1593 3575 1844 3630 maxime

191 3659 617 3732 diplomatibus
641 3659 738 3714 illa
757 3661 1045 3731 graduum
1060 3660 1356 3716 distinctio
1374 3661 1718 3733 plerumque
1739 3662 1846 3718 sal-

191 3752 320 3803 tem
341 3748 514 3802 t'uerit
529 3749 852 3816 observata,
874 3747 986 3803 alia
1008 3755 1204 3803 tamen
1227 3749 1631 3805 chronicorum
1653 3751 1843 3806 medio

199 3851 321 3891 aevo
352 3836 496 3890 ratio
526 3837 652 3906 fuit,
671 3853 919 3908 puerum
952 3838 1265 3909 scriptores
1307 3855 1465 3894 more
1523 3839 1842 3894 etiamnum

197 3923 423 3980 usitato
453 3941 650 3980 omnes
679 3925 811 3981 illos
837 3931 1057 3997 nepotes
1079 3927 1370 3998 appellare
1400 3933 1841 3995 consueverunt,

196 4014 299 4087 qui
316 4013 522 4086 quovis
535 4016 704 4070 modo
718 4016 1132 4087 consanguinei
1148 4019 1249 4071 aut
1264 4017 1468 4072 afﬁnes
1482 4017 1657 4072 etiam
1680 4022 1848 4073 erant

194 4117 264 4159 ex
295 4103 500 4159 eadem
533 4103 714 4176 stirpe
763 4105 1202 4160 descendentes.
1245 4105 1451 4161 Utrum
1505 4123 1636 4162 vero
1696 4106 1846 4161 inter

186 4192 572 4248 Udalricuml
606 4193 1013 4265 Brigantinum
1045 4198 1102 4249 et
1146 4194 1397 4250 Uzonem
1431 4196 1489 4251 S.
1550 4195 1841 4251 Gebhardi

179 4286 407 4354 patrem
445 4280 561 4336 alia
593 4282 784 4336 adhuc
815 4283 1112 4354 generatio
1165 4283 1242 4337 sit
1297 4283 1626 4351 inserenda,
1688 4301 1840 4351 mox,

122 4365 126 4367 Α
181 4373 209 4439 §
239 4371 330 4435 16,
362 4370 774 4426 discutiemus.

248 4460 363 4515 Sed
397 4459 559 4514 aliud
584 4459 778 4514 adhuc
810 4461 1061 4516 dubium
1095 4477 1162 4515 ex
1193 4461 1482 4516 Chronico
1515 4467 1712 4517 nostro
1743 4480 1840 4518 su-

180 4553 398 4621 perest,
433 4549 591 4620 quod
625 4548 935 4605 Udalricus
997 4567 1192 4605 comes
1245 4551 1304 4604 in
1355 4551 1680 4618 Bunchorn,
1740 4553 1841 4607 ubi

1952 3395 2011 3449 in
2041 3394 2302 3466 apricum
2318 3395 2609 3448 deducant
2633 3412 2645 3459 ;
2676 3395 2828 3465 quod
2850 3401 3043 3450 autem
3059 3403 3258 3468 optare
3276 3416 3452 3470 quam
3467 3417 3594 3472 spe-

1953 3499 2079 3538 rare
2095 3483 2320 3537 facilius
2334 3486 2440 3546 est,
2461 3499 2593 3536 cum
2611 3483 2819 3537 veteris
2838 3484 3190 3540 Alemannis:
3223 3489 3438 3542 scrinia
3460 3489 3595 3544 hinc

1954 3573 2088 3627 inde
2119 3571 2364 3626 nimium
2400 3571 2591 3625 adhuc
2615 3571 2731 3625 sint
2761 3572 3079 3635 obserrata,
3114 3575 3324 3644 partim
3349 3577 3596 3632 funestis

1954 3662 2239 3717 bellorum
2261 3667 2318 3715 et
2342 3659 3029 3715 motuumintestinorum
3053 3663 3288 3720 casibus
3321 3663 3594 3735 expilata,

1954 3750 2195 3821 disjeeia
2225 3754 2281 3804 et
2303 3749 2599 3804 distracta.

2025 3844 2052 3909 §
2081 3839 2223 3893 XVI.
2251 3861 2278 3887 ‹‹
2312 3841 2389 3893 Ex
2420 3837 2598 3906 hujus
2629 3859 2654 3885 »
2687 3837 2882 3908 itaque
2914 3837 3165 3894 Udalrici
3223 3863 3248 3888 ‹‹
3286 3841 3528 3908 semine,
3567 3867 3589 3895 ι

1955 3933 2019 3984 ut
2050 3929 2238 4000 pergit
2266 3925 2610 3990 Chronicon,
2645 3949 2673 3974 «
2707 3930 2879 3980 natus
2910 3931 2998 3981 est
3029 3927 3172 3982 Uzzo
3204 3928 3336 3999 pius
3356 3933 3415 3984 et
3434 3946 3600 3986 vene-

1952 4017 2157 4074 rabilis
2183 4032 2396 4081 comes,
2431 4016 2529 4086 qui
2565 4015 3032 4086 habitahatapud
3058 4017 3441 4087 Brigantium,
3472 4017 3596 4074 loco

1955 4107 2053 4179 qui
2077 4105 2268 4161 adhuc
2299 4104 2498 4159 ruinas
2541 4105 2792 4174 antiqum
2817 4103 3194 4159 habitationis
3226 4105 3419 4161 habet.
3457 4106 3600 4162 »Αδ-

1953 4196 2090 4251 hinc
2119 4194 2293 4250 etiam
2310 4193 2487 4248 intrat
2522 4193 2842 4248 secundum
2861 4193 3208 4265 genealogiaa
3223 4193 3401 4264 hujus
3421 4199 3602 4267 syste-

1954 4284 2313 4356 masupra,§
2334 4283 2792 4354 3,propositum,
2825 4299 2892 4337 ex
2921 4299 3036 4354 quo
3067 4288 3261 4338 tamen
3296 4283 3599 4342 Udalricus

1953 4376 2047 4430 hic
2081 4392 2175 4429 an.
2219 4375 2323 4426 867
2355 4388 2423 4427 ex
2455 4372 2570 4426 ﬁlio
2597 4389 2774 4443 nepos
2804 4376 3033 4426 tantum
3064 4373 3270 4428 fuisset
3300 4373 3600 4432 UdalriciI

1950 4463 2320 4535 Argengovize
2351 4479 2443 4516 an.
2477 4463 2582 4516 802
2602 4461 2834 4517 comitis
2875 4461 3025 4518 285
3059 4467 3115 4516 et
3157 4462 3351 4519 fratris
3403 4463 3597 4520 Hilde-

1951 4553 2149 4624 gardis
2181 4551 2593 4623 reginae,juvia
2625 4555 2880 4605 stemma
2912 4552 3130 4606 ibidem
3163 4552 3600 4609 exhibitum.Ex

186 4637 386 4692 sedem
419 4654 592 4692 suam
625 4638 801 4692 etiam
832 4637 1056 4705 habuit,
1099 4655 1213 4694 non
1257 4640 1578 4712 Suevigena
1636 4641 1837 4707 fuisse,
1873 4661 1920 4725 Ι)
1951 4641 2218 4696 Chronici
2247 4658 2415 4712 porro
2448 4639 2631 4694 nostri
2663 4639 2994 4696 narratione
3024 4640 3365 4713 ambiguum
3397 4641 3598 4708 si,fue-

183 4727 285 4782 sed
319 4726 376 4781 in
409 4730 568 4782 terra
596 4728 900 4800 longinqua
933 4727 1229 4784 habitasse
1259 4729 1516 4796 dicatur;
1551 4732 1842 4801 quomodo

184 4815 341 4871 enim
368 4831 482 4870 non
507 4814 837 4886 Suevigena
857 4815 1046 4881 fuerit,
1067 4815 1165 4886 qui
1197 4815 1253 4869 in
1286 4815 1590 4870 Buochorn
1616 4816 1840 4872 habita-

182 4904 402 4960 tionem
427 4903 638 4960 habuit
670 4907 692 4959 ?
722 4904 886 4968 Quod
909 4903 1144 4975 quidem
1180 4903 1348 4959 aliter
1380 4904 1523 4959 solvi
1558 4905 1712 4960 haud
1739 4923 1841 4978 po-

181 4998 295 5049 test
326 5010 504 5067 quam
541 4994 588 5049 si
624 4993 894 5048 dicamus
929 4992 1083 5048 hunc
1113 4994 1364 5049 Suevum
1400 4993 1623 5066 origine
1684 4994 1841 5050 haud

189 5082 393 5151 fuisse,
424 5084 528 5139 sed
565 5099 699 5138 cum
732 5082 1072 5154 Brigantino
1104 5082 1161 5137 in
1194 5082 1301 5136 has
1327 5088 1511 5138 terras
1541 5084 1845 5140 advenisse

189 5187 255 5226 ex
271 5176 424 5228 terra
446 5173 796 5245 longinqua,
822 5171 1102 5243 ubiprius
1151 5171 1530 5240 habitaverat,
1562 5172 1846 5246 illumque

183 5259 336 5317 haud
371 5280 608 5336 semper
635 5262 695 5316 in
732 5260 1064 5328 Buochorn,
1099 5261 1196 5315 ubi
1230 5263 1426 5316 sedem
1463 5262 1842 5330 habebat,sed

183 5350 302 5406 etin
321 5351 534 5408 Norico
559 5351 875 5415 resedisse,
892 5349 973 5403 ibi
1000 5350 1177 5404 etiam
1201 5350 1422 5405 ditatus
1447 5351 1699 5422 praediis,
1717 5368 1843 5423 qua:

184 5449 378 5498 contra
402 5443 720 5516 Hungaros
743 5440 952 5494 iterato
975 5439 1322 5494 defensurus
1342 5444 1546 5511 captus
1561 5445 1650 5495 est
1670 5457 1681 5495 :
1701 5442 1846 5496 forte

179 5538 311 5589 nato
333 5533 555 5589 ibidem
589 5531 773 5588 etiam
793 5529 912 5583 ﬁlio
946 5529 1258 5596 Adalardo,
1285 5529 1382 5600 qui
1402 5530 1847 5601 posteaBrigan-

177 5623 313 5683 tinis
343 5624 616 5698 cognatis
651 5619 783 5680 suis
817 5619 972 5674 bona
999 5635 1110 5674 sua
1139 5618 1196 5673 in
1231 5617 1489 5690 Hargove
1538 5619 1845 5686 concessit,

172 5715 516 5780 Gebehardo
548 5709 829 5777 fortassis
862 5707 1018 5770 284
1048 5707 1301 5770 necdum
1343 5705 1616 5783 episcopo
1643 5724 1656 5777 ;
1689 5708 1845 5781 quod

1954 4735 2090 4785 runt
2116 4729 2421 4785 Udalricus
2454 4729 2560 4784 iste
2585 4728 2883 4799 proximus
2915 4734 3080 4801 pater
3111 4730 3344 4797 Uzonis,
3409 4747 3482 4785 an
3532 4745 3601 4786 ex

1957 4819 2073 4874 ﬁlio
2102 4837 2243 4874 avus
2262 4823 2789 4888 tantum;utroque
2812 4819 3154 4873 enimmodo
3187 4817 3433 4889 intelligi
3465 4835 3598 4889 pos-

1957 4913 2094 4963 sunt
2123 4907 2375 4962 Annales
2409 4905 2610 4960 nostri.
2649 4906 2736 4959 Nil
2760 4923 2890 4961 vero
2913 4907 3144 4961 obstare
3176 4905 3405 4962 videtur
3453 4906 3598 4975 quin

1954 4997 2068 5052 Uzo
2093 4995 2247 5049 ﬁlius
2282 4994 2454 5048 fuerit
2486 4993 2671 5063 ipsius
2706 4993 2954 5049 Udalrici
2985 4993 3216 5048 comitis
3275 4994 3331 5047 in
3381 4998 3600 5062 Argen-

1955 5101 2118 5157 gewe
2151 5100 2243 5137 an.
2265 5084 2367 5134 867
2396 5081 2452 5133 in
2488 5081 2758 5134 Ludovici
2791 5081 3117 5136 Germanici
3150 5080 3468 5152 diplomate
3491 5096 3595 5136 no-

1953 5173 2058 5229 tati
2085 5191 2096 5228 :
2123 5171 2374 5226 maxime
2399 5169 2446 5222 si
2472 5169 2624 5222 idem
2649 5169 2964 5224 fueriteum
2996 5168 3264 5224 Udalrico
3296 5167 3508 5224 comite
3537 5168 3597 5225 in

1959 5263 2279 5333 Linzgewe,
2315 5257 2413 5328 qui
2440 5273 2627 5326 usque
2659 5257 2728 5310 ad
2762 5275 2854 5312 an.
2889 5260 2993 5312 922
3023 5257 3351 5313 occurritin
3379 5256 3600 5314 chartis

1955 5351 2109 5423 apud
2145 5349 2204 5404 P.
2231 5348 2518 5417 Herrgott.
2551 5344 2840 5401 Posterius
2900 5345 3006 5402 hoc
3062 5346 3306 5402 suadere
3364 5350 3603 5418 possent

1954 5441 2108 5495 bona
2132 5439 2279 5492 infra
2303 5435 2340 5490 l.
2365 5453 2381 5489 1
2403 5439 2897 5507 enumerata,quae
2921 5435 3264 5492 Gebhardus
3295 5452 3360 5492 ex
3390 5451 3597 5508 paren-

1954 5535 2079 5583 tum
2110 5525 2480 5582 successione
2502 5521 2703 5578 habuit
2727 5523 3002 5596 pleraque
3034 5525 3092 5579 in
3113 5541 3262 5596 pago
3292 5525 3600 5599 Linzgowe

1957 5618 2070 5673 sita
2102 5634 2114 5685 ;
2151 5615 2320 5687 cujus
2344 5615 2484 5670 adeo
2511 5613 2752 5672 comites
2782 5615 2964 5672 fuisse
2993 5614 3266 5672 videntur
3290 5615 3417 5687 ejus
3465 5631 3599 5690 pro-

1957 5704 2270 5783 genitores,
2305 5701 2481 5760 simul
2514 5704 2915 5781 etadjacentis
2942 5706 3322 5784 Argengewe,
3373 5705 3434 5766 in
3481 5719 3596 5782 quo
