3982 6216
435 408 544 467 291

1125 404 1519 467 APPENDIX
1561 405 1663 465 AD
1709 399 2156 464 CHHONIGON
2203 399 2622 466 HERMANNI
2668 399 3140 466 CONTRACTI.

3718 396 3835 467 992

433 541 587 598 idem
613 539 724 595 Uzo
756 539 814 595 S.
845 537 1133 593 Gebhardi
1155 542 1319 609 pater
1347 537 1384 591 l.
1420 555 1458 602 ι,
1484 555 1540 591 n.
1567 539 1620 592 6.
1648 537 2074 608 Lindaugiense
2108 538 2158 604 Α
2186 555 2252 593 ac
2283 537 2553 594 districtu
2585 537 2928 594 Mosskirch.
2980 538 3203 594 Noatur
3230 536 3496 610 pagellus
3531 535 3834 594 Goldines-

435 628 856 686 monasterium
889 627 1013 681 suis
1041 642 1109 680 ex
1139 626 1370 697 prediis
1401 626 1671 681 nobiliter
1693 627 1912 681 ditasse
1935 626 2076 681 dici-

431 724 548 784 tur,
583 717 797 772 ibidem
821 715 995 771 etiam
1017 713 1364 781 tumulatus,
1394 715 1548 786 quod
1576 714 1779 770 nullibi
1810 714 1954 770 alias
1985 731 2078 770 me

432 807 643 879 legisse
667 803 928 859 memini.
950 802 1052 859 Illa
1073 808 1267 858 autem
1291 803 1430 858 dicti
1457 804 1701 859 coenobii
1717 804 1932 859 dotatio
1947 821 2077 858 con-

430 893 718 966 signanda
746 893 977 948 videtur
997 895 1128 963 post
1158 908 1251 946 an.
1287 891 1415 956 948,
1437 908 1551 962 quo
1566 893 1735 962 juxta
1792 896 2074 947 Herman-

429 1001 570 1039 nuui
591 979 1190 1052 Lindaugiaincendio
1203 985 1549 1052 consumpta
1559 983 1647 1035 est
1658 981 1728 1034 ab
1746 984 2072 1035 Hermanno

427 1068 783 1126 Alemannize
797 1070 943 1124 duce
967 1086 981 1136 ;
996 1068 1087 1123 cui
1104 1068 1476 1123 rcstituendm
1491 1068 1706 1140 prazdia
1725 1085 1831 1123 sua
1852 1068 2072 1139 impen-

427 1160 577 1216 derit
592 1159 726 1227 Uzo,
752 1156 1115 1230 sepulturam
1133 1172 1301 1212 suam
1333 1156 1413 1211 ibi
1446 1161 1653 1212 nactus
1677 1161 1806 1228 post
1825 1160 2068 1211 mortem

426 1266 605 1321 quam
638 1248 795 1304 haud
819 1245 1003 1302 multo
1034 1245 1389 1318 postobiisse
1411 1245 1630 1312 debuit,
1652 1261 1783 1300 cum
1806 1246 1935 1316 ejus
1965 1244 2068 1298 ﬁlii

424 1338 463 1393 l.
493 1355 542 1394 c.
576 1334 1123 1405 n.7defunctisjam
1145 1334 1485 1405 parentibus
1507 1333 1902 1388 haereditatem
1921 1333 2070 1388 inter

425 1444 488 1483 se
519 1425 839 1491 diviserint,
874 1440 938 1478 ac
952 1421 1159 1478 saltem
1182 1423 1308 1492 jam
1324 1438 1474 1476 anno
1496 1422 1600 1476 958
1617 1421 2068 1477 Gebhardusbo-

425 1533 634 1572 norum
667 1529 903 1570 suorum
931 1511 1256 1567 dominium
1283 1510 1702 1582 propriumque
1723 1511 2065 1566 advocatum

422 1605 710 1662 habuerit.
748 1601 848 1657 Illo
878 1605 1030 1656 certe
1052 1616 1202 1654 anno
1233 1603 1334 1653 aut
1362 1603 1642 1670 sequente
1667 1603 1934 1654 mortuus
1981 1604 2069 1655 est

421 1694 719 1750 Alawicus
748 1689 1058 1763 Augiensis
1090 1689 1292 1754 abbas,
1321 1704 1574 1759 quocum
1614 1704 1681 1742 ex
1712 1705 1766 1742 n.
1805 1689 1864 1742 11
1929 1705 2064 1744 con-

423 1783 718 1841 cambium
742 1780 876 1835 iniit
897 1778 1163 1833 Gebhard
1175 1794 1262 1832 us.
1284 1776 1470 1845 Hujus
1489 1776 1870 1831 fratersenior
1890 1777 2063 1832 Udal-

422 1874 578 1930 ricus
610 1888 704 1926 an.
736 1870 842 1924 955
861 1865 1234 1964 praelioapud.
1253 1867 1577 1937 Augustam
1609 1869 1812 1964 contra
1836 1865 2066 1964 Ilunga-
2095 1898 2144 1964 B

424 1979 519 2018 ros
535 1964 696 2033 gesto
727 1955 1008 2022 interfuit,
1030 1955 1184 2009 unde
1201 1955 1271 2009 de
1302 1958 1466 2009 aetate
1491 1953 1674 2025 patris
1705 1954 1833 2024 ejus
1858 1954 2064 2011 Uzonis

413 2052 682 2123 judicare
708 2046 861 2102 licet.
893 2045 1058 2100 Hunc
1086 2043 1282 2098 Lazius
1314 2042 1618 2107 Ethonem,
1652 2043 1893 2098 Crusius
1930 2059 2063 2099 vero

422 2139 708 2196 Uthonem
742 2135 1026 2201 nominat,
1060 2149 1128 2187 ex
1157 2147 1458 2204 perperam
1506 2131 1725 2186 scilicet
1769 2130 1915 2187 lecto
1965 2135 2066 2186 aut

420 2214 931 2284 infellectoUzonis
946 2223 1180 2277 nomine
1209 2225 1306 2275 :ut
1335 2225 1486 2275 recte
1506 2219 2060 2288 Tenzcliusjudicat,

421 2334 489 2373 ex
518 2317 690 2385 cujus
719 2313 895 2368 etiam
920 2317 1111 2365 mente
1143 2309 1277 2375 Uzo,
1304 2309 1451 2363 Uozo
1477 2312 1533 2363 et
1569 2312 1727 2362 Huzo
1773 2325 1904 2362 cum
1961 2325 2061 2363 nos

421 2405 578 2460 mine
608 2400 876 2457 Udalrico
909 2413 1233 2468 synonyma
1253 2400 1410 2450 sunt.
1443 2396 1586 2451 Uzor
1616 2396 1794 2465 hujus
1856 2397 2063 2451 Uzonis

421 2510 529 2549 seu
555 2495 740 2546 mater
769 2490 828 2543 S.
856 2485 1145 2542 Gebhardi
1171 2485 1490 2553 Dictburga
1519 2483 1888 2539 nobilissima
1933 2485 2061 2555 qui-

421 2583 552 2638 dem
586 2579 643 2634 in
668 2575 950 2632 Chronico
968 2573 1201 2638 dicitur,
1227 2573 1367 2643 quin
1394 2571 1558 2626 ullibi
1593 2573 1720 2642 ejus
1758 2588 1944 2643 genus
1973 2589 2064 2628 ex-

422 2671 728 2745 primatur,
762 2664 916 2736 quod
948 2663 1092 2717 forte
1132 2661 1206 2715 ob
1245 2660 1652 2731 cognominem
1704 2661 1761 2715 S.
1811 2661 2061 2717 Udalrici

423 2755 766 2830 Augustiani
797 2750 1052 2824 episc0pi
1080 2755 1326 2804 matrem
1349 2749 1406 2803 in
1425 2749 1633 2804 Suevia
1655 2754 1711 2804 et
1741 2749 2062 2821 Dilingensi

422 2846 663 2912 familia,
706 2847 808 2899 aut
827 2841 999 2896 etiam
1023 2840 1080 2894 in
1112 2838 1453 2893 Alcmannia
1481 2854 1582 2893 seu
1607 2838 1894 2910 Turgovia
1912 2856 2064 2910 qua:-

420 2937 669 2994 rendum
699 2935 807 2988 est.
842 2929 987 2994 Quid
1021 2927 1070 2983 si
1125 2927 1417 2983 Adelberti
1464 2927 1709 2983 senioris
1766 2929 2060 3000 Turgovizs

421 3022 652 3082 comitis
683 3020 804 3076 ﬁlia
836 3019 1042 3074 fuisset
1059 3016 1087 3071 ?

490 3117 524 3187 §
551 3112 720 3168 XVII.
755 3105 1213 3175 QuatuorIuissc
1245 3103 1455 3160 Uzonis
1488 3104 1638 3160 ﬁlios
1670 3104 2059 3161 solusiterum

420 3207 620 3260 noster
655 3197 949 3256 annalists
1006 3194 1218 3267 prodit,
1270 3194 1411 3248 dum
1470 3193 1793 3250 econtrario
1858 3195 2060 3250 Lazius

424 3291 729 3362 ceterique
750 3284 984 3343 nonnisi
1006 3284 1244 3339 unicum
1277 3282 1647 3339 Gebhardum
1697 3284 1907 3338 Ethoni
1955 3301 2058 3340 seu

421 3381 600 3439 Uzoni
631 3379 818 3434 ﬁlium
841 3375 1130 3440 tribuunt,
1153 3371 1419 3428 Udalrico
1442 3377 1636 3428 autem
1671 3373 2057 3445 primogenita

421 3470 654 3544 penitus
673 3465 891 3522 omisso
920 3461 1284 3517 Lantfridum
1305 3461 1457 3517 286
1487 3477 1556 3516 ex
1577 3461 1818 3533 Hugone
1852 3461 2058 3517 Uzonis

419 3578 521 3618 seu
552 3555 796 3614 Ethonis
845 3554 1020 3608 fratre
1067 3554 1432 3622 procreatum
1496 3553 1783 3616 statuunt,
1833 3554 2056 3621 patrem

419 3645 940 3720 Marquardizquss
970 3637 1168 3696 omnia
1227 3638 1403 3694 etiam
1455 3638 1761 3693 Tenzelius
1793 3640 1872 3709 (p.
1931 3641 2058 3710 276)

417 3755 520 3795 seu
554 3734 766 3805 .ﬁctitia
820 3730 1026 3801 rejicit,
1078 3732 1394 3798 nostroque
1452 3725 1720 3797 scriptori
1781 3729 2056 3784 standum

416 3826 725 3884 existimat.
760 3821 1009 3877 Omnino
1039 3818 1191 3873 enim
1221 3814 1526 3872 Gebhardo
1558 3814 1766 3870 fratres
1797 3814 2062 3888 assignat

416 3916 546 3989 ipsa
575 3915 701 3986 ejus
727 3908 1060 3967 donationis
1091 3906 1294 3962 charta
1323 3903 1361 3958 l.
1397 3921 1436 3971 1,
1471 3922 1527 3958 n.
1560 3904 1616 3970 9,
1649 3904 1932 3975 quajuris
1968 3905 2055 3959 sui

415 4004 853 4078 proprietatem,
888 4013 1063 4070 quam
1095 3998 1403 4068 parentum
1435 3992 1805 4049 successione
1822 3993 1880 4048 in
1913 4010 2059 4066 pago

413 4093 696 4164 Linzgove
711 4085 1156 4151 etalibihabuit,
1183 4099 1316 4138 cum
1340 4099 1629 4138 consensu
1661 4082 1906 4138 fratrum
1926 4099 2058 4138 suo-

414 4197 547 4237 rum
559 4179 628 4234 ad
643 4174 953 4233 Ecclesiam
975 4171 1478 4229 Constantiensem
1494 4170 1749 4226 tradidit.
1761 4175 1834 4227 De
1849 4172 2063 4243 primo-

416 4268 614 4342 genito
637 4265 850 4321 Uzonis
882 4261 1002 4315 ﬁlio
1025 4259 1294 4315 Udalrico
1327 4263 1532 4330 prater
1561 4275 1820 4330 pugnam
1860 4262 2064 4332 Augu-

2186 627 2435 682 huntare
2469 627 2525 681 in
2549 626 2827 681 comitatu
2856 625 3107 682 Udalrici
3130 625 3359 683 comitis
3416 627 3474 680 in
3517 625 3835 698 diplomate

2187 715 2459 770 Ludovici
2491 714 2819 771 Germanici
2838 733 2931 770 an.
2965 716 3070 770 854
3107 716 3261 787 apud
3294 719 3356 769 P.
3383 715 3660 788 Herrgott
3679 716 3832 784 n.56,

2184 805 2339 860 unde
2355 820 2573 876 pagum
2595 804 2752 858 hunc
2783 820 2852 858 ex
2874 808 3117 875 paterna
3136 803 3346 859 Uzonis
3375 808 3433 859 et
3455 803 3546 860 avi
3585 803 3833 861 Udalrici

2183 892 2517 948 haereditate
2547 892 2871 948 obtinuisse
2894 892 3124 948 videtur
3152 892 3542 964 Marquardus
3567 907 3580 946 :
3612 893 3685 948 de
3716 909 3827 965 quo

2182 979 2350 1052 plura
2383 980 2634 1052 reperire
2665 980 2820 1035 haud
2866 979 3050 1048 licuit,
3075 980 3243 1050 cujus
3285 985 3520 1051 tempus
3571 996 3679 1036 seu
3732 997 3829 1035 an-

2181 1085 2294 1125 nus
2325 1069 2432 1124 996
2461 1070 2680 1141 optime
2698 1069 2968 1123 convenit
2987 1085 3121 1124 cum
3141 1067 3238 1124 illo
3261 1068 3618 1125 S.Gebhardi
3634 1068 3830 1125 fratris

2180 1159 2270 1213 sui
2303 1176 2397 1213 an.
2426 1159 2532 1212 995
2553 1157 2831 1214 defuncti.
2862 1161 2940 1213 Ex
2985 1158 3110 1230 ipso
3153 1161 3348 1213 autem
3398 1157 3508 1213 hoc
3548 1157 3828 1214 comitatu

2179 1264 2306 1315 suo,
2340 1246 2515 1302 simul
2549 1251 2605 1301 et
2621 1251 2882 1318 tempore
2901 1246 3167 1302 diversus
3196 1260 3326 1303 esse
3382 1245 3672 1322 evincitur
3737 1245 3827 1301 hic

2177 1335 2564 1407 Marquardus
2596 1351 2630 1391 a
2654 1336 3020 1407 cognomine,
3054 1335 3155 1406 qui
3183 1351 3284 1390 ceu
3336 1349 3532 1392 comes
3594 1334 3830 1390 Rhaetizs

2176 1424 2472 1479 Curiensis
2523 1427 2758 1479 notatur
2799 1424 2858 1477 in
2918 1423 3237 1495 diplomate
3281 1423 3526 1480 Conradi
3570 1423 3619 1480 II
3681 1423 3822 1496 imp.

2175 1529 2278 1583 pro
2310 1513 2661 1568 monasterio
2684 1512 3018 1567 Fabariensi
3053 1529 3146 1567 an.
3175 1513 3312 1568 1032
3341 1513 3495 1584 apud
3554 1512 3821 1569 eumdem
3851 1515 3856 1521 ’

2175 1602 2236 1657 P.
2270 1602 2542 1673 Herrgott
2571 1619 2626 1655 n.
2664 1602 2786 1655 171.
2815 1600 3096 1656 Ultimum
3119 1601 3273 1657 hunc
3308 1600 3582 1656 Luitfridi
3630 1601 3822 1656 fratris

2175 1691 2233 1746 S.
2269 1690 2558 1746 Gebhardi
2583 1689 2767 1744 ﬁlium
2783 1689 2988 1744 statuit
3011 1689 3301 1760 Lazius,et
3321 1689 3467 1745 forte
3496 1689 3658 1746 haud
3683 1690 3819 1745 adeo

2174 1795 2511 1850 perperam:
2546 1777 2814 1849 quamvis
2863 1776 3018 1833 enim
3050 1778 3300 1849 scriptor
3331 1783 3530 1834 noster
3582 1779 3817 1835 unicum

2173 1866 2345 1922 istius
2377 1866 2645 1921 Luitfridi
2677 1865 2863 1920 ﬁlium
2887 1864 3266 1921 Adelbertum
3290 1865 3817 1936 commemoret,nil

2175 1959 2369 2011 tamen
2404 1955 2598 2010 obstat
2629 1954 2946 2025 quominus
2975 1953 3125 2010 alios
3156 1954 3346 2010 adhuc
3376 1955 3595 2010 habere
3625 1960 3823 2028 potue-

2172 2044 2266 2098 rit.
2300 2043 2448 2107 Quin
2466 2060 2532 2098 ex
2569 2042 2730 2098 Lazio
2758 2042 3110 2098 Adelbertus
3138 2043 3247 2099 iste
3278 2060 3380 2099 seu
3411 2043 3812 2116 Albertus,qui

2174 2132 2231 2186 in
2263 2131 2470 2204 Apulia
2501 2131 2797 2200 occubuit,
2821 2147 2937 2186 non
2973 2131 3236 2186 Luitfridi
3297 2131 3474 2199 ﬁlius,
3531 2133 3631 2188 sed
3693 2132 3808 2188 ﬁlio

2173 2220 2524 2290 Marquardo
2539 2236 2717 2291 nepos
2735 2219 3039 2275 fuisset.Et
3053 2235 3188 2275 vero
3203 2224 3462 2292 spectata
3489 2224 3816 2292 temporum

2173 2309 2395 2363 ratione
2413 2308 2648 2363 difﬁcile
2696 2308 3016 2362 admodum
3074 2311 3164 2364 est
3212 2307 3591 2364 Adelbertum
3638 2309 3819 2364 istum

2171 2396 2358 2457 ﬁlium
2387 2397 2576 2451 dicere
2609 2396 2900 2462 Luitfridi,
2926 2397 3097 2466 cujus
3130 2396 3306 2451 frater
3331 2396 3641 2453 Udalricus
3695 2399 3817 2468 jam

2172 2503 2265 2540 an.
2297 2485 2404 2539 955
2420 2484 2688 2540 militiam
2713 2485 3087 2555 sequebatur.
3115 2485 3260 2541 287
3295 2487 3417 2550 Quo
3447 2484 3632 2557 igitur
3652 2485 3819 2540 modo

2169 2573 2514 2629 Adelbertus
2547 2574 2674 2643 ejus
2697 2590 2765 2628 ex
2788 2575 2962 2628 fratre
2985 2590 3164 2644 nepos
3187 2573 3378 2628 adhuc
3391 2573 3819 2645 expeditionem

2172 2666 2293 2717 tam
2326 2665 2608 2718 remotam
2631 2661 2930 2733 suscipere
2963 2663 3155 2732 potuit
3184 2667 3315 2734 post
3345 2662 3646 2734 integrum
3711 2664 3820 2719 fere

2173 2750 2472 2818 saeculum,
2507 2750 2727 2806 scilicet
2766 2767 2860 2805 an.
2919 2750 3075 2818 1053,
3127 2767 3241 2822 quo
3294 2750 3624 2807 infaustum
3684 2751 3821 2808 illud

2171 2839 2378 2895 Leonis
2411 2839 2482 2894 IX
2513 2838 2732 2894 bellum
2785 2843 2987 2894 contra
3037 2839 3434 2896 Nortmannos
3486 2844 3639 2896 teste
3694 2841 3826 2897 Her-

2171 2945 2385 2984 manno
2410 2932 2750 2999 susceptum
2781 2932 2894 2995 est,
2924 2927 2984 2982 in
3015 2943 3130 2998 quo
3163 2928 3367 3000 Optimi
3400 2945 3468 2984 ex
3505 2930 3720 2987 Suevia
3774 2933 3828 2986 et

2169 3017 2394 3072 Noricis
2424 3034 2520 3071 xw
2551 3015 2674 3072 Kal.
2700 3015 2842 3072 Julii
2878 3017 3240 3073 occubuere?
3269 3018 3559 3074 Caaterum
3599 3019 3678 3074 de
3728 3019 3828 3075 hoc

2173 3109 2518 3177 argumento
2537 3103 2804 3159 videatur
2827 3121 3064 3176 quoque
3091 3121 3244 3178 saepe
3267 3105 3481 3162 citatus
3493 3107 3828 3173 Tenzelius,

2173 3211 2228 3266 p.
2256 3195 2381 3256 284,
2416 3192 2513 3248 ubi
2547 3193 2720 3247 ﬁdem
2753 3209 2958 3248 rursus
2985 3192 3160 3248 habet
3207 3194 3425 3249 nostris
3472 3196 3827 3264 Annalibus,

2091 3257 2133 3324 C
2172 3257 2312 3338 dum
2347 3280 2666 3336 stabilitam
2697 3281 2915 3336 ibidem
2947 3281 3216 3336 Luitfridi
3271 3282 3692 3356 genealogiam
3733 3257 3829 3342 ad;

2167 3370 2597 3443 optat.Utrique
2609 3371 2847 3425 demum
2860 3370 2999 3425 huic
3010 3373 3354 3442 Marquardo
3386 3373 3596 3428 tertius
3617 3391 3698 3430 ex
3712 3374 3830 3430 Bri-

2168 3460 2426 3533 gantinis
2458 3459 2862 3514 accensendus
2892 3459 3146 3525 videtur,
3179 3460 3251 3516 de
3275 3476 3389 3532 quo
3421 3449 3826 3529 Burckardus',

2169 3551 2240 3604 de
2267 3565 2383 3604 cas.
2407 3551 2462 3602 S.
2485 3546 2718 3614 Galli,c.
2738 3549 2796 3614 7,
2827 3547 2884 3602 in
2903 3547 3180 3603 Udalrico
3202 3550 3274 3604 III
3309 3549 3366 3605 S.
3401 3549 3552 3606 Galli
3613 3552 3828 3609 abbate

2169 3640 2251 3693 ita
2280 3637 2482 3692 scribit
2511 3637 2812 3706 (Gonoasr,
2839 3641 2880 3690 t.
2918 3638 2961 3703 Ι,
2996 3655 3053 3708 p.
3087 3637 3217 3710 72):
3253 3661 3280 3688 «
3331 3642 3686 3698 Commotus
3737 3647 3827 3702 ab-

2169 3728 2341 3782 bas...
2376 3724 2671 3796 quoddam
2697 3723 2841 3778 satis
2873 3723 3172 3779 munitum
3221 3723 3531 3780 castellum
3582 3733 3824 3792 nomine

2169 3813 2492 3872 Marchtorf
2516 3828 2649 3867 cum
2681 3811 2892 3867 comite
2924 3812 3201 3869 Ottone...
3225 3815 3580 3886 expugnavit
3601 3825 3670 3876 et
3699 3839 3822 3879 sue-

2169 3904 2402 3961 cendit:
2434 3899 2800 3971 Brigantium
2818 3901 3120 3972 oppidum,
3163 3902 3514 3974 Marquardo
3573 3909 3820 3968 nobilis-

2170 3994 2320 4049 simo
2334 3992 2654 4046 Suevorum
2669 3992 2858 4060 capto,
2876 3990 3201 4046 combussit
3225 4017 3238 4058 ;
3259 4013 3279 4040 α
3305 3992 3464 4063 quod
3486 3995 3559 4050 ad
3575 3999 3712 4054 anJ
3722 3999 3822 4054 079

2168 4083 2256 4138 vel
2280 4083 2621 4152 sequentem
2645 4078 2911 4150 pertinet.
2942 4079 3054 4134 Iste
3073 4084 3270 4135 autem
3288 4080 3688 4153 Marquardus
3709 4087 3823 4144 Bri-

2171 4170 2448 4245 gantinus
2482 4184 2675 4224 comes
2706 4167 2778 4221 ad
2812 4166 3066 4224 Udalrici
3084 4168 3280 4224 fratris
3313 4169 3370 4225 S.
3405 4169 3714 4232 Gebhardi
3735 4193 3830 4250 po-

2171 4266 2362 4317 steros
2381 4256 2468 4312 vel
2489 4261 2731 4328 nepotes
2746 4257 3036 4327 pertinere
3056 4261 3264 4330 potest.
3280 4258 3362 4314 Ex
3374 4258 3484 4316 hoc
3502 4261 3831 4321 Burchardi

420 4361 674 4424 stanam,
697 4352 787 4407 cui
822 4367 915 4406 an.
948 4349 1054 4403 855
1090 4347 1375 4414 interfuit,
1419 4346 1501 4400 nil
1562 4345 1720 4400 aliud
1780 4352 2067 4405 memorat
2173 4348 2516 4406 testimonio
2549 4345 2679 4400 Otto
2711 4361 2906 4401 comes
2938 4346 3313 4418 Brigantinus
3343 4349 3666 4420 eruitur,in
3690 4353 3833 4410 schi-

421 4443 704 4515 scriptor:
740 4438 892 4512 patri
923 4439 1119 4492 tamen
1151 4435 1209 4489 in
1233 4433 1511 4489 comitatu
1535 4434 1890 4492 successisse
1909 4437 2064 4494 vide-

2177 4439 2366 4494 smate
2395 4432 2686 4507 pontiﬁcis
2705 4434 2972 4505 partibus
2993 4434 3290 4505 addictus;
3315 4453 3484 4494 secus
3505 4440 3674 4497 enim
3685 4441 3834 4498 hanc

413 4538 532 4600 tur,
567 4546 724 4596 cum,
753 4526 839 4582 uti
864 4524 1153 4590 videmus,
1207 4521 1354 4577 alter
1398 4538 1500 4576 seu
1562 4523 1950 4596 Marguardus
2005 4527 2065 4581 in
2177 4525 2404 4582 cladem
2427 4522 2585 4578 haud
2614 4520 2854 4577 tulisset
2885 4523 2956 4577 ab
3008 4521 3272 4578 Udalrico
3318 4524 3533 4582 abbate
3589 4528 3833 4588 Cassiis

415 4611 1128 4694 pagoGoldinishundere,
1165 4608 1483 4666 Luitfridus
1511 4627 1644 4666 vero
1702 4612 1757 4666 in
1803 4613 2062 4670 Winter-
2097 4616 2140 4680 D
2175 4617 2424 4671 fautore.
2460 4613 2539 4667 Ex
2569 4609 2856 4665 Bernoldo
2890 4615 3086 4666 tamen
3109 4611 3366 4669 auctiore
3396 4613 3597 4689 (infra,
3661 4624 3704 4674 t.
3764 4620 3832 4687 ΙΙ,

413 4710 556 4765 thur
583 4705 825 4764 comites
847 4700 1081 4757 fuerint.
1101 4704 1180 4753 Ac
1205 4699 1349 4753 forte
1380 4699 1429 4752 is
1457 4698 1580 4770 ipse
1609 4705 1698 4755 est
1729 4701 2066 4759 Vodalricus

415 4813 632 4865 comes,
666 4810 838 4868 quem
881 4805 1034 4847 anno
1063 4788 1169 4842 978
1233 4785 1470 4856 obiisse,
1503 4788 1706 4844 scribit
1763 4790 2060 4862 Hepidan-

415 4905 526 4944 nus
557 4888 614 4943 in
646 4884 771 4942 suis
800 4877 1152 4936 Annalibus.

484 4980 512 5045 §
542 4974 736 5030 XVIII.
770 4967 1160 5038 Marquarntus
1192 4963 1386 5035 itaque
1415 4963 1558 5019 alter
1589 4965 1797 5022 Uzonis
1820 4967 1975 5023 ﬁlius
1998 4969 2057 5023 in

414 5063 672 5122 amicitia
691 5057 923 5117 Ottonis
955 5053 1322 5126 imperatoris
1342 5053 1661 5125 plurimum
1682 5057 2056 5128 potuit.0tto-

415 5169 549 5211 nem
573 5151 667 5206 hic
691 5147 932 5205 tertium
975 5141 1231 5200 nominis
1260 5141 1431 5198 istius
1454 5142 1734 5216 intelligo,
1769 5145 2058 5217 Briganti-

414 5255 624 5296 norum
655 5254 724 5294 ex
753 5249 933 5306 supra
962 5230 1215 5287 exhibito
1247 5234 1557 5304 systcmate
1575 5237 1911 5306 cognatum,
1955 5234 2056 5305 qui

412 5324 748 5397 Marquardi
780 5320 1009 5377 comitis
1038 5320 1362 5376 interventu
1395 5321 1433 5377 S
1465 5321 1770 5380 Gebhardo
1826 5339 1897 5377 an
1951 5323 2058 5377 993

416 5415 680 5489 quaedam
707 5411 919 5484 praedia
941 5410 1172 5465 donavit
1189 5410 1246 5464 in
1282 5427 1428 5482 pago
1451 5411 2053 5480 Goldinneshundcre,

415 5504 517 5577 qui
549 5501 610 5558 in
643 5499 994 5574 diplomatel
1031 5516 1066 5555 1.
1098 5517 1155 5554 n.
1178 5502 1248 5554 26
1275 5501 1590 5555 comitatus
1610 5500 1943 5571 Marquardi
1977 5500 2057 5555 di-

414 5592 587 5650 citur.
611 5589 970 5649 Besseliusin
985 5588 1262 5646 Chronico
1276 5588 1656 5644 Gottwicensi
1669 5588 1826 5645 hunc
1838 5605 2057 5662 pagum

412 5683 638 5771 partem
660 5681 794 5762 pagi
814 5678 1079 5756 Ηθεογὶω
1099 5680 1291 5754 vocat,
1317 5675 1379 5739 in
1435 5677 1652 5738 ducatu
1699 5676 2055 5772 Alemannis;

2182 4705 2253 4759 ad
2279 4719 2372 4758 an.
2408 4699 2568 4772 1077)
2600 4699 2848 4754 ominari
2872 4699 3005 4754 licet
3029 4699 3297 4756 Ottoncm
3325 4701 3482 4758 hunc
3501 4704 3663 4764 dicto
3686 4722 3834 4765 anno

2179 4792 2372 4849 adhuc
2403 4788 2671 4844 Heinrico
2695 4787 2814 4860 regi
2848 4788 3325 4857 adhaesissepum
3349 4790 3831 4870 Ottoniepiscopo

2172 4878 2614 4936 Constantiensi
2634 4877 2963 4933 schismaco
2981 4877 3325 4936 Constantia
3367 4882 3621 4956 profugo
3640 4887 3830 4958 perfu-

2171 4969 2331 5042 gium
2359 4969 2418 5022 in
2443 4972 2634 5023 castro
2667 4983 2771 5022 suo
2801 4966 3024 5022 dederit
3048 4985 3061 5023 :
3083 4984 3422 5041 quanquam
3449 4971 3611 5028 brevi
3633 4979 3833 5046 postea

2169 5058 2241 5113 ob
2274 5061 2496 5112 motum
2530 5054 2824 5127 Rudolphi
2857 5056 3215 5113 anticaesaris
3247 5059 3422 5114 aliam
3457 5068 3722 5118 mentem
3742 5062 3834 5118 in-

2170 5146 2385 5202 duerit.
2407 5145 2591 5216 Cujus
2613 5144 2748 5199 dein
2772 5144 3017 5216 vestigia
3039 5161 3272 5218 quoque
3294 5149 3831 5219 pressitUdalricus

2171 5235 2298 5304 ejus
2329 5233 2504 5304 ﬁlius,
2533 5237 2599 5288 ut
2627 5231 2801 5299 intra,
2836 5232 2964 5306 §23
2995 5237 3055 5289 et
3084 5235 3174 5302 24,
3208 5235 3562 5295 videbimus.

2239 5323 2268 5395 ἓ
2298 5322 2435 5377 ΧΙΧ.
2472 5321 2646 5376 Porro
2678 5321 2908 5393 egregie
2939 5321 3009 5376 de
3038 5321 3285 5380 historia
3319 5326 3538 5383 meruit
3579 5328 3832 5402 scriptor

2170 5415 2385 5477 noster,
2403 5410 2540 5464 dum
2561 5410 3046 5466 Vitodurensium
3067 5413 3348 5469 comitum
3369 5414 3431 5469 in
3452 5413 3831 5473 \Vinterthur

2169 5500 2455 5571 originem
2488 5499 2711 5569 pandit,
2745 5499 3028 5556 hactenus
3051 5502 3196 5557 satis
3228 5503 3832 5579 obscuram,propter-

2167 5605 2236 5645 ea
2265 5604 2300 5642 a
2329 5585 2654 5656 Fuesslino,
2705 5592 2747 5643 t.
2807 5588 2902 5656 IV,
2952 5605 3008 5661 p.
3060 5591 3162 5646 186
3213 5607 3338 5665 seq.
3398 5593 3600 5652 debita
3657 5593 3834 5654 lauds

2168 5677 2484 5742 mactatus.
2518 5675 2658 5738 Inde
2714 5675 2873 5757 enim
2909 5677 3194 5758 discimus
3253 5679 3482 5766 celebre
3529 5681 3675 5770 91in}
3722 5682 3833 5770 hgg
