3982 6216
160 386 276 448 293

995 383 1447 445 CHRONICON
1493 384 2214 450 PETERSHUSANUM.
2251 421 2327 430 —
2363 387 2776 450 ΡΒΟΟΕΜΙΑ.

3475 392 3592 453 294

167 518 474 594 Τιιιιεονὶω
509 522 779 575 castrum
806 531 940 573 cum
971 517 1099 572 suis
1123 516 1486 588 appendiciis
1517 518 1692 589 injus
1716 519 1832 574 Bri-
1861 521 1916 586 Α
1945 518 2236 575 indicasse
2266 524 2600 587 contentus,
2651 521 2751 593 qui
2784 538 2890 577 suo
2940 525 3199 592 tempore
3248 520 3591 577 comitatum

170 609 555 684 gantinorum
573 607 860 664 comitum
879 605 1260 672 concessisse,
1281 609 1454 677 atque
1470 605 1528 660 in
1548 607 1833 662 bonorum

171 699 463 755 divisione
489 695 785 752 Luitfrido
807 695 866 750 S.
892 694 1181 750 Gebhardi
1208 694 1370 749 fratri
1392 695 1671 767 obtigisse
1696 713 1708 750 :
1733 695 1833 766 qui

169 787 404 861 primus
432 786 580 842 adeo
612 799 812 842 comes
854 784 926 840 de
967 782 1313 838 Vinterthur
1364 800 1494 838 saec.
1526 801 1561 838 x
1591 784 1834 855 exstitit,

170 876 331 932 unde
361 874 498 930 dein
524 873 927 945 Kiburgenses
959 887 1193 942 quoque
1215 871 1571 942 prodierunt.
1606 873 1833 928 Testem

170 965 355 1021 etiam
368 963 550 1034 hujus
567 962 651 1017 rei
668 961 956 1018 habemus
969 959 1419 1027 Hartmannum,
1437 960 1492 1014 in
1510 959 1837 1016 Annalibus

177 1051 523 1123 Eremi)qui
553 1052 626 1106 de
665 1049 1020 1116 Hermanno,
1062 1048 1134 1103 ab
1174 1065 1268 1104 an.
1315 1049 1449 1103 1053
1481 1065 1667 1120 usque
1702 1049 1838 1103 1065

178 1143 401 1199 abbate
439 1139 823 1207 Einsidlensi,
849 1156 917 1194 ex
939 1136 1335 1193 monumentis
1357 1137 1695 1193 domesticis
1717 1138 1837 1192 hinc

182 1231 372 1286 refert
395 1245 410 1286 :
435 1253 462 1278 α
486 1229 623 1285 Erat
643 1243 708 1284 ex
727 1227 1041 1284 comitibus
1065 1226 1464 1291 Vitoduranis,
1490 1226 1588 1298 qui
1624 1227 1837 1282 Kibur-

184 1335 335 1392 gum
370 1318 545 1373 etiam
575 1316 899 1382 condidere,
930 1320 988 1370 et
1019 1315 1412 1386 Kiburgenses
1443 1315 1514 1369 ab
1561 1331 1628 1370 eo
1661 1316 1839 1370 deno-

182 1407 400 1463 minati
433 1409 592 1464 sunt.
625 1405 840 1461 Habuit
869 1405 1079 1460 fratres
1113 1403 1489 1469 Luitfridum,
1522 1403 1622 1476 qui
1645 1404 1839 1476 ipsum

181 1495 345 1553 288
378 1498 564 1552 morte
611 1497 1008 1566 praecesserat,
1053 1496 1108 1546 et
1157 1491 1533 1547 Adelbertum
1583 1498 1707 1548 tum
1739 1509 1840 1548 co-

183 1584 466 1642 mitatum
528 1583 1061 1640 administrantem.
1118 1602 1147 1629 »
1193 1580 1299 1646 Qui
1350 1597 1419 1636 ex
1463 1581 1841 1636 Vitoduranis

183 1675 421 1747 primus
453 1673 629 1729 fuerit
659 1671 834 1728 castri
859 1669 1240 1742 Kiburgensis
1261 1669 1544 1737 conditor,
1569 1671 1840 1740 equidem

185 1779 306 1818 non
340 1764 609 1827 constat;
658 1760 805 1816 forte
835 1764 1028 1814 tamen
1061 1757 1217 1812 haud
1262 1757 1512 1812 multum
1542 1757 1843 1824 aberrarit,

1944 609 2395 664 administrabat
2419 627 2431 664 :
2460 611 2629 680 cujus
2661 612 2835 665 etiam
2860 609 3115 681 reliquos
3159 610 3364 666 fratres
3388 612 3593 680 tacuit,

1943 713 2077 752 cum
2109 697 2206 752 isti
2238 699 2308 753 ad
2341 699 2737 771 genealogiam
2771 699 2927 755 haud
2958 699 3363 771 pertinuerint,
3412 717 3588 772 quam

1945 785 2216 858 deinceps
2250 789 2640 858 prosequitur.

2018 875 2169 930 289
2201 874 2229 944 ξ
2255 875 2367 928 XX.
2403 876 2746 931 Adalbertus
2771 876 2968 947 igitur,
2994 893 3094 930 seu
3120 876 3411 932 Albcrtus.
3439 877 3594 932 Luit-

1947 962 2075 1016 fridi
2101 963 2274 1034 primi
2301 964 2642 1019 Vitodurani
2669 965 2900 1019 comitis
2925 965 3042 1019 sive
3069 965 3248 1030 filius,
3290 965 3408 1021 sive
3430 983 3590 1021 vero-

1947 1051 2199 1106 similius
2265 1069 2464 1123 nepos,
2533 1053 2777 1108 ultimus
2826 1053 3001 1109 simul
3049 1054 3157 1108 fuit
3203 1055 3483 1110 comitum
3532 1055 3591 1109 in

1946 1140 2318 1196 Winterthur
2372 1146 2428 1196 et
2474 1142 2699 1213 Kiburg
2747 1159 2814 1197 ex
2865 1143 3335 1214 Brigantinorum
3386 1144 3590 1215 stirpe,

1949 1228 2182 1284 nonnisi
2214 1229 2333 1283 filia
2365 1229 2681 1285 Adelheide
2703 1230 2918 1284 relicta.
2947 1231 3103 1285 llanc
3125 1233 3415 1287 Adalberti
3448 1233 3596 1288 ami-

1947 1321 2067 1372 tam
2102 1317 2236 1371 facit
2269 1319 2492 1380 Lazius.
2527 1336 2782 1373 sororem
2810 1319 3029 1374 scilicet
3055 1320 3385 1391 Marquardi
3413 1321 3595 1392 patris

1952 1405 2129 1471 illius,
2165 1407 2422 1478 adeoque
2454 1408 2588 1461 dicti
2627 1407 2891 1461 Luitfridi
2941 1408 3141 1475 filiam,
3177 1409 3366 1480 qualis
3398 1415 3594 1465 tamen

1950 1499 2279 1566 temporum
2316 1500 2575 1567 spectata
2617 1496 2840 1551 ratione
2890 1496 3068 1553 fuisse
3121 1498 3344 1569 nequit.
3394 1498 3600 1553 Nescio

1952 1598 2091 1637 sane
2122 1600 2191 1636 an
2226 1600 2339 1638 non
2373 1585 2464 1638 hic
2499 1591 2698 1639 nostro
2733 1585 3013 1656 scriptore
3036 1586 3231 1657 aliqua
3253 1586 3446 1641 subsit
3467 1603 3596 1658 per-

1954 1687 2231 1726 sonarum
2263 1672 2546 1738 confusio,
2583 1677 2646 1727 ut
2675 1689 2742 1726 ex
2781 1673 3010 1727 duobus
3061 1674 3448 1746 Marquardis,
3484 1691 3599 1731 uno

1956 1774 2164 1830 nempe
2200 1759 2394 1825 fratre,
2423 1759 2603 1814 altero
2628 1761 2744 1815 filio
2771 1761 3053 1827 Luitfridi,
3078 1764 3375 1833 quodjam
3424 1781 3603 1836 supra

185 1852 292 1925 qui
326 1851 384 1906 id
421 1849 659 1906 cuidam
693 1847 946 1904 filiorum
979 1846 1249 1902 Luitfridi
1281 1846 1454 1918 primi
1500 1846 1842 1902 Vitodurani
1878 1889 1925 1954 B
1957 1846 2237 1918 suspicati
2287 1864 2517 1913 sumus,
2567 1849 2807 1904 unicum
2857 1853 3084 1904 tantum
3140 1852 3357 1919 fecerit,
3417 1853 3497 1908 uti
3546 1857 3604 1908 et

185 1939 430 1998 comitis
466 1935 831 2010 ascripserit,
863 1939 964 1992 aut
995 1934 1104 2006 ipsi
1133 1937 1310 1990 etiam
1344 1935 1651 2000 Luitfrido,
1688 1957 1715 1986 «
1745 1935 1845 2007 qui

186 2027 366 2101 plura
395 2026 628 2100 peculia
656 2023 1048 2099 congregavit.
1085 2045 1113 2072 »
1136 2022 1415 2093 Displicet
1434 2023 1542 2079 hoc
1562 2025 1847 2096 Stumpflo

185 2118 251 2173 in
308 2115 595 2172 Chronico
625 2114 688 2186 (1.
722 2131 778 2182 v,
823 2130 874 2169 c.
926 2114 1016 2184 30)
1074 2111 1343 2184 aliisque,
1405 2113 1502 2184 qui
1563 2113 1846 2185 originem

191 2204 374 2262 castri
403 2208 460 2259 et
491 2201 773 2258 comitum
805 2202 875 2256 de
908 2200 1132 2272 Kiburg
1153 2200 1279 2270 jam
1312 2201 1383 2256 ad
1433 2201 1711 2257 saeculum
1744 2219 1846 2258 no-

193 2311 341 2350 num
376 2293 656 2348 referunt.
682 2293 816 2358 Quis
837 2288 1224 2351 veronullius
1255 2289 1536 2346 momenti
1559 2305 1688 2346 esse
1717 2308 1846 2347 sus-

195 2383 350 2438 tinet
380 2381 444 2435 P.
478 2380 719 2452 Hergott
766 2378 1006 2452 (Geneal.
1060 2377 1287 2444 Habsb.,
1338 2380 1382 2448 t,
1432 2379 1474 2445 Ι,
1524 2378 1563 2434 l.
1615 2396 1654 2446 ι,
1687 2396 1736 2434 c.
1768 2379 1847 2452 9,)

199 2487 346 2528 cum
377 2485 585 2525 nomen
618 2468 945 2540 Kiburgum
976 2467 1068 2522 vix
1099 2483 1164 2522 ac
1210 2482 1280 2522 ne
1325 2466 1418 2520 vix
1447 2467 1686 2539 quidem
1717 2473 1851 2524 ante

199 2559 443 2616 initium
465 2575 544 2614 xu
566 2557 762 2614 saeculi
797 2557 859 2614 in
881 2555 1313 2628 antiquioribus
1344 2557 1743 2613 monumentis
1763 2575 1852 2614 oc-

199 2653 423 2706 currat.
447 2648 564 2704 Hoc
583 2653 781 2704 tamen
803 2648 875 2702 de
896 2645 1114 2702 chartis
1129 2647 1413 2701 duntaxat
1433 2644 1654 2701 dictum
1675 2652 1812 2716 puto
1833 2665 1846 2703 :

191 2740 322 2809 jam
345 2736 506 2794 enim
530 2737 600 2792 ad
629 2753 725 2792 an.
751 2738 892 2792 1720
916 2735 1284 2794 Hermannus
1303 2733 1648 2789 Contractus
1669 2736 1852 2808 Cuyn-

200 2828 354 2899 burg
373 2829 636 2881 castrum
661 2823 1025 2880 Werenbarii
1055 2822 1286 2877 comitis
1301 2839 1334 2876 a
1349 2823 1611 2878 Conrado
1634 2823 1682 2878 II
1707 2824 1848 2896 imp.

201 2917 448 2986 captum
479 2912 705 2977 scribit,
739 2927 914 2983 quem
963 2909 1402 2966 Werinharium
1451 2911 1521 2966 ad
1572 2928 1666 2966 an.
1715 2913 1854 2968 4030

203 3006 384 3074 caput
425 3000 764 3058 rebellionis
823 3004 1026 3056 contra
1071 2999 1356 3054 Caesarem
1415 2998 1686 3072 appellat,
1739 3019 1853 3074 quo

203 3092 382 3148 etiam
416 3107 571 3146 anno
602 3091 662 3146 in
691 3088 1071 3162 praeliocirca
1101 3088 1308 3144 silvam
1332 3093 1592 3145 nostram
1618 3090 1853 3148 Martia-

205 3197 345 3236 nam
369 3195 506 3235 cum
531 3179 774 3234 Ernesto
796 3178 1150 3235 Alemanniae
1174 3179 1318 3234 duce
1359 3179 1648 3235 occubuit.
1682 3181 1759 3237 De
1788 3198 1854 3238 eo

1959 1952 2138 1990 unum
2165 1935 2451 1990 duntaxat
2476 1937 2822 1991 Luitfridum
2849 1954 2916 1992 ex
2937 1939 3188 2004 duobus,
3210 1944 3374 2012 patre
3393 1957 3602 2013 nempe

1956 2040 2059 2080 ceu
2083 2023 2330 2090 seniore,
2354 2029 2410 2078 et
2433 2023 2552 2079 filio
2576 2042 2678 2079 seu
2713 2025 2998 2080 Luitfrido
3026 2027 3279 2096 juniore,
3307 2029 3604 2084 Adalberti

1956 2117 2013 2167 et
2035 2112 2348 2168 Hermanni
2373 2113 2600 2168 abbatis
2616 2113 2809 2180 fratre,
2827 2131 2974 2185 quos
2988 2132 3164 2184 supra
3193 2117 3603 2187 produximus,

1957 2201 2264 2272 Utcunque
2311 2216 2444 2256 vero
2502 2201 2802 2267 sit,.recte
2847 2203 3084 2257 omnino
3136 2204 3300 2258 addit
3349 2204 3600 2261 Lazius:

1959 2311 1988 2338 «
2036 2289 2409 2344 Adelheidem
2460 2295 2702 2361 nuptam
2757 2291 2938 2346 fuisse
2986 2292 3347 2347 Hartmanno
3401 2295 3600 2350 comiti

1957 2378 2302 2450 Dilingensi,
2323 2378 2414 2432 cui
2440 2395 2542 2449 pro
2565 2379 2696 2434 dote
2715 2379 3084 2434 Winterthur
3106 2385 3162 2435 et
3180 2381 3603 2453 Kiburgensem

1958 2466 2298 2522 comitatum
2319 2466 2547 2534 attulit;
2576 2483 2708 2522 nam
2734 2472 2905 2523 antea
2927 2468 3395 2540 Brigantinorum
3421 2471 3604 2526 comi-

1958 2560 2083 2611 tum
2117 2556 2166 2610 is
2199 2555 2383 2610 fuerit.
2419 2577 2439 2604 η
2491 2556 2672 2627 Igitur
2703 2555 2958 2628 primum
2991 2573 3094 2628 per
3141 2557 3248 2612 hoc
3303 2560 3604 2615 matrimo-

1960 2645 2124 2700 nium
2148 2662 2278 2700 saac.
2301 2663 2353 2700 XI
2379 2646 2620 2700 comites
2633 2645 3000 2718 Dilingenses
3015 2647 3192 2703 simul
3209 2647 3384 2702 etiam
3403 2649 3608 2705 Kibur—

1960 2750 2170 2806 genses
2209 2734 2393 2788 effecti
2437 2739 2597 2801 sunt,
2620 2751 2790 2789 secus
2813 2752 2877 2789 ac
2901 2735 3119 2804 passim
3146 2735 3202 2790 in
3228 2737 3601 2810 genealogico

1961 2822 2242 2878 comitum
2275 2821 2522 2877 istorum
2556 2827 2865 2878 stemmate
2909 2825 3232 2881 asseritur:
3273 2827 3331 2880 in
3365 2843 3480 2898 quo
3513 2828 3601 2884 in-

1963 2926 2140 2982 super
2159 2914 2244 2965 tot
2263 2910 2756 2966 Hartmannorum
2784 2911 2998 2966 mentio
3020 2913 3284 2968 eamdem
3308 2916 3446 2970 conf
3447 2917 3600 2973 usio-

1963 3015 2096 3054 nem
2121 2998 2336 3054 invexit
2357 2999 2586 3071 qualem
2614 3000 2670 3055 in
2710 3000 3046 3072 Brigantino
3082 3017 3151 3056 ex
3189 3006 3275 3058 tot
3316 3003 3602 3062 Udalricis

1965 3105 2143 3160 supra
2174 3089 2474 3160 conquesti
2507 3105 2736 3144 sumus.

2035 3177 2620 3249 §XXLAdelheidem
2636 3177 2832 3250 itaque
2869 3178 3210 3236 Vitodurani
3255 3198 3360 3238 seu
3403 3183 3610 3238 Kibur-

206 3269 614 3342 Hepidannus,
649 3268 802 3324 facta
832 3284 934 3339 pro
966 3283 1126 3323 more
1169 3267 1440 3324 sexennio
1483 3275 1853 3342 praevertens,
1886 3255 1929 3322 Ο
1967 3266 2164 3339 gensis
2205 3267 2516 3322 comitatus
2567 3267 2851 3323 haeredem
2905 3291 2932 3317 ‹‹
2969 3285 3164 3324 comes
3213 3270 3612 3328 Hartmannus

207 3359 281 3416 ad
313 3375 410 3414 an.
445 3358 585 3414 1033
615 3357 738 3412 haec
769 3357 971 3413 habet:
1007 3380 1034 3407 «
1067 3358 1354 3422 Castrum,
1379 3358 1533 3428 quod
1565 3358 1855 3416 Cbiburcb

209 3446 447 3516 dicitur,
487 3446 680 3502 tribus
711 3445 1015 3502 mensibus
1045 3445 1372 3514 obsessum,
1411 3447 1750 3505 Werinhero
1772 3467 1863 3506 co-

212 3536 355 3592 mite
386 3535 606 3590 frustra
634 3535 737 3590 diu
767 3539 1150 3606 repugnante,
1185 3534 1423 3589 tandem
1464 3537 1536 3590 ab
1575 3536 1702 3608 ipso
1728 3554 1860 3611 rege

210 3622 478 3694 capitur;
513 3645 542 3672 »
573 3622 837 3694 itemque
878 3621 950 3676 ad
997 3638 1217 3678 annum
1265 3624 1404 3679 1036
1450 3625 1858 3682 Werinherum

209 3711 488 3767 comitem
518 3711 764 3768 militem
796 3710 1021 3766 Ernesti
1050 3711 1216 3767 ducis
1244 3728 1376 3768 cum
1409 3713 1535 3785 ipso
1575 3715 1633 3769 in
1665 3715 1860 3787 praelia

213 3799 500 3855 cecidisse
544 3799 765 3857 scribit.
797 3799 1186 3856 Wernherum
1210 3800 1392 3856 istum
1417 3801 1656 3876 Kiburgi
1685 3805 1860 3860 comi-

211 3891 359 3956 tem,
384 3903 449 3943 ac
471 3888 615 3944 forte
634 3890 809 3945 etiam
837 3889 1220 3958 conditorem,
1243 3889 1397 3946 inter
1417 3892 1683 3947 Luitfridi
1708 3893 1860 3951 filios

205 3976 579 4033 referendum
599 3994 1000 4046 censemus,ac
1013 3978 1248 4034 fratrem
1262 3979 1652 4052 Marquardi(§
1667 3985 1860 4055 prose.)

208 4065 312 4138 qui
333 4066 523 4122 eidem
549 4067 608 4122 in
630 4067 910 4123 comitatu
951 4068 1319 4125 successerit.
1361 4069 1526 4124 Hunc
1568 4069 1859 4128 Adelberti

200 4152 263 4209 in
295 4153 509 4227 Apulia
527 4155 659 4212 cmsi
686 4159 908 4227 patrem
933 4156 1074 4212 dicit
1108 4156 1330 4226 Lazius,
1358 4162 1414 4214 et
1449 4158 1566 4215 fors
1588 4159 1858 4217 Luitfridi

205 4235 442 4317 quoque
461 4245 737 4316 junioris,
752 4249 927 4318 atque
941 4246 1256 4302 Hermanni
1273 4246 1502 4304 abbatis
1515 4249 1858 4322 Eremitani,

202 4332 291 4389 uti
313 4349 451 4388 mox
477 4350 546 4388 ex
567 4338 930 4390 Hartmauno
954 4334 1305 4391 notavimus.
1335 4337 1592 4394 Suadere
1614 4337 1666 4393 id
1700 4338 1858 4396 vide-

200 4425 299 4478 tur
329 4423 559 4494 adjecta
590 4423 670 4480 ibi
721 4425 940 4480 mentio
991 4425 1285 4481 Adalberti
1335 4434 1464 4482 tunc
1510 4429 1856 4484 comitatum

200 4511 703 4580 administrantis,
733 4529 939 4583 nempe
971 4530 1024 4569 a.
1058 4515 1218 4584 1053,
1268 4531 1384 4586 quo
1433 4517 1616 4571 abbas
1667 4518 1858 4574 factus

1967 3356 2163 3412 senior
2192 3356 2263 3410 de
2286 3355 2607 3428 Dilingensi
2640 3357 2698 3410 in
2733 3356 3176 3412 matrimodium
3203 3361 3447 3432 accepit,
3483 3378 3610 3433 quae

1968 3445 2019 3500 ei
2051 3445 2274 3516 peperit
2297 3445 3026 3516 llartmannumjuniorem
3043 3447 3494 3517 etAdilbertum,
3510 3450 3614 3521 qui

1968 3533 2159 3589 adhuc
2179 3538 2463 3604 superest,
2487 3534 2733 3588 ettotius
2750 3534 3084 3604 patrimonii
3103 3539 3160 3590 et
3180 3537 3561 3593 matrimonii.
3587 3561 3610 3588 ι

1970 3637 2073 3678 seu
2115 3620 2408 3694 Dilingani
2456 3629 2511 3677 et
2554 3621 2935 3693 Kiburgensis
2983 3623 3316 3691 comitatus,
3366 3648 3392 3675 ‹‹
3427 3626 3613 3682 haeres

1968 3712 2208 3766 effectus
2237 3714 2326 3766 est
2351 3727 2364 3776 ;
2402 3713 2459 3764 et
2489 3708 2848 3777 Udalricum,
2875 3712 2976 3782 qui
3007 3713 3161 3782 apud
3211 3713 3612 3770 Constantiam

1969 3799 2280 3872 episcopus
2303 3798 2493 3853 factus
2515 3802 2623 3864 est,
2653 3803 2718 3853 ut
2751 3797 2924 3853 habet
2963 3799 3312 3868 Chronicon,
3336 3801 3374 3857 l.
3401 3819 3438 3870 ι,
3466 3820 3523 3856 n.
3558 3807 3610 3858 8.

1968 3889 2028 3944 Si
2061 3887 2218 3944 edita
2243 3886 2526 3942 hactenus
2569 3887 3020 3957 Kiburgeusium
3071 3905 3175 3944 seu
3229 3889 3613 3962 Dilingesium

1969 3977 2248 4035 comitum
2273 3979 2583 4031 stemmate
2600 3977 2992 4044 attendamus,
3007 3978 3197 4034 varios
3219 3979 3616 4037 Hartmannos

1967 4068 2198 4124 senioris
2221 4064 2307 4120 vel
2331 4065 2576 4136 junioris
2606 4065 2843 4120 nomine
2889 4067 3198 4123 adnotatos
3248 4067 3611 4141 reperimus:

1969 4155 2123 4230 quod
2153 4154 2388 4227 quidem
2419 4153 2588 4209 unice
2609 4153 3000 4228 scriptoribus
3021 4155 3400 4214 tribuendum
3423 4156 3616 4214 existi-

1969 4262 2226 4312 mamus,
2262 4243 2362 4315 qui
2395 4242 2558 4298 nulla
2597 4243 2795 4298 habita
2825 4243 2897 4299 ad
2927 4247 3320 4316 praacedentes
3349 4246 3615 4318 ejusdem

1970 4334 2227 4390 nominis
2256 4337 2526 4388 seniorem
2556 4333 2722 4388 illum
2755 4333 2971 4400 dixere,
3022 4335 3123 4406 qui
3154 4353 3282 4404 suo,
3327 4353 3444 4408 quo
3470 4335 3615 4392 scri-

1968 4427 2231 4496 pserunt,
2255 4426 2537 4494 tempore,
2559 4422 2720 4494 prior
2741 4422 2959 4489 ﬂoruit,
2983 4425 3391 4495 cognominem
3416 4430 3613 4481 autem

1968 4513 2156 4568 ﬁlium
2214 4517 2316 4568 aut
2372 4527 2766 4567 successorem
2834 4513 3109 4579 iuniorem
3165 4514 3612 4587 compellarunt,

199 4600 578 4656 Hermanuus
608 4619 680 4656 xv
710 4601 834 4657 Kal.
867 4602 1037 4657 Mart.
1069 4602 1420 4658 Adalbertus
1459 4610 1652 4660 autem
1694 4605 1849 4662 brevi
1883 4624 1927 4688 Ι)
1968 4601 2208 4673 antiquo
2241 4600 2466 4656 scilicet
2488 4617 2648 4656 more
2669 4618 2771 4672 pro
2795 4605 3127 4674 temporum
3151 4606 3208 4658 et
3228 4620 3612 4676 personarum

195 4695 521 4762 posteaxxv
541 4689 666 4746 Kal.
691 4690 806 4745 Jul.
831 4691 888 4746 in
914 4690 1125 4762 Apulia
1145 4692 1437 4748 occubuit.
1460 4693 1568 4748 Vix
1590 4694 1745 4749 enim
1777 4695 1848 4751 de
1957 4697 2246 4764 reSpectu,
2326 4691 2412 4746 uti
2473 4691 2600 4761 jam
2669 4691 2739 4745 de
2795 4691 3038 4762 Pippino
3091 4693 3254 4748 290
3303 4692 3613 4749 Ileristallo

195 4778 309 4834 alio
339 4778 663 4835 Adalberto
692 4778 1055 4836 Vitodurano
1105 4797 1205 4837 seu
1253 4781 1599 4854 Kiburgensi
1648 4784 1854 4838 comite

193 4866 316 4926 haec
347 4867 537 4940 accipi
583 4872 868 4941 possunt;
919 4885 1056 4924 nam
1089 4870 1189 4941 qui
1231 4871 1303 4926 ab
1335 4870 1626 4927 annalista
1656 4877 1852 4928 nostro

194 4961 565 5013 memoratur
591 4951 1212 5030 Adalbertus,'prioris
1259 4975 1325 5016 ex
1373 4959 1492 5016 filia
1539 4959 1854 5016 Adelheide

196 5061 404 5118 nepos,
438 5053 494 5102 et
533 5045 714 5103 totius
747 5047 1085 5119 patrimonii
1135 5047 1340 5117 haeres,
1384 5063 1538 5104 anno
1573 5050 1710 5104 1065
1739 5066 1854 5121 quo

197 5135 342 5191 obiit
373 5139 748 5192 Hermannus
779 5136 984 5202 abbas,
1020 5136 1259 5192 vixdum
1285 5141 1458 5194 natus
1489 5153 1616 5194 esse
1639 5137 1853 5209 potuit,

198 5229 420 5296 utpote,
455 5225 649 5281 adhuc
680 5225 838 5281 circa
869 5243 965 5281 an.
1008 5225 1164 5293 1139,
1213 5242 1328 5297 quo
1368 5226 1604 5296 scripsit
1631 5231 1851 5296 auctor,

195 5319 518 5386 superstes.
552 5315 679 5380 Qua
709 5314 949 5383 quidem
972 5315 1197 5370 ratione
1219 5314 1518 5371 tolleretur
1537 5314 1855 5372 difficultas

196 5405 424 5476 §praac.
461 5408 640 5473 mota,
692 5405 743 5460 si
791 5404 952 5477 prior
995 5403 1350 5460 Adalbertus
1395 5403 1663 5460 Luitfridi
1695 5403 1856 5460 filius

192 5493 445 5562 dicatur,
466 5495 551 5550 uti
579 5493 758 5551 habet
781 5498 982 5550 noster
1005 5492 1508 5565 chronographus,
1537 5493 1636 5564 qui
1659 5499 1855 5549 tamen

191 5599 369 5642 unam
414 5585 861 5659 generationem
899 5581 1170 5640 Luitfridi
1215 5581 1463 5639 senioris
1503 5581 1857 5655 prmteriisse

193 5672 448 5750 Videtur,
480 5673 724 5737 omissis
754 5672 919 5734 illius
949 5671 1109 5745 ﬁliis,
1161 5675 1428 5748 nepotem
1475 5671 1859 5755 Adalbertum

1963 4781 2416 4846 observavimus,
2451 4779 2552 4851 qui
2584 4779 2755 4835 modo
2785 4782 2987 4848 senior,
3011 4781 3183 4835 modo
3203 4782 3400 4851 jtmz'or
3419 4781 3614 4838 dictus

1963 4874 2067 4925 est.
2100 4871 2191 4926 Sic
2221 4875 2278 4925 et
2304 4869 2398 4924 hic
2431 4869 2674 4924 Crusius
2707 4869 2955 4941 (Annal.,
3007 4886 3064 4940 p.
3119 4885 3181 4938 ιι,
3230 4869 3268 4922 l.
3322 4886 3404 4934 In,
3439 4886 3487 4923 c.
3523 4869 3612 4941 11)

1963 4961 2390 5015 Hartmannum
2423 4958 2708 5013 seniorem
2744 4957 3006 5013 nominat
3050 4957 3244 5022 ﬁlium
3296 4955 3612 5028 Richwini,

1962 5050 2133 5120 cujus
2156 5052 2318 5120 pater
2338 5052 2462 5100 erat
2500 5047 2874 5102 Theobaldus
2908 5047 2964 5101 S.
3005 5044 3255 5100 Udalrici
3283 5045 3611 5116 Augustani

1963 5135 2231 5209 praesulis
2260 5137 2438 5189 frater
2459 5136 2582 5204 jam
2625 5152 2718 5189 an.
2765 5138 2873 5192 955
2921 5135 2980 5190 in
3025 5133 3223 5207 praelio
3268 5136 3610 5205 Augustano

1964 5227 2219 5283 occisus:
2255 5223 2388 5295 quis
2410 5239 2542 5278 vero
2574 5223 3001 5280 Hartmannum
3032 5225 3194 5281 illum
3242 5223 3416 5280 istius
3445 5221 3613 5277 Adel-

1964 5314 2154 5372 heidis
2177 5311 2329 5367 ultra
2351 5310 2662 5366 dimidium
2686 5311 2964 5368 saeculum
2978 5313 3317 5385 posterioris
3332 5311 3611 5371 maritum

1966 5405 2166 5460 dicat?
2211 5399 2466 5472 Longius
2525 5399 2716 5454 adhuc
2765 5401 3001 5456 aberrat
3048 5402 3330 5460 Pistorius
3363 5401 3607 5474 (Script,

1965 5498 2007 5548 t.
2041 5491 2138 5557 III,
2171 5507 2228 5563 p.
2259 5490 2408 5560 740),
2443 5486 2550 5560 qui
2586 5488 3017 5544 Hartmannum
3051 5492 3338 5547 seniorem
3368 5491 3609 5547 omnino

1964 5581 2024 5636 S.
2058 5578 2309 5636 Udalrici
2346 5578 2580 5634 fratrem
2613 5576 2778 5650 dicit,
2809 5577 2900 5634 cui
2945 5582 3130 5652 nupta
3176 5579 3253 5634 sit
3291 5578 3611 5634 Adelheida

1968 5669 2092 5731 filia
2115 5665 2434 5742 Adalberti,
2469 5667 2660 5743 neptis
2692 5667 3002 5744 Luitfridi;
3045 5669 3146 5744 qui
3175 5667 3328 5728 alius
3355 5667 3610 5744 profecto
