3982 6216
412 388 531 450 295

1110 386 1501 449 APPENDIX
1545 388 1647 447 AD
1692 383 2145 450 CHRONICON
2192 384 2612 447 HERMANNI
2655 384 3119 449 CONTRACTI.

3705 387 3838 449 296

417 521 576 577 haud
607 521 809 577 [uisset
837 535 1014 591 quam
1045 536 1240 575 comes
1281 523 1481 575 noster
1522 518 1939 575 Vitoduranus.
1974 519 2058 573 Ad
2089 519 2145 585 Α
2176 522 2294 587 ten,
2327 536 2420 575 an.
2458 520 2615 590 1131,
2648 520 2716 575 13
2745 520 2886 576 Nov.
2919 520 3278 576 defunctam.
3310 519 3392 576 De
3412 518 3628 577 iisdem
3659 536 3837 578 soro-

416 610 726 666 manifesto
784 625 991 663 rursus
1061 624 1296 666 errore:
1353 608 1488 679 quis
1548 624 1803 680 namque
1861 608 2058 663 credat

414 698 774 753 Hartmanno
816 696 976 750 fratri
1002 696 1059 750 S.
1096 695 1345 751 Udalrici
1375 713 1447 751 an
1489 698 1595 750 973
1625 697 1882 751 defuncti
1917 714 2055 751 uxo-

412 802 537 841 rem
560 786 739 841 fuisse
766 782 947 839 tiliam
969 783 1259 839 Adelberti
1284 784 1650 848 Vitodurani,
1678 785 1775 856 qui
1801 784 2055 853 primum

409 890 504 930 an.
542 873 679 941 1053
709 872 894 928 obiit?
933 872 1046 927 Nec
1087 889 1219 928 vero
1252 872 1429 931 semel
1464 889 1690 929 errasse
1722 876 2052 939 contentus,

409 962 653 1034 insuper
668 960 1041 1035 Hugbaldum
1080 962 1471 1034 Dilingensem
1504 962 1774 1017 comitem
1803 978 1895 1016 an.
1919 963 2056 1015 1170

407 1050 752 1106 defunctum
784 1053 1008 1120 patrem
1042 1050 1247 1104 statuit
1276 1050 1525 1105 Udalrici
1553 1049 2054 1107 [Constantiensis

407 1138 689 1211 episcopi,
725 1138 822 1210 qui
849 1139 972 1209 jam
1007 1156 1079 1193 an
1116 1140 1251 1194 1127
1302 1139 1565 1210 adeoque
1612 1140 1683 1194 43
1724 1155 1876 1194 anno
1921 1142 2054 1193 ante

409 1231 766 1299 prastensum
798 1231 1023 1297 patrem
1054 1226 1169 1281 fato
1202 1226 1398 1282 cessit.

480 1317 661 1380 Quem
717 1332 886 1387 porro
940 1315 1370 1370 Hartmannum
1429 1314 1523 1370 hic
1572 1314 1880 1386 intelligat,
1929 1314 2053 1385 ipse

408 1404 656 1477 scriptor
675 1402 714 1459 Ι.
741 1403 809 1469 II,
830 1421 887 1457 n.
915 1404 1004 1471 36,
1030 1403 1241 1474 prodit,
1278 1402 1374 1457 ubi
1418 1403 1845 1458 Hartmannum
1875 1404 2054 1458 senio-

408 1510 525 1550 rem
555 1491 826 1548 comitem
874 1492 945 1547 de
988 1490 1275 1563 Dilingem
1326 1490 1493 1546 illum
1520 1496 1704 1558 vocat,
1738 1491 1837 1562 qui
1862 1508 2055 1545 emno-

407 1583 571 1638 bium
603 1580 937 1637 Neresheim
970 1597 1065 1636 an.
1102 1581 1243 1635 1095
1271 1579 1554 1635 condidit.
1590 1580 1644 1634 Is
1677 1585 1871 1635 autem
1907 1583 2054 1635 teste

405 1669 689 1728 Bruscbio
718 1669 779 1723 in
811 1668 1060 1723 historia
1088 1667 1248 1723 illius
1271 1668 1632 1737 monasterii,
1660 1673 1715 1723 et
1744 1666 2054 1740 Stringelio

405 1761 466 1816 in
499 1756 1007 1828 Monasteriologia
1038 1758 1191 1828 (Vid.
1245 1758 1448 1813 Franc.
1501 1757 1650 1812 Petri
1703 1757 1899 1812 Suevz'a
1956 1758 2054 1811 Ec-

404 1849 554 1915 cles.,
588 1864 642 1919 p.
680 1846 831 1917 63i),
864 1845 1151 1917 Hugbaldi
1180 1846 1371 1916 quarti
1421 1845 1653 1901 comitis
1697 1845 2052 1918 Dilingensis

405 1937 565 1993 illius
594 1940 739 2002 erat,
775 1935 997 1990 marius
1018 1933 1347 1990 Adelheidze
1370 1934 1681 1990 comitissaa
1709 1935 1780 1989 de
1812 1935 2051 2006 Kiburg,

404 2031 570 2099 pater
590 2024 843 2081 Udalrici
865 2023 1120 2096 episcopi
1136 2023 1626 2088 Constantiensis,
1640 2023 2053 2080 etHartmauni

395 2114 652 2187 junioris
676 2131 689 2169 :
718 2130 845 2185 quae
871 2111 1070 2168 omnia
1093 2128 1226 2167 cum
1266 2115 1464 2166 nostro
1486 2111 1792 2167 Annalista
1812 2128 2050 2166 concor-

404 2206 560 2260 dant.
605 2203 713 2257 Sed
766 2206 822 2257 et
864 2200 1137 2256 Velserus
1186 2204 1245 2255 in
1292 2200 1424 2254 Vita
1472 2200 1530 2255 S.
1586 2200 1840 2255 Udalrici
1895 2201 2049 2271 (Opp.

401 2309 458 2363 p.
477 2292 605 2363 589)
634 2291 1061 2345 Hartmannum
1080 2286 1416 2343 Adelheidis
1437 2287 1715 2343 maritum
1738 2287 1808 2342 ad
1832 2304 2051 2343 annum

407 2380 545 2434 1073
570 2382 752 2443 notat,
781 2380 1008 2448 patrem
1031 2374 1374 2430 Hartmanni
1398 2378 1456 2429 et
1495 2374 1745 2429 Udalrici
1770 2376 2050 2430 Constan-

404 2467 612 2522 tiensis
642 2464 918 2536 episcopi,
950 2480 1120 2518 avum
1170 2480 1302 2517 vero
1349 2462 1590 2531 Alberti,
1638 2464 1791 2534 quod
1838 2465 2054 2534 pariter

403 2570 539 2610 cum
570 2553 852 2608 Chronico
884 2555 1082 2606 nostro
1115 2550 1266 2606 facit.
1313 2550 1645 2622 Utrumque
1696 2551 1851 2607 hunc
1883 2553 2052 2607 Hart-

405 2658 691 2699 mannum
718 2640 887 2696 nobis
917 2639 1075 2694 sistit
1104 2639 1498 2704 Burckardus,
1530 2640 1601 2694 de
1632 2641 1763 2696 Cas.
1788 2640 1847 2695 S.
1880 2640 2048 2710 Galli,

404 2749 455 2788 c.
506 2734 562 2799 7,
621 2731 692 2786 de
747 2727 1121 2784 Udalricolil
1181 2728 1388 2783 abbate
1459 2727 1581 2782 haec
1638 2729 2048 2800 perscribens:

410 2844 438 2871 «
470 2820 746 2891 beburg
776 2818 1084 2887 cujusdam
1110 2817 1391 2872 ditissimi
1422 2816 1651 2871 comitis
1682 2818 2051 2884 Hartmanni,

407 2909 561 2981 regis
584 2907 834 2963 Heinrici
853 2905 1220 2961 infestissimi
1239 2905 1447 2971 hostis,
1469 2922 1602 2960 cum
1626 2905 1828 2962 multis
1850 2907 2051 2978 spoliis

407 3013 632 3068 suoque
655 2995 772 3051 ﬁlio
794 3000 983 3066 capto,
1002 2994 1304 3049 castellum
1328 2995 1474 3050 satis
1487 2994 1802 3049 munitium
1818 2996 1876 3049 in
1894 2996 2053 3051 llam-

408 3103 537 3141 mas
567 3085 890 3150 destruxit;
928 3107 954 3133 ››
986 3084 1137 3154 quod
1170 3100 1322 3138 anno
1369 3084 1504 3137 1079
1550 3083 1658 3138 sub
1708 3083 1951 3140 Henrico
1982 3084 2053 3139 1V

404 3172 765 3246 imp.contigi
775 3171 1778 3243 t.Undecolligimus,Hartmannum
1788 3172 1911 3241 jam
1926 3176 2049 3227 tum

2168 609 2331 663 ribus
2360 610 2536 664 etiam
2567 609 2690 681 agit
2718 607 3014 665 Ortliebus
3040 609 3122 664 De
3140 609 3365 667 fundat.
3396 614 3654 666 mouast.
3686 611 3839 666 Zwi-

2167 695 2314 762 falt.,
2348 715 2398 752 ο.
2434 699 2500 752 19
2534 699 2689 770 apud
2724 698 2785 753 P.
2835 698 2981 754 Hess
3026 698 3269 767 (Monum
3317 698 3543 770 Guelph.
3575 716 3634 771 p.
3677 700 3832 768 192).

2167 783 2271 839 Ubi
2304 784 2563 841 locorum
2595 784 2910 841 monialem
2947 785 3205 841 induerit
3232 786 3404 842 tertia
3442 803 3630 854 soror,
3660 786 3833 844 haud

2165 878 2414 941 constat,
2440 874 2513 930 de
2539 891 2608 930 ea
2637 873 2846 929 saltem
2878 873 3010 930 silet
3039 873 3347 946 Sulgerus,
3370 874 3472 930 ubi
3493 874 3534 931 I.
3566 892 3620 931 ο.
3653 876 3827 949 p.79,

2163 962 2284 1034 agit
2304 963 2374 1018 de
2397 962 2710 1018 comitibus
2732 962 2791 1017 in
2814 962 3253 1035 Gamertingen,
3282 963 3383 1034 qui
3406 962 3585 1019 simul
3604 963 3829 1020 Achel-

2164 1050 2292 1104 miae
2324 1052 2668 1107 comitatum
2700 1050 3014 1118 tenuerint,
3051 1049 3215 1106 nulla
3241 1055 3440 1108 tamen
3468 1052 3628 1108 facta
3657 1068 3828 1109 men-

2162 1139 2319 1195 tione
2338 1139 2629 1195 Adelberti
2677 1140 2858 1210 hujus
2890 1140 2961 1194 dc
2989 1138 3253 1195 thalm.
3273 1138 3446 1196 Illum
3478 1140 3689 1197 Lazius
3714 1157 3827 1213 pro

2164 1243 2324 1283 more
2352 1227 2655 1283 Albertum
2693 1226 2979 1297 nominat,
3031 1242 3336 1299 perperam
3388 1243 3547 1296 vero,
3597 1232 3666 1283 ut
3689 1228 3826 1299 jam

2164 1316 2525 1382 monuimus,
2573 1315 2916 1371 Hartmanni
2972 1315 3044 1371 IV
3101 1314 3455 1387 Dilingensis
3494 1315 3712 1384 filium,
3767 1320 3830 1373 et

2163 1404 2401 1475 quidem
2423 1404 2533 1460 sub
2555 1405 2761 1464 Ottone
2784 1404 2829 1460 II
2866 1404 3004 1476 imp.
3030 1420 3097 1459 ac
3135 1404 3191 1459 S.
3218 1403 3549 1477 Wolfgangi
3572 1405 3825 1461 fratrem

2163 1496 2264 1547 aut
2293 1492 2625 1548 fratruelem
2658 1491 2830 1559 facit;
2864 1496 2988 1547 erat
3017 1491 3173 1547 enim
3230 1491 3579 1549 Hartmanni
3639 1492 3825 1551 istius

2164 1597 2279 1635 non
2315 1578 2489 1646 ﬁlius,
2524 1581 2623 1635 sed
2656 1597 2724 1635 ex
2755 1579 2875 1636 tilia
2907 1597 3107 1652 nepos,
3131 1597 3235 1636 nec
3257 1582 3316 1637 S.
3340 1581 3678 1655 Wolfgangi
3702 1583 3822 1639 Ra-

2163 1668 2520 1725 tisbonensis
2559 1670 2686 1739 jam
2742 1686 2835 1723 an.
2902 1669 3011 1723 994
3067 1669 3325 1725 defuncti
3376 1674 3661 1741 tempore,
3713 1671 3821 1728 sed

2166 1773 2296 1813 saec.
2328 1774 2409 1812 xu
2440 1756 2699 1829 primum
2746 1756 2943 1812 ﬂoruit
2980 1756 3172 1813 adhuc
3223 1758 3376 1813 circa
3418 1774 3451 1815 a
3483 1759 3649 1825 1131,
3695 1777 3820 1832 quo

2165 1849 2370 1900 auctor
2389 1844 2644 1916 scripsit,
2668 1850 2985 1917 superstes,
3010 1846 3091 1900 uti
3116 1850 3174 1901 et
3210 1847 3388 1902 frater
3421 1847 3553 1918 ejus
3582 1846 3819 1905 Uldari-

2164 1951 2266 1989 cus
2295 1935 2366 1989 de
2391 1934 2827 2005 Gamertingen.
2872 1938 3037 1988 Hunc
3067 1933 3231 1989 illum
3282 1951 3413 1991 esse
3434 1936 3713 2007 arbitror,
3744 1938 3820 1993 de

2163 2040 2279 2094 quo
2312 2023 2393 2077 ita
2416 2022 2785 2077 Burckardus
2807 2022 2877 2077 de
2899 2024 3029 2079 Cas.
3060 2025 3117 2076 S.
3143 2022 3293 2077 Galli
3326 2039 3378 2080 ο.
3410 2024 3447 2076 9
3475 2046 3505 2073 ‹‹
3539 2030 3819 2082 mortuus

2161 2116 2251 2167 est
2281 2111 2521 2183 quidam
2553 2111 2867 2166 advocatus
2896 2110 3078 2183 hujus
3125 2110 3416 2178 Ecclesiae,
3465 2112 3818 2170 Vodalricus

2163 2200 2419 2264 nomine,
2454 2200 2524 2255 de
2554 2199 2987 2271 Gamertingen,
3021 2215 3087 2255 ac
3118 2199 3272 2255 ﬁlius
3300 2201 3430 2269 ejus
3452 2200 3638 2257 adhuc
3660 2218 3822 2272 puer

2161 2289 2361 2347 eodem
2386 2289 2519 2359 jure
2550 2289 2754 2343 mortis
2786 2288 3028 2359 rapitur,
3062 2292 3119 2343 et
3137 2289 3209 2343 ab
3242 2289 3452 2345 abbate
3480 2289 3816 2350 Wernhero

2162 2377 2262 2449 qui
2294 2377 2446 2431 circa
2467 2394 2560 2431 an.
2590 2376 2726 2431 1166
2766 2375 2910 2432 obiit
2958 2392 3154 2433 comes
3182 2377 3507 2433 Ruodolfus
3538 2378 3610 2435 de
3660 2379 3820 2435 Pful.

2161 2466 2435 2521 mendorf
2448 2464 2532 2519 illi
2564 2464 2964 2520 substituitur.
2998 2488 3026 2514 »
3056 2465 3137 2520 De
3169 2464 3418 2521 Rudolfo
3462 2466 3817 2525 Pfulendor-

2163 2554 2308 2609 fensi
2340 2554 2550 2609 comite
2581 2553 2732 2608 infra
2777 2553 2807 2623 ξ
2852 2554 2920 2608 24
2973 2553 3186 2608 redibit
3231 2569 3445 2610 sermo.
3501 2555 3816 2616 Udalricus

2161 2642 2358 2721 istein
2387 2640 2723 2713 Necrologio
2762 2640 3013 2696 Zwifalt.
3045 2642 3131 2710 (P.
3173 2641 3342 2698 Hass.
3375 2643 3601 2699 Monum
3632 2644 3812 2721 Guelf.

2162 2748 2217 2803 p.
2250 2731 2378 2802 251)
2410 2729 2623 2802 legitur
2650 2746 2684 2784 v
2714 2730 2860 2785 Non.
2892 2729 3118 2797 Octob.,
3150 2731 3237 2785 uti
3262 2734 3436 2787 etxrv
3457 2732 3586 2788 Kal.
3607 2732 3815 2791 Octob.

2162 2826 2325 2892 pater
2351 2820 2499 2889 ejus.
2534 2842 2562 2867 «
2599 2818 2827 2874 Ulrieus
2872 2834 3067 2874 comes
3116 2819 3189 2874 de
3234 2819 3682 2893 Gamirtingen;
3716 2823 3817 2880 hic

2161 2925 2295 2964 cum
2325 2912 2486 2980 patre
2511 2905 2768 2962 Arnoldo
2813 2906 3024 2962 comite
3073 2906 3133 2961 in
3182 2911 3381 2963 nostro
3431 2909 3691 2981 capitulo
3723 2916 3820 2969 est

2160 2995 2510 3052 tumulatus.

2236 3086 2388 3142 292
2419 3086 2449 3156 ξ
2479 3083 2673 3139 XXIII.
2705 3083 2838 3139 Jam
2871 3083 2943 3139 ad
2978 3083 3222 3141 comites
3242 3085 3529 3157 Brigantii
3558 3092 3820 3146 reverta-

2165 3192 2317 3241 mur,
2352 3173 2450 3229 ubi
2474 3177 2587 3228 Uzo
2610 3190 2710 3228 seu
2734 3172 3042 3228 Udalricus
3080 3174 3137 3229 S.
3166 3174 3462 3230 Gebhardi
3505 3181 3674 3248 pater
3693 3179 3819 3250 pri-

407 3243 590 3319 fuisse
612 3243 851 3334 Kiburgi
883 3260 1154 3315 comitem
1185 3261 1257 3315 ob
1290 3258 1667 3316 Adelheidem
1713 3262 2047 3332 conjugem,
2080 3243 2123 3310 C
2163 3281 2296 3319 mus
2317 3262 2512 3318 sedem
2535 3261 2678 3328 ﬁxit,
2703 3261 2901 3332 ibique
2922 3262 3050 3331 ejus
3071 3262 3382 3333 posteritas
3403 3243 3819 3325 adhucaucto-

404 3350 699 3407 Adelberti
732 3349 916 3422 patris
947 3349 1071 3405 sine
1116 3349 1378 3404 mascula
1425 3348 1586 3421 prole
1634 3366 1731 3404 an.
1776 3350 1914 3403 1053
1944 3350 2050 3404 de-

406 3439 591 3496 functi
644 3439 954 3504 baredem,
1005 3442 1249 3493 matrem
1306 3437 1649 3493 Hartmanni
1689 3438 1946 3507 junioris
1994 3444 2049 3494 et

402 3527 716 3593 Adelberti,
749 3526 848 3599 qui
880 3525 1039 3581 fratri
1072 3530 1205 3580 ante
1236 3526 1463 3581 obitum
1494 3526 1782 3581 monacho
1824 3526 1973 3581 facto
1994 3530 2051 3582 et

404 3634 499 3672 an.
527 3616 665 3672 1134
689 3619 918 3671 mortuo
940 3615 1223 3670 successit
1254 3614 1309 3668 in
1338 3618 1586 3686 utroque
1626 3615 1930 3679 comitatu,
1963 3618 2047 3670 to-

402 3706 522 3762 tius
545 3704 763 3761 scilicet
784 3703 1118 3777 patrimonii
1140 3712 1193 3759 el
1208 3703 1568 3759 matrimonii
1585 3704 1765 3757 bam-es
1785 3704 2044 3758 elfectus.

400 3794 567 3850 Hunc
597 3786 824 3862 Laziu's,
859 3811 915 3865 p.
949 3794 1056 3848 535
1093 3797 1151 3848 et
1190 3794 1319 3857 559,
1372 3791 1523 3847 male
1567 3791 1874 3847 confundit
1916 3809 2045 3846 cum

401 3883 581 3938 altero
602 3882 908 3938 Adelberto
931 3882 1003 3936 de
1027 3880 1294 3943 Achalm,
1320 3898 1495 3952 quem
1531 3884 1735 3936 auctor
1754 3885 1953 3935 noster
1982 3897 2050 3935 ex

401 3989 520 4028 una
549 3971 803 4027 filiarum
835 3970 974 4026 dicti
1002 3970 1347 4027 Hartmanni
1394 3970 1659 4042 genitum
1708 3968 1931 4037 scribit,
1963 3970 2047 4024 uti

403 4077 538 4117 mox
568 4059 919 4115 videbimus.

473 4149 623 4204 20!
660 4148 690 4219 §
722 4148 892 4203 XXII.
958 4148 1166 4203 Prmter
1187 4151 1540 4203 memoratos
1563 4151 1680 4202 tres
1704 4146 2048 4202 Hartmanni

401 4234 661 4291 Senioris
684 4235 835 4289 ﬁlios
856 4235 1096 4289 totidem
1118 4235 1311 4289 adhuc
1340 4234 1609 4304 ejusdem
1634 4251 1701 4288 ex
1732 4235 2051 4291 Adelheida

401 4321 781 4387 Vitodurana,
807 4338 906 4377 seu
922 4320 1267 4392 Kiburgensi
1283 4321 1435 4376 ﬁlias
1449 4320 1711 4391 assignat
1732 4326 1759 4374 λ
1772 4323 2049 4391 nnalista,

405 4431 434 4460 «
469 4425 596 4480 quae
628 4409 821 4475 modo,
854 4408 1066 4479 inquit,
1098 4409 1160 4462 in
1192 4408 1619 4462 sanctimoniali
1654 4408 1857 4465 habitu
1890 4427 2050 4468 com-

405 4501 731 4564 morantur,
746 4513 993 4567 quarum
1020 4512 1137 4549 una
1159 4495 1360 4566 genuit
1380 4494 1754 4551 Vodalricum
1777 4500 2049 4556 comitem

2159 3353 2239 3408 ris
2269 3356 2528 3422 tempore
2555 3367 2685 3405 saec.
2718 3366 2795 3404 xu
2827 3350 3041 3405 floruit.
3074 3350 3156 3407 De
3176 3351 3406 3408 seniore
3427 3354 3561 3424 ejus
3592 3372 3820 3429 cogno-

2159 3441 2315 3496 mine
2349 3439 2466 3494 filio
2497 3442 2553 3494 et
2581 3439 2641 3493 in
2673 3438 2950 3494 comitatu
2973 3454 3330 3507 successore,
3355 3442 3647 3500 nonnulla
3665 3445 3820 3501 dixi-

2159 3546 2293 3584 mus
2322 3544 2498 3599 supra
2528 3528 2558 3599 ἓ
2590 3528 2676 3589 17,
2708 3526 2875 3581 illum
2930 3544 3026 3583 an.
3077 3529 3184 3582 978
3233 3528 3449 3586 obiisse
3496 3534 3817 3605 suspicati.

2159 3617 2222 3672 In
2245 3615 2448 3671 charta
2470 3613 2786 3669 Eberhardi
2803 3614 3059 3687 episcopi
3082 3615 3550 3676 Constantiensis
3571 3639 3647 3677 an
3678 3624 3819 3680 1043

2157 3704 2423 3775 (infra,.l.
2458 3702 2583 3775 11,§
2625 3704 2703 3775 10)
2729 3703 2880 3758 inter
2908 3706 3091 3759 testes
3139 3705 3328 3777 primo
3376 3706 3505 3765 loco
3556 3714 3819 3769 occurrit

2159 3793 2463 3849 Udalricus
2505 3792 2896 3858 Brigantinus,
2946 3794 3046 3864 qui
3097 3795 3362 3864 ejusdem
3414 3796 3577 3855 ﬁlius
3626 3800 3817 3859 fuisse

2157 3884 2406 3946 videtur,
2438 3887 2496 3936 et
2524 3880 2670 3935 forte
2701 3881 2750 3935 is
2780 3880 2928 3953 ipse,
2960 3882 3059 3953 qui
3091 3882 3300 3939 infra].
3327 3902 3389 3954 ιι,
3415 3885 3561 3959 §20,
3586 3906 3816 3948 memo-

2158 3973 2322 4027 ratur
2352 3992 2378 4019 ‹‹
2415 3967 2718 4024 Udalricus
2745 3969 2947 4026 Senior
2983 3987 3177 4027 comes
3227 3972 3609 4047 Brigantinus
3644 4001 3664 4028 ι
3698 3983 3816 4036 Pe-

2157 4055 2437 4114 tershusii
2468 4055 2528 4111 in
2549 4054 2804 4112 claustro
2827 4056 3126 4129 sepultus:
3153 4058 3347 4115 Senior
3384 4065 3584 4120 autem
3614 4065 3817 4123 dictus

2158 4149 2425 4217 respectu
2456 4143 2717 4211 alterius,
2751 4145 2896 4201 forte
2926 4147 3057 4217 ejus
3080 4146 3207 4216 filii,
3240 4154 3342 4205 aut
3362 4153 3594 4222 nepotis
3616 4155 3822 4226 potius

2159 4234 2290 4306 (vid.
2315 4233 2555 4289 schema
2582 4232 2912 4306 genealog.)
2943 4235 3046 4306 qui
3078 4252 3174 4290 an.
3211 4237 3350 4292 1097
3397 4238 3542 4294 obiit
3571 4256 3642 4296 ex
3674 4242 3830 4313 Ber-

2157 4322 2360 4378 tholdo
2380 4322 2807 4377 Constantiensi
2828 4322 2898 4377 in
2925 4323 3231 4391 Chronico,
3260 4326 3359 4381 ubi
3391 4326 3503 4383 hoc
3540 4330 3593 4384 ei
3624 4330 3820 4405 elogio

2159 4414 2428 4484 parentat
2454 4427 2466 4465 :
2486 4408 2793 4466 Udalricus
2806 4428 3003 4467 comes
3018 4413 3530 4483 praeclarissimas,
3553 4417 3614 4473 in
3637 4434 3824 4479 causa

2160 4501 2219 4556 S.
2244 4500 2394 4555 Petri
2419 4504 2620 4555 contra
2645 4498 3053 4556 schismaticos
3076 4508 3478 4575 propugnator
3507 4505 3827 4567 ferventis-

404 4587 477 4641 de
506 4583 909 4656 Gamirtingen
959 4588 1015 4638 et
1056 4582 1425 4672 AAdilbertuim
1475 4584 1547 4638 de
1592 4584 1917 4654 Achalmin,
1946 4589 2047 4660 qui
2080 4607 2125 4672 Ι)
2156 4589 2367 4653 simus,
2401 4587 2552 4643 heu!
2588 4588 2730 4643 satis
2762 4589 3082 4645 immatura
3113 4596 3321 4659 morte,
3356 4594 3458 4649 sed
3488 4611 3629 4651 cum
3661 4597 3826 4655 bona

406 4674 580 4729 ambo
601 4672 795 4728 adhuc
815 4673 932 4728 vita
950 4670 1272 4743 potiuntur.
1300 4693 1326 4719 ››
1352 4671 1568 4726 Horum
1588 4678 1853 4744 matrem,
1878 4679 2050 4749 cujus

407 4778 618 4818 nomen
658 4759 791 4816 silet
825 4765 1042 4823 noster,
1098 4758 1341 4813 Crusius
1383 4760 1612 4827 (Annal.
1665 4780 1719 4834 p.
1778 4782 1839 4831 ιι,
1892 4766 1928 4821 l.
1971 4784 2047 4832 Ix,

406 4868 457 4907 c.
488 4851 582 4919 20)
600 4849 986 4906 'Adelbeidem
1021 4851 1206 4914 vocat,
1240 4845 1419 4903 ﬁliam
1470 4849 1812 4907 Hartmanni
1854 4855 1923 4909 de
1958 4856 2048 4910 Di-

406 4937 624 5010 lingen,
654 4954 913 4994 sororem
956 4933 1211 4991 Udalrici
1264 4934 1723 4995 Constantiensis
1770 4942 2047 5015 episcopi,

408 5043 647 5081 uxorem
679 5042 812 5080 vero
844 5022 1098 5078 Udalrici
1131 5022 1359 5078 comitis
1400 5025 1469 5079 de
1518 5026 1950 5100 Gamertingen,
1982 5048 2053 5087 ex

411 5130 527 5185 quo
559 5112 807 5167 alterum
841 5108 1176 5166 Udalricum
1227 5113 1549 5183 progenuit,
1604 5120 1660 5169 et
1703 5133 1857 5172 anno
1891 5119 2049 5186 1101,

411 5199 810 5256 consentiente
842 5202 943 5253 aut
992 5202 1218 5253 mortuo
1255 5199 1380 5269 jam
1426 5201 1651 5259 marito.
1688 5205 1960 5261 monialis
1990 5207 2051 5261 in

410 5286 714 5343 Zwifalten
739 5286 888 5340 facta
906 5291 1031 5358 post
1052 5286 1293 5359 triginta
1345 5305 1548 5358 annos,
1568 5308 1621 5344 a.
1647 5290 1668 5345 Ι
1687 5293 1806 5358 131,
1828 5292 2053 5350 desces-

318 5360 327 5381 ’
416 5374 512 5444 sit,
539 5376 605 5427 ut
628 5373 802 5429 refert
824 5378 884 5430 P.
909 5376 1187 5432 Arsenius
1205 5375 1408 5449 Sulger
1446 5378 1505 5433 in
1543 5378 1869 5436 Annalibus
1899 5382 2052 5437 Zwi-

417 5457 538 5513 fait.
563 5462 605 5514 t.
631 5459 673 5527 Ι,
697 5463 841 5531 p.57
871 5467 925 5516 et
956 5465 1042 5519 77.
1098 5464 1243 5520 Huic
1281 5465 1524 5522 alteram
1574 5467 1789 5537 pariter
1835 5468 2052 5525 ibidem

419 5547 728 5604 monialem
799 5553 1064 5626 adjungit
1142 5553 1481 5624 Iledwigcm
1517 5570 1619 5610 seu
1651 5555 2048 5631 Hadewigem,

419 5634 769 5715 tandemque
798 5658 864 5700 ex
893 5641 1134 5725 Sulgero
1157 5641 1198 5701 1.
1233 5657 1281 5700 ο.
1309 5640 1668 5703 abbatissam
1689 5642 1749 5700 in
1773 5644 2050 5706 Edelstet-

2160 4674 2524 4734 confessione
2556 4674 2710 4731 diem
2741 4673 2954 4732 clausit
2998 4681 3349 4748 extremum,
3399 4685 3458 4736 et
3498 4684 3661 4754 apud
3696 4685 3824 4741 Bri-

2159 4763 2450 4837 gantiam,
2479 4762 2576 4818 ubi
2611 4763 2734 4835 ipse
2766 4764 3151 4822 monasticam
3187 4766 3362 4824 vitam
3398 4769 3683 4837 instituit,
3716 4773 3824 4830 b.0-

2161 4852 2399 4908 noriﬁce
2422 4850 2703 4923 sepelitur
2732 4869 2788 4907 v1
2823 4852 3062 4909 Kalend.
3096 4855 3238 4911 Nov.
3275 4879 3302 4905 »
3347 4857 3603 4915 Notatur
3632 4861 3827 4933 pridie

2160 4940 2340 5011 hujus
2361 4940 2474 4995 diei
2506 4939 2565 4994 in
2608 4939 2783 4995 citato
2806 4941 3166 4999 Zwifaltensi
3197 4944 3566 5019 Necrologio,
3604 4950 3829 5013 Ulricu:

2158 5044 2330 5084 comes
2358 5028 2422 5083 de
2455 5030 2752 5097 Brigantia
2782 5029 2838 5084 in
2874 5029 3300 5089 Petersbusano
3326 5032 3503 5105 plane
3533 5037 3825 5097 omissus.

2162 5116 2364 5171 Mortis
2386 5117 2513 5186 ejus
2534 5132 2719 5188 genus
2741 5118 3358 5178 describitChronicon
3382 5127 3714 5182 nostruml.
3739 5144 3827 5195 In,

2161 5204 2191 5276 §
2211 5204 2302 5269 23,
2319 5204 2417 5258 ubi
2441 5202 3828 5283 ﬁliiquoqueipsiusenumeranturRodolfuset,

2162 5291 2491 5356 Udalricus,
2523 5309 2591 5347 ex
2622 5293 2833 5350 Bertha
2863 5296 3091 5352 Rodolfi
3115 5298 3477 5356 anticmsaris
3503 5308 3565 5358 et
3584 5305 3829 5362 comitis

2162 5379 2632 5436 Rheinfeldensis
2650 5382 2794 5449 ﬁlia,
2818 5383 2879 5439 iu
2902 5388 3151 5457 utroque
3181 5387 3336 5444 dicto
3371 5389 3724 5468 Necrologio
3754 5393 3829 5450 ad

2163 5469 2318 5525 diem
2343 5470 2415 5524 20
2445 5471 2710 5527 Januarii
2735 5473 3030 5543 adnotata,
3065 5475 3239 5545 cujus
3268 5476 3450 5535 etiam
3483 5482 3714 5554 nuptias
3744 5500 3832 5541 rs-

2163 5557 2429 5613 feruntur
2452 5557 2489 5611 l.
2517 5576 2600 5626 ιιι,
2628 5561 2658 5631 §
2688 5561 2774 5615 21.
2802 5562 2880 5617 De
2911 5564 3112 5619 eodem
3140 5563 3411 5624 Udalrico
3432 5568 3559 5625 haec
3582 5570 3835 5646 insuper

2163 5646 2366 5707 scribit
2394 5646 2549 5705 idem
2607 5647 2957 5711 Bertholdus
3013 5652 3318 5715 Constant.
3378 5656 3454 5716 ad
3515 5674 3615 5720 an.
3671 5660 3829 5728 1093.
