3982 6216
120 328 241 388 297

962 327 1406 390 CHRONICON
1457 324 2168 400 PETERSHUSANUM.
2207 364 2278 371 ——
2317 327 2728 390 PROOEMIA.

3425 335 3542 398 298

125 481 154 509 ‹‹
189 460 319 515 Dux
351 459 543 515 Welfo
575 463 634 514 et
665 476 862 517 comes
907 460 1214 517 Udalricus
1263 461 1334 517 de
1381 461 1700 535 Brigantia,
1734 465 1793 518 et
1821 462 1878 529 Α
1905 465 2165 533 tempore
2197 479 2297 518 seu
2347 480 2398 518 a.
2450 462 2590 518 1102
2637 467 2902 535 nepotem
2947 465 3073 534 jam
3122 465 3554 522 adolescentem

131 547 232 603 alii
265 549 658 621 quamplures
692 548 1052 604 omnimodis
1101 566 1163 605 se
1213 550 1461 605 invicem
1511 549 1798 606 incendiis

129 639 438 694 devastare
485 638 755 711 aggressi
808 642 964 692 sunt.
1021 660 1048 686 »
1097 639 1350 694 Causam
1402 638 1630 693 dissidii
1685 656 1799 694 non

129 726 353 798 prodit,
381 726 518 782 inde
551 727 702 782 forte
735 727 887 782 enati
938 728 1090 798 quod
1133 729 1260 798 jam
1309 732 1436 782 tum
1495 727 1554 782 in
1605 732 1798 798 partes

128 815 382 872 Caesaris
413 815 728 871 inclinaret
757 815 966 884 Welfo,
1001 815 1086 870 uti
1119 817 1190 870 de
1222 833 1287 871 eo
1333 818 1508 871 refert
1539 815 1798 872 Berthol-

129 905 246 960 dus
280 921 376 958 an.
411 905 571 970 1095,
605 921 640 959 a
662 903 883 974 quibus
908 903 1265 959 abhorrebat
1298 902 1622 970 Udalricus,
1656 920 1797 974 pon-

129 991 282 1047 tiﬁci
314 993 606 1048 addictus.
638 991 829 1046 Aliam
879 992 1047 1047 atl‘ert
1093 996 1155 1046 P.
1211 993 1355 1047 lless
1403 994 1568 1060 (Μοη.
1620 992 1794 1062 Guelf.

131 1099 194 1154 p.
234 1081 386 1151 159),
411 1082 565 1152 quod
587 1080 718 1136 Otto
741 1079 986 1136 ultimus
1011 1096 1208 1136 comes
1244 1081 1302 1135 in
1353 1081 1654 1136 Buochord
1683 1081 1794 1135 hie-

131 1169 465 1226 reditatem
494 1185 661 1224 suam
691 1168 931 1224 cesserit
964 1168 1234 1236 Welfoni,
1278 1170 1360 1224 uti
1414 1177 1608 1224 narrat
1657 1186 1797 1224 ano-

138 1275 368 1331 nymus
397 1257 858 1330 Weingartensis
892 1274 941 1312 c.
973 1259 1026 1312 8.
1061 1257 1089 1331 ἒ
1118 1259 1150 1311 3
1181 1258 1364 1329 (11nd,,
1397 1260 1588 1330 p.18),
1619 1274 1796 1328 quam

135 1351 350 1402 tamen
391 1345 505 1400 sibi
552 1346 744 1417 potius
786 1347 923 1416 jure
969 1345 1426 1418 propinquitatis
1471 1352 1797 1418 competere

134 1433 500 1490 existimarit
524 1433 827 1490 Udalricus
849 1434 1246 1506 Brigantinus.
1274 1434 1476 1490 Utrum
1493 1440 1688 1490 autem
1704 1435 1798 1490 hic

136 1522 399 1579 Udalrici
433 1522 684 1578 senioris
715 1522 893 1590 ﬁlius,
937 1527 1037 1577 aut
1083 1523 1274 1595 magis
1321 1540 1388 1578 ex
1437 1524 1646 1578 Ottone
1677 1523 1798 1578 ﬁlio

136 1627 324 1685 nepos
347 1610 634 1666 dicendus
657 1611 754 1677 sit,
776 1610 859 1666 uti
885 1611 942 1665 in
968 1612 1231 1682 sequenti
1267 1611 1564 1667 schemate
1586 1627 1798 1684 genea-

133 1701 328 1772 logico
359 1700 571 1756 merito
603 1699 996 1772 suspicamur,
1048 1700 1180 1755 aliis
1227 1701 1676 1772 disquirendum
1711 1717 1797 1756 re-

145 1789 502 1860 linquimus.

209 1879 365 1935 298
397 1878 428 1950 §
457 1877 651 1933 XXIV.
695 1877 1027 1933 Udalricum
1074 1878 1131 1932 in
1204 1878 1391 1949 Augia
1454 1878 1793 1949 Brigantina

135 1969 386 2038 majore,
423 1983 529 2022 seu
562 1967 848 2031 Mererau,
876 1966 974 2021 ubi
1009 1965 1283 2037 sepultus
1304 1971 1412 2032 est,
1454 1967 1632 2022 vitam
1667 1984 1794 2023 mo-

133 2057 428 2112 nasticam
465 2055 824 2120 instituisse,
856 2072 988 2110 cum
1024 2054 1334 2110 Bcrtholdo
1381 2055 1598 2127 pariter
1627 2057 1793 2111 chro-

135 2145 488 2218 nographus
518 2149 720 2200 noster
748 2149 1017 2210 testatur,
1048 2143 1086 2198 l.
1123 2162 1206 2213 ιιι,
1235 2145 1265 2216 §
1289 2145 1353 2198 19
1375 2161 1523 2215 seq.,
1549 2161 1651 2198 nec
1679 2162 1793 2199 non

137 2235 465 2291 Bruscbius
488 2233 706 2305 aliique
727 2249 860 2288 eum
884 2231 1086 2296 secuti,
1119 2238 1185 2288 ut
1222 2238 1417 2288 tamen
1460 2233 1579 2288 haec
1605 2235 1674 2289 de
1705 2251 1795 2290 se-

137 2325 341 2380 cunda
389 2323 756 2390 fundatione,
806 2337 906 2376 seu
958 2321 1158 2398 prima:
1207 2321 1434 2392 pridem
1473 2322 1599 2392 jam
1633 2322 1794 2378 factae

137 2411 574 2469 restauratione
624 2410 840 2466 rectius
885 2409 1231 2482 intelligant.
1296 2411 1583 2466 Aberrant
1637 2428 1793 2480 vero,

142 2502 297 2556 dum
319 2499 377 2554 id
402 2500 470 2554 ad
494 2514 714 2553 annum
743 2499 880 2552 1098
900 2499 1273 2571 consignant,
1298 2499 1552 2570 quojam
1577 2498 1799 2554 obierat

139 2587 478 2654 Udalricus,
499 2603 671 2658 quem
687 2585 990 2659 Brigantiae
1009 2586 1185 2642 simul
1200 2592 1256 2641 et
1272 2587 1601 2642 Rhaztorum
1622 2587 1798 2642 comi-

136 2685 258 2735 tem
274 2681 436 2733 statu
447 2681 569 2742 unt,
590 2676 742 2748 quod
759 2676 888 2745 ejus
901 2676 1211 2731 comitatus
1231 2676 1288 2729 in
1309 2675 1591 2730 Rhaetiam
1609 2691 1797 2746 usque

138 2785 269 2824 sese
299 2764 651 2830 extenderit,
684 2768 752 2818 ut
782 2768 940 2835 patet
985 2781 1053 2820 ex
1100 2763 1419 2835 diplomate
1462 2763 1694 2818 Henrici
1725 2763 1795 2819 IV

135 2873 242 2929 pro
273 2853 637 2910 monasterio
669 2851 1003 2907 Fabariensi
1035 2869 1130 2907 an.
1165 2853 1321 2920 1095,
1355 2852 1508 2924 apud
1541 2851 1600 2906 P.
1624 2851 1795 2906 Herr-

133 2949 264 3018 gott
295 2961 356 2999 ιι.
397 2943 524 3008 191,
559 2942 617 2996 in
650 2958 766 3013 quo
810 2940 1075 2997 Curvalia
1121 2942 1178 2995 in
1229 2941 1506 2996 comitatu
1557 2940 1797 2996 Odalrz'cz'

131 3035 354 3090 comitis
395 3031 464 3088 de
491 3032 799 3101 Bragam’ca
822 3030 933 3085 sita
953 3029 1186 3085 dicitur.
1213 3029 1416 3084 Isthmc
1448 3033 1638 3084 restau
1650 3029 1793 3084 ratio

134 3125 196 3178 in
223 3120 422 3179 Gallia
446 3120 688 3187 Christ.,
722 3123 765 3172 t.
797 3118 864 3185 V,
900 3136 955 3190 p.
986 3119 1111 3184 972,
1135 3119 1204 3173 ad
1237 3135 1332 3173 an.
1359 3119 1495 3172 1007
1527 3119 1792 3183 refertur,

1910 550 2121 606 habere
2153 552 2343 622 potuit
2372 553 2591 608 Bertha
2620 552 2778 606 illius
2809 552 2948 608 ﬁlia.

1980 643 2112 704 Qum
2145 640 2322 712 igitur
2351 641 2673 696 Bruschius
2710 640 2749 694 l.
2801 658 2850 696 c.
2899 642 3125 714 scribit,
3175 661 3551 718 nequaquam

1911 729 1982 783 de
2028 729 2274 784 Rudolfo
2323 729 2544 786 sororio
2567 747 2666 784 seu
2692 730 3322 803 Pfullendorfensi,sed
3339 734 3552 806 d‘eipso

1910 817 2155 872 Rudolfo
2170 818 2508 889 Brigantino
2525 818 2903 890 intelligenda
2916 821 3176 885 veniunt,
3195 823 3416 878 Berthez
3432 823 3551 879 tilio

1909 905 2088 976 (Infra
2119 905 2158 975 l,
2194 923 2278 976 ιιι,
2313 907 2341 976 §
2371 908 2502 976 23):
2553 907 2709 962 294
2760 908 2882 978 qui,
2934 914 2999 962 ut
3047 911 3303 964 somniat
3348 911 3551 972 Lazius

1907 1009 1964 1064 p.
1988 994 2114 1060 557,
2139 994 2314 1047 ducta
2336 993 2524 1048 ultimi
2546 995 2776 1049 comitis
2798 1013 2831 1050 a
2863 995 3226 1052 Pfullendorf
3251 1003 3308 1054 et
3329 999 3552 1072 Sigma—

1908 1081 2109 1153 ringen
2136 1081 2797 1147 ﬁlia,locorumillorum
2821 1100 3016 1139 comes
3039 1086 3114 1140 sit
3135 1088 3374 1144 effectus
3398 1107 3410 1156 ;
3436 1107 3553 1162 qua

1906 1169 2062 1222 enim
2078 1168 2298 1224 ratione
2313 1169 2414 1224 ulti
2427 1169 3030 1227 minullendorfensis
3046 1173 3225 1230 ﬁliam
3240 1178 3550 1250 conjugem

1907 1257 2119 1312 habere
2141 1258 2330 1328 potuit
2362 1258 2757 1329 Brigantinus,
2793 1261 2962 1330 cujus
2993 1279 3156 1317 soror
3187 1265 3550 1323 Pfullendor-

1908 1347 2052 1400 fensi
2074 1351 2255 1417 nupta
2277 1345 2523 1401 alterum
2545 1348 2809 1418 ejusdem
2837 1349 3070 1404 familiae
3107 1353 3379 1409 comitem
3413 1371 3551 1425 pro-

1906 1433 2154 1505 genuit?
2185 1435 2296 1488 Nec
2327 1435 2556 1506 uspiam
2592 1436 2905 1490 Itudolfum
2938 1437 3095 1492 hunc
3146 1442 3550 1512 Brigantinum

1908 1522 2178 1577 comitem
2224 1539 2454 1594 quoque
2487 1540 2520 1578 a
2551 1524 2918 1579 Pfullondorf
2943 1527 3313 1598 ~appellatum
3345 1531 3552 1602 reperi,

1909 1611 2008 1666 sed
2041 1627 2233 1665 errore
2265 1612 2554 1666 duntaxat
2587 1613 2978 1668 recentiorum
3011 1616 3362 1687 scriptorum
3396 1624 3552 1675 uter-

1909 1714 2020 1769 que
2052 1698 2108 1752 in
2141 1715 2317 1753 unam
2351 1716 2658 1770 personam
2693 1701 2929 1756 coaluit.
2959 1703 3195 1760 Factum
3220 1707 3277 1761 id
3301 1709 3554 1765 maxime

1912 1791 2001 1840 est
2022 1790 2357 1858 postquam,
2381 1792 2609 1843 mortuo
2635 1789 2881 1844 Rudolfo
2898 1793 3255 1862 Brigantino,
3273 1812 3386 1865 quo
3399 1815 3552 1854 anno

1913 1875 2225 1941 incertum,
2254 1876 2408 1931 bona
2437 1877 2564 1947 e'jus
2595 1878 2664 1932 ad
2719 1878 3028 1934 Radolfum
3080 1883 3148 1937 de
3193 1884 3560 1942 Pfullendorf

1905 1980 2005 2018 ceu
2032 1964 2248 2018 sororis
2271 1982 2388 2019 sua:
2416 1965 2602 2018 ﬁlium
2627 1965 2895 2022 devoluta
2913 1973 3069 2037 sunt,
3100 1987 3131 2023 a
3153 1989 3268 2041 quo
3290 1978 3552 2046 tempore

1904 2051 1999 2106 hic
2023 2053 2193 2106 modo
2217 2069 2411 2107 comes
2451 2053 2845 2123 Brigantinus,
2871 2057 3042 2110 modo
3082 2059 3152 2111 de
3194 2060 3560 2118 Pfullendorf

1905 2145 2298 2211 nuncupatur,
2317 2145 2518 2212 utpote
2532 2141 2837 2213 utriusque
2852 2145 3163 2201 comitatus
3195 2147 3399 2204 hmrcs.
3417 2152 3549 2216 Qua:

1906 2229 2143 2300 quidem
2176 2229 2373 2283 omnia
2405 2234 2603 2300 aperte
2654 2232 3079 2287 confirmantur
3125 2253 3191 2289 ex
3231 2237 3551 2307 diplomate

1907 2316 2180 2372 Friderici
2216 2318 2235 2371 Ι
2269 2317 2408 2388 imp.
2443 2335 2536 2372 an.
2572 2320 2711 2372 1170
2741 2320 2906 2390 (apud
2933 2326 2997 2375 P.
3040 2324 3287 2394 llerrgott
3311 2343 3372 2380 ιι.
3395 2328 3548 2400 240),

1905 2421 2020 2475 quo
2042 2409 2372 2476 susceptam
2408 2407 2479 2460 ab
2515 2407 2779 2477 Eginone
2826 2409 3085 2465 Curiensi
3136 2403 3409 2486 episcopo
3441 2417 3549 2471 Cu-

1906 2493 2157 2549 riensem
2183 2494 2543 2548 advocatiam
2569 2496 2859 2551 Friderico
2884 2497 3002 2552 ﬁlio
3036 2516 3141 2554 suo
3172 2483 3394 2557 Suevizri'
3418 2505 3550 2559 duci

1905 2598 1970 2636 eo
1998 2583 2128 2652 jure
2160 2583 2469 2649 concessit,
2518 2606 2545 2632 «
2581 2601 2695 2655 quo
2745 2601 2871 2640 eam
2923 2604 3116 2643 comes
3167 2591 3451 2648 Rodulfus
3481 2594 3553 2649 de

1907 2670 2208 2741 Bregenze.
2236 2675 2291 2724 et
2315 2673 2688 2742 postmodum
2713 2691 2908 2730 comes
2950 2676 3235 2734 Rudolfus
3257 2681 3326 2734 de
3367 2681 3552 2736 Pbul-

1906 2757 2471 2815 lendorfobtinuisse
2492 2760 2878 2833 dignoscitur,
2913 2787 2940 2813 ››
2965 2767 3067 2836 qui
3092 2767 3186 2822 hic
3206 2769 3381 2824 etiam
3405 2770 3551 2825 sub-

1906 2847 2180 2902 scribitur
2211 2849 2291 2902 uti
2327 2848 2464 2904 etin
2515 2853 2693 2906 altero
2745 2852 2880 2906 anni
2938 2855 3070 2909 1152
3102 2855 3162 2926 (1.
3197 2873 3270 2924 c.,
3309 2876 3368 2913 ιι.
3395 2860 3544 2931 233).

1906 2936 2191 2991 Rodulfus
2220 2941 2413 2993 autem
2448 2939 2743 2994 Curiensis
2792 2958 2892 2996 seu
2944 2944 3322 3014 Brigantinus
3353 2948 3546 3005 adhuc

1905 3041 1998 3080 an.
2034 3026 2169 3079 1127
2205 3029 2439 3081 notatur
2467 3028 2590 3095 (1b.,
2627 3045 2686 3083 ιι.
2718 3031 2866 3100 208).
2902 3035 3018 3086 Iios
3058 3038 3260 3104 postea
3293 3043 3546 3108 mortuo,

1905 3117 1961 3168 et
1982 3113 2245 3169 mascula
2267 3114 2446 3186 stirpe
2469 3117 2940 3187 Brigantinorum
2966 3122 3268 3190 exstincta,
3294 3126 3365 3184 ad
3388 3126 3546 3182 Pful-

140 3213 303 3284 quod
354 3211 508 3264 forte
561 3209 632 3263 de
675 3186 922 3262 ecclesia
969 3224 1034 3262 ex
1070 3205 1366 3277 lapidibus
1389 3207 1686 3261 aediﬁcatri
1718 3208 1790 3262 ab
1824 3186 1866 3252 (ἶ
1905 3199 2304 3257 Ιειιο1οιΐειιεθε
2333 3220 2433 3273 per
2463 3186 2650 3259 ultimi
2674 3206 2992 3278 Brigantini
3027 3209 3231 3280 ﬁliam,
3255 3186 3311 3267 et
3331 3215 3550 3285 pariter

133 3299 418 3356 Udalrico
446 3300 635 3368 empta
665 3295 726 3362 (l.
761 3313 823 3366 ιι,
865 3295 894 3367 §
956 3298 1050 3363 22)
1099 3294 1568 3366 intelligendum,
1620 3311 1796 3366 quam

131 3390 266 3446 dein
305 3387 557 3460 perfecit
586 3383 931 3456 Rudolphus
953 3383 1204 3439 Udalrici
1248 3389 1302 3438 et
1351 3383 1575 3439 Bertha:
1617 3384 1798 3450 ﬁlius,

133 3495 230 3535 an.
268 3478 417 3534 1125
462 3476 535 3530 ab
586 3473 855 3530 Udalrico
903 3472 1173 3545 episcopo
1223 3473 1656 3545 consanguineo
1694 3478 1800 3529 sho

136 3569 594 3630 consecratam;
628 3579 762 3618 cum
811 3562 936 3632 jam
983 3562 1148 3634 prius
1176 3562 1329 3616 circa
1357 3579 1451 3616 an.
1486 3563 1624 3615 1090
1653 3562 1804 3616 clau-

135 3661 338 3712 strum
391 3658 448 3710 et
505 3651 824 3708 oratorium
878 3649 1134 3722 ligneum
1194 3651 1406 3705 ibidem
1466 3651 1641 3705 fuerit
1700 3667 1801 3708 ex-

135 3747 446 3802 structum
471 3741 531 3810 (1.
566 3758 646 3806 ιιι,
675 3757 734 3794 ιι.
761 3739 873 3808 20).
900 3739 1072 3794 Porro
1108 3738 1497 3811 distinguindi
1539 3740 1632 3794 hic
1664 3744 1804 3794 sunt

138 3834 270 3888 duo
304 3827 535 3885 Rudolfi
575 3829 814 3883 comites
862 3843 930 3882 ex
977 3827 1186 3882 Ottone
1234 3828 1304 3882 de
1354 3832 1409 3882 S.
1446 3827 1658 3896 Blasio,
1702 3829 1802 3898 qui

137 3937 282 3992 cap.
320 3917 387 3972 21
424 3917 498 3972 ad
529 3933 621 3971 an.
655 3917 793 3971 1167
823 3916 907 3971 ita
937 3915 1178 3971 scribit:
1215 3939 1243 3966 «
1290 3916 1574 3972 Rudolfus
1608 3932 1802 3973 comes

142 4013 216 4066 de
249 4005 914 4063 Phuliendorfsororius
935 4005 1165 4060 comitis
1198 4003 1426 4060 Rudolﬁ
1449 4006 1518 4059 de
1549 4005 1800 4077 Bregan-

141 4101 228 4155 tia
251 4096 458 4152 omnia
478 4096 698 4168 praedia
718 4111 827 4149 sua
847 4093 1094 4148 haeredis
1131 4093 1254 4148 loco
1294 4093 1632 4165 imperatori
1658 4093 1801 4166 [Fri-

142 4187 347 4243 derico
362 4185 407 4256 1]
424 4183 688 4239 tradidit.
711 4205 730 4230 η
751 4181 898 4248 Quid
919 4198 1051 4237 vero
1072 4197 1178 4252 por
1195 4185 1470 4237 sororium
1490 4181 1799 4254 intelligat,

140 4277 201 4332 in
226 4293 367 4331 mox
387 4271 852 4346 praecedentibus
875 4270 1148 4336 declarat,
1163 4271 1302 4325 dum
1321 4271 1601 4326 eumdum
1617 4271 1801 4344 impe-

139 4371 403 4422 ratorem
435 4363 714 4418 sororium
752 4358 1014 4430 Wet/“onis
1046 4359 1319 4431 appellat,
1367 4359 1553 4414 ﬁlium
1582 4359 1803 4416 scilicet

140 4453 371 4511 sororis
400 4449 691 4506 Welfonis
738 4447 1014 4514 Judithze,
1068 4465 1132 4502 ac
1181 4447 1309 4502 ﬁlize
1360 4447 1588 4504 Henrici
1638 4449 1801 4522 Nigri

141 4541 403 4599 Bavarie
437 4539 630 4595 ducis.
664 4537 852 4610 Igitur
881 4541 938 4591 et
965 4537 1060 4592 hic
1100 4536 1384 4592 Rudolfus
1433 4536 1798 4594 Pfullendor-
1830 4554 1878 4618 B

140 4631 332 4688 fensis
353 4629 510 4685 ﬁlius
531 4631 658 4684 erat
682 4626 900 4680 sororis
922 4625 1150 4680 Rudolﬁ
1175 4625 1499 4694 Brigantini
1529 4643 1540 4693 ;
1571 4627 1724 4682 unde
1747 4631 1803 4682 et

139 4719 471 4776 Bruscbius
505 4719 566 4772 in
591 4716 768 4786 Augia
784 4715 919 4769 Alba
951 4716 1285 4782 Brigantina
1317 4713 1650 4770 Udalricum
1675 4715 1798 4769 Bri-

138 4807 328 4881 gantii
361 4805 664 4871 comitem,
700 4802 796 4873 qui
830 4819 981 4858 anno
1024 4804 1159 4857 1097
1213 4802 1374 4867 obiit,
1429 4807 1580 4858 recte
1627 4821 1799 4860 avum

137 4897 289 4952 dicit
318 4893 552 4951 Rudolﬁ
585 4909 620 4947 a
651 4890 1028 4957 Pfullendorf,
1081 4896 1302 4962 patrem
1336 4889 1556 4946 scilicet
1597 4893 1801 4949 matris

136 4986 296 5057 ejus,
320 5001 501 5057 quam
535 4979 936 5037 Elisabetbam
971 4979 1255 5043 nominat,
1289 4995 1544 5036 serorem
1569 4981 1798 5037 Rudolﬁ

135 5073 495 5146 Brigantini.
529 5071 613 5125 Ex
637 5069 748 5124 hoc
779 5068 906 5140 ipso
937 5072 1132 5124 autem
1159 5067 1480 5124 subsistere
1504 5074 1802 5141 nequeunt

136 5180 271 5235 qua:
294 5163 454 5217 idem
488 5157 836 5224 Bruscbius,
870 5155 913 5212 l.
956 5174 1009 5211 c.
1051 5156 1296 5222 sciscit.,
1333 5158 1401 5212 de
1431 5157 1528 5212 illo
1552 5158 1800 5213 Rudolfo

133 5246 783 5317 Pfullendorfensijam
809 5263 860 5300 a.
892 5245 1025 5299 1102
1045 5244 1224 5300 altero
1264 5245 1425 5301 illius
1463 5246 1800 5301 monasterii

134 5339 475 5401 fundatore.
493 5333 1168 5406 Berthasiquidem,avia
1187 5332 1353 5388 illiud
1371 5338 1802 5400 materna,tunc

136 5429 230 5483 vix
252 5423 733 5501 quadragenaria
767 5439 893 5479 esse
925 5423 1134 5494 potuit,
1168 5438 1300 5476 cum
1335 5422 1620 5478 Rudolfus
1651 5423 1802 5478 anti-

137 5531 320 5575 casar
349 5518 525 5590 pater
555 5513 686 5585 ejus
716 5513 1004 5568 secundas
1036 5510 1273 5582 nuptias
1295 5527 1428 5566 cum
1461 5513 1646 5566 matre
1676 5511 1802 5582 ejus

137 5604 464 5666 Adelheide
496 5603 736 5658 demum
770 5617 922 5657 anno
958 5600 1084 5657 1061
1113 5598 1345 5670 inierit;
1384 5613 1491 5656 nec
1529 5597 1672 5660 adeo
1702 5597 1800 5657 illo

472 5729 744 5798 ΡΑτιιοι..
791 5725 1050 5812 CXLIII,

1909 3306 2012 3360 per
2042 3307 2250 3345 norum
2291 3294 2570 3364 postremi
2624 3294 2850 3349 Rudolﬁ
2901 3297 3083 3353 ﬁliam
3118 3302 3262 3356 Itam
3309 3303 3550 3360 Alberto

1910 3379 2107 3433 comiti
2156 3385 2424 3452 nuptam,
2489 3399 2692 3438 omnes
2742 3384 2974 3441 illorum
3026 3391 3429 3459 possessiones
3477 3394 3550 3450 ad

1910 3467 2393 3540 Ilabsburgenses
2422 3487 2487 3525 eo
2518 3471 2690 3527 modo
2709 3473 3082 3542 devenerunt,
3109 3495 3222 3549 quo
3247 3480 3551 3553 priusjam

1909 3555 2204 3628 Dilingani
2228 3573 2331 3628 per
2350 3558 2725 3614 Adclheidam
2770 3561 3036 3618 ultimam
3071 3565 3360 3622 hmredem
3385 3569 3444 3624 in
3476 3570 3554 3628 al-

1909 3647 2035 3698 tera
2056 3645 2234 3716 stirpe
2257 3646 2534 3700 comitum
2557 3647 2614 3702 in
2634 3648 3004 3706 Wintertbur
3021 3658 3077 3707 et
3098 3654 3555 3726 Kiburgsucceso

1911 3737 2133 3799 serunt,
2158 3750 2287 3802 qum
2308 3734 2543 3790 tandem
2567 3740 2623 3790 et
2655 3737 2784 3808 ipsa
2809 3738 3360 3814 Ilabsburgensibus
3384 3747 3554 3802 obve-

1913 3825 2146 3876 nerunt.
2175 3822 2455 3876 Cmterum
2492 3823 2778 3880 Rudolfus
2810 3826 2918 3881 iste
2958 3829 3028 3884 de
3060 3830 3358 3902 Brigantia
3378 3833 3555 3890 Udal-

1912 3909 2017 3964 rici
2053 3909 2208 3964 ﬁlius
2242 3909 2291 3965 is
2319 3912 2441 3982 ipse
2473 3916 2579 3980 est,
2624 3931 2796 3984 quem
2829 3916 2979 3970 inter
3007 3924 3063 3972 et
3113 3919 3446 3980 Udalricum
3478 3925 3552 3993 ΙΙ,

1911 3998 2248 4070 episcopum
2275 4017 2302 4053 e
2326 3999 2389 4053 D.
2414 4000 2586 4055 Blasii
2610 4003 2895 4059 monacho
2918 4022 2968 4059 a.
2995 4007 3133 4062 1127
3153 4007 3422 4079 electum,
3439 4013 3554 4071 dis-

1912 4088 2108 4142 cordia
2138 4088 2378 4142 suborta
2411 4094 2517 4153 est,
2540 4097 2820 4161 prietextu
2845 4097 3235 4165 quorumdam
3263 4100 3552 4159 bonorum

1911 4193 2040 4248 qua:
2071 4177 2125 4232 S.
2152 4176 2495 4234 Gebhardus
2521 4182 2815 4250 quondam
2836 4199 2904 4237 ex
2930 4201 3037 4240 sua
3066 4185 3401 4246 haereditate
3428 4191 3552 4247 Bri-

1909 4266 2149 4338 gantina
2170 4267 2526 4323 monasterio
2551 4268 2967 4328 Petershausen
2987 4275 3239 4344 donavit,
3265 4283 3328 4333 ut
3350 4281 3556 4338 scribit

1911 4353 2162 4409 Manlius
2187 4355 2242 4408 in
2261 4354 2562 4424 Chronico,
2589 4374 2654 4412 ac
2677 4360 2945 4416 meminit
2981 4364 3156 4420 etiam
3181 4372 3380 4424 noster
3406 4369 3444 4424 1.
3472 4386 3553 4441 Iv,

1911 4442 2048 4514 §20.
2074 4443 2216 4508 Quid
2244 4461 2414 4514 porro
2437 4450 2632 4500 actum
2673 4448 2753 4503 sit
2780 4450 2849 4504 de
2881 4450 3146 4509 Udalrico
3187 4455 3413 4512 Rudolli
3437 4459 3555 4515 fra-

1909 4535 2016 4602 tre,
2051 4550 2156 4588 nos
2203 4532 2380 4602 latet;
2428 4536 2528 4591 sed
2576 4554 2710 4592 eum
2759 4542 2986 4595 mature
3031 4547 3326 4600 mortuum
3372 4547 3558 4606 fuisse

1911 4620 2286 4692 suspicamur
2313 4640 2324 4677 :
2349 4640 2516 4680 secus
2534 4626 2689 4680 enim
2709 4627 2780 4682 ad
2800 4627 2971 4683 aliam
2991 4631 3268 4689 familiam
3295 4651 3409 4690 non
3427 4651 3559 4707 per-

1908 4709 2162 4765 venisset
2183 4711 2291 4766 iste
2313 4714 2648 4782 comitatus,
2671 4715 2718 4770 si
2742 4719 3184 4788 supervixisset,
3205 4729 3308 4779 aut
3330 4740 3562 4779 mascu-

1911 4796 2030 4852 lum
2065 4798 2275 4854 saltem
2308 4801 2594 4858 hazredem
2628 4805 2980 4876 reliquisset.

1981 4893 2170 4958 Atque
2189 4889 2308 4944 haec
2325 4891 2446 4960 jam
2468 4891 2680 4948 ultima
2711 4893 2769 4947 in
2794 4889 3081 4951 Chronico
3105 4902 3302 4953 nostro
3323 4902 3412 4954 est
3430 4899 3559 4953 Bri-

1909 4976 2284 5047 gantinorum
2301 4979 2599 5045 comitum,
2616 4982 2771 5036 unde
2784 4986 2947 5037 ortus
2962 4983 3069 5038 fuit
3101 4985 3158 5038 S.
3187 4985 3561 5056 Gebhardus,

1911 5065 2169 5132 mentio;
2203 5083 2452 5136 quorum
2503 5069 2712 5124 seriem
2763 5071 2821 5124 in
2871 5070 3137 5135 Rudolfo,
3190 5079 3257 5127 ut
3303 5073 3557 5143 videtur,

1909 5154 2252 5208 exstinctam
2284 5170 2385 5209 nec
2418 5172 2522 5210 nos
2585 5157 2831 5213 ulterius
2882 5160 3317 5230 prosequimur,
3371 5177 3555 5231 quam

1912 5241 2145 5296 nonnisi
2202 5241 2271 5295 ad
2335 5241 2751 5298 illustrandum
2810 5247 3076 5302 Chronici
3135 5249 3557 5308 Petershusani

1911 5331 2251 5401 scriptorem
2286 5330 2593 5400 hucusque
2634 5335 3033 5404 perduximus,
3057 5337 3269 5410 smpius
3314 5339 3557 5410 quidem

1911 5436 2012 5490 per
2026 5420 2392 5490 conjecturas
2407 5421 2789 5486 tantum,suis
2803 5427 2996 5480 tamen
3014 5427 3340 5482 rationibus
3353 5427 3557 5499 fultas,

1912 5507 2269 5563 ﬁrmioribus
2302 5509 2452 5565 295
2497 5509 2887 5579 producendis
2935 5513 3088 5567 ultro
3139 5517 3556 5589 subscripturi.

1912 5597 1982 5656 Ut
2013 5603 2210 5657 autem
2238 5603 2359 5657 tota
2407 5598 2586 5677 hujus
2635 5601 2970 5678 systematis
3018 5602 3164 5661 ratio
3215 5609 3429 5678 pateat,
3465 5624 3565 5693 se“

3166 5733 3244 5804 10
