3982 6216
484 342 603 407 299

1188 346 1583 409 APPENDIX
1628 351 1729 408 AD
1775 348 2220 408 CHRONICON
2271 347 2684 408 HERMANNI
2731 338 3195 463 CONTRiAC'I‘l.

3732 350 3827 415 300

483 494 673 552 quens
702 478 1083 552 proponimus
1123 483 1374 535 stemma
1416 478 1850 552 genealogicum
1900 481 2148 535 istorum
2194 480 2475 535 comitum
2524 480 2660 535 inde
2704 497 2737 537 a
2781 484 2941 552 patre
2995 482 3052 537 S.
3106 480 3415 549 Gebhardi,
3466 482 3687 539 omissis
3725 501 3827 557 qua

481 578 759 651 superius
788 576 818 649 §
846 577 912 632 44
934 577 1063 647 jam
1095 579 1293 633 notata
1327 580 1485 632 sunt.

1506 701 1808 757 STEMMA
1860 701 2192 757 COMITUM
2233 702 2849 759 BRIGANTINORUM

1846 837 1879 872 Α
1920 834 2098 872 PATRE
2135 834 2183 872 S.
2226 834 2513 873 GEBHARDI

1564 934 1703 988 Saec.
1754 952 1789 987 x
1830 950 2014 1005 usque
2053 933 2125 988 ad
2167 933 2342 988 ﬁnem
2382 934 2561 1005 hujus
2602 924 2815 1006 stirpis“

1779 1066 1849 1104 es:
1877 1050 2138 1107 Chronico
2177 1050 2590 1105 Petershusano.

984 1174 1116 1229 υΖο
1156 1190 1259 1229 seu
1308 1173 1631 1230 Udalricus.

560 1266 609 1320 1.
647 1263 952 1344 gdalricus
982 1279 1176 1344 comes
1460 1267 1512 1317 2.
1548 1263 1935 1344 Marquardus

648 1336 1018 1409 Brigantinus
1050 1339 1076 1400 1
1128 1374 1137 1389 .
1382 1406 1410 1409 _
1460 1405 1469 1409 _
1499 1351 1706 1409 comes
1738 1336 1795 1388 in

801 1408 925 1462 978.
1372 1405 1961 1460 Goldinnishundere.

643 1494 944 1554 Udalrieus
974 1509 1169 1548 comes
1196 1492 1593 1563 Brigantinus,
1626 1492 1962 1547 alterutrius

946 1564 1142 1621 fratris
1175 1564 1331 1619 ﬁlius
1360 1581 1414 1618 a.
1446 1564 1606 1619 1043.

733 1672 863 1729 Otto
895 1671 1067 1743 (703')
1100 1670 1561 1797 compgghmtim
1592 1669 1889 1725 Curiensis

651 1849 953 1921 Udalricus
984 1849 1293 1921 Brigantiae
1324 1864 1518 1903 comes
1554 1853 1578 1913 ’ί
1616 1866 1667 1903 a.
1706 1850 1859 1903 1097.

770 1920 982 1978 Bertha
1012 1920 1175 1976 uxor.

1742 2026 1771 2039 ε-
1795 2006 2129 2061 Elisabetha

1743 2095 1907 2133 soror
1926 2147 1929 2148 ν
1948 2082 2131 2148 nupta

1740 2147 1937 2204 comiti
1972 2147 2130 2203 Pl'ul-

1747 2219 2126 2275 lendorl'ensi.

487 2011 833 2083 Rudolphus
864 2026 1059 2065 comes
1244 2008 1563 2065 Udalricus.

486 2082 795 2156 Brigantiae
827 2100 881 2139 a.
912 2083 1068 2137 1127.

985 2379 1329 2450 Rudolphus
1359 2380 1429 2433 de
1470 2371 1855 2434 Pbullendorl‘

1092 2468 1188 2505 ux.
1226 2450 1482 2505 Wiﬁldis
1519 2450 1796 2504 Guelﬁca.

1198 2539 1282 2593 Ita
1312 2538 1449 2593 ﬁlia.
1485 2555 1629 2593 uxor
1656 2538 1871 2592 Alberti

1198 2608 1430 2665 comitis
1460 2610 1532 2664 de
1562 2609 1853 2682 Hasburg.

2728 1173 3189 1230 THIERPURGA
3221 1191 3385 1229 uxor.

2587 1263 2638 1316 3.
2668 1263 2985 1339 Luitl‘ridus
3276 1265 3328 1318 4.
3350 1266 3407 1318 8.
3442 1263 3742 1339 Celbardus
3760 1284 3829 1339 ep.

2622 1350 2816 1390 comes
2849 1335 2908 1388 in
3434 1336 3749 1402 Constanti
3788 1335 3830 1392 ξι.

2590 1406 2967 1460 Winterthur.
3535 1408 3649 1462 995.

2310 1493 2716 1564 Marquardus,
2750 1511 2851 1548 seu
2887 1494 3231 1551 Luitlridus.
3266 1511 3463 1550 comes

2346 1565 2404 1618 in
2440 1565 2804 1620 Winterthur
2833 1569 2891 1620 et
2922 1565 3143 1637 Kiburg
3167 1566 3339 1637 (703).

2308 1670 2656 1726 Adalbertus
2681 1670 3000 1726 alteritrius
3031 1670 3209 1740 ﬁlius,
3244 1687 3442 1727 comes
3471 1672 3528 1727 in

2343 1741 2713 1797 Winterthur
2734 1747 2791 1796 et
2821 1743 3057 1813 Kiburg.
3095 1747 3123 1807 τι
3159 1759 3212 1797 a.
3246 1743 3412 1797 1053.

2308 1847 2641 1902 Adelheidis
2672 1864 2816 1903 uxor
2841 1848 3187 1903 Hartmanni
3217 1847 3468 1904 senioris
3499 1848 3566 1907 de

2350 1918 2639 1990 Dilingen.

2312 2005 2640 2061 Adelheidis
2751 2006 3056 2064 Udalricus
3130 2012 3530 2064 Hartmannus
3596 2007 3829 2063 Adelber-

2314 2094 2457 2149 uxor
2477 2077 2645 2133 Udal-
2826 2096 2917 2149 ep.
3134 2079 3365 2135 Junior.
3576 2084 3659 2134 tus
3680 2078 3829 2133 Dilin-

2312 2148 2415 2203 rici
2438 2149 2507 2222 de
2536 2149 2642 2205 Ga-
2750 2148 3052 2206 Constant.
3575 2149 3746 2222 gensis
3787 2153 3833 2203 et

2314 2220 2659 2291 mertingen.
3568 2220 3726 2291 Kibur
3750 2236 3831 2273 en-

3575 2291 3649 2347 sis
3661 2290 3829 2346 heres.

2313 2379 2659 2452 Adelbertus
2685 2380 2755 2434 de
2786 2381 3221 2452 Gamertingen.

2316 2450 2621 2506 Udalricus
2651 2452 2722 2505 de
2746 2451 3008 2507 Acbalm.

555 2766 703 2825 296
733 2764 763 2838 §
794 2766 963 2821 XXV.
990 2762 1342 2835 Priusquam
1367 2760 1763 2833 disquisitioni
1787 2760 1923 2816 huic
1957 2761 2129 2816 finem
2162 2763 2207 2828 Α
2247 2766 2403 2829 runt,
2421 2779 2597 2835 quam
2613 2763 2787 2820 aliam
2802 2762 3644 2836 hzereditatemacquisierunt?
3658 2765 3829 2815 Verum

487 2856 891 2929 imponamus,
915 2855 1097 2909 restat
1118 2855 1181 2906 ut
1216 2848 1501 2905 Fuesslini
1539 2853 1827 2905 assertum
1853 2848 2133 2905 discutia-

487 2960 622 3003 mus
635 2944 989 2999 deCuonone
1000 2940 1379 3011 comite,quia
1394 2939 1453 2993 in
1466 2938 1751 2994 Chronico
1769 2938 2032 3010 nostro(l.
2046 2956 2130 3008 ιιι,

488 3051 550 3090 n.
583 3033 641 3105 3)
672 3048 741 3088 ex
760 3029 1086 3088 concubina
1115 3032 1277 3101 pater
1306 3027 1488 3083 fuisse
1515 3028 1731 3083 dicitur
1787 3027 2132 3083 Theoderici

489 3140 584 3179 an.
625 3122 761 3176 1086
802 3118 1214 3175 Petersbusani
1267 3116 1517 3182 abbatis,
1570 3115 1825 3171 Luitoldi
1876 3120 1932 3171 et
1979 3116 2133 3171 Mar-

495 3208 722 3283 quardi,
757 3224 907 3281 quos
936 3208 1085 3262 duos
1117 3204 1354 3261 ultimos
1370 3207 1487 3277 post
1517 3205 1724 3261 obitum
1743 3206 1919 3276 patris
1948 3206 2006 3259 in
2038 3205 2133 3275 jus

495 3298 831 3355 Harlmanm’
851 3296 1067 3353 comitis
1112 3294 1177 3350 de
1226 3294 1480 3365 Dilingen
1526 3292 1774 3349 cessisse
1820 3292 1901 3348 ait
1948 3294 2132 3366 scrip-

491 3392 603 3455 tor,
633 3402 695 3442 eo
723 3384 863 3458 quod
889 3401 959 3441 ea:
1003 3383 1211 3438 ancilla
1255 3384 1379 3437 nati
1426 3387 1616 3437 essent.
1673 3382 1801 3437 Haec
1847 3381 1930 3436 ita
1976 3383 2131 3437 acci-

491 3475 704 3549 pienda
723 3473 992 3541 arbitror,
1017 3476 1081 3527 ut
1103 3470 1206 3526 filii
1229 3470 1336 3538 illi,
1359 3486 1464 3525 ceu
1488 3469 1777 3541 illegitimi
1807 3473 1863 3525 et
1890 3469 2134 3541 insuper

489 3581 558 3621 ex
587 3562 799 3620 ancilla
827 3559 1195 3635 (Hartmanni
1223 3560 1424 3631 utique
1455 3558 1710 3629 subdita)
1744 3559 2003 3630 nati,jus
2030 3575 2130 3630 pa-

489 3659 666 3710 terna
692 3651 1050 3708 hereditatis
1084 3648 1388 3705 amiserint
1417 3648 1488 3703 ad
1523 3647 1918 3719 Dilingensem
1951 3647 2130 3702 comi-

485 3746 603 3799 tem
637 3741 995 3809 devolutum,
1028 3740 1197 3809 cujus
1228 3738 1372 3793 l'orte
1401 3736 1570 3791 miles
1603 3754 1703 3792 seu
1728 3735 1985 3791 vasallus
2008 3740 2132 3791 erat

485 3836 650 3904 pater
667 3846 869 3888 eorum
891 3834 1107 3885 Cuono.
1139 3828 1379 3883 Constat
1403 3826 1482 3893 id,
1516 3842 1584 3880 ex
1611 3826 1729 3881 illis
1768 3842 1895 3896 qua:
1929 3830 2131 3896 postea

484 3922 795 3988 habentur,
819 3919 1156 3976 Luitoldum
1180 3917 1434 3973 ﬁliorum
1466 3915 1712 3971 alterum
1740 3932 1770 3971 a
1806 3926 1939 3987 rege
1972 3920 2128 3970 Hen-

484 4010 603 4066 rico
626 4010 699 4066 IV
720 4009 1090 4082 privilegium
1111 4006 1399 4062 libertatis
1422 4022 1524 4077 prn
1546 4021 1608 4060 se
1630 4022 1695 4059 ac
1731 4005 1854 4059 suis
1879 4004 2129 4077 posteris

483 4098 877 4172 promeruisse
901 4115 914 4165 ;
939 4096 1119 4169 igitur
1144 4095 1305 4167 prius
1328 4094 1490 4149 illam
1523 4094 1741 4159 amisit,
1784 4110 1917 4149 cum
1942 4092 2000 4147 in
2032 4094 2127 4163 ius

483 4185 826 4241 Hartmanni
861 4183 1165 4239 concessit.
1200 4185 1333 4249 Quae
1363 4182 1505 4236 dum
1533 4182 1992 4251 perspicuasint,
2024 4198 2124 4236 ne-

486 4272 607 4329 scio
628 4289 769 4328 sane
785 4288 901 4343 qua
922 4272 1147 4326 ratione
1172 4269 1512 4324 Fuesslinus
1534 4274 1574 4321 t.
1597 4269 1688 4332 IV,
1715 4285 1770 4339 p.
1800 4269 1920 4336 101,
1943 4270 2122 4325 citata

485 4359 752 4417 Chronici
776 4359 1023 4413 verbain
1045 4374 1180 4414 eum
1203 4372 1441 4412 sensum
1461 4355 1821 4424 interpretari
1849 4358 2120 4427 potuerit,

487 4447 657 4521 quasi
695 4447 868 4502 atnbo
902 4445 999 4500 isti
1040 4445 1143 4499 ﬁlii
1182 4443 1501 4514 Delingano
1522 4442 1717 4497 comiti
1749 4442 1805 4497 in
1839 4447 2121 4501 comitutu

486 4534 896 4599 successerint,
929 4538 1100 4603 atque
1131 4531 1338 4586 exinde
1367 4531 1699 4585 Cuononem
1723 4532 1877 4588 hunc
1915 4551 2119 4589 eorum

486 4628 710 4697 patrem
732 4620 1045 4676 comitibus
1066 4619 1137 4673 de
1156 4618 1539 4687 Winterthur,
1564 4635 1663 4673 seu
1696 4620 1915 4694 Kiburg
1936 4624 2121 4678 adnu-

485 4714 688 4767 meret.
711 4711 826 4765 Aut
848 4724 990 4763 num
1020 4707 1149 4763 ideo
1176 4707 1526 4761 Hartmanno
1551 4710 1957 4776 successerint,
1981 4711 2122 4783 quod

482 4817 553 4857 ea:
572 4798 779 4855 ancilla
798 4798 919 4852 nati
957 4798 1105 4863 sunt,
1154 4794 1310 4849 unde
1353 4794 1643 4865 propriam
1684 4798 1875 4868 potius
1905 4799 2119 4855 amise-

554 4968 703 5040 (703)
733 4964 1041 5040 Generatio
1084 4963 1205 5040 haec
1244 4962 1559 5040 inserenda
1606 4966 1853 5040 videtur,
1914 4984 1985 5022 ne
2031 4968 2118 5024 ni-

484 5032 667 5094 mium
685 5032 1068 5110 protrahatur
1085 5039 1221 5110 aetas
1242 5032 1490 5110 _Ud_a_l_rici
1510 5038 1758 5110 comitis.
1775 5032 1945 5109 cujus
1959 5046 2122 5110 pater

484 5104 995 5181 cognominisjam
1028 5122 1122 5181 an.
1154 5104 1259 5160 978
1281 5106 1444 5181 obiit,
1460 5110 1641 5181 cujus
1674 5104 1974 5164 ﬁlius'vix'
2010 5112 2120 5167 fuit

486 5176 705 5251 Berthse
732 5179 979 5231 maritus
998 5176 1250 5247 primum
1286 5193 1380 5251 an.
1418 5176 1557 5251 1097⁷
1589 5185 1856 5251 mortuus
1891 5185 1947 5235 et
1989 5182 2117 5251 qui-

485 5250 615 5303 dem
648 5250 949 5319 immatura
972 5255 1160 5319 morte,
1221 5247 1317 5319 qui
1373 5264 1439 5304 ex
1494 5250 1663 5305 dictis
1718 5250 1809 5305 vix
1852 5247 2113 5309 ante-an.

485 5319 628 5372 1080
658 5316 927 5389 Bertham
969 5318 1175 5389 ducere
1232 5316 1435 5389 potuit.
1497 5320 1653 5376 Facit
1709 5320 1821 5375 huc
1880 5320 2119 5378 Bernol-

485 5390 599 5443 dus
629 5386 871 5459 auctior,
903 5388 1001 5459 qui
1032 5390 1101 5445 ad
1133 5386 1393 5445 anflO79
1440 5393 1613 5446 refert
1660 5392 1982 5446 Woll'onem
2016 5395 2120 5449 du-

485 5474 611 5513 cem
644 5456 1282 5517 RhaatiamCuriensem
1313 5461 1595 5518 invasisse
1629 5467 1686 5518 et
1704 5463 1935 5519 comitis
1966 5465 2118 5522 Otto-

484 5529 574 5584 m's
606 5526 790 5607 ﬁlium
805 5530 1020 5607 _spbegi
1023 5547 1120 5607 sse
1144 5550 1175 5607 :_
1191 5532 1290 5607 qui
1310 5532 1467 5607 ﬁlius
1484 5533 1635 5590 alius
1650 5550 1779 5591 esse
1794 5534 2116 5607 vixpotuit,

486 5613 662 5679 quam
680 5598 1129 5664 Udalricus'iste
1157 5598 1374 5681 jﬁnior,
1409 5603 1522 5664 Duo
1564 5608 1716 5664 certe
1744 5598 2116 5683 provincialis

2244 2850 2478 2906 aliunde
2509 2852 2686 2906 etiam
2718 2857 3006 2907 assertum
3039 2852 3148 2907 hoc
3197 2852 3476 2908 sustineri
3508 2851 3722 2923 nequit;
3748 2848 3831 2903 hac

2243 2939 2398 2994 enim
2430 2940 2652 2995 ratione
2683 2940 2845 2995 Cuno
2886 2942 2997 2996 iste
3052 2948 3274 3013 patrem
3327 2941 3541 2997 habere
3586 2938 3833 2994 debuisset

2243 3027 2614 3096 Luitfridum,
2656 3029 2911 3100 primum
2963 3045 3032 3085 ex
3080 3029 3208 3101 ipso
3241 3028 3549 3085 Fuesslino
3575 3025 3830 3082 Vitodura-

2244 3134 2385 3172 num
2429 3118 2725 3182 comitem,
2778 3133 2910 3172 cum
2962 3117 3119 3173 ﬁlius
3171 3118 3302 3188 ejus
3351 3116 3717 3174 Theodericus
3735 3114 3830 3185 jam

2242 3221 2336 3259 an.
2365 3207 2496 3261 1086
2517 3205 2698 3261 abbas
2719 3206 3041 3275 exstiterit;
3079 3222 3185 3263 nec
3225 3207 3372 3263 adeo
3396 3206 3736 3279 Dilingenses
3761 3200 3830 3257 Ki-

2244 3294 2617 3366 burgensem,
2651 3295 2750 3350 sed
2784 3295 2841 3350 hi
2875 3295 3069 3366 potius
3100 3294 3496 3368 Dilingensem
3542 3293 3831 3351 comitatum

2242 3383 2576 3467 hapreditate
2606 3383 3018 3439 obtinuissent.
3052 3386 3166 3439 Aut
3211 3384 3507 3456 quomodo
3554 3376 3831 3467 fratres

2242 3463 2609 3527 successores
2640 3471 2750 3526 dici
2784 3477 3034 3544 possunt
3074 3472 3426 3528 Hartmanni
3469 3474 3539 3528 de
3567 3463 3831 3541 Dilingen?

2241 3559 2341 3631 qui
2374 3565 2567 3615 tamen
2603 3560 2727 3631 ipse
2757 3559 3134 3616 Adclheidem
3167 3560 3363 3615 ultimi
3412 3557 3734 3616 Vitodurani
3759 3569 3830 3609 eo-

2239 3648 2401 3702 mitis
2431 3648 2721 3703 Adelberti
2755 3648 2933 3703 tiliam
2959 3650 3271 3721 eonjugem
3295 3650 3523 3715 habuit,
3544 3649 3688 3705 unde
3706 3645 3830 3702 Hart-

2239 3752 2521 3791 mannum
2546 3737 2842 3805 juniorem
2886 3742 2943 3793 et
2990 3738 3372 3794 Adelbertum
3421 3737 3699 3811 proximos
3724 3745 3827 3788 suos

2238 3841 2603 3881 successores
2654 3826 2981 3897 progenuit,
3044 3843 3297 3897 quorum
3362 3827 3605 3883 ultimus
3664 3821 3828 3879 saltem

2238 3913 2429 3969 adhuc
2460 3930 2553 3968 an.
2580 3914 2710 3968 1131
2748 3919 3044 3986 superstes
3075 3915 3207 3980 fuit,
3231 3914 3417 3971 totius
3462 3909 3763 3987 patrimonii
3787 3908 3829 3960 et

2238 4001 2597 4056 matrimonii
2620 4002 2823 4058 haeres.
2848 4001 3055 4058 Nullus
3077 4002 3271 4076 itaque
3289 4020 3397 4060 nec
3413 4003 3566 4060 inter
3579 3999 3830 4057 Vitodura-

2237 4107 2344 4145 nos
2374 4106 2477 4145 seu
2509 4090 2927 4162 Kiburgenses,
2963 4108 3067 4147 nec
3098 4092 3248 4148 inter
3277 4092 3616 4166 Dilinganos
3635 4086 3831 4145 comites

2236 4176 2586 4249 relinquitur
2607 4177 2769 4233 locus
2822 4179 3043 4234 Cunoni
3066 4181 3313 4251 ejusque
3332 4179 3490 4246 ﬁliis,
3508 4178 3638 4235 alibi
3658 4168 3831 4231 fortein

2232 4266 2441 4321 Suevia
2472 4266 2840 4338 inquirendis
2866 4285 2879 4335 ;
2912 4284 3163 4340 quorum
3194 4285 3330 4325 vero
3374 4268 3648 4324 familiam
3676 4257 3831 4331 inqui-

2234 4371 2357 4411 rere
2379 4360 2643 4410 nostrum
2669 4356 2824 4411 haud
2846 4356 3109 4413 interest.
3136 4357 3242 4423 Qui
3264 4374 3439 4429 porro
3475 4358 3530 4413 in
3570 4349 3827 4412 Chronico.

2234 4444 2385 4515 quod
2404 4444 2528 4514 jam
2554 4444 2784 4511 damus,
2808 4445 2945 4500 hinc
2962 4446 3099 4500 inde
3116 4451 3435 4501 occurrunt
3449 4444 3682 4502 comitea
3699 4436 3832 4495 aliive

2231 4531 2477 4599 nobiles,
2502 4532 2625 4587 suis
2650 4531 2791 4587 locis
2814 4531 2872 4587 in
2897 4534 3230 4603 subjunctis
3253 4536 3431 4605 notis,
3464 4536 3641 4606 quoad
3664 4536 3828 4584 eorum

2231 4621 2437 4676 notitia
2466 4620 2666 4675 haberi
2702 4622 2932 4693 poterit,
2967 4622 3219 4678 breviter
3239 4622 3679 4689 illustrabimus,
3700 4612 3833 4669 υιίθί

2232 4710 2472 4765 nomina
2501 4708 2781 4776 locorum,
2815 4709 3028 4782 saepius
3059 4715 3251 4767 tamen
3297 4710 3632 4767 hariolando
3665 4707 3832 4762 extun-

2227 4798 2417 4854 denda
2448 4798 2638 4871 potius
2671 4815 2848 4870 quam
2878 4808 3031 4854 certo
3065 4799 3531 4856 determinanda.

2229 4971 2286 5022 et
2315 4983 2509 5023 eomes
2553 4967 2611 5021 in
2650 4968 2813 5022 curia
2854 4967 3164 5024 Rhaetiensi
3197 4974 3436 5024 notatur
3473 4967 3530 5023 in
3560 4957 3829 5036 diplo_m_ai°

2228 5038 2455 5112 Henrici
2491 5040 2563 5112 l_l_[_
2605 5039 2895 5112 impsan.
2951 5042 3087 5093 1050
3136 5058 3237 5112 pro
3290 5028 3637 5112 monasterio
3683 5028 3831 5112 ξψξ-

2228 5111 2406 5165 riensi
2428 5110 2486 5163 in
2508 5109 2606 5165 illo
2633 5095 2911 5165 comitatu
2936 5112 3072 5175 sito,
3095 5095 3318 5167 scilicet
3335 5113 3396 5165 in
3432 5095 3831 5175 comitatu

2226 5182 2333 5252 rici
2360 5182 2572 5252 aemili:
2597 5181 2661 5235 de
2692 5182 3022 5247 Braganica,
3060 5171 3123 5235 ut
3172 5181 3349 5236 habet
3396 5171 3829 5252 diploma-£9“:

2228 5251 2331 5334 ri‘ci
2367 5250 2436 5305 IV
2475 5268 2614 5334 imp.
2650 5268 2708 5334 az
2909 5269 3001 5323 ap.
3138 5252 3427 5334 Herrgott.
3452 5243 3649 5334 ίιλ191.

2227 5322 2473 5376 ultimus
2524 5314 2617 5375 hic
2668 5314 2975 5377 Udalricus
3027 5324 3236 5378 Ottom's
3280 5314 3461 5378 istius
3484 5321 3631 5376 ﬁlius
3676 5314 3826 5369 fuisse

2228 5392 2433 5447 merito
2458 5393 2780 5463 judicatur.

2298 5445 2780 5535 ζῖοέγὸέήὲὲἁῖἰο
2805 5463 2923 5518 haec
2957 5481 3069 5520 non
3101 5482 3170 5522 ex
3199 5463 3488 5524 Chronico
3521 5464 3722 5527 nostro,
3746 5445 3826 5509 88d

2225 5534 2490 5591 exLazio
2523 5535 2741 5593 inserta
2770 5538 2878 5594 est.
