3982 6216
392 412 511 471 303

786 543 852 596 V.
886 545 1021 598 Uno
1052 544 1106 597 S.
1142 542 1440 598 Gebehardi
1465 550 1638 614 pater.

1090 411 1475 471 APPENDIX
1520 414 1622 470 AD
1668 410 2111 471 CHRONICON
2160 410 2571 471 HERMANNI
2618 412 3079 473 CONTRACTI.

3666 410 3785 472 304

2060 544 2115 609 Α
2141 557 2273 597 cum
2305 542 2421 597 Deo
2452 558 2620 615 agere
2645 543 2830 611 video,
2865 544 2935 599 ab
2966 544 3127 599 omni
3155 561 3257 601 vos
3282 543 3560 613 deinceps
3606 539 3788 615 regali

471 635 552 689 Ex
582 632 758 701 hujus
784 631 978 701 itaque
1009 630 1229 685 semine
1263 636 1433 687 natus
1463 635 1551 686 est
1573 631 1777 697 Uozzo,
1801 631 1935 704 pius
1983 635 2041 687 et
2147 630 2379 686 servitio
2408 630 2597 687 libens
2628 631 2880 687 absolvo.
2916 653 2944 681 »

399 720 746 776 venerabilis
776 735 990 783 comes,
1026 719 1123 790 qui
1146 719 1445 775 habitabat
1469 722 1623 792 apud
1650 721 2040 792 Brigantiam,

394 810 521 864 loco
543 808 642 879 qui
675 807 864 861 adhuc
896 808 1098 861 ruinas
1129 809 1383 863 ostendit
1423 810 1675 880 antiqua:
1723 810 2037 865 habitatio-

396 900 488 954 nis
516 896 797 970 (7M).Hic
826 896 1049 967 accepit
1079 914 1336 964 uxorem,
1367 898 1601 954 nomine
1636 900 2038 972 Dierpurgam,

394 987 721 1044 secundum
754 990 932 1040 Deum
959 984 1123 1040 valde
1152 985 1837 1057 religiosam,secundum
1870 1005 2046 1044 saecu-

394 1078 517 1132 lum
546 1092 681 1131 vero
701 1074 1262 1132 nobilissimam.Hic
1294 1075 1474 1131 Uozzo
1507 1081 1679 1131 tanta:
1709 1078 1817 1132 fuit
1856 1077 2043 1150 pieta-

360 1222 371 1228 _
398 1164 474 1220 tis
506 1169 563 1218 et
595 1162 808 1229 meriti,
840 1168 905 1217 ut
934 1164 1109 1217 etiam
1139 1180 1270 1219 aves
1304 1165 1432 1235 ejus
1463 1165 1831 1220 sanctitatem
1866 1167 2043 1221 senti-

399 1257 615 1322 rent,et
643 1253 715 1307 ad
746 1254 875 1321 ejus
909 1268 1173 1307 mensam
1207 1253 1495 1325 intrepide
1526 1253 1863 1310 advolarcnt
1890 1261 1947 1310 et
1973 1256 2044 1310 de

398 1345 528 1414 ejus
561 1358 739 1397 manu
771 1341 970 1396 cibum
994 1345 1348 1412 caperent.et
1377 1358 1510 1397 cum
1538 1342 1662 1397 alia:
1694 1343 1911 1398 satiata:
1944 1344 2043 1399 ab-

398 1435 577 1499 irent,
608 1430 733 1485 aliaz
760 1430 950 1485 denuo
984 1430 1310 1485 saturanda:
1341 1431 1770 1485 venirent.ltem
1806 1448 1921 1485 una
1953 1431 2045 1485 die

402 1520 661 1577 diluculo
693 1520 761 1573 ad
796 1518 1011 1573 ostium
1038 1520 1167 1589 ejus
1197 1518 1408 1573 cubilis
1438 1535 1605 1573 cerva
1626 1535 1655 1571 e
1700 1518 1842 1573 silva
1875 1520 2041 1573 adve-

406 1612 573 1667 niens
606 1610 748 1680 pede
780 1607 1051 1679 pulsavit,
1082 1623 1333 1677 cumque
1374 1607 1650 1663 ostiarius
1688 1598 1958 1679 aperiret,
1989 1612 2047 1663 et

406 1700 647 1762 videret,
678 1714 742 1751 ae
781 1695 1142 1751 renuntiaret
1171 1696 1418 1750 bestiam
1450 1701 1661 1761 astare,
1714 1697 2047 1767 ostiumque

408 1789 696 1861 pulsasse,
732 1785 829 1840 ille
861 1785 1071 1856 pietate
1103 1785 1343 1839 docente
1374 1801 1739 1855 prmnoscens
1786 1784 2044 1856 aliquam

404 1874 768 1933 necessitatis
797 1890 1034 1929 causam
1066 1873 1313 1928 bestiam
1348 1872 1483 1927 illuc
1514 1873 1823 1928 adduxisse
1845 1891 1889 1927 :u
1919 1874 2043 1929 Eial

404 1967 597 2038 inquit
627 1964 698 2019 ad
730 1978 1230 2032 servum,sequere
1262 1977 1410 2029 eam,
1437 1966 1493 2016 et
1513 1962 1641 2017 vide
1664 1961 1711 2016 si
1744 1962 1882 2033 quid
1907 1964 2051 2017 forte

403 2056 559 2111 velit.
599 2078 619 2101 ι
648 2052 747 2108 Ille
778 2051 921 2107 nihil
957 2056 1218 2105 moratus
1240 2055 1478 2105 secutus
1496 2056 1583 2105 est
1608 2051 2047 2122 praecedentem,

407 2162 532 2217 qum
550 2144 715 2199 duxit
730 2158 862 2196 eum
892 2142 945 2195 in
973 2140 1265 2204 silvam,et
1285 2141 1540 2194 ostendit
1558 2140 1604 2194 ei
1626 2145 1855 2210 partum
1873 2156 2049 2195 suum

406 2234 464 2287 in
489 2232 765 2303 compede
788 2230 1099 2284 haerentem
1126 2229 1287 2299 pede,
1306 2234 1361 2283 et
1378 2233 1539 2283 stans
1562 2228 1818 2283 demisso
1840 2227 2048 2299 capite,

409 2326 568 2378 motu
594 2319 822 2375 aurium
850 2318 1015 2389 quasi
1040 2333 1240 2386 rogare
1255 2315 1447 2387 cmpit.
1468 2315 1564 2370 Ille
1586 2317 1889 2371 confestim
1910 2317 2050 2371 dum

408 2409 613 2482 pedem
648 2404 893 2459 binnulo
918 2404 988 2457 de
1018 2403 1298 2473 compede
1330 2401 1765 2471 exsolvit,cerva
1785 2419 1916 2457 cum
1957 2420 2049 2458 ea-

409 2495 745 2553 tuloleetain
763 2493 967 2548 silvam
984 2492 1211 2557 abiit,et
1233 2507 1434 2546 servus
1448 2492 1517 2545 ad
1542 2492 1845 2546 dominum
1880 2508 2052 2547 suum

416 2586 607 2652 rediit,
639 2583 809 2654 eique
839 2599 964 2653 qua:
986 2584 1149 2652 gesta
1196 2585 1334 2634 sunt
1381 2580 1689 2635 nuntiavit.
1729 2580 1968 2651 Talibus
1997 2588 2052 2636 et

407 2675 501 2732 his
532 2673 833 2731 similibus
863 2670 1073 2741 sepius
1107 2684 1241 2725 cum
1271 2667 1380 2723 hoc
1409 2668 1722 2724 venerabili
1753 2670 1874 2725 viro
1896 2669 2050 2724 Deus

414 2761 973 2839 quasijoculabatur
1003 2759 1140 2832 quia
1159 2757 1456 2828 jocundus
1488 2755 1684 2825 homo,
1741 2757 1841 2829 qui
1882 2757 2053 2812 mise-

414 2858 575 2912 retur
632 2852 691 2907 in
757 2849 1026 2917 Domino,
1076 2865 1190 2904 non
1262 2845 1722 2902 commovebitur
1772 2847 1834 2902 in
1887 2851 2050 2902 aster-

407 2961 576 3001 num.

478 3031 603 3088 Alio
634 3046 867 3103 quoque
886 3033 1306 3099 tempore,cum
1329 3024 1482 3081 idem
1512 3024 1856 3082 venerabilis
1879 3025 2054 3080 Huot—

410 3141 475 3180 zo
507 3138 703 3179 comes
736 3121 793 3174 in
825 3118 961 3174 aula
984 3116 1350 3189 imperatoris
1382 3115 2055 3187 demoraretur,cootigit

408 3229 525 3268 uno
541 3212 632 3267 die
653 3213 718 3265 ut
738 3209 825 3264 leo
848 3209 917 3262 de
931 3223 1102 3261 cavea
1121 3205 1470 3272 evaderet,et
1487 3221 1643 3259 more
1660 3221 1765 3259 suo
1780 3221 2053 3276 quazcun-

2548 722 2574 787 §
2605 720 2698 775 VI.
2730 722 2804 775 De
2828 723 3091 792 progenie
3123 722 3360 778 Utzonis.

2221 806 2323 863 Hic
2344 824 2478 880 ergo
2502 815 2753 880 quatuor
2772 811 2974 881 genuit
2994 809 3357 877 filios,unum
3379 809 3619 866 nomine
3630 807 3799 865 Udal-

2152 895 2360 963 ricum,
2389 897 2638 952 alterum
2670 899 3107 969 Marquardum,
3138 899 3376 956 tertium
3414 898 3795 964 Luitfridum,

2153 989 2424 1056 quartum
2455 1002 2587 1040 vero
2645 985 2824 1041 totius
2860 987 3058 1042 decus
3106 988 3334 1059 generis
3364 987 3797 1043 Gebehardum.

2155 1075 2352 1145 Ipsum
2386 1074 2756 1129 Uodalricum
2789 1076 2860 1130 ob
2909 1075 3169 1148 leporem
3199 1081 3552 1132 vocaverunt
3575 1075 3796 1131 Uozzo-

2154 1179 2307 1229 nem,
2344 1165 2510 1234 cujus
2549 1163 2703 1218 filius
2735 1164 3073 1219 Uodalricus
3095 1164 3281 1219 fuitin
3307 1162 3458 1219 bello
3479 1164 3637 1237 quod
3668 1162 3800 1219 Otto

2155 1252 2231 1306 im
2241 1257 2631 1323 peratorcum
2645 1252 2935 1325 Hungaris
2958 1269 3032 1324 pu
3040 1252 3241 1325 gnavit
3249 1252 3421 1322 juxta
3434 1250 3801 1308 Vindelicam

2155 1345 2525 1411 Augustam;
2559 1345 2720 1412 pater
2746 1357 2880 1396 vero
2924 1341 3329 1413 Lindaugense
3376 1341 3804 1397 monasterium

2154 1430 2279 1484 suis
2299 1446 2363 1483 ex
2384 1430 2616 1499 praediis
2643 1429 2915 1484 nobiliter
2935 1430 3165 1497 ditavit,
3180 1430 3279 1485 ubi
3319 1434 3377 1484 et
3394 1429 3807 1486 venerabiliter

2153 1517 2479 1572 tumulatus
2499 1516 2945 1589 quiescit,cujus
2965 1517 3275 1590 posteritas
3295 1518 3801 1591 adhuc(716)apud

2160 1606 2516 1678 Brigantiam
2552 1606 2735 1661 ﬂoret.
2791 1606 3177 1678 Marquardus
3221 1611 3417 1663 autem
3474 1607 3637 1664 ﬁlius
3677 1608 3808 1679 ejus

2155 1710 2349 1750 comes
2372 1694 2610 1749 effectus
2635 1694 2693 1749 in
2718 1695 2977 1751 amicitia
2989 1695 3220 1752 Ottonis
3242 1696 3321 1751 im
3329 1696 3616 1768 peratoris
3628 1695 3805 1769 pluri-

2157 1800 2313 1838 mum
2347 1784 2553 1853 potuit.

2438 1872 2606 1939 §Vll.
2633 1874 2706 1927 De
2736 1875 2998 1944 Luitfrico
3031 1873 3298 1929 Gebhardi
3321 1876 3514 1945 (mure.

2234 1961 2415 2032 Igitur
2446 1976 2577 2015 cum
2603 1959 2661 2015 hi
2696 1965 2946 2033 quatuor
2977 1962 3182 2017 fratres
3221 1954 3664 2033 defunctis'jam
3705 1978 3804 2036 pa-

2162 2049 2425 2105 rentibus
2446 2048 2844 2104 haereditatem
2868 2050 3020 2105 inter
3039 2066 3101 2105 se
3121 2050 3378 2106 dividere
3391 2049 3625 2119 vellent,
3650 2068 3806 2108 unus

2162 2154 2363 2193 eorum
2408 2138 2721 2193 Luitfricus
2761 2138 3031 2208 superius
3088 2139 3451 2205 nominatus,
3482 2155 3617 2195 cum
3649 2145 3808 2196 esset

2160 2227 2327 2281 deses
2362 2230 2419 2280 et
2449 2224 2723 2294 imbellis,
2756 2227 3095 2299 caaterisque
3141 2226 3568 2300 despicabilior,
3597 2243 3811 2285 verens

2160 2333 2232 2371 ne
2259 2316 2400 2371 forte
2424 2319 2656 2386 propter
2677 2315 2968 2387 ignaviam
3009 2333 3177 2373 suam
3219 2334 3252 2372 a
3275 2310 3555 2373 fratribus
3579 2316 3639 2373 in
3669 2317 3813 2391 divi-

2161 2406 2325 2460 sione
2355 2409 2877 2473 contemneretur,’
2902 2421 3104 2461 secum
3148 2409 3399 2462 tractare
3446 2407 3622 2478 cuapit
3656 2408 3807 2480 ιρι

2161 2511 2278 2565 qua
2294 2498 2413 2548 arte
2436 2510 2534 2548 eos
2555 2493 3025 2562 circumveniret,
3054 2498 3120 2549 ut
3157 2494 3270 2550 sibi
3306 2498 3533 2568 partem
3567 2495 3814 2552 haeredi-

2160 2582 2297 2637 tatis
2320 2599 2432 2638 non
2454 2588 2752 2654 negarent.
2778 2581 2960 2638 Multa
2984 2582 3162 2656 igitur
3182 2600 3381 2640 secum
3402 2584 3727 2653 volvens,et
3742 2586 3815 2643 ad

2163 2670 2435 2727 ultimum
2469 2670 2612 2727 utile
2640 2672 2752 2727 sibi
2775 2671 3017 2743 suisque
3038 2672 3286 2744 posteris
3315 2672 3635 2730 consilium
3658 2691 3817 2749 repe-

2160 2760 2427 2825 riens,sic
2457 2776 2643 2815 unum
2667 2776 2736 2816 ex
2757 2760 3035 2816 fratribus
3056 2761 3202 2828 suis,
3222 2759 3354 2817 aliis
3376 2761 3814 2834 ignorantibus,

2160 2850 2369 2904 affatus
2391 2854 2478 2903 est
2502 2866 2515 2905 :
2541 2871 2569 2898 ‹‹
2594 2848 2740 2912 Scis,
2765 2848 3059 2921 inquiens,
3084 2850 3281 2916 frater,
3321 2850 3438 2906 scis
3477 2852 3637 2922 quod
3676 2868 3805 2925 ego,

2158 2938 2322 2993 vobis
2345 2937 2620 2992 fratribus
2645 2937 2789 2992 meis
2808 2936 3398 3010 impar,nequaquam
3431 2939 3684 3012 negotiis
3705 2957 3813 2997 saa-

2161 3025 2277 3083 culi
2293 3027 2539 3082 idoneus
2558 3042 2804 3098 appareo
2822 3051 2835 3093 ;
2851 3027 2951 3081 sed
2974 3026 3022 3081 si
3046 3026 3192 3081 meis
3211 3026 3476 3083 consiliis
3495 3044 3811 3089 assensum

2165 3114 2490 3188 praebuiris,
2524 3132 2639 3169 non
2672 3114 2968 3170 modicum
3019 3115 3392 3170 commodum
3434 3110 3541 3171 tibi
3573 3116 3814 3189 tuisque

2165 3204 2414 3277 posteris
2437 3203 2759 3275 praastabis.
2809 3207 2884 3259 Te
2913 3203 3068 3259 enim
3124 3220 3240 3275 prae
3271 3204 3497 3261 ceteris
3531 3205 3815 3262 fratribus

410 3318 522 3377 que
555 3300 824 3355 invadere
852 3300 1074 3369 poterat
1102 3294 1482 3365 discerperet;
1504 3310 1753 3364 cumque
1770 3293 1819 3348 ei
1844 3292 2044 3349 nullus
2076 3282 2118 3349 (ἶ
2160 3294 2305 3348 meis
2326 3290 2842 3364 diligo,tecumque
2859 3291 3123 3347 habitare
3142 3292 3496 3361 desidero,et
3516 3294 3817 3361 ideo,cum

411 3389 883 3464 apprOpinquare
905 3386 1166 3449 auderet,
1198 3384 1298 3439 sed
1330 3400 1533 3438 omnes
1562 3392 1695 3437 ante
1724 3399 1859 3438 eum
1893 3384 2052 3455 fuge-

410 3481 907 3551 rent,suggestum
938 3480 1028 3531 est
1056 3472 1389 3546 imperatori
1420 3489 1453 3527 a
1481 3472 1835 3543 quibusdam
1857 3478 2055 3544 quate-

408 3586 522 3625 nus
542 3570 669 3640 jam
702 3567 855 3622 dicto
886 3565 1005 3619 viro
1043 3562 1137 3619 Dei
1168 3562 1448 3617 Huotzoni
1483 3561 1678 3616 comiti
1717 3561 1958 3627 diceret,
1988 3565 2053 3616 ut

406 3657 630 3713 leonem
647 3656 705 3711 in
724 3655 933 3710 virtute
948 3652 1043 3707 Dei
1065 3648 1495 3722 aliquantulum
1513 3649 1827 3721 mitigaret,
1851 3648 2053 3703 dicen-

404 3751 494 3803 tes
511 3763 573 3802 se
603 3744 993 3817 experimento
1014 3741 1169 3797 800
1188 3739 1463 3794 didicisse
1488 3738 1682 3810 ipsum
1724 3739 1781 3792 in
1806 3738 2051 3793 Domino

407 3839 579 3891 tanta;
600 3833 832 3889 virtutis
864 3831 1065 3897 fuisse,
1088 3834 1173 3894 ut,
1207 3829 1275 3896 si,
1313 3828 1615 3893 voluisset,
1659 3826 1823 3881 facile
1865 3826 2051 3882 leonis

406 3924 761 3980 ferocitatem
779 3920 1091 3993 mitigaret.
1115 3919 1437 3988 Imperator
1457 3920 1650 3971 autem
1671 3916 1791 3970 haec
1805 3914 2049 3971 audiens

406 4012 487 4068 nil
514 4017 774 4067 moratus
805 4011 1159 4064 Huotzonem
1181 4006 1501 4069 advocavit,
1541 4006 1709 4077 eique
1749 4004 2051 4061 humiliter

405 4118 509 4174 pro
540 4099 781 4157 instanti
803 4115 979 4153 causa
999 4095 1365 4168 supplicavit.
1391 4094 1580 4149 Atille
1611 4095 1797 4166 primo
1818 4093 2048 4148 humili-

404 4190 543 4245 tatis
565 4187 753 4260 gratia
773 4203 834 4240 se
855 4191 1014 4240 tanta
1032 4190 1253 4239 tentare
1292 4200 1461 4254 posse
1487 4185 1803 4249 excusavit,
1833 4185 1904 4239 ad
1945 4202 2047 4239 ex-

404 4282 657 4332 tremum
680 4274 1068 4337 vero,cunctis
1090 4271 1190 4342 qui
1212 4272 1474 4335 aderant,
1498 4272 1673 4325 simul
1714 4288 1845 4326 cum
1868 4273 2046 4346 impe-

406 4368 595 4419 ratore
621 4360 1054 4434 postulantibus
1077 4358 1382 4429 acquievit,
1407 4375 1584 4429 seque
1604 4358 1751 4413 leoni
1774 4361 2042 4417 saeviento

401 4432 636 4508 obviam
664 4432 839 4505 dedit.
871 4447 1078 4502 Statim
1109 4463 1246 4517 ergo
1297 4450 1360 4500 ut
1389 4462 1524 4500 eum
1564 4446 1654 4501 leo
1701 4447 1862 4508 vidit.
1907 4467 2041 4507 cum

403 4537 561 4595 omni
577 4536 969 4607 ferocitate,qu
980 4535 1062 4589 asi
1077 4539 1259 4589 totum
1275 4533 1548 4588 continuo
1560 4552 1694 4590 eum
1713 4535 2041 4610 discerptu-

402 4643 525 4691 rus,
554 4624 846 4690 accurrit;
881 4623 982 4677 sed
1016 4621 1114 4675 illo
1145 4622 1416 4690 expansis
1449 4623 1720 4679 manibus
1742 4627 2038 4683 eumexci-
2067 4653 2115 4717 Β

401 4716 613 4789 piente,
648 4716 882 4783 repente
913 4727 1081 4765 suam
1115 4710 1467 4765 ferocitatem
1495 4711 1582 4767 leo
1604 4712 1821 4769 oblitus
1847 4720 2034 4771 totum

396 4822 459 4862 se
490 4808 623 4859 ante
654 4802 832 4875 pedes
864 4798 967 4854 viri
1006 4798 1102 4853 Dei
1161 4800 1485 4869 prostravit,
1521 4817 1735 4873 eosque
1780 4803 2034 4860 lambere

396 4893 600 4965 cmpit;
636 4906 808 4963 quem
843 4887 940 4943 ille
971 4903 1146 4940 manu
1188 4886 1522 4942 demulcens
1580 4891 1878 4962 magistris
1906 4894 2035 4964 ejus

395 4981 701 5053 imperavit
730 4982 796 5031 ut
847 4992 982 5029 eum
1038 4975 1255 5046 absque
1315 4991 1518 5045 pavore
1559 4982 1823 5034 tenerent
1860 4986 2035 5052 atque

392 5068 777 5125 recluderent.
809 5066 927 5118 llnc
974 5063 1097 5117 viso
1153 5062 1466 5133 imperator
1512 5067 1662 5136 (715)
1703 5069 2029 5140 obstupuit,

392 5157 561 5228 eique
581 5152 986 5209 venerabiliter
1006 5150 1214 5206 obtulit
1242 5152 1460 5209 dicens.
1511 5176 1539 5203 ‹‹
1589 5156 1873 5219 Quoniam
1933 5173 2033 5212 vos

464 5269 611 5340 (714)
644 5270 824 5340 Meste
872 5265 1186 5340 Sprechero
1233 5267 1444 5323 Pallad.
1505 5260 1707 5334 Rhazt.,
1741 5288 1892 5325 anno
1927 5272 2032 5326 9/18

393 5338 763 5411 Hermannus
794 5338 917 5411 dux‘
965 5338 1313 5411 Alemannis:
1348 5346 1601 5396 castrum
1666 5343 2029 5411 Brigantinm

383 5408 952 5483 jussuimperatoris
983 5410 1206 5483 Ottonis
1237 5413 1406 5483 cepit,
1436 5429 1502 5468 ac
1537 5415 1676 5469 forte
1718 5408 1890 5468 etiam
1926 5415 2028 5469 dc—

393 5478 624 5542 struxit,
659 5479 810 5534 unde
837 5478 953 5534 haec
977 5482 1202 5537 rudera.

418 5587 431 5626 ς
463 5550 609 5626 (715)
640 5548 883 5626 Videtur
913 5552 1093 5626 fuisse
1122 5554 1406 5612 Henricus
1455 5571 1696 5626 auceps,
1729 5558 1828 5611 aut
1871 5553 2030 5612 ﬁlius

391 5620 690 5703 Ottojmp.
718 5621 766 5703 ei
788 5624 1081 5703 sanguine
1127 5633 1391 5698 junctus,
1452 5632 1517 5683 ut
1572 5620 1641 5683 cit
1679 5627 1887 5703 prmvia
1915 5627 2030 5683 dis-

389 5691 747 5771 quisitioneg
777 5693 845 5754 14
876 5691 1078 5775 liquet.

2163 3388 2399 3437 ventum
2436 3381 2609 3436 fuerit
2666 3382 2737 3436 ad
2795 3380 3140 3436 divisionem
3188 3380 3548 3438 haireditatis
3579 3391 3816 3451 nostris,

2162 3471 2322 3526 omni
2356 3471 2485 3526 nisu
2509 3476 2707 3543 satage
2738 3474 2802 3525 ut
2820 3470 2879 3523 in
2912 3485 3099 3525 meam
3122 3474 3348 3541 partem
3376 3470 3552 3527 cedat
3572 3471 3823 3528 Wintir-

2163 3564 2294 3614 tura
2324 3558 2473 3630 (717)
2504 3574 2633 3611 cum
2695 3557 2818 3612 suis
2874 3556 3257 3628 appendiciis,
3304 3556 3581 3631 sciasque
3613 3559 3820 3633 procul

2162 3647 2337 3704 dubio
2361 3647 2661 3719 quoniam,
2696 3645 2744 3701 si
2769 3645 2891 3701 haec
2910 3645 2968 3699 in
2993 3662 3185 3701 meam
3203 3645 3824 3722 devenerintproprie-

2160 3742 2362 3801 tatem,
2396 3736 2548 3807 quod
2572 3735 2674 3789 tibi
2707 3751 2775 3791 ea
2805 3752 2934 3789 sum
2968 3735 3317 3804 traditurus,
3349 3740 3407 3789 et
3454 3736 3585 3809 ipse
3616 3743 3817 3795 tecum

2159 3823 3341 3895 deinceps,quemadmodumjusseris,ero
3358 3840 3817 3897 permansurus;

2161 3915 2217 3969 in
2242 3913 2349 3968 hoc
2366 3930 2501 3985 ergo
2525 3918 2636 3966 tum
2660 3910 2898 3969 consule
2923 3911 3180 3976 utilitati,
3210 3917 3267 3967 et
3313 3928 3458 3968 meas
3498 3920 3816 3990 optempe—

2159 4019 2285 4057 rare
2304 4002 2474 4056 stude
2499 3999 2837 4055 voluntati.»
2858 3999 2953 4054 Sic
2975 3999 3138 4055 fratri
3160 4001 3538 4069 secundo,sic
3554 4002 3714 4060 clam
3737 4006 3817 4061 lo-

2156 4096 2326 4147 cutus
2348 4095 2437 4146 est
2456 4095 2513 4145 et
2530 4088 2975 4162 tertio,singulis
2997 4090 3368 4146 credentibus
3391 4092 3552 4163 quod
3576 4093 3703 4151 hac
3725 4096 3821 4152 sui

2156 4197 2352 4236 amore
2402 4178 3085 4250 loqueretur,omnesque
3114 4177 3223 4234 hac
3255 4195 3357 4251 spe
3393 4187 3710 4255 promptos
3740 4186 3818 4242 ad

2154 4272 2421 4326 effectum
2437 4286 2552 4324 suae
2568 4265 2884 4323 voluntatis
2906 4266 3177 4323 reddidit.
3195 4266 3544 4340 ltaquecum
3566 4277 3819 4331 ventum

2153 4362 2307 4415 esset
2330 4359 2400 4412 ad
2423 4355 2792 4424 divisionem,
2813 4359 2867 4411 et
2888 4355 3206 4427 unicuique
3238 4372 3346 4411 sua
3377 4373 3511 4415 sors
3548 4362 3818 4434 caderet,

2152 4445 2370 4519 singuli
2418 4445 2773 4500 festinabant
2828 4444 3099 4499 Liutfridi
3160 4444 3443 4517 petitione
3480 4448 3823 4523 adimplere

2151 4540 2389 4610 propter
2416 4535 2564 4605 ejus,
2599 4550 2776 4605 quam
2819 4534 2944 4603 jam
2999 4532 3278 4602 diximus,
3326 4536 3820 4610 promissionem,

2150 4626 2482 4698 ignorantes
2513 4620 2943 4694 singulis,quo:l
2972 4621 3290 4695 unicuique
3318 4639 3526 4681 eorum
3561 4627 3824 4702 aequalia

2147 4712 2640 4787 promississet.ht
2658 4711 2936 4783 quoniam
2954 4713 3218 4767 omnium
3241 4729 3346 4785 par
3358 4718 3486 4770 erat
3507 4716 3815 4785 voluntas,

2147 4801 2312 4858 facile
2342 4802 2411 4855 ad
2446 4800 2715 4856 effectum
2745 4804 2834 4855 est
2863 4801 3215 4872 perductum
3239 4803 3398 4873 quod
3420 4819 3639 4862 omnes
3668 4822 3818 4863 una-

2144 4891 2379 4946 nimiter
2398 4889 2792 4955 voluerunt,et
2819 4889 3087 4945 Luitfrico
3114 4891 3470 4947 Wintirtura
3513 4909 3655 4951 cum
3688 4912 3815 4950 om-

2145 4978 2318 5033 nibus
2345 4977 2681 5050 appendicis
2714 4978 2838 5033 suis
2867 4980 3382 5034 confirmaverunt.

2212 5068 2284 5120 At
2312 5066 2428 5133 illc,
2463 5066 2669 5121 merito
2702 5066 3090 5131 laetabundus,
3144 5068 3252 5122 sibi
3316 5069 3539 5128 tradita
3599 5072 3816 5129 adiens

2142 5154 2374 5226 egregia
2396 5154 2631 5225 praedia,
2652 5172 2759 5210 suo
2774 5154 2894 5224 juri
2921 5156 3277 5227 mancipavit
3304 5157 3606 5230 universa,
3627 5170 3816 5234 atque

2391 5270 2851 5345 Smculonempe
2880 5288 2980 5333 xu,
3014 5289 3129 5345 quo
3165 5272 3408 5345 scripsit
3432 5279 3666 5333 auctor.

2213 5342 2359 5411 (717)
2394 5341 2559 5418 lude
2587 5341 2876 5418 discimus
2935 5341 3306 5418 Winerthur;
3348 5344 3669 5418 ‘Turgoviae
3722 5364 3818 5403 ca-

2142 5416 2328 5467 strum
2351 5417 2407 5466 et
2427 5412 2709 5483 oppidum
2736 5413 2790 5465 in
2815 5413 3028 5466 ducatu
3054 5414 3434 5479 Alemannize,
3453 5412 3525 5472 ad
3552 5419 3813 5474 comites

2142 5483 2513 5556 Brigantinos
2541 5483 2918 5556 pertinuisse,
2952 5500 3017 5539 ex
3080 5486 3296 5556 quibus
3336 5486 3432 5542 hic
3466 5487 3812 5545 Luitfridus

2142 5552 2440 5634 prpprium
2464 5552 2670 5634 exinde
2692 5555 3030 5634 comitatum
3068 5552 3266 5634 eE-csit,
3311 5557 3431 5634 _qui
3491 5564 3703 5634 postea
3731 5562 3809 5620 ad

2142 5625 2506 5701 Dilingenses
2536 5626 2786 5684 transiit.
2819 5626 2946 5684 Vid.
2984 5627 3139 5685 Low.
3172 5626 3282 5686 lex.
3310 5625 3369 5687 h'.
3404 5644 3460 5689 v.
