3982 6216
219 378 338 442 305

222 619 351 660 ram
382 603 547 660 dedit
566 607 624 659 et
654 601 843 659 multa
854 602 1082 675 peculia
1103 602 1473 675 congregavit
1496 619 1510 668 ;
1530 605 1876 673 acceptaque

223 709 405 749 uxore
437 691 627 748 ﬁlium
659 710 728 748 ex
758 709 826 748 ea
856 691 1057 764 genuit
1087 692 1320 747 nomine
1349 690 1736 757 Adilbertum,
1779 689 1877 762 qui

223 799 359 839 cum
393 783 455 839 B.
490 782 683 837 Leone
713 798 866 853 papa
897 781 954 836 in
986 781 1256 853 Apuliam
1282 781 1533 848 transiit,
1557 780 1754 851 ibique
1776 796 1878 851 pro

225 888 408 927 causa
425 871 483 926 S.
520 869 672 926 Petri
699 876 903 925 contra
924 870 1338 935 Nortmannos,
1359 869 1456 941 qui
1482 869 1753 941 Apuliam
1783 869 1874 922 in-

223 965 800 1032 vaserant,pugnans
822 961 1113 1014 occubuit.
1130 960 1315 1030 Hujus
1339 959 1456 1013 lilia
1477 965 1598 1014 erat
1619 957 1876 1012 Adilhel-

226 1048 342 1116 dis,
369 1064 546 1120 quam
565 1064 762 1103 comes
793 1048 1191 1102 Hartmannus
1223 1048 1417 1102 senior
1443 1049 1513 1102 de
1544 1047 1776 1116 Dilinga
1818 1047 1875 1099 in

229 1136 675 1192 matrimonium
704 1137 947 1207 accepit,
983 1153 1110 1207 quae
1135 1135 1185 1190 ei
1211 1137 1428 1207 peperit
1448 1137 1876 1191 Hartmannum

234 1225 557 1297 iuniorem,
591 1227 646 1280 et
674 1225 1060 1291 Adilbertum,
1094 1225 1194 1296 qui
1239 1226 1432 1280 adhuc
1481 1229 1762 1295 superest,
1823 1227 1880 1277 et

237 1313 421 1368 totius
453 1313 780 1385 patrimonii
807 1318 863 1368 et
884 1313 1244 1369 matrimonii
1269 1315 1450 1369 haeres
1477 1315 1712 1370 effectus
1745 1318 1833 1366 est
1861 1329 1873 1377 ;

232 1406 291 1456 et
327 1400 715 1468 Uodalricum,
751 1402 850 1473 qui
905 1403 1061 1473 apud
1109 1404 1504 1457 Constantiam
1568 1403 1878 1473 episcopus

227 1489 424 1544 factus
452 1495 560 1557 est,
591 1489 662 1544 de
694 1505 810 1561 quo
861 1494 1062 1562 postea
1119 1491 1361 1545 forsitan
1421 1490 1618 1561 aliqua
1663 1487 1875 1543 dicturi

227 1593 480 1643 sumus;
513 1577 666 1632 ﬁlias
697 1593 930 1649 quoque
960 1583 1104 1645 tres,
1136 1595 1261 1650 quae
1286 1579 1457 1633 modo
1482 1579 1538 1633 in
1571 1578 1880 1633 sanctimo-

229 1665 372 1722 niali
415 1665 623 1720 habitu
687 1671 1144 1738 commorantur,
1204 1684 1455 1738 quarum
1516 1684 1632 1722 una
1679 1666 1881 1734 genuit

227 1753 614 1810 Uodalricum
647 1755 920 1810 comitem
953 1754 1023 1810 de
1057 1755 1482 1826 Gamirtingen,
1517 1761 1572 1810 et
1616 1754 1877 1810 Adilber-

226 1850 359 1901 tum
392 1843 463 1899 de
491 1842 819 1898 Achalmin.
854 1843 955 1915 qui
988 1844 1158 1899 ambo
1191 1843 1380 1900 adhuc
1409 1845 1525 1899 vita
1551 1845 1876 1916 potiuntur.
1914 1875 1959 1939 Β

227 1968 388 2028 8112
445 1970 472 2036 §
528 1966 680 2023 Vlll.
742 1967 1010 2035 Quomodo
1085 1968 1426 2024 Gebehardus
1511 1968 1884 2025 h‘wrcditatem

879 2038 1105 2109 adeptus
1144 2044 1241 2094 est.

301 2152 513 2209 Junior
541 2151 721 2224 igitur
751 2169 930 2224 supra
961 2159 1415 2210 memoratarum
1450 2155 1718 2220 fratrum,
1781 2155 1881 2208 sed

231 2245 648 2300 ornamentum
670 2242 1660 2310 eorum,Gebehardus,exdefunctae
1681 2243 1884 2298 matris

230 2332 564 2403 Dietpurgaz
585 2335 748 2386 utero
762 2331 1475 2403 excissus,etquibusdam
1495 2333 1768 2387 fomentis
1787 2333 1885 2388 ob-

233 2419 470 2478 volutus
491 2425 580 2475 est
612 2435 799 2490 usque
830 2420 900 2474 ad
933 2425 1164 2492 tempus
1197 2421 1534 2475 nativitatis.
1581 2421 1698 2476 Deo
1756 2422 1883 2491 ejus

235 2509 420 2565 vitam
448 2508 518 2563 ad
550 2506 874 2563 multorum
908 2506 1161 2563 salutem
1196 2514 1544 2564 reservante.
1570 2509 1648 2563 De
1670 2508 1884 2565 talibus

234 2602 436 2655 tamen
465 2595 895 2652 excisislittera:
915 2600 1206 2652 testantur
1237 2598 1414 2668 quod,
1441 2599 1491 2652 si
1544 2598 1660 2652 vita
1689 2615 1884 2653 comes

233 2682 638 2752 fuerit,felices
667 2683 726 2738 in
756 2685 976 2740 mundo
998 2684 1346 2742 habeantur.
1371 2689 1572 2758 Itaque
1594 2687 1886 2743 enutritus

232 2780 292 2832 et
315 2773 530 2830 litteris
547 2773 982 2844 traditus,apud
1012 2773 1414 2830 Constantiam
1435 2776 1722 2840 eruditus,
1774 2775 1886 2830 ibi-

233 2880 350 2936 que
381 2861 702 2917 canonicus
732 2860 922 2917 factus
951 2866 1058 2928 est,
1083 2863 1250 2933 cujus
1267 2863 1454 2918 Vitam
1475 2864 1752 2935 quoniam
1775 2863 1887 2919 allo

233 2967 411 3025 opere
440 2950 610 3021 (718),
659 2955 722 3004 ut
753 2951 1076 3022 potuimus,
1129 2953 1384 3008 exsecuti
1445 2969 1674 3016 sumus,
1736 2969 1888 3008 nunc

234 3039 442 3115 paucis
475 3039 1122 3112 attingemus.Denique
1147 3058 1283 3096 cum
1309 3042 1513 3098 fratres
1543 3043 1692 3112 ejus,
1739 3042 1892 3096 sicut

233 3127 512 3201 superius
539 3126 870 3195 retulimus,
895 3133 1081 3184 sortes
1105 3128 1457 3184 hereditatis
1490 3131 1640 3184 inter
1679 3148 1740 3184 se
1767 3130 1889 3184 dis-

1137 377 1583 443 CHRONICUN
1626 375 2340 443 PETEBSHUSANUM.
2372 413 2452 430 -
2484 383 2632 446 LIB.
2676 385 2725 448 Ῑ.

218 511 322 570 tali
343 512 561 570 fratres
592 509 800 571 fefellit
828 511 1066 579 astutia,
1098 517 1275 586 atque
1322 511 1690 586 agriculture
1743 529 1876 584 ope-
1907 511 1962 576 Α

3516 387 3633 452 306

2404 518 2768 588 Privilegium
2798 519 2864 576 de
2895 516 3208 594 Obimdorf.

2059 625 2084 651 «
2121 603 2392 660 Noverint
2422 625 2623 663 omnes
2673 615 2790 664 tam
2851 617 3162 680 praesentes
3213 629 3387 684 quam
3449 613 3630 671 futuri

1987 693 2136 760 quod
2171 709 2276 764 ego
2301 695 2620 762 Ksssma'r,
2648 704 2856 754 sanctae
2884 701 3343 758 Constantiensis
3365 702 3630 760 Ecclesia:

1990 779 2196 835 fratrer
2218 783 2514 855 indignus,
2542 787 2805 858 cogitans
2823 806 2925 860 pro
2951 791 3205 845 remedio
3233 791 3441 848 animus
3463 809 3626 863 meae,
3733 810 3742 817 '

1989 885 2090 923 nec
2124 888 2236 924 non
2261 873 2590 944 evangelica
2621 881 2676 929 et
2701 877 3016 939 apostolica
3048 883 3282 935 secutus
3340 879 3626 954 exempla,

1987 974 2118 1013 cum
2153 976 2438 1016 consensu
2465 965 2616 1019 308
2645 966 2884 1020 fratrum
2912 970 3344 1040 meorum(720)
3364 976 3418 1024 et
3449 987 3627 1025 manu

1987 1047 2248 1103 advocati
2285 1051 2397 1105 mei
2455 1051 2762 1119 Uodalrici,
2809 1055 2960 1122 juris
3019 1057 3131 1110 mei
3193 1058 3626 1128 proprietatem,

1987 1152 2163 1205 quam
2199 1144 2502 1207 parentum
2547 1143 2914 1197 successione
2971 1143 3029 1198 in
3079 1144 3220 1198 locis
3268 1145 3637 1202 Hoberndorf

1987 1227 2572 1292 (7‘21),llakelinbach
2599 1231 2770 1300 (722),
2805 1231 3158 1304 Pilolfhinga
3207 1235 3376 1304 (723),
3429 1234 3627 1289 Luite-

1987 1315 2233 1369 festorof
2257 1317 2403 1385 (725‘)
2436 1333 2567 1371 cum
2602 1319 2876 1374 erunibus
2908 1322 3266 1390 appendiciis
3299 1323 3369 1376 ad
3427 1323 3628 1378 eadem

1988 1401 2114 1457 loca
2137 1403 2583 1475 pertinentibus,
2613 1406 2892 1474 aediﬁciis,
2913 1409 3241 1480 mancipiis,
3259 1411 3512 1481 pascuis,
3536 1411 3630 1466 sil-

1987 1491 2094 1559 vis,
2129 1493 2314 1562 aquis,
2341 1510 2745 1565 aquarumque
2777 1496 3146 1563 decursibus,
3211 1497 3530 1554 mobilibus
3575 1503 3633 1554 et

1988 1579 2475 1648 immobilibus,et
2496 1583 2720 1638 cunctis
2733 1584 2799 1638 ad
2821 1584 3021 1640 eadem
3040 1584 3165 1640 loca
3178 1587 3630 1657 pertinentibus,

1987 1669 2158 1739 [quin]
2184 1669 2493 1740 dignoscor
2513 1670 2743 1738 habere,
2768 1673 2935 1728 trado
2953 1674 3026 1728 ad
3045 1679 3313 1729 sanctum
3346 1675 3629 1746 praedictae

1987 1761 2282 1824 Constant,
2317 1758 2952 1827 ecclesiaefcmnobium,
2982 1761 3256 1818 fratribus
3286 1763 3632 1818 Deoibidem

1990 1846 2226 1901 assidue
2267 1847 2712 1916 famulantibus,
2746 1849 2839 1902 cui
2870 1851 2956 1903 vir
2985 1867 3230 1905 summae
3250 1851 3546 1924 religionis
3569 1869 3632 1906 ac

1992 1934 2267 1990 doctrina:
2289 1935 2669 1991 Chuonradus
2701 1938 3010 2009 episcopus
3070 1939 3352 2010 regimine
3384 1939 3634 2010 spiritali

1993 2024 2299 2095 przefectus
2339 2041 2465 2078 esse
2494 2024 2721 2079 videtur
2751 2027 2895 2097 (725)
2922 2043 2935 2091 ;
2961 2042 3026 2080 ea
3057 2031 3251 2082 tamen
3305 2027 3634 2082 conditione

1993 2117 2057 2168 ut
2087 2130 2211 2184 ego,
2246 2114 2509 2167 eamdem
2525 2114 2595 2168 ad
2624 2131 2715 2168 me
2747 2114 3030 2186 recipiens
3071 2115 3502 2186 proprietatem,
3546 2114 3634 2170 vel

1994 2201 2143 2256 alius
2175 2202 2438 2271 ejusdem
2471 2202 2870 2267 fraternitatis,
2910 2220 3320 2274 quemcunque
3376 2203 3632 2271 voluero,

1995 2306 2235 2344 censum
2253 2290 2387 2344 inde
2411 2288 2777 2360 persolvat,id
2801 2291 3152 2364 estsingulis
3177 2291 3510 2363 quibusque
3534 2291 3634 2345 ah-

1994 2377 2131 2432 hinc
2159 2377 2216 2432 in
2239 2367 2546 2449 posterum
2579 2377 2772 2440 annis,
2806 2378 3114 2434 festivitate
3144 2380 3201 2433 S.
3238 2380 3420 2450 patris
3453 2377 3636 2434 nostri

1996 2482 2060 2522 ac
2083 2466 2428 2521 venerabilis
2455 2484 2614 2537 papa:
2643 2466 2900 2537 Gregorii
2933 2467 3077 2538 (726)
3115 2466 3406 2538 prmdictis
3441 2465 3638 2522 fratri-

1996 2554 2298 2617 bus,sicut
2328 2554 2606 2609 canonica
2665 2555 3017 2610 monstrabit
3070 2555 3288 2626 regula,
3353 2554 3638 2610 serviatur

1997 2644 2163 2715 (727).
2191 2645 2396 2698 Actum
2422 2642 2768 2697 Constantire
2794 2647 3001 2713 quarta
3026 2643 3105 2698 Id.
3135 2643 3639 2713 Martii,pra:sente

1997 2737 2054 2787 et
2083 2731 2417 2786 confavente
2441 2729 2712 2802 praedicto
2735 2731 3010 2786 advocato
3034 2748 3162 2786 meo
3184 2729 3508 2795 Uodalrico,
3534 2743 3638 2783 nec

1998 2837 2111 2875 non
2145 2825 2201 2874 et
2233 2818 2362 2874 aliis
2394 2820 2662 2881 testibus,
2697 2835 2946 2889 quorum
2980 2820 3312 2891 subscripta
3361 2822 3498 2875 sunt
3542 2833 3640 2872 no-

1999 2909 2196 2963 mina:
2257 2907 2573 2962 Eberhard.
2636 2905 2914 2962 Liutfred.
2993 2908 3308 2963 Hildibold.
3395 2907 3636 2962 Chuzzo.

1999 3002 2254 3069 Cozpret.
2307 2996 2589 3067 Adilpret.
2655 2996 2965 3052 Mereboto.
3025 2996 3304 3069 Liutpret.
3364 2995 3637 3068 Sigibert.

2000 3086 2306 3157 Hadepert.
2333 3085 2580 3157 Dictger.
2617 3088 2810 3139 Wern.
2850 3084 3107 3158 Adilgoz.
3137 3109 3162 3134 ››

232 3218 589 3281 tribuerent,
619 3215 890 3272 dixerunt
911 3216 1066 3273 hunc
1088 3234 1216 3273 esse
1239 3217 1535 3285 clericum,
1563 3235 1666 3274 nec
1688 3235 1888 3273 eorum
1922 3249 1929 3297 4

2012 3194 2029 3259 ξ
2058 3192 2122 3246 Χ.
2156 3191 2426 3260 Quomodo
2458 3193 2735 3305 quaesivit,
2772 3193 2996 3246 ubinam
3054 3193 3448 3247 monasterium
3503 3206 3639 3244 con-

2691 3279 2715 3305 s
2743 3273 2924 3305 rum-pl

236 3305 600 3363 hereditatis
631 3305 924 3377 indigum,
957 3323 1023 3360 ex
1041 3306 1415 3362 facultatibus
1449 3307 1711 3362 Ecclesia:
1747 3308 1889 3362 satis

238 3393 719 3468 opulentum.llle
742 3393 861 3448 haec
883 3395 1127 3450 audiens
1149 3412 1282 3450 cum
1306 3396 1465 3467 gravi
1489 3396 1891 3467 indignatione

237 3483 568 3558 portionem
583 3499 754 3537 suam
780 3483 1121 3554 exquirehat
1143 3484 1523 3555 ;et,quoniam
1545 3483 1895 3555 eloquentis-

239 3572 432 3629 simus
463 3574 590 3627 erat
609 3575 666 3625 et
685 3571 909 3637 efﬁcax,
929 3571 1398 3627 comminabatur
1419 3572 1503 3627 eis
1517 3573 1584 3626 ad
1618 3573 1891 3626 ultimum

243 3660 406 3734 quia,
426 3659 477 3715 si
498 3663 703 3731 sponte
723 3657 834 3714 sibi
852 3659 955 3730 jus
978 3659 1332 3715 haereditatis
1356 3677 1473 3715 suae
1496 3659 1717 3716 nollent
1734 3661 1893 3726 dare,

247 3765 313 3804 se
332 3765 498 3803 arma
515 3752 914 3820 sumpturum,
942 3763 1121 3820 seque
1145 3748 1338 3820 gladio
1361 3749 1760 3804 defensurum.
1781 3751 1894 3804 Ita-

251 3853 391 3908 que,
423 3835 531 3889 hoc
563 3835 763 3891 auditu
798 3836 1204 3907 percipientes,
1239 3838 1400 3892 inviti
1435 3839 1694 3893 fecerunt
1742 3837 1896 3909 quod

253 3928 466 3998 sponte
497 3922 825 3994 noluerunt,
859 3925 1029 3996 eique
1059 3931 1282 3998 partem
1341 3943 1511 3982 suam
1553 3944 1621 3982 ex
1673 3926 1899 3998 integro

245 4013 642 4071 tradiderunt.

421 4132 449 4198 §
482 4129 573 4185 IX.
606 4134 686 4186 De
717 4129 804 4185 his
835 4145 960 4202 qum
990 4130 1062 4195 ad
1083 4129 1457 4189 Constantiam
1486 4131 1730 4187 tradidit.

320 4240 398 4290 At
429 4235 546 4302 ille,
579 4235 860 4307 quoniam
912 4236 1004 4291 lex
1039 4237 1134 4292 Dei
1194 4242 1318 4292 erat
1379 4238 1437 4292 in
1470 4239 1643 4294 corde
1692 4239 1901 4311 ipsius,

248 4325 503 4382 terrenis
533 4323 754 4380 divitiis
775 4341 890 4379 non
923 4324 1284 4396 supplantati
1317 4331 1455 4380 sunt
1476 4344 1716 4398 gressus
1755 4330 1906 4400 ejus,

251 4414 355 4470 sed
381 4413 454 4468 ad
485 4411 796 4467 ecclesiam
845 4416 902 4467 Β.
935 4413 1128 4468 Mariae
1160 4413 1512 4470 Constantina
1575 4418 1723 4488 (7l9)
1775 4436 1905 4490 par-

253 4507 374 4559 tem
389 4500 749 4574 praediorum
777 4518 1019 4558 suorum
1036 4503 1398 4574 temporibus
1421 4505 1598 4559 beata:
1616 4508 1908 4563 memorire

2690 3267 2943 3318 strueret.

2071 3352 2213 3406 Cum
2239 3357 2431 3406 autem
2457 3350 2673 3422 placuit
2706 3351 2752 3405 ei
2771 3351 2868 3423 qui
2901 3369 3034 3406 eum
3059 3349 3310 3406 mirabili
3335 3350 3537 3405 ordine
3569 3348 3640 3402 do

2003 3445 2166 3495 utero
2199 3440 2405 3494 matris
2428 3457 2544 3494 sum.
2578 3441 2919 3511 segregavit,
2957 3445 3012 3494 et
3040 3440 3374 3511 vocavitper
3392 3439 3641 3510 gratiam

2005 3546 2173 3584 suam
2205 3533 2268 3582 ut
2300 3532 2458 3582 esset
2488 3529 2543 3581 in
2579 3529 2749 3582 domo
2783 3527 3010 3582 Domini
3044 3528 3284 3582 lucerna
3313 3529 3525 3581 ardens
3590 3527 3648 3580 et

2001 3618 2224 3683 lucens,
2259 3617 2532 3671 continuo
2585 3633 2698 3671 non
2732 3615 3019 3686 acquievit
3057 3615 3214 3670 carni
3272 3619 3328 3669 et
3375 3611 3648 3684 sanguini

2007 3711 2071 3761 ut
2099 3705 2426 3776 indulgeret
2454 3704 2570 3758 otio
2604 3703 2689 3759 vel
2751 3703 3060 3775 voluptati,
3121 3704 3221 3757 sed
3275 3706 3470 3756 mente
3526 3717 3651 3773 per-

2006 3799 2266 3850 tractans
2322 3793 2614 3864 quomodo
2658 3793 2728 3847 ad
2786 3793 2895 3846 hoc
2965 3797 3202 3846 vocatus
3285 3794 3408 3845 erat
3462 3793 3528 3844 ut
3592 3788 3652 3842 in

2006 3883 2174 3938 vinea
2204 3880 2432 3936 Domini
2456 3880 2768 3944 laboraret,
2786 3895 3032 3950 eamque
3053 3877 3337 3934 excoleret
3360 3882 3418 3933 et
3448 3876 3653 3932 melio-

2010 3974 2183 4035 raret,
2213 3969 2385 4040 cmpit
2407 3968 2754 4040 investigare
2778 3985 2878 4041 per
2898 3967 3205 4023 consilium
3234 3965 3485 4038 Spiritus
3522 3983 3655 4022 san-

2013 4060 2055 4114 ti
2079 4075 2193 4130 quo
2220 4057 2453 4129 ingenio
2479 4073 2560 4126 se,
2584 4057 2760 4112 veluti
2785 4055 3042 4120 damula,
3067 4057 3362 4110 excuteret
3383 4054 3452 4108 de
3475 4053 3656 4124 hujus

2015 4147 2220 4203 mundi
2245 4145 2532 4217 decipula,
2550 4155 2635 4212 ut,
2657 4146 2834 4201 veluti
2860 4145 3133 4200 Hebrazus
3164 4160 3388 4210 servus,
3412 4143 3660 4214 septimo

2016 4252 2188 4301 anno,
2222 4235 2328 4290 hoc
2351 4239 2458 4302 est,
2493 4239 2624 4306 post
2654 4239 2979 4289 transactos
2999 4233 3226 4288 labores
3250 4232 3426 4303 hujus
3449 4230 3654 4286 mundi

2018 4325 2164 4380 liber
2183 4324 2436 4379 Sabhata
2453 4339 2621 4395 agere
2645 4329 2841 4394 posset
2870 4325 2926 4377 in
2963 4324 3113 4378 804
3137 4320 3370 4376 siccula.
3403 4320 3666 4391 Denique

2019 4414 2178 4468 omni
2213 4413 2535 4468 intentione
2567 4413 2907 4484 exquirebat
2937 4429 3191 4484 quonam
3225 4410 3397 4466 modo
3437 4408 3666 4464 Christo

2020 4501 2443 4572 acceptissime,
2504 4517 2868 4573 qnaecunque
2926 4501 3178 4557 habebat
3232 4499 3319 4554 vel
3368 4497 3670 4570 acquirere

255 4590 553 4648 Kuonradi
587 4589 854 4661 praesulis
886 4591 1144 4658 tradidit,
1179 4609 1357 4664 super
1394 4609 1518 4664 qua)
1537 4593 1650 4649 tale
1681 4595 1913 4666 privile-
1947 4606 1991 4668 Ι)
2023 4594 2270 4662 poterat,
2330 4589 2535 4644 offerre
2575 4589 2892 4660 quivisset:
2926 4594 2984 4644 et
3019 4587 3135 4644 tale
3165 4589 3404 4643 demum
3456 4583 3672 4657 reperit

253 4680 422 4753 gium
452 4677 589 4733 fecit
619 4696 632 4733 :

327 4803 482 4883 (718)
511 4802 768 4888 Deperiit
796 4803 915 4860 hmo
944 4804 1072 4888 vitae
1104 4806 1163 4860 S.
1195 4805 1536 4888 .Gebehardi
1595 4806 1848 4888 Historia
1879 4824 1913 4888 a

642 4880 777 4944 ujus
827 4880 1064 4950 auctore
1095 4880 1514 4950 scriptaeque:
1546 4880 1702 4932 enim
1754 4880 1909 4950 apud

255 4875 534 4930 Chronici

2025 4676 2511 4744 consilium,nihil
2531 4694 2648 4732 suae
2676 4677 2853 4733 satuti
2875 4677 3084 4734 melius
3099 4678 3473 4750 profuturum
3493 4688 3671 4746 quam

2092 4801 2240 4876 (721)
2267 4801 2563 4876 Qberdorf
2578 4800 2637 4855 in
2660 4801 2920 4876 capitulo
2939 4800 3121 4876 rurali
3138 4798 3529 4876 Lindaviensi.
3659 4865 3670 4876 .

2094 4870 2241 4945 (722)
2265 4874 2659 4945 Videturesse
2689 4870 3057 4945 Heggelbach
3108 4872 3168 4925 in
3213 4870 3388 4942 capit.
3425 4870 3674 4924 stensi

256 4942 754 5002 Bollandianos't.
789 4949 866 5019 Vl
904 4949 1052 5019 Aug.
1106 4942 1320 5019 p.115
1366 4942 1674 5015 habetur,a
1702 4942 1914 5005 Manlio
2021 4942 2131 5019 §34
2153 4942 2575 5019 Hagilimbach.

257 5033 394 5091 sese.
431 5033 526 5072 xvr
586 5033 656 5071 ex
703 5017 1024 5091 seniorum“
1047 5017 1370 5091 traditione
1418 5022 1749 5091 conscripta
1805 5027 1914 5089 est,

258 5087 520 5145 multum
561 5091 759 5143 tamen
819 5089 1088 5145 convenit
1144 5106 1276 5144 cum
1337 5090 1408 5146 iis
1461 5108 1587 5162 quas
1637 5087 1730 5146 hic
1791 5087 1918 5146 nar-

261 5164 498 5216 rantur.

333 5231 489 5302 (719)
512 5230 980 5286 Constantiensis
1000 5230 1253 5287 ecclesia:
1278 5231 1629 5286 cathedralis
1655 5234 1922 5288 canonici

264 5317 647 5357 communem
680 5305 824 5356 tunc
843 5303 1017 5357 vitam
1045 5304 1312 5370 agebant,
1345 5305 1498 5358 unde
1517 5309 1574 5358 et
1595 5303 1803 5359 fratres
1825 5322 1921 5359 vo-

263 5372 575 5440 cabantur,
613 5372 1298 5444 ipsorumquehabitatio
1365 5375 1712 5429 ceenobium.
1759 5377 1926 5444 (Gsu-

265 5460 432 5501 mm.
467 5446 602 5500 Hist.
629 5444 734 5516 su.
766 5445 892 5516 Nig.
925 5448 965 5499 t.
1001 5444 1039 5509 1,
1072 5446 1302 5516 p.154.)

2095 5011 2268 5085 (723Ῐ
2283 5014 2639 5085 Billalingen
2659 5014 2716 5085 in
2749 5012 3003 5085 capitulo
3036 5011 3307 5085 Linzgav:

2100 5077 2251 5164 (725)
2285 5077 2715 5164 Liggerstorfin
2738 5077 2911 5155 capit.
2943 5077 3252 5164 Stockach.
3287 5080 3435 5164 Loca
3456 5077 3682 5164 scilicet

2030 5149 2288 5231 in‘pagis
2323 5149 2624 5231 Linzgove,
2651 5149 2898 5231 liegove‘
2930 5153 3246 5231 etulgove,
3296 5149 3395 5203 ubi
3422 5153 3681 5218 paternae

2035 5225 2417 5306 possessiones
2434 5228 2617 5306 erant.
2651 5225 2780 5278 Vid.
2808 5225 3116 5306 infra

2285 5298 2343 5351 S.
2379 5295 2678 5384 gonradus
2700 5313 2794 5349 an.
2821 5297 2923 5348 974
2937 5287 3080 5349 obiit
3107 5311 3120 5360 ;
3146 5290 3324 5362 igitur
3342 5287 3461 5354 base
3483 5287 3686 5342 charta

2037 5365 2349 5448 priusjani
2371 5367 2526 5448 Adat‘a.
2550 5365 2675 5448 fuit.

2111 5431 2258 5514 (726")
2285 5444 2448 5514 Patet
2472 5437 2606 5491 hinc
2629 5436 2892 5514 Gebhard
2905 5453 2998 5490 um
3025 5435 3202 5514 etiam
3219 5436 3352 5514 ante
3375 5431 3684 5514 fundatum

335 5517 484 5587 (720)
512 5502 892 5587 Ergohabuit
921 5502 1148 5582 fratres,
1178 5502 1356 5587 supra
1378 5517 1734 5581 nominatos,
1761 5533 1931 5572 secus
2040 5502 2464 5587 monasterium
2495 5513 2551 5563 et
2572 5512 2838 5587 acceptas
2861 5513 3043 5587 [terna
3077 5503 3354 5575 reliquias
3407 5502 3686 5559 eximium

266 5603 332 5643 ac
359 5586 566 5643 Lazius
583 5586 844 5658 aliisque
873 5588 1163 5658 sentiunt;
1196 5586 1268 5641 ao
1284 5588 1426 5642 forte
1458 5587 1583 5658 ipse
1605 5589 1733 5656 ejus
1758 5589 1932 5644 advo-

265 5662 431 5718 catus
463 5655 950 5717 Udalricusinter
974 5657 1104 5715 illos
1129 5663 1275 5715 erat.

2043 5588 2101 5642 S.
2139 5582 2394 5654 Gregorii
2421 5598 2581 5654 papa
2615 5580 2795 5654 fuisse
2818 5579 3120 5635 cultorem.

2119 5651 2598 5727 (727)'Vid.’infra
2627 5655 2654 5719 ξ
2679 5651 2768 5705 34.
