3982 6216
131 363 249 433 309

1072 369 1523 435 CHHONICON
1569 367 2290 434 PETERSHUSANUM.
2325 400 2403 416 —
2429 366 2578 434 LIB.
2625 365 2672 433 Ῑ.

3432 366 3553 437 310

128 503 267 571 bus,
298 506 388 561 est
416 501 778 562 Constantia
806 504 956 562 facta
976 507 1148 578 atque
1174 503 1463 572 roborata,
1488 506 1790 578 praesenti-
1823 511 1870 574 Α
1902 507 2106 559 aurato
2123 519 2303 576 cupro
2323 503 2594 561 decenter
2613 507 2835 577 operta,
2859 500 3386 578 habensimagines
3408 521 3550 578 qua-

127 593 245 649 hus
262 592 356 648 his
373 610 631 665 quorum
656 594 901 650 nomina
917 599 1055 650 sunt
1077 595 1342 666 sequenti
1367 593 1796 666 subscriptione

127 686 372 737 notata:
399 681 670 755 Mezingo
695 684 845 754 (737)
870 683 1373 755 archypresbyter,
1405 683 1664 754 Sigiboto
1695 684 1792 738 de-

126 786 344 836 canus,
369 771 515 826 [rinc
550 771 1029 841 archidiaconus,
1055 772 1301 826 Gcrhart
1322 772 1791 836 archidiaconus,

123 858 392 925 Albrich,
409 859 728 927 Gunderic,
745 866 802 916 et
827 860 956 915 aliis
971 860 1790 932 quampluribus(sir).Actum

125 947 371 1019 publice
399 949 458 1003 in
491 954 699 1004 sancta
729 949 952 1020 synodo
997 948 1464 1002 Constantiensis
1512 948 1788 1012 ecclesia),

125 1052 292 1092 anno
316 1037 631 1092 Dominicze
676 1036 1104 1092 Incarnationis
1131 1036 1576 1106 nongentesimo
1610 1053 1787 1091 nona-

126 1124 364 1196 gesimo
392 1125 617 1197 quinto,
651 1125 797 1180 feria
837 1143 912 1192 1v,
947 1125 1152 1180 indiet.
1187 1142 1266 1178 vu
1297 1124 1466 1195 (738).

873 1231 900 1303 ἕ
933 1230 1048 1284 xv.

209 1318 302 1373 Ad
321 1318 474 1374 idem
501 1318 919 1374 monasterium
944 1317 1172 1390 primus
1197 1318 1566 1389 Ruodpertus
1593 1334 1788 1373 mona-

126 1403 285 1459 chus
307 1405 380 1459 ad
405 1405 837 1461 conversionem
860 1406 1035 1460 venit.
1062 1405 1140 1460 De
1163 1404 1308 1460 cella
1330 1421 1563 1476 quoque
1594 1406 1650 1460 S.
1676 1405 1788 1460 Me-

121 1491 366 1564 ginradi
388 1495 558 1564 (739),
592 1511 720 1566 qua:
746 1495 963 1549 dicitur
991 1493 1061 1548 ad
1084 1495 1389 1559 Solitarios,
1417 1511 1554 1548 suos
1586 1510 1784 1548 mona-

121 1579 269 1636 chos
303 1581 688 1638 Gebehardus
722 1599 987 1638 normam
1023 1582 1248 1637 vivendi
1281 1587 1338 1637 et
1369 1585 1630 1653 regimen
1683 1583 1784 1637 ha-

121 1668 264 1724 bere
282 1671 538 1726 decrevit
562 1690 575 1738 ;
598 1672 877 1744 quoniam
902 1671 1173 1726 monachi
1201 1671 1358 1726 illius
1377 1671 1622 1727 caenobii
1646 1675 1785 1726 tunc

117 1758 414 1830 temporis
446 1760 689 1816 fuerunt
713 1759 1164 1832 religiosissimi.

229 1849 388 1904 307
424 1849 622 1917 §XVI.
664 1850 776 1917 Quo
805 1853 1042 1920 tempore
1078 1848 1329 1919 fundavit
1375 1849 1672 1903 ecclesiam.

190 1940 362 1992 Anno
396 1937 580 2009 igitur
617 1937 930 1993 Dominicis
996 1938 1285 1998 Incarnat.
1341 1937 1784 2008 nongentesimo

115 2026 489 2097 octogesimo
518 2027 691 2082 tertio
713 2027 858 2098 jecit
913 2027 1296 2082 fundamenta
1328 2025 1616 2093 basilicae;
1653 2024 1787 2081 fecit

115 2121 324 2171 autem
374 2114 563 2170 vallos
622 2115 837 2187 ubique
887 2132 988 2186 per
1028 2115 1220 2169 locum
1251 2116 1320 2170 ad
1370 2115 1781 2170 exsiccandum

114 2204 463 2272 humorem,
488 2208 544 2258 et
565 2203 1046 2274 obtulitquatuor
1067 2220 1275 2258 aureos
1292 2220 1437 2274 quos
1460 2203 1654 2274 posuit
1673 2204 1784 2258 sub

115 2293 398 2365 singulos
418 2291 680 2348 ecclesiae
701 2291 1132 2364 angulos.Fecit
1152 2296 1415 2364 cryptam
1441 2293 1511 2346 ab
1526 2292 1786 2347 occiden-

114 2381 223 2438 tali
257 2385 452 2452 parte,
484 2380 542 2434 in
593 2397 712 2452 qua
761 2398 924 2452 aqua:
955 2385 1200 2452 puteum
1233 2380 1402 2448 fodit,
1433 2384 1490 2435 et
1517 2379 1698 2436 altare
1724 2381 1783 2434 in

110 2469 418 2526 honorem
440 2469 498 2523 S.
533 2469 767 2524 Martini
802 2470 861 2525 in
893 2487 960 2525 ea
1009 2468 1336 2533 collocavit,
1373 2470 1527 2540 quod
1579 2475 1784 2541 postea

113 2557 513 2614 Gebehardus
544 2558 617 2613 Ill
652 2562 890 2630 propter
919 2558 1226 2614 humorem
1261 2558 1565 2613 destruxit.
1597 2559 1784 2629 Super

111 2651 395 2720 cryptam
428 2647 830 2702 sanctuarium
855 2647 1011 2713 fecit,
1045 2647 1143 2702 ubi
1168 2645 1488 2719 principale
1520 2645 1702 2702 altare
1724 2647 1782 2702 in

109 2737 409 2793 honorem
443 2735 502 2790 S.
535 2735 796 2808 Gregorii
827 2753 989 2807 papae
1041 2735 1368 2805 constituit,
1417 2752 1594 2806 super
1626 2735 1782 2806 quod

109 2826 414 2882 ciborium
448 2824 625 2879 nimis
653 2824 984 2896 speciosum
1017 2824 1339 2879 fabricavit.

843 2932 872 3004 ἕ
900 2931 1067 2986 xvu.

176 3023 334 3078 Cum
367 3019 555 3091 igitur
584 3018 889 3074 columnas
920 3023 1173 3090 quatuor
1202 3019 1272 3073 de
1322 3018 1478 3090 ligno
1526 3019 1673 3074 ilicis
1709 3020 1782 3074 fc-

105 3112 314 3176 cisset,
350 3115 415 3165 et
445 3109 670 3181 ﬁguras
700 3108 833 3162 vitis
864 3109 920 3162 in
956 3107 1040 3164 eis
1073 3109 1308 3163 formari
1333 3109 1580 3176 fecisset,
1615 3109 1782 3163 urba-

104 3216 212 3255 nos
244 3196 740 3254 Constantienses
773 3197 831 3250 in
876 3213 1059 3251 unum
1118 3197 1510 3268 congregavit,
1562 3214 1777 3268 eosque

102 3289 186 3343 sic
233 3287 464 3343 affatus
515 3285 634 3341 ait:
690 3309 718 3333 «
755 3285 946 3340 Habeo
997 3290 1248 3357 quatuor
1281 3285 1450 3351 filias,
1503 3303 1651 3356 quas
1685 3302 1776 3340 me

102 3380 345 3448 oportet
378 3375 592 3446 nuptui
624 3375 869 3444 tradere,
904 3375 1000 3429 sed
1059 3391 1172 3428 non
1223 3391 1463 3444 possum
1522 3391 1619 3429 eas
1650 3375 1778 3429 sine

105 3463 419 3535 adjutorio
448 3468 640 3518 vestro
671 3479 918 3529 ornare;
977 3480 1045 3518 ea
1095 3464 1166 3516 de
1219 3479 1397 3517 causa
1446 3479 1546 3517 vos
1606 3463 1776 3517 modo

102 3551 426 3616 convenio,
459 3555 518 3606 ct
549 3557 615 3605 ut
647 3551 790 3606 mihi
825 3550 1060 3622 aliquod
1114 3551 1391 3606 solatium
1443 3569 1544 3623 pro
1577 3552 1775 3621 acqui-

102 3642 319 3697 rendis
337 3639 705 3695 ornamentis
729 3656 833 3710 pro
863 3655 1031 3710 posse
1052 3645 1108 3694 et
1128 3639 1269 3694 velle
1296 3645 1488 3694 vestro
1509 3639 1778 3695 adhibea-

102 3732 184 3786 tis
223 3733 388 3801 peto.
412 3751 439 3776 »
456 3730 718 3800 Cumque
739 3745 943 3783 omnes
968 3729 1411 3799 respondissent
1433 3745 1496 3783 se
1519 3728 1778 3784 libentis-

102 3820 277 3875 sime
310 3817 571 3870 facturos
601 3832 964 3888 quaecunque
1012 3816 1109 3871 ille
1166 3817 1559 3888 praecepisset,
1594 3819 1779 3889 jussit

102 3907 441 3964 columnas
462 3904 725 3974 proferri,
749 3909 809 3960 et
829 3905 976 3960 dixit
997 3921 1059 3960 se
1081 3904 1186 3960 has
1211 3905 1516 3961 columnas
1539 3911 1776 3978 argento

106 3994 269 4052 velle
301 3991 526 4059 vestiri,
549 3997 606 4048 et
626 3997 689 4048 ut
711 3993 821 4049 sibi
843 3994 913 4049 ad
940 3992 1050 4048 hoc
1072 3992 1353 4048 auxilium
1375 3993 1590 4049 ferrent
1607 3994 1778 4065 ccepit

103 4080 378 4154 precari:
411 4081 567 4152 quod
589 4098 796 4139 omnes
814 4082 1010 4136 animo
1033 4081 1475 4153 promptissimo
1496 4083 1774 4138 fecerunt.

102 4171 262 4227 Nam
277 4186 484 4225 eorum
509 4169 718 4225 solatio
739 4168 1042 4226 columnas
1061 4175 1298 4241 argento
1315 4169 1535 4242 Optime
1549 4171 1779 4226 vestivit

95 4274 333 4331 easque
356 4274 537 4330 super
568 4259 740 4314 bases
773 4257 1034 4330 lapideas
1065 4257 1480 4313 decentissime
1511 4260 1774 4331 seulptas

96 4345 442 4413 constituit,
478 4363 656 4418 super
701 4346 1006 4402 columnas
1067 4364 1238 4402 arcus
1297 4351 1550 4417 quatuor
1583 4349 1776 4419 posuit

100 4451 264 4508 quos
299 4449 371 4488 ex
401 4450 520 4488 una
539 4439 703 4506 parte
727 4451 796 4490 ex
814 4440 1016 4490 aurato
1037 4440 1300 4507 argento,
1329 4451 1396 4489 ex
1428 4435 1610 4490 altera
1642 4452 1774 4490 vero

97 4526 172 4580 de
209 4526 429 4580 aurato
462 4539 644 4594 eupro
693 4523 943 4578 vestivit.
1005 4525 1191 4594 Super
1238 4541 1412 4578 arcus
1457 4541 1689 4596 quoque
1719 4529 1775 4580 et

1904 597 2046 648 tuor'
2066 593 2556 665 evangelistarum
2590 593 2738 650 elato
2761 611 2932 666 opere
2964 593 3225 666 aliasque
3249 594 3548 667 perplures

1905 683 2148 754 species.
2187 685 2246 736 In
2281 688 2615 739 transversu
2676 699 2908 754 quoque
2966 684 3094 754 ejus
3150 700 3252 754 per
3297 689 3550 756 quatuor

1905 775 2097 842 partes
2129 776 2294 826 erant
2325 772 2552 826 lamina:
2595 772 2779 826 afﬁxas
2829 778 3137 844 argenteae,
3191 773 3351 828 ειυς
3400 779 3458 828 et
3487 773 3547 828 in

1908 876 2258 930 unoquoque
2286 859 2461 914 latere
2484 859 2849 932 conscriptus
2890 877 3043 915 unus
3077 865 3200 916 erat
3219 877 3422 916 versus
3443 877 3546 916 au-

1905 948 2017 1002 reis
2052 947 2258 1003 litteris
2287 949 2616 1020 descriptus
2646 949 2716 1003 de
2747 949 3103 1020 subscriptis
3129 968 3141 1005 :

2030 1055 2134 1102 Hoc
2165 1068 2300 1116 opus
2332 1054 2582 1115 exiguum
2614 1055 2839 1103 diversis
2871 1055 3074 1105 artibus
3094 1061 3308 1106 auctum

2024 1118 2139 1164 Fert
2173 1118 2284 1180 tibi,
2313 1119 2547 1176 Gregori,
2579 1119 2803 1180 supplex
2834 1118 3045 1167 devotio
3077 1119 3233 1174 servi,

2023 1179 2270 1242 Przesulis
2299 1180 2523 1240 indigni,
2556 1179 2715 1242 quem
2749 1182 2806 1227 tu
2837 1194 2959 1228 cum
2996 1181 3146 1242 plebe
3178 1181 3322 1230 ﬁdeli

2023 1241 2331 1304 Conjuugas
2361 1243 2549 1290 turmis
2575 1241 2847 1304 precibus,
2879 1241 3044 1301 Pater,
3094 1242 3226 1293 alme
3275 1243 3542 1307 supernis.

2592 1340 2619 1412 ξ
2654 1339 2846 1395 xvm.

1971 1425 2158 1496 Super
2189 1425 2399 1480 tabulae
2431 1425 2744 1482 fenestram
2791 1431 2914 1482 erat
2961 1426 3146 1483 cassis
3193 1426 3403 1500 ligneis
3451 1444 3543 1485 co-

1897 1511 2116 1568 lumnis
2133 1513 2379 1569 tornatis
2395 1515 2803 1586 superpositus
2819 1514 3142 1586 angulosus
3158 1517 3542 1572 etdeauratus

1896 1607 1951 1656 et
1977 1619 2152 1672 super
2179 1601 2334 1656 hunc
2366 1602 2556 1672 imago
2578 1585 2711 1675 agni
2743 1585 2975 1659 candidi
3005 1585 3076 1660 ad
3110 1604 3392 1677 populum
3416 1622 3544 1678 pro-

1896 1690 2214 1762 Spicientis.
2252 1691 2448 1761 Ipsum
2490 1692 2664 1746 etiam
2690 1692 2869 1747 altare
2902 1699 3026 1748 erat
3055 1711 3282 1762 cavum,
3318 1694 3543 1750 habens

1895 1779 1966 1834 ab
1998 1779 2229 1834 Oriente
2261 1779 2520 1835 tabulam
2553 1797 2694 1836 auro
2739 1781 2960 1853 optimo
2993 1787 3049 1837 et
3079 1781 3372 1854 lapidibus
3417 1799 3544 1856 pre-

1816 1878 1860 1942 B
1893 1868 2058 1923 tiosis
2091 1868 2418 1922 decoratam
2447 1886 2458 1934 ;
2484 1869 2554 1923 ab
2588 1869 2894 1924 Occidente
2916 1887 3047 1925 vero
3069 1871 3182 1926 alia
3203 1875 3326 1926 erat
3343 1870 3544 1928 tabula

1897 1961 2136 2028 argento
2154 1959 2441 2027 cooperta,
2459 1957 2679 2012 habens
2704 1959 2759 2011 in
2789 1958 2978 2013 medio
2999 1959 3318 2030 imaginem
3343 1961 3400 2015 S.
3427 1961 3544 2016 Ma-

1894 2045 1990 2100 rize
2012 2044 2161 2101 elato
2184 2061 2354 2116 opere
2385 2045 2454 2100 de
2488 2063 2628 2100 auro
2660 2045 2900 2117 optimo,
2935 2047 3275 2118 appendens
3307 2048 3433 2103 auri
3459 2053 3543 2104 ta-

1892 2133 2139 2199 lentum,
2173 2150 2348 2205 quam
2383 2133 2726 2190 Bertholdus
2748 2134 2928 2190 abbas
2953 2139 3212 2206 tempore
3245 2135 3415 2191 famis
3436 2136 3541 2192 de-

1894 2224 2092 2295 posuit
2121 2227 2177 2278 et
2206 2223 2572 2287 comminuit,
2619 2239 2686 2278 ac
2739 2239 2840 2295 pro
2901 2225 3192 2278 frumento
3248 2224 3538 2281 distraxit.

1893 2312 2081 2384 Super
2113 2311 2292 2366 altare
2313 2312 2644 2383 dependent
2665 2312 2891 2368 diversa
2912 2318 3249 2368 sanctorum
3282 2317 3540 2385 recepta-

1894 2400 2023 2455 cula
2038 2399 2438 2472 reliquiarum.
2455 2401 2538 2454 Ad
2565 2400 2759 2471 ipsum
2782 2399 2964 2456 altare
2981 2417 3084 2473 per
3099 2402 3320 2474 gradus
3343 2402 3540 2474 plures

1893 2489 2319 2544 ascendebatur
2349 2489 2417 2544 de
2449 2489 2646 2555 choro,
2706 2506 2852 2562 quos
2909 2491 3094 2546 abbas
3150 2490 3539 2546 Theodericus

1893 2577 2154 2645 abstulit,
2188 2579 2421 2649 quando
2463 2577 2704 2633 chorum
2766 2578 3090 2650 ampliavit.
3146 2581 3206 2634 In
3265 2595 3539 2651 supremo

1892 2667 2229 2722 eorumdem
2290 2667 2581 2737 graduum
2614 2667 2671 2721 in
2733 2668 3044 2723 medietate
3100 2673 3225 2723 erat
3281 2668 3538 2740 spatium

1892 2756 2280 2821 submissum,
2315 2749 2601 2826 quantum
2626 2755 2807 2811 altare
2839 2757 3027 2811 fuerat
3058 2755 3265 2824 latum,
3300 2757 3542 2829 quadris

1891 2843 2190 2914 lapidibus
2203 2842 2684 2914 circumpositum
2697 2844 3054 2916 ,pertingens
3069 2861 3254 2916 usque
3269 2845 3341 2900 ad
3356 2845 3540 2901 altare

1893 2931 1989 2986 ubi
2034 2935 2267 2986 orantes
2297 2947 2490 3002 genua
2520 2931 2853 2987 flecterent:
2893 2938 2950 2987 et
2999 2934 3170 3004 juxta
3214 2931 3395 2989 altare
3451 2938 3536 2990 ta-

1889 3019 2032 3076 bula
2061 3036 2390 3075 marmorea
2418 3019 2586 3074 viridi
2615 3020 2823 3076 coloris
2857 3021 3186 3092 pavimento
3238 3022 3534 3095 imposita,

1889 3109 1947 3165 in
1971 3127 2088 3181 qua
2112 3126 2302 3180 genua
2318 3109 2612 3165 flectentes
2634 3110 3132 3166 dcoscularentur.
3152 3110 3378 3166 Chorus
3399 3128 3534 3170 vero

1888 3204 2010 3253 erat
2040 3197 2204 3253 valde
2238 3215 2468 3269 parvus,
2503 3198 2779 3270 quoniam
2808 3215 3053 3255 ascensu
3088 3199 3377 3270 graduum
3409 3207 3535 3256 erat

1887 3287 2234 3341 diminutus.
2272 3287 2414 3341 Muri
2449 3305 2681 3358 quoque
2734 3289 2984 3344 basilicas
3022 3293 3189 3344 erant
3243 3305 3312 3344 ex
3366 3288 3525 3344 omni

1887 3379 2048 3447 parte
2071 3375 2461 3447 pulcherrime
2482 3376 3223 3447 depicti,exsinistraparte
3245 3376 3528 3432 habentes

1887 3465 2189 3519 materiam
2224 3465 2294 3518 de
2327 3464 2535 3533 Veteri,
2561 3481 2594 3518 a
2619 3466 2819 3519 dextro
2845 3469 3039 3520 autem
3065 3465 3136 3518 de
3159 3469 3312 3520 Novo
3335 3467 3530 3520 Testa-

1886 3557 2102 3616 mento,
2135 3557 2190 3607 et
2211 3552 2546 3622 ubicunque
2568 3552 2760 3623 imago
2786 3552 3016 3607 Domini
3049 3553 3253 3621 fuerat,
3286 3569 3528 3607 aureum

1885 3639 2040 3695 circa
2069 3644 2244 3710 caput
2269 3638 2549 3694 circulum
2578 3639 2846 3694 habebat.
2873 3640 3242 3694 Venetiarum
3277 3655 3531 3710 namque

1885 3729 2194 3800 episcopus
2217 3728 2362 3799 (740)
2424 3727 2682 3782 modium
2744 3728 2978 3800 plenum
3035 3728 3145 3784 sibi
3199 3728 3269 3782 de
3326 3727 3532 3782 Graico

1886 3817 2096 3883 colore,
2133 3815 2231 3887 qui
2263 3821 2504 3870 vocatur
2535 3815 2736 3881 Lazur,
2775 3816 2959 3888 gratis
2987 3833 3088 3887 pro
3120 3815 3402 3871 eharitate
3431 3816 3530 3871 de-

1885 3907 2069 3971 derat,
2127 3904 2227 3975 qui
2281 3903 2455 3958 etiam
2487 3903 2747 3974 Optimus
2800 3903 2958 3959 color
3005 3903 3534 3971 abundantissime,

1884 3997 2025 4050 sicut
2056 3994 2163 4064 ipsi
2183 3992 2434 4060 vidimus,
2469 3993 2656 4047 muris
2680 3993 2938 4064 undique
2960 3992 3144 4047 illitus
3175 3997 3330 4048 erat:
3353 4008 3532 4064 quam

1886 4083 2172 4155 picturam
2207 4081 2555 4136 Kuonradus
2587 4081 2767 4136 abbas
2797 4098 2865 4136 ex
2895 4085 3012 4136 toto
3043 4080 3352 4149 deleverat,
3384 4096 3534 4152 quo-

1886 4171 2042 4226 niam
2078 4169 2404 4241 antiquitas
2435 4169 2483 4224 ei
2509 4171 2635 4240 jam
2668 4170 2933 4225 decorem
2976 4169 3318 4224 abstulerat.
3379 4169 3534 4226 Fecit

1883 4259 2078 4315 valvas
2137 4257 2611 4329 incomparabilis
2671 4258 2917 4323 decoris,
2950 4262 3006 4312 et
3035 4263 3168 4313 ante
3227 4257 3532 4315 ecclesiam

1885 4349 2172 4420 porticum
2202 4348 2518 4402 admodum
2554 4346 2886 4418 parvulum,
2921 4363 3093 4418 quem
3143 4346 3533 4404 Theodericus

1883 4437 2064 4492 abbas
2096 4434 2396 4506 ampliavit
2426 4438 2483 4488 et
2513 4435 2854 4491 melioravit.

2363 4524 2516 4578 809
2547 4526 2574 4589 ἕ
2606 4523 2748 4578 ΧΙΧ.
2783 4525 2856 4579 De
2883 4527 3052 4594 fonte.

100 4627 296 4685 super
318 4609 636 4667 columnas
658 4613 856 4683 posuit
870 4612 1131 4667 tabulam
1153 4617 1328 4666 tantae
1352 4612 1778 4683 magnitudinis
1804 4607 1850 4670 D
1954 4614 2096 4668 Cum
2116 4613 2296 4684 igitur
2317 4611 2562 4667 ecclesia
2579 4629 2812 4668 summo
2835 4613 3032 4669 studio
3052 4613 3224 4668 variis
3243 4613 3538 4670 coloribus

91 4708 160 4757 ut
194 4704 401 4756 totum
434 4700 692 4771 operiret
723 4700 1029 4767 ciborium,
1051 4699 1274 4756 habens
1306 4701 1365 4755 in
1404 4702 1596 4757 medio
1629 4703 1778 4757 fene-

97 4795 304 4846 stram
338 4789 654 4843 rotundam
707 4793 764 4843 et
794 4789 982 4862 ipsam
1031 4789 1090 4843 in
1132 4789 1375 4843 circuitu
1425 4790 1778 4846 intrinsecus

95 4881 323 4935 aurato
346 4893 529 4948 cupro
553 4881 843 4949 Opertam,
868 4877 1111 4932 inferius
1135 4883 1327 4932 autem
1363 4877 1613 4934 habebat
1629 4895 1779 4934 mar-

97 4968 317 5040 ginem
351 4965 811 5037 prominentem,
847 4982 1018 5036 quem
1049 4971 1290 5037 argento
1319 4965 1568 5034 vestivit,
1619 4969 1772 5038 quod

99 5058 295 5112 etiam
315 5054 558 5125 quidam
583 5053 768 5109 abbas
791 5053 1100 5108 abstulitet
1115 5053 1234 5124 ipse
1250 5053 1558 5125 plumbum
1573 5055 1774 5110 aflixit.

96 5145 245 5218 Ipsa
276 5147 476 5198 autem
509 5141 717 5198 tabula
739 5146 862 5196 erat
888 5157 989 5212 per
1018 5146 1200 5196 totum
1234 5158 1301 5196 ex
1332 5141 1592 5198 inferiori
1615 5148 1778 5215 parte

95 5265 491 5337 Riedhausen
517 5265 766 5337 accipio,
787 5263 1064 5335 parocbia
1087 5281 1202 5319 non
1225 5263 1396 5337 longe
1419 5265 1553 5320 inde
1575 5266 1781 5323 dissita

97 5340 173 5394 ad
228 5336 580 5392 Ostracham
622 5336 682 5390 ﬂ.

174 5409 333 5480 (737)
365 5412 571 5463 Testes
609 5407 708 5460 hic
738 5405 1052 5476 subscripti
1084 5405 1153 5460 ad
1205 5406 1600 5462 cathedralem
1633 5408 1778 5464 Con-

100 5480 504 5536 stantiensem
540 5479 838 5548 spectant.

199 5552 329 5619 738)
363 5553 478 5605 An.
513 5546 625 5603 995
655 5547 928 5604 cunrebat
959 5546 1198 5619 indictio
1228 5565 1350 5601 vm.

199 5552 329 5619 738)
363 5553 478 5605 An.
513 5552 625 5603 995
655 5552 928 5604 cunrebat
959 5552 1198 5601 indictio
1228 5565 1350 5601 vm.

176 5552 333 5751 i739?
368 5622 522 5677 Hinc
582 5619 899 5699 habemus,
959 5618 1112 5672 unde
1160 5619 1382 5690 primos
1442 5621 1782 5703 monasterii

185 5708 200 5746 ι
230 5709 298 5750 co
327 5709 478 5751 onos
515 5693 814 5751 acceperit
839 5692 896 5743 S.
922 5689 1322 5751 Gebehardus.
1343 5706 1410 5747 ex
1436 5691 1782 5747 Emsndlensx

100 5687 200 5748 sui
230 5687 478 5751 colonos
515 5687 814 5761 acceperit
839 5692 896 5743 S.
922 5687 1322 5759 Gebehardus,
1343 5706 1410 5747 ex
1436 5691 1785 5747 Einsidlensi

1885 4701 2316 4772 depingeretur,
2351 4700 2563 4755 accidit
2593 4706 2658 4755 ut
2699 4702 2953 4773 quodam
3005 4701 3099 4757 die
3155 4700 3283 4757 loco
3333 4701 3538 4758 eodem

1887 4789 2182 4844 secederet
2211 4792 2267 4843 et
2297 4787 2641 4859 aliquandiu
2676 4790 2862 4844 redire
2887 4805 3085 4843 moras
3111 4789 3341 4844 faceret.
3384 4790 3540 4844 Inte-

1887 4878 1999 4931 rim
2027 4893 2163 4948 ergo
2196 4877 2400 4948 perfidi
2436 4878 2685 4948 pictores
2718 4879 2971 4948 optimos
3003 4893 3271 4946 quosque
3319 4875 3544 4933 colores

1886 4965 2288 5020 fraudulenter
2304 4965 2634 5020 auferentes
2660 4965 2714 5020 in
2736 4965 2991 5020 vicinum
3016 4980 3224 5018 nemus
3245 4963 3542 5031 abierunt,

1887 5054 2313 5124 ibiqueterram
2337 5050 2604 5106 clanculo
2626 5053 2914 5108 fodientes
2933 5051 3540 5107 absconderant.Cum

1885 5160 2018 5197 vero
2045 5143 2283 5195 sanctus
2321 5139 2530 5208 praesul
2553 5157 2819 5196 reversus
2842 5146 3014 5207 esset,
3037 5143 3339 5212 cmperunt
3361 5137 3542 5211 picto-

1889 5264 2114 5321 seilicet
2127 5259 2592 5332 ccenobio,cujus
2609 5264 2784 5318 etiam
2809 5264 3084 5320 alumnus
3108 5264 3290 5320 fuisse
3309 5262 3544 5319 videtur

1890 5334 2234 5402 Pericherus
2266 5331 2505 5402 primus
2529 5333 2710 5388 abbas
2742 5335 3227 5390 Petershusanus.

1963 5408 2112 5478 (740)
2145 5399 2518 5478 Bollandistae
2549 5405 2620 5478 ad
2651 5404 2840 5478 Vitam
2866 5411 2921 5458 S.
2948 5405 3268 5478 Gebehardi
3313 5404 3538 5478 episco-

1936 5475 2033 5532 u'm
2064 5477 2222 5548 hunc
2253 5480 2459 5548 putant
2490 5476 2667 5548 fuisse
2715 5475 2922 5548 Ursum
2984 5475 3301 5548 Venatum,
3339 5475 3439 5548 qui
3470 5492 3539 5534 ex

1921 5495 2033 5532 »um
2068 5494 2222 5531 nunc
2253 5494 2459 5599 putant
2490 5494 2667 5531 misse
2717 5494 2922 5530 ursum
2995 5494 3290 5541 venetum,
3339 5494 3439 5548 qui
3470 5494 3539 5534 ex

1921 5547 2132 5620 ighello
2167 5547 2249 5620 Ita
2282 5589 2293 5600 .
2331 5548 2490 5602 Sacr.
2527 5553 2565 5602 t.
2601 5547 2759 5620 V,p.
2796 5547 2948 5612 1200,
2984 5547 3055 5599 ab
3085 5563 3179 5600 an.
3207 5546 3308 5598 981
3347 5563 3540 5618 usque

1891 5617 1999 5674 992
2030 5619 2279 5689 praefuit.
2333 5620 2402 5672 At
2433 5633 2500 5673 ex
2535 5617 2795 5674 Uandulo
2826 5621 3046 5673 certum
3096 5622 3186 5689 est
3217 5622 3354 5672 tunc
3385 5617 3536 5689 tem-

1899 5686 2056 5763 poris
2084 5689 2142 5744 in
2177 5689 2398 5745 Veneta
2427 5694 2563 5748 sede
2584 5691 2764 5747 fuisse
2788 5689 3097 5759 Marinum,
3120 5686 3161 5744 l.
3194 5704 3271 5758 c.,
3294 5705 3350 5762 p.
3373 5688 3536 5746 4212.
