3982 6216
490 382 604 455 311

1187 393 1578 458 APPENDIX
1622 394 1725 459 AD
1770 393 2219 460 CHRONIGON
2262 393 2682 460 HERMANNI
2727 394 3213 462 CONTRACTI.‘

3769 397 3881 461 312

493 543 588 585 res
606 526 957 603 importunis
970 527 1209 586 vocibus
1226 528 1447 586 colores
1466 530 1964 603 urgere,dicentes
1985 502 2132 604 opus
2159 530 2217 599 Α
2243 547 2443 587 verum
2474 530 2651 587 etiam
2672 530 2781 588 hoc
2803 530 2855 589 ei
2888 518 3231 591 concessum
3261 534 3351 591 est
3378 535 3445 590 ut
3473 548 3719 591 manum
3748 533 3883 591 mit-

494 633 612 689 prae
635 618 878 690 penuria
908 615 1166 672 colorum
1197 618 1559 690 negligenter
1586 620 1837 675 tardare.
1863 621 2025 686 Quod
2047 620 2135 674 vir

493 704 702 762 beatus
733 706 979 762 audiens
1007 723 1325 777 parumper
1368 707 1548 775 siluit,
1600 714 1658 763 et
1687 713 1819 780 post
1865 709 1985 764 haec
2011 711 2127 765 ait:

494 815 523 844 ‹‹
556 795 702 849 Etsi
760 794 929 850 nobis
960 796 1132 850 modo
1160 796 1339 863 deest,
1402 802 1467 851 ut
1513 798 1852 869 acquiratur
1899 815 2133 855 necesse

492 886 599 938 est.
634 883 781 954 Ergo
808 884 1021 951 venito,
1047 885 1359 955 sequimini
1393 903 1504 952 me,
1537 886 1780 942 forsitan
1823 888 1992 943 nobis
2024 889 2133 943 Do-

493 970 692 1026 minus
727 989 834 1028 sua
856 972 1211 1044 benignitate
1243 974 1404 1028 dabit
1426 975 1578 1046 quod
1600 976 1879 1047 quaeritis,
1903 982 1968 1031 ut
1988 994 2134 1048 opus

493 1064 789 1117 maturare
817 1061 1081 1117 valeatis.
1120 1085 1140 1111 υ
1203 1064 1269 1117 Et
1316 1063 1483 1118 duxit
1538 1080 1635 1119 eos
1684 1063 1809 1119 sine
1841 1064 2031 1120 indice
2062 1066 2131 1119 ad

491 1147 684 1205 locum
716 1150 818 1205 ubi
849 1150 961 1222 ipsi
992 1150 1214 1207 colores
1246 1152 1693 1219 absconderant,
1725 1153 1923 1225 ibique
1951 1154 2133 1209 bacu-

492 1235 616 1293 lum
649 1256 825 1294 suum
858 1239 915 1294 in
950 1244 1166 1295 terram
1213 1240 1411 1295 deﬁxit
1467 1241 1701 1296 dicens:
1756 1265 1783 1290 «
1816 1242 1917 1296 Hic
1948 1242 2005 1297 in
2038 1242 2134 1298 Dei

492 1328 729 1383 nomine
760 1328 957 1395 fodito,
983 1333 1039 1383 et
1068 1329 1116 1383 si
1149 1329 1368 1401 aliquid
1401 1329 1731 1395 inveniatis,
1761 1330 1969 1385 videte.
2006 1353 2034 1379 »
2064 1334 2138 1394 At

491 1414 762 1481 illi,mala
774 1416 1131 1473 conscientia
1150 1417 1757 1488 perterriti,fodientes
1770 1423 1984 1474 terram
2008 1436 2137 1492 ape-

489 1511 756 1575 ruerunt,
788 1509 843 1560 et
873 1505 1093 1561 colores
1124 1522 1271 1578 quos
1296 1506 1739 1574 absconderant,
1774 1523 2133 1580 quamquam

493 1591 676 1663 inviti,
697 1597 893 1649 tamen
912 1593 1297 1668 protulerunt.
1325 1596 1547 1659 Quibus
1567 1594 1655 1650 vir
1674 1596 1775 1651 Dei
1817 1596 1946 1652 laito
1970 1596 2134 1653 vultu

492 1681 672 1737 dixit:
706 1705 733 1732 ‹‹
767 1683 899 1739 Jam
933 1700 1088 1738 nunc
1119 1684 1362 1756 pergite,
1394 1684 1588 1739 dilecti
1619 1685 1748 1753 ﬁlii,
1797 1690 1853 1740 et
1901 1687 1971 1741 de
2025 1686 2134 1742 hoc

491 1768 619 1842 ipso
652 1771 809 1842 quod
858 1771 1143 1827 Dominus
1172 1772 1427 1828 ostendit
1451 1772 1677 1828 enixius
1726 1774 2069 1845 operamini.
2102 1796 2131 1824 ››

2239 623 2389 675 teret
2410 620 2481 675 ad
2506 636 2716 691 corpus
2737 620 2801 675 B.
2834 620 3300 695 Gregoriifpapaa,
3332 625 3390 678 et
3418 620 3528 679 hac
3558 622 3882 680 conditione

2241 708 2352 764 hoc
2372 708 2422 764 ei
2444 710 2795 781 permissum
2810 714 2917 778 est,
2941 714 3005 765 ut
3026 710 3309 783 quidquid
3334 728 3449 766 uno
3461 715 3623 767 tactu
3638 711 3709 768 de
3730 713 3883 768 sanis

2242 797 2475 854 ossibus
2505 815 2682 854 manu
2715 797 2948 866 levaret,
2981 798 3092 855 hoc
3120 798 3324 872 procul
3348 799 3526 855 dubio
3549 816 3750 857 secum
3788 800 3883 856 de-

2242 886 2435 942 ferret.
2470 886 2655 954 Unde,
2688 886 2787 942 Dei
2810 886 3019 959 gratia,
3053 892 3231 960 caput
3258 889 3387 958 ejus
3416 887 3566 961 (741)
3597 905 3732 945 cum
3761 888 3887 945 aliis

2244 975 2570 1046 magniﬁcis
2592 977 2682 1047 de}
2702 978 2831 1046 ejus
2862 992 3101 1047 corpore
3132 975 3398 1047 reliquiis
3415 975 3677 1047 sustulit,
3704 978 3888 1035 omni-

2243 1063 2471 1134 busque
2502 1064 2575 1118 ad
2608 1062 2843 1119 libitum
2865 1081 3040 1119 suum
3062 1082 3427 1140 quaecunque
3454 1065 3687 1123 volebat
3710 1066 3890 1140 impe-

2242 1152 2431 1217 tratis,
2464 1151 2634 1208 laetus
2666 1152 2978 1225 repedavit.

2948 1242 2978 1313 §
3024 1241 3193 1297 xxn.

2314 1329 2459 1384 8M
2498 1329 2615 1383 Hoc
2635 1329 2927 1400 siquidem
2952 1329 3231 1386 dilectum
3262 1334 3439 1404 caput
3470 1330 3807 1395 invenimus
3835 1334 3892 1390 in

2243 1433 2439 1488 capsa,
2463 1417 2602 1472 olim
2621 1418 2855 1490 quidem
2876 1417 3122 1474 ﬁrmiter
3141 1418 3307 1476 valde
3328 1419 3598 1490 solidata,
3612 1422 3715 1478 sed
3741 1438 3894 1483 nunc

2235 1505 2364 1576 jam
2396 1521 2511 1577 pra:
2545 1505 2898 1577 antiquitate
2928 1510 2985 1562 et
3013 1505 3309 1562 incautela
3337 1507 3570 1579 penitus
3616 1509 3892 1582 resoluta,

2244 1610 2371 1666 qua:
2393 1592 2600 1665 priscis
2632 1594 3016 1666 temporibus,
3042 1593 3197 1651 sicut
3227 1595 3583 1664 audivimus,
3604 1597 3665 1652 in
3687 1597 3894 1656 altario

2242 1680 2300 1737 S.
2336 1681 2488 1737 Petri
2508 1681 2567 1736 in
2605 1682 2931 1738 meridiana
2976 1682 3149 1755 plaga
3177 1688 3302 1740 erat
3331 1684 3652 1754 recondita,
3684 1686 3745 1742 in
3778 1704 3895 1761 qua

2242 1774 2406 1841 parte
2427 1770 2602 1825 etiam
2625 1770 2819 1826 Romaa
2841 1771 2969 1842 ejus
2986 1770 3325 1843 sepulcrum
3346 1787 3475 1829 esse
3496 1775 3888 1846 cognoscitur.

491 1858 579 1914 Illi
610 1864 803 1916 autem
826 1860 1113 1932 perterriti
1138 1860 1427 1928 abierunt,
1454 1878 1651 1917 secum
1676 1862 1955 1919 mirantes
1977 1865 2131 1934 quod
2161 1888 2211 1955 Β
2243 1858 2353 1955 Sed
2376 1858 3080 1955 nunczerat-ibigsublata,
3111 1864 3170 1915 et
3198 1876 3374 1955 super
3400 1859 3587 1955 altare
3700 1866 3888 1921 Maria

489 1946 709 2003 factum
739 1948 944 2004 fuerat.
980 1949 1060 2003 Ex
1088 1949 1215 2021 ipso
1248 1952 1441 2005 autem
1472 1949 1597 2005 loco
1629 1950 1757 2005 fons
1779 1951 1976 2007 statim
1999 1951 2129 2007 lim-

487 2035 805 2109 pidissimaa
837 2053 998 2109 aqua:
1020 2039 1231 2109 erupit,
1256 2039 1354 2109 qui
1388 2054 1574 2110 usque
1594 2037 1651 2093 in
1672 2055 1927 2110 praesens
1952 2040 2130 2096 fluere

485 2141 603 2181 non
635 2125 867 2182 desinit.
901 2126 1169 2183 Crastina
1187 2142 1321 2181 vero
1342 2127 1455 2194 die,
1485 2143 1619 2182 cum
1641 2128 1729 2183 vir
1744 2127 1845 2184 Dei
1866 2129 1937 2184 ad
1966 2145 2127 2184 men-

487 2230 615 2271 sam
640 2216 888 2282 sederet,
920 2219 977 2270 et
1006 2214 1256 2287 pictores
1277 2215 1405 2285 jam
1437 2215 1575 2269 dicti
1607 2210 1833 2271 confusi
1866 2217 2023 2289 operi
2046 2217 2131 2273 in-

486 2306 731 2373 starent,
764 2303 958 2358 subito
990 2304 1371 2358 conciderunt
1398 2306 1454 2357 et
1493 2303 1661 2374 quasi
1709 2304 2007 2360 exanimes
2030 2306 2127 2375 ja-

487 2394 750 2445 cuerunt.
802 2391 963 2455 Quod
1015 2407 1147 2446 cum
1181 2392 1242 2446 B.
1278 2390 1587 2447 Gebhardo
1645 2392 1833 2447 adhuc
1882 2394 2126 2466 prandio

487 2478 767 2533 assidenti
801 2495 933 2533 cum
981 2495 1196 2551 magno
1241 2480 1487 2552 strepitu
1529 2480 1864 2537 nuntiatum
1897 2482 2123 2553 fuisset,

484 2565 802 2639 tranquillo
859 2567 1057 2622 animo
1110 2568 1295 2623 dixit:
1353 2590 1382 2619 «
1430 2568 1637 2637 Sinite,
1696 2569 2125 2642 aliquantulum

483 2654 648 2711 luere
677 2654 1003 2711 debuerunt
1052 2656 1207 2727 quod
1267 2655 1327 2711 in
1385 2662 1723 2712 sanctorum
1776 2659 1950 2716 rebus
1989 2660 2127 2716 deli-

487 2747 761 2816 querunt.
778 2766 804 2794 η
825 2744 954 2800 Haec
973 2744 1171 2800 dicens
1188 2745 1411 2817 absque
1427 2745 1865 2817 perturbatione
1886 2748 2123 2815 mansit,

487 2832 669 2887 donec
713 2850 743 2888 e
791 2849 995 2889 mensa
1050 2849 1183 2888 cum
1242 2833 1538 2889 alacritate
1568 2835 1854 2891 discessit.
1908 2836 2126 2894 Deinde

486 2920 749 2976 ascendit
764 2937 941 2993 super
956 2920 1437 2990 instrumentum,
1461 2921 1560 2977 ubi
1584 2920 1667 2976 illi
1684 2923 1956 2993 jacebant
1969 2924 2127 2980 velut

486 3008 723 3080 mortui,
755 3013 811 3064 et
830 3010 1060 3075 baculo,
1082 3026 1257 3082 quem
1286 3027 1460 3065 manu
1485 3011 1739 3079 tenebat,
1762 3015 2008 3085 tangens
2030 3030 2127 3069 eos

486 3097 603 3153 ait:
641 3120 667 3148 ι(
692 3098 841 3167 Non,
872 3098 1132 3170 inquam,
1163 3097 1327 3154 vobis
1345 3115 1447 3170 pro
1469 3098 1577 3153 hoc
1598 3101 1922 3156 mercedem
1956 3102 2122 3157 datu-

487 3202 590 3241 rus
620 3203 773 3254 sum,
798 3190 863 3241 ut
884 3203 1090 3242 somno
1110 3190 1406 3258 torpentes
1427 3186 1520 3243 hic
1540 3176 1841 3244 decubatis
1865 3206 1877 3256 ;
1904 3190 2124 3262 surgite

486 3290 642 3347 ergo,
702 3280 760 3331 et
818 3273 1158 3347 operemini.
1193 3255 1223 3324 ἦ
1279 3278 1351 3330 At
1406 3274 1491 3329 illi
1532 3276 1834 3331 confestim
1867 3255 2122 3335 levantes
2153 3255 2196 3321 C

483 3364 675 3436 capita
704 3368 1082 3419 surrexerunt
1111 3363 1261 3431 sani,
1284 3367 1338 3418 et
1366 3361 1536 3435 quasi
1571 3363 1715 3419 nihil
1746 3365 1904 3437 passi
1934 3382 2119 3438 coepe-

480 3456 617 3509 runt
635 3452 882 3526 operari.

584 3543 740 3599 310
769 3540 799 3615 §
829 3541 942 3597 XX.
978 3543 1090 3610 Quo
1117 3545 1354 3613 tempore
1395 3542 1678 3597 ecclesiam
1723 3542 2008 3600 dedicavit.

544 3633 710 3687 Anno
740 3631 1167 3687 Incarnationis
1188 3630 1419 3687 Domini
1443 3632 1887 3703 nongentesimo
1937 3649 2115 3689 nona-

470 3720 693 3793 gesimo
724 3721 1001 3788 secundo,
1038 3719 1238 3775 indict.
1273 3737 1329 3786 v,
1362 3720 1588 3775 decimo
1619 3736 1771 3775 anno
1803 3724 2115 3793 postquam

470 3809 645 3881 coepit
702 3810 1008 3875 aadiﬁcare,
1068 3809 1192 3881 ipse
1249 3809 1311 3862 B.
1370 3807 1750 3864 Gebehardus
1807 3810 2115 3881 episcopus

470 3897 757 3955 dedicavit
812 3898 1115 3959 ecclesiam
1174 3913 1352 3969 quam
1407 3896 1735 3963 aedificavit,
1789 3896 1883 3952 die
1921 3915 1957 3952 v
1988 3897 2111 3954 Kal.

466 3984 606 4042 Nov.
638 3986 699 4041 in
726 3986 944 4043 honore
976 3987 1038 4041 B.
1074 3986 1333 4059 Gregorii
1360 4002 1521 4058 papae
1553 3984 1613 4039 in
1645 4001 1861 4057 magna
1904 3984 2111 4057 gloria.

671 4075 702 4149 §
730 4076 869 4132 XXI.
907 4075 1174 4143 Quomodo
1201 4075 1561 4146 privilegium
1601 4074 1909 4146 acquisivit.

538 4163 802 4235 Denique
820 4164 1065 4218 Romam
1085 4162 1323 4218 veniens
1339 4163 1396 4216 in
1424 4166 1651 4217 tantum
1671 4179 1704 4215 a
1720 4177 1870 4235 papa
1887 4163 2111 4220 Joanne

467 4267 573 4322 pro
590 4249 683 4305 sui
705 4252 1072 4305 veneratione
1094 4250 1415 4305 honoratus
1440 4255 1548 4316 est,
1573 4243 1715 4303 adeo
1745 4258 1807 4304 ut
1835 4268 1951 4307 non
1980 4256 2108 4308 tan-

466 4342 593 4394 tum
626 4337 677 4393 ei
707 4338 1095 4410 privilegium,
1120 4342 1295 4409 prout
1313 4338 1441 4409 ipse
1463 4336 1716 4409 petebat,
1750 4340 2107 4409 concederet,

538 4443 685 4568 S741)
714 4444 1031 4525 Historiam
1056 4442 1532 4525 translati-hujus
1561 4442 1766 4512 capitis
1815 4445 1955 4528 satis
1985 4448 2107 4503 sin-

538 4554 541 4568 .
570 4530 727 4568 arem
753 4514 1031 4568 describit
1050 4513 1300 4568 Manlius
1331 4530 1389 4567 in
1412 4514 1543 4567 Vita
1564 4512 1620 4567 S.
1656 4512 1942 4568 Gebhardi
1967 4528 2015 4568 c.
2040 4519 2107 4568 45

464 4512 727 4588 gul‘a‘rem
753 4513 1031 4588 describit
1050 4513 1300 4588 Manlius
1331 4513 1389 4567 in
1412 4512 1543 4588 Vita
1564 4512 1631 4588 S.
1656 4512 1943 4588 Gebhardi
1967 4528 2015 4573 c.
2040 4519 2109 4574 15

462 4584 640 4652 ét16,
692 4585 835 4667 quin
883 4588 1079 4639 tamen
1121 4584 1408 4655 exprimat
1436 4584 1712 4666 Magnine
1742 4602 1815 4641 an
1865 4587 2107 4646 alterius
2136 4622 2183 4687 Β

462 4656 720 4687 αηηηιηνῖ.
775 4672 937 4687 unum
970 4655 1141 4687 ϐἠηπίι
1222 4656 1386 4687 Ρηηιο
1432 4672 1489 4687 «ιη
1550 4655 1831 4687 ρι-ιιηηηζηη
1862 4662 1895 4687 ο
1954 4659 2100 4687 ητα-ε

461 4653 726 4728 Gregorii
775 4672 937 4728 papae
969 4653 1387 4728 fuerit.i_Certe
1432 4653 1493 4710 in
1540 4653 1831 4713 Chronico
1861 4662 1918 4713 S.
1953 4659 2104 4715 Petri

457 4726 603 4801 νὶνῖ
636 4726 969 4801 (d’AcHenY,
1009 4727 1282 4801 Spicil:__t_.
1318 4726 1386 4793 II,
1422 4728 1636 4801 p.467,
1671 4744 1799 4801 nov.
1833 4729 1950 4800 ed.)
1975 4732 2103 4801 jam

460 4800 614 4856 circa
634 4796 728 4857 an.
754 4800 859 4855 876
879 4797 1135 4870 Joannes
1152 4796 1277 4852 VIII
1310 4796 1462 4870 papa
1474 4799 1756 4870 Ansegiso
1779 4796 2101 4858 Senouénsi

456 4870 895 4945 archiepiscopo
924 4867 1156 4945 dedisse
1178 4867 1534 4945 memoratur
1551 4867 1814 4945 caput
1841 4871 2102 4945 Gregorii

453 4959 616 5015 papae
647 4937 1020 5015 universalis,
1052 4937 1159 5015 filii
1182 4939 1484 5015 Gordiani,
1509 4937 1749 5015 plumbo
1766 4937 2097 5015 inclusum,

453 5008 609 5085 quod
658 5013 758 5067 ille
805 5026 1015 5085 eccuni
1058 5008 1118 5085 in
1166 5009 1383 5085 Gallias
1416 5008 1720 5085 detulerit.
1754 5008 2098 5085 Quingprius

443 5081 572 5155 jam
602 5086 708 5155 826
738 5098 951 5155 corpus
981 5081 1040 5136 S.
1073 5081 1330 5155 Gregorii
1361 5084 1432 5139 ad
1464 5083 1883 5155 Suessionense
1906 5081 1961 5155 S'.
1989 5084 2101 5140 Me-

452 5152 619 5210 dardi
644 5152 975 5207 coenobium
1015 5152 1364 5209 translatum
1398 5154 1632 5209 dicitur.
1667 5154 1793 5208 Vid.
1828 5154 2093 5211 Bolland.

448 5229 494 5280 t.
520 5226 568 5280 II
602 5224 791 5296 Martii
816 5240 871 5294 p.
898 5224 1005 5296 126_
1032 5240 1198 5296 seqq.
1220 5228 1289 5279 Et
1308 5231 1502 5281 tamen
1516 5226 1690 5295 juxta
1716 5225 2096 5282 Anastasium

493 5299 654 5369 estea
684 5294 943 5369 primum
977 5294 1291 5369 Gregorius
1316 5296 1394 5369 IV
1437 5294 1593 5352 idem
1643 5313 1855 5369 corpus
1900 5296 2094 5369 Romae

473 5365 865 5438 evavit,:quod
916 5365 1201 5438 hodieque
1250 5367 1331 5423 ibi
1383 5385 1512 5424 esse
1558 5365 1900 5438 perhibetur
1947 5367 2007 5438 (l.
2040 5385 2090 5424 c.

445 5453 505 5562 Γ.
530 5436 677 5504 125).
699 5436 881 5503 Unde,
906 5444 1081 5522 prout
1107 5436 1169 5494 in
1194 5440 1482 5509 ejusmodi
1508 5436 1890 5509 reliquiarum
1908 5436 2094 5520 trans-

472 5508 766 5562 ationibus
798 5511 921 5562 fieri
953 5514 1130 5562 amat.
1167 5515 1269 5562 aut
1303 5509 1497 5562 plures
1529 5511 1794 5562 eiusdem
1835 5525 2092 5562 nominis

472 5508 766 5566 ationibus
798 5508 927 5565 ﬁeri
953 5514 1130 5577 amat,
1167 5508 1269 5564 aut
1300 5509 1497 5581 plures
1529 5508 1794 5580 ejusdem
1835 5509 2092 5565 nominis

445 5580 506 5652 in
533 5597 717 5635 unum
749 5582 865 5637 fere
896 5582 1177 5648 confusi,'
1198 5580 1315 5635 aut
1344 5586 1532 5635 totum
1590 5597 1692 5652 pro
1740 5586 1903 5652 parte
1934 5580 2093 5636 acci-

443 5651 746 5724 piendum.
781 5652 1044 5708 Indicare
1075 5652 1138 5724 id
1161 5652 1454 5724 videntur,
1488 5650 1615 5722 qua}
1645 5650 1763 5722 ἕ22
1793 5650 2088 5724 dicuntur,

442 5720 617 5796 caput
644 5723 789 5781 illud
821 5723 881 5779 in
914 5740 1089 5795 capsa
1115 5721 1299 5778 fuisse
1324 5720 1620 5795 repertum
1644 5720 1746 5793 per
1774 5720 2089 5793 particulas

2240 1945 2541 2015 collocata,
2565 1952 2623 2002 et
2644 1947 2772 2003 ideo
2787 1949 2915 2019 jam
2946 1948 3171 2004 dictum
3196 1948 3379 2005 altare
3398 1953 3454 2005 S.
3477 1949 3632 2006 Petri
3660 1968 3887 2009 reman-

2238 2039 2394 2091 serat
2412 2051 2664 2091 vacuum
2695 2039 2752 2091 et
2774 2035 3078 2106 violatum,
3124 2051 3189 2091 ac
3221 2041 3528 2109 propterea
3570 2044 3774 2111 postea
3802 2058 3885 2098 re-

2237 2128 2537 2191 novatum,
2570 2126 2627 2179 et
2655 2140 2688 2178 a
2717 2123 3027 2180 Kuonrado
3074 2124 3370 2182 Curiensis
3428 2126 3571 2199 (742)
3613 2127 3888 2187 Ecclesiae

2236 2212 2506 2284 episcopo
2536 2215 2627 2268 est
2655 2211 3012 2270 dedicatum.
3047 2213 3307 2285 Denique
3336 2214 3663 2286 aperientes
3691 2216 3888 2290 ipsam

2236 2316 2475 2374 capsam
2530 2300 2863 2357 invenimus
2920 2302 2980 2356 in
3030 2301 3161 2374 ipsa
3216 2318 3454 2375 capsam
3503 2304 3886 2375 rubricatam,

2235 2393 2571 2447 sanctorum
2594 2390 2889 2447 cineribus
2921 2388 3154 2463 plenam
3180 2408 3194 2459 ;
3228 2391 3380 2446 inter
3408 2408 3556 2464 quas
3581 2393 3886 2452 dilectissi-

2235 2495 2399 2534 mum
2413 2477 3118 2551 thesaurumfreperimus,
3133 2478 3339 2552 capitis
3353 2479 3577 2537 scilicet
3588 2483 3887 2541 sanctissi-

2235 2567 2316 2622 mi
2346 2584 2507 2639 papaa
2538 2565 2819 2639 Gregorii,
2839 2568 2941 2624 sed
2964 2567 3394 2624 comminutum
3416 2584 3522 2641 per
3537 2571 3880 2642 particulas;

2235 2653 2533 2710 doluimus
2554 2654 2709 2726 quod
2731 2655 2886 2711 unde
2906 2655 3184 2711 acciderit
3206 2672 3362 2711 nunc
3377 2672 3566 2728 usque
3589 2658 3746 2715 scire
3768 2677 3885 2718 non

2234 2744 2552 2816 potuimus.
2575 2742 2734 2799 Alias
2766 2760 2907 2799 sane
2931 2742 3235 2816 perplures
3274 2744 3556 2817 reliquias
3579 2746 3642 2802 in
3684 2749 3889 2806 eadem

2233 2849 2407 2903 capsa
2440 2832 2786 2904 reperimus,
2838 2849 2987 2904 quas
3017 2834 3282 2904 ejusdem
3311 2826 3381 2890 S.
3405 2834 3595 2891 Patris
3623 2838 3887 2910 Gregorii

2233 2937 2361 2977 esse
2391 2937 2719 2993 speramus,
2754 2922 3034 2992 quoniam
3074 2925 3131 2977 et
3163 2922 3398 2978 nonnisi
3430 2940 3618 2979 unum
3650 2925 3888 2985 brevem

2232 3026 2366 3065 cum
2388 3009 2473 3065 eis
2503 3010 2857 3075 invenimus,
2889 3014 2947 3065 et
2993 2994 3305 3066 candorem
3351 3012 3482 3083 ejus
3537 3017 3886 3072 ceterorum

2232 3098 2456 3155 ossium
2487 3099 2877 3154 ostentabant.
2901 3099 2971 3153 Et
2999 3099 3228 3171 integra
3256 3098 3495 3171 quidem
3544 3117 3681 3158 osse
3710 3104 3884 3160 colle-

2233 3184 2451 3258 gimus,
2490 3189 2547 3241 et
2577 3184 2721 3241 alias
2771 3186 3267 3257 transposuimus,
3296 3185 3522 3243 cineres
3548 3205 3688 3246 vero
3718 3207 3885 3265 repo-

2233 3274 2464 3329 suimus
2495 3273 2594 3328 ubi
2626 3278 2683 3329 et
2733 3274 3007 3345 primitus
3044 3273 3394 3331 invenimus.
3432 3276 3569 3341 Quas
3600 3294 3785 3351 capsa
3813 3281 3885 3336 ad

2231 3361 2679 3418 Mimminhusin
2697 3362 2845 3435 (743)
2862 3362 3114 3431 estdata,
3133 3364 3368 3435 quando
3389 3363 3538 3421 inibi
3557 3367 3883 3426 aediﬁcaba-

2228 3456 2326 3507 tur
2356 3450 2600 3524 capella.

2926 3542 2955 3612 ξ
2983 3539 3179 3596 XXIII.

2298 3628 2417 3684 Hoc
2472 3631 2562 3684 est
2632 3625 3003 3699 privilegium
3070 3629 3227 3699 quod
3284 3628 3349 3684 Β.
3407 3628 3797 3690 Gebehardus
3848 3652 3883 3690 a

2227 3718 2393 3774 Rom.
2428 3717 2532 3772 PP.
2580 3717 2805 3773 Joanne
2836 3715 2987 3789 (744)
3045 3733 3223 3789 super
3267 3716 3463 3774 locum
3495 3718 3700 3792 ipsum
3750 3738 3880 3795 per-

2224 3806 2395 3879 cepit.
2428 3804 2800 3878 Privilegium
2858 3804 3198 3862 monasterii
3242 3805 3304 3861 in
3361 3804 3547 3863 biblis
3601 3808 3883 3881 primitus

2223 3896 2532 3967 scriptum,
2556 3895 2711 3966 quod
2744 3896 2800 3949 et
2824 3892 3109 3949 hactenus
3137 3896 3225 3950 est
3252 3894 3312 3949 in
3346 3898 3714 3955 monasterio
3743 3914 3883 3955 oon-

2223 3988 2539 4039 servatum.

2298 4095 2319 4122 α
2352 4076 2606 4128 Joannes
2627 4071 2957 4144 episcopus,
2981 4086 3186 4127 servus
3206 4086 3510 4127 servorum
3532 4074 3657 4131 Dei.
3681 4075 3753 4131 In
3778 4093 3886 4134 no-

2221 4159 2379 4216 mine
2411 4164 2623 4216 sanctaa
2654 4164 2711 4215 et
2740 4158 3057 4215 individua:
3088 4157 3414 4228 Trinitatis,
3437 4161 3637 4219 Patris
3668 4163 3887 4222 videli-

2220 4252 2329 4315 cet,
2357 4246 2500 4317 Filii,
2524 4251 2581 4304 et
2606 4247 2861 4321 Spiritus
2891 4247 3101 4304 sancti.

2295 4358 2317 4387 ι
2351 4337 2565 4392 Notum
2597 4353 2725 4393 esse
2754 4336 3025 4393 volumus
3056 4334 3336 4392 omnibus
3356 4335 3576 4393 Christi
3596 4338 3887 4398 ﬁdelibus

2217 4443 2673 4524 comminutum.
2702 4440 3368 4524 In-martyrologioms‘c.
3393 4441 3885 4524 Pragensillqc"

2218 4460 2667 4499 comminutum.
2702 4460 2943 4497 in-mart
2983 4460 3201 4524 rOiogio
3224 4460 3368 4498 msc.
3394 4460 3675 4524 rragenSi
3737 4460 3779 4501 ι.
3804 4463 3885 4515 c.,

2218 4513 2562 4589 ρ.13()),ᾴθ.ᾶ
2619 4514 2776 4589 diem
2827 4515 2893 4568 12
2940 4460 3143 4589 Kiartii
3182 4513 3264 4589 ita
3310 4512 3565 4589 legitur:
3627 4544 3654 4565 ιι
3685 4460 3887 4589 éujus

2216 4583 2407 4658 sancti
2434 4584 2743 4658 (Gregorii)
2760 4588 2936 4657 caput
2957 4583 3674 4658 serenissimus'princeps
3697 4583 3885 4646 eui-0-

2212 4655 2307 4711 lus
2337 4656 2409 4711 IV
2444 4654 2623 4712 'Rom.
2681 4654 2874 4726 imp.I.
2933 4656 3238 4713 obtentum
3304 4654 3365 4710 in
3395 4654 3790 4716 'monaSterio
3820 4664 3885 4716 S.

2213 4727 2505 4783 Gebhardi
2537 4726 2598 4782 in
2651 4727 2883 4782 civitate
2930 4726 3387 4794 Constantiensi,
3419 4735 3474 4783 el
3521 4729 3887 4787 decoratum

2211 4815 2354 4873 auro
2386 4803 2559 4873 atque
2608 4801 2845 4873 argento
2903 4798 3139 4873 donavit
3195 4796 3470 4873 ecclesiae
3501 4798 3823 4873 Pragensi.
3854 4824 3885 4851 »ι

2208 4871 2287 4924 Ac
2318 4867 2480 4924 sane
2509 4870 2569 4924 in
2600 4867 2871 4940 Qaialogo
2930 4868 3310 4940 reliquiarum
3368 4868 3553 4940 hujus
3608 4867 3886 4928 ecclesia

2234 4885 2287 4924 ιο
2318 4885 2458 4924 sane
2509 4885 2569 4924 in
2600 4885 2871 4939 uaiaiogo
2930 4885 3310 4995 reiiquiarum
3368 4885 3553 4940 hujus
3608 4885 3885 4928 ecclesiae

2234 4945 2508 5021 Domi-wn.
2542 4939 2638 5021 t.‘I
2663 4939 2820 5021 Jan.,
2844 4940 3039 5021 p_._108
3079 4940 3463 5021 )_recensetur
3507 4941 3569 5021 S.
3601 4941 3885 5021 Gregorii

2270 5011 2413 5087 agni,
2435 5015 2629 5087 caput,
2667 5011 2823 5087 quod
2846 5010 3058 5087 itidem
3079 5010 3160 5067 de
3191 5010 3389 5087 aliqua
3418 5010 3883 5087 duntaxat'ejus

2207 5081 2370 5154 parte
2394 5081 2845 5158 intelligendum
2874 5082 3023 5151 erit;
3057 5082 3210 5158 quod
3251 5081 3387 5138 vero
3430 5099 3566 5158 non
3614 5081 3885 5158 impedit

2207 5098 2370 5154 parte
2400 5098 2845 5208 intelligendum
2874 5098 3023 5151 erit;
3057 5098 3210 5153 quoa
3251 5098 3387 5138 vero
3444 5099 3566 5139 non
3614 5098 3883 5158 impedit

2206 5155 2526 5224 quominus
2551 5170 2585 5208 a
2629 5153 2744 5208 huc
2773 5152 2969 5224 aliqua
3020 5153 3543 5280 ejusdempaplitie‘
3565 5171 3725 5237 pars.
3770 5157 3883 5212 Pe-

2206 5224 2482 5280 tershusii
2531 5228 2880 5280 asservetur.
2912 5240 3046 5280 cum
3097 5223 3372 5280 credibile
3445 5225 3565 5280 aud
3594 5228 3676 5280 sit
3706 5226 3883 5280 illius

2204 5223 2482 5280 tershusii
2531 5223 2885 5290 asservetur,
2912 5223 3057 5280 cum
3097 5223 3372 5281 credibile
3389 5223 3676 5283 haud—sit
3706 5226 3883 5284 illius

2206 5294 2526 5368 monachos
2557 5312 2619 5368 se
2646 5299 2812 5368 tanto
2842 5295 3116 5368 thesauro
3148 5296 3409 5367 privasse
3437 5297 3711 5368 omnino,
3763 5297 3885 5355 etsi

2202 5366 2410 5422 exinde
2441 5365 2663 5438 aliquid
2691 5364 2895 5438 Carolo
2929 5365 3001 5422 IV
3034 5364 3178 5438 imp".
3203 5368 3626 5424 concesserint.

2295 5438 2421 5504 742)
2454 5436 2688 5508 Praefuit
2718 5436 2789 5508 ab
2823 5453 2916 5492 an.
2954 5438 3093 5493 1122
3122 5436 3310 5508 usque
3340 5438 3499 5494 1150.

2292 5509 2420 5580 743)
2444 5507 2812 5580 Ρωιοοῒιὶειᾼὶη
2844 5522 2993 5579 pago
3018 5507 3352 5580 ,Linzgewe.

2295 5438 2421 5504 742)
2454 5438 2688 5491 Praefuit
2718 5438 2789 5493 ab
2823 5453 2916 5492 an.
2954 5438 3093 5493 1122
3123 5452 3310 5508 usque
3340 5438 3499 5494 1150.

2292 5509 2399 5561 743
2450 5507 2732 5563 Parochia
2753 5507 2812 5562 in
2844 5522 2993 5579 pago
3022 5508 3352 5580 Linzgewe.

2271 5438 2420 5663 5744i
2440 5579 2641 5635 Exstat
2669 5578 2844 5663 etiam
2876 5579 3033 5663 apud
3084 5576 3547 5663 Lun‘i‘gAArchiv.
3578 5578 3880 5663 Spioileg.

2198 5647 2408 5774 θοὲιθὲ.
2436 5666 2491 5720 p.
2526 5667 2588 5719 ii,
2612 5667 2669 5722 p.
2704 5650 2830 5719 154,
2863 5647 2997 5721 θῒῖρ.
3031 5667 3092 5706 ιιι
3114 5666 3170 5721 p.
3203 5647 3467 5719 399,non
3496 5647 3703 5710 tamen
3738 5647 3884 5710 siis

2198 5735 2256 5774 m
2297 5735 2333 5773 n
2379 5736 2447 5774 is.

2198 5735 2447 5775 mendis.
