3982 6216
268 335 388 398 313
1198 325 1647 391 CHRONICON
1690 322 1961 388 PETEBI

2075 322 2411 388 JSANUM.
2443 358 2522 374 —
2549 325 2696 389 LIB.
2742 327 2792 391 Ῑ.
3575 333 3696 394 314

273 463 530 541 qualiter
559 461 950 522 Gebehardus
979 460 1273 519 secundus
1303 457 1571 516 amabilis
1628 457 1938 531 episcopus
1966 457 2021 523 Α
2051 457 2343 514 recitetur.
2372 458 2480 524 Qui
2507 477 2638 516 vero
2669 461 2763 534 pio
2797 459 3017 518 intuitu
3046 464 3244 519 custos
3273 466 3330 520 et
3358 468 3697 538 procurator

273 559 497 616 sanctas
526 552 806 610 Ecclesiae
838 549 1320 617 Constantiensis,
1354 547 1774 604 dilectissimus
1812 563 1943 602 con-
2051 544 2230 617 hujus
2261 548 2441 602 nostri
2471 550 2742 622 praecepti
2772 550 3077 621 exstiterit,
3105 552 3524 610 benedictionis
3564 571 3697 628 gra-

276 646 462 701 frater
489 647 713 710 noster,
747 641 1033 697 orationis
1064 656 1242 695 causa
1292 639 1538 693 Romam
1587 636 1825 692 veniens
1870 635 1941 691 ad
2053 636 2194 691 tiam
2227 636 2523 708 vitamque
2554 643 2828 694 aeternam
2890 639 2962 694 ah
3022 640 3150 712 ipso
3210 641 3456 699 Domino
3497 643 3613 700 Deo
3644 651 3702 702 et

275 734 493 792 limina
513 731 918 804 apostolorum
950 727 1283 800 principum
1342 726 1494 781 Petri
1555 743 1620 781 ac
1664 723 1846 788 Pauli,
1889 728 1946 778 et
2051 725 2340 780 Salvatore
2374 730 2570 781 nostro
2592 726 2732 782 Jesu
2763 727 2992 784 Christo
3015 731 3292 802 consequi
3316 737 3610 789 mereatur
3639 733 3699 790 in

280 826 699 880 antenostram
725 815 1443 891 praesentiam,retulitque
1465 814 1632 869 nobis
1654 818 1944 884 quatenus
2055 813 2268 869 saecula
2297 815 2669 870 saeculorum.
2730 818 2934 871 Amen.
2987 819 3280 890 Scriptum
3339 837 3442 892 per
3493 838 3702 878 manus

281 913 437 986 ipse,
471 909 572 967 Dei
602 913 750 965 nutu
783 905 1146 978 compulsus,
1181 904 1483 960 ecclesiam
1519 902 1943 958 cmnobitarum
2051 903 2302 958 Joannis
2333 903 2564 974 notarii,
2599 908 2652 959 et
2686 905 2996 976 regionarii
3028 911 3084 962 et
3112 909 3400 965 scriniarii
3433 910 3581 966 sacri
3600 911 3704 967 La-

286 997 716 1058 construxisset
774 1011 950 1066 super
1007 993 1196 1065 ripam
1249 991 1513 1047 ﬂuminis
1546 991 1702 1062 quod
1735 989 1948 1044 dicitur

288 1089 560 1155 Rhenus,
593 1086 664 1143 ad
692 1085 975 1140 honorem
1000 1081 1063 1137 B.
1089 1079 1351 1151 Gregorii
1375 1079 1728 1134 confessoris
1751 1078 1946 1133 Chris-

293 1177 366 1244 ti,
399 1177 462 1231 in
493 1192 606 1248 quo
633 1174 756 1230 loco
786 1171 1051 1244 regulam
1093 1170 1152 1225 S.
1206 1167 1498 1224 Benedicti
1539 1168 1685 1224 312
1719 1165 1948 1221 abbatis

295 1269 358 1321 et
389 1263 804 1320 monachorum
837 1261 1082 1315 fratrum
1133 1255 1602 1313 luculentissime
1632 1254 1946 1321 ordinaret,

290 1355 399 1410 ubi
433 1350 803 1408 devotissime
832 1349 901 1404 de
934 1347 1060 1403 suis
1082 1345 1335 1418 propriis
1359 1343 1752 1417 prmdiis,quaa
1777 1360 1810 1398 a
1827 1342 1951 1398 suis

291 1440 643 1516 parentibus
663 1438 748 1493 illi
769 1441 1104 1503 evenerunt,
1128 1439 1185 1490 et
1206 1438 1427 1506 partem
1452 1434 1521 1488 de
1543 1433 1718 1488 rebus
1739 1435 1952 1486 sanctas

288 1548 418 1588 sum
435 1526 706 1585 Ecclesiae
733 1524 1105 1582 devotissime
1127 1521 1434 1591 obtulit,ad
1469 1520 1952 1577 sustentationem

291 1623 356 1675 et
386 1615 751 1690 stipendium
782 1613 1018 1669 illorum
1050 1610 1321 1666 videlicet
1377 1609 1821 1674 monachorum,
1855 1605 1955 1678 qui

290 1709 360 1764 in
383 1706 513 1778 ipso
544 1708 748 1760 sancto
773 1699 1124 1758 monasterio
1147 1698 1348 1755 sedulo
1371 1697 1583 1754 Christi
1603 1697 1807 1752 laudes
1829 1711 1953 1767 per-

2055 992 2380 1048 teranensis
2413 992 2611 1063 palatii
2670 992 2726 1046 in
2781 1009 2979 1050 mense
3010 995 3245 1066 Aprilis,
3279 1002 3335 1052 et
3388 998 3704 1055 indictione

2057 1081 2332 1135 secunda.
2368 1080 2512 1134 Data
2543 1097 2622 1134 VII
2653 1079 2777 1135 Kal.
2833 1081 3014 1137 Maias
3066 1101 3166 1154 per
3199 1101 3408 1141 manus
3443 1087 3703 1160 Gregorii

2057 1169 2311 1240 episcopi
2345 1172 2552 1223 sancta
2584 1170 2738 1226 313
2774 1170 3110 1226 Portuensis
3167 1173 3455 1242 Ecclesiae,
3505 1181 3562 1231 et
3618 1176 3707 1230 bi-

2057 1256 2416 1312 bliothecarii
2449 1257 2506 1311 S.
2570 1257 2726 1312 sedis
2781 1258 3134 1330 apostolicae,
3189 1278 3341 1317 anno
3401 1264 3707 1335 pontiﬁca-

2059 1351 2155 1400 tus
2187 1345 2407 1400 domini
2441 1345 2624 1403 nostri
2662 1346 2905 1402 Joannis
2937 1348 3295 1406 sanctissimi
3345 1367 3508 1424 papaa
3540 1369 3710 1424 quar-

2059 1439 2117 1489 to
2149 1436 2318 1504 (745).

2062 1521 2305 1596 §XX1V.
2342 1525 2610 1590 Quomodo
2640 1524 2709 1578 ad
2737 1527 3045 1596 sepulcrum
3094 1526 3148 1581 S.
3201 1527 3478 1584 Uodalri'ci
3514 1532 3708 1586 oravit.

2135 1612 2382 1667 Rediens
2412 1612 2610 1684 itaque
2644 1618 2702 1668 Β.
2745 1615 3002 1685 pontifex
3024 1615 3402 1672 Gebehardus
3433 1634 3468 1672 a
3495 1616 3711 1674 limini-

2063 1700 2175 1754 bus
2206 1701 2604 1772 apostolorum
2650 1708 2918 1775 percepto
2950 1703 3248 1776 privilegio
3279 1722 3345 1761 ac
3376 1712 3712 1763 sanctorum

295 1795 526 1854 solvere
558 1794 658 1848 diu
686 1796 980 1862 noctuque
1012 1807 1129 1845 non
1159 1792 1410 1844 cessant.
1444 1787 1553 1884 Pro
1602 1786 1818 1857 quibus
1847 1800 1956 1884 np:
1985 1819 2034 1884 Β
2067 1788 2354 1860 reliquiis,
2387 1795 2451 1844 ut
2481 1807 2658 1861 supra
2689 1792 2981 1862 digestum
3013 1797 3119 1860 est,
3155 1809 3288 1848 cum
3320 1793 3494 1867 Alpes
3522 1801 3714 1854 trans-

295 1888 435 1942 strw
468 1880 825 1940 humilitatis
852 1877 1201 1951 supplicavit
1229 1875 1624 1942 clementiam,
1661 1879 1726 1930 ut
1755 1873 1958 1946 praedi-

298 1979 438 2029 ctus
467 1971 632 2026 locus
661 1970 786 2041 ipse
824 1968 932 2022 sub
963 1965 1208 2022 tuitione
1238 1969 1296 2021 et
1326 1962 1660 2020 defensione
1690 1962 1747 2018 S.
1780 1961 1954 2028 Petri,

299 2067 363 2120 et
394 2065 597 2116 nostra
628 2060 1082 2127 nostrorumque
1104 2070 1508 2110 successorum
1533 2051 1878 2125 pontiﬁcum
1898 2049 1957 2104 in

300 2153 657 2224 perpetuum
676 2148 929 2211 maneat,
953 2144 1034 2199 ita
1054 2148 1250 2200 tamen
1272 2147 1338 2199 ut
1359 2141 1558 2197 nullus
1579 2144 1805 2208 rex,aut
1821 2139 1956 2206 dux,

303 2255 499 2311 neque
529 2235 813 2306 marchio,
846 2250 948 2290 nec
976 2233 1150 2290 etiam
1183 2230 1510 2303 episcopus,
1541 2229 1640 2302 qui
1673 2245 1775 2300 per
1810 2232 1957 2283 tem-

309 2343 457 2401 pora
483 2326 540 2380 in
571 2325 698 2396 ipso
729 2321 1024 2394 episcopio
1055 2321 1253 2387 fuerit,
1285 2325 1386 2376 aut
1431 2319 1554 2375 ulla
1582 2335 1833 2392 persona
1863 2333 1959 2371 au-

313 2417 491 2472 deant
519 2414 586 2468 de
617 2412 894 2468 omnibus
952 2427 1076 2481 quas
1135 2409 1353 2465 ibidem
1401 2408 1472 2464 ab
1503 2408 1773 2479 ipsojam
1808 2405 1959 2460 dicto

312 2502 651 2562 Gebehardo
674 2516 950 2557 concessa
967 2503 1107 2553 sunt
1127 2497 1399 2563 alienare,
1425 2502 1526 2553 aut
1550 2495 1960 2568 quoquomodo

307 2595 383 2651 de
406 2594 533 2665 ipso
556 2593 754 2647 sancto
780 2587 1133 2644 monasterio
1173 2586 1491 2642 extrahere.
1526 2585 1876 2649 Constituta,
1908 2585 1964 2638 et

309 2680 574 2739 stabilita
605 2683 779 2751 atque
813 2678 984 2732 ﬁrma
1013 2692 1201 2748 usque
1231 2675 1289 2730 in
1321 2674 1519 2731 futura
1545 2678 1806 2746 tempora
1828 2688 1963 2728 con-

306 2771 576 2829 cedimus
600 2766 1021 2841 permanenda.

382 2859 534 2916 «Sed
558 2862 614 2914 et
632 2856 741 2913 hoc
760 2853 1081 2927 apostolica
1102 2852 1512 2925 praeceptione,
1528 2853 1766 2923 rogante
1787 2864 1967 2919 supra

307 2950 466 3006 dicto
493 2947 783 3003 confratre
806 2949 1028 3010 nostro,
1046 2941 1452 2997 interdicimus
1492 2940 1551 2995 in
1601 2937 1836 2996 nomine
1856 2936 1962 2991 Do-

306 3037 458 3095 mini
482 3034 668 3092 nostri
689 3034 831 3089 Jesu
855 3031 1172 3099 Christi,ne
1195 3029 1408 3102 aliquis
1455 3029 1643 3085 eidem
1681 3029 1969 3082 monaste-

308 3128 396 3182 rio
429 3114 801 3198 praiﬁciatur,
836 3119 948 3175 nisi
979 3136 1155 3191 quem
1187 3119 1486 3175 communi
1528 3133 1816 3173 consensu
1849 3115 1964 3168 fra-

2065 1878 2230 1946 isset,
2260 1881 2316 1932 et
2346 1879 2402 1932 in
2433 1877 2836 1933 Alemanniain
2887 1881 3268 1951 pervenisset,
3320 1883 3552 1940 devenit
3593 1891 3715 1940 Au-

2070 1971 2304 2037 gustam
2336 1966 2720 2036 Vindelicam,
2773 1973 2827 2021 et
2879 1968 2950 2022 ad
3011 1969 3347 2040 sepulcrum
3389 1971 3716 2030 beatissimi

2071 2054 2361 2110 Uodalrici
2393 2055 2659 2126 ejusdem
2693 2054 2941 2111 civitatis
2971 2056 3352 2129 episcopi,qui
3376 2059 3501 2130 jam
3533 2060 3714 2117 ferme

2069 2149 2201 2199 ante
2232 2143 2568 2215 quindecim
2600 2160 2781 2201 annos
2802 2161 2831 2200 e
2854 2145 3074 2200 mundo
3097 2147 3164 2200 ad
3190 2146 3506 2203 Dominum
3527 2153 3715 2204 trans-

2068 2233 2233 2300 ierat,
2299 2237 2574 2288 oraturiis
2623 2234 2897 2300 accessit;
2950 2251 3203 2306 cumque
3257 2235 3378 2292 illic
3436 2238 3717 2294 attentius

2068 2326 2276 2390 oraret,
2310 2321 2532 2376 audivit
2560 2339 2754 2378 vocem
2787 2323 2961 2393 quasi
3010 2324 3080 2378 de
3127 2323 3356 2380 tumulo
3387 2331 3718 2393 sonantem,

2069 2409 2297 2482 sibique
2328 2410 2618 2465 dicentem
2645 2428 2657 2465 :
2695 2433 2722 2460 ‹‹
2757 2411 2905 2477 Quid
2937 2412 3174 2483 quaeris,
3206 2413 3293 2467 vel
3344 2413 3483 2485 quid
3514 2422 3719 2486 postu-

2069 2498 2176 2565 las,
2204 2497 2540 2554 Gebeharde
2561 2498 2588 2552 ‘?
2620 2521 2648 2550 ››
2679 2500 2751 2553 At
2782 2498 2902 2565 ille,
2936 2500 3103 2571 quasi
3133 2506 3473 2558 consuetam
3517 2519 3720 2559 vocem

2071 2587 2317 2654 audiret,
2347 2587 2635 2659 intrepide
2665 2588 3000 2660 respondit:
3063 2611 3089 2638 «
3141 2590 3448 2660 Quoniam,
3507 2591 3719 2664 inquit,

2072 2693 2259 2750 nuper
2288 2676 2483 2732 locum
2510 2676 2758 2732 Domino
2789 2676 3180 2734 dedicandum
3223 2679 3547 2747 construxi,
3589 2684 3721 2752 peto

2073 2771 2141 2820 ut
2171 2765 2355 2819 isdem
2386 2763 2550 2819 locus
2575 2769 2673 2820 tuo
2697 2765 3022 2836 patrocinio
3044 2766 3390 2836 illustretur,
3416 2774 3472 2824 et
3519 2769 3590 2824 de
3628 2785 3720 2825 sa-

2075 2851 2405 2908 cratissimo
2437 2869 2676 2924 corpore
2703 2857 2803 2910 tuo
2859 2853 3065 2926 aliqua:
3097 2855 3356 2928 reliquiae
3396 2855 3535 2912 illuc
3565 2856 3723 2913 defe-

2076 2942 2266 2997 rendae
2298 2959 2402 3013 pro
2435 2946 2538 2996 tua
2565 2943 2783 3014 pietate
2832 2945 3244 3000 concedantur.
3273 2967 3301 2995 ››
3355 2945 3459 3000 Cui
3506 2945 3720 3000 iterum

2077 3030 2246 3102 quasi
2277 3030 2346 3084 de
2376 3030 2581 3084 tumba
2612 3046 2960 3102 responsum
2995 3037 3117 3087 est:
3174 3055 3201 3082 (ί
3234 3033 3382 3100 Νου,
3422 3034 3720 3105 inquiens,

2077 3119 2184 3174 hoc
2216 3117 2333 3173 ullo
2363 3118 2534 3174 modo
2568 3119 2690 3174 ﬁeri
2714 3123 2928 3191 potest,
2959 3120 3235 3192 quoniam
3268 3121 3562 3194 integrum
3603 3139 3724 3178 cor-

306 3181 449 3273 tres‘
467 3211 686 3268 ibidem
746 3209 974 3264 Christo
1026 3207 1231 3264 sedulo
1289 3207 1606 3263 servientes
1661 3203 1960 3276 elegerint,
1992 3181 2034 3248 (ἶ
2073 3206 2380 3281 puscalum
2415 3223 2611 3262 meum
2643 3207 2841 3263 hocin
2873 3207 2997 3264 loco
3028 3209 3182 3265 diem
3231 3227 3574 3282 supremum
3623 3227 3720 3268 ex-

306 3304 676 3373 electumque
692 3299 1005 3371 episcopus
1027 3296 1452 3352 benedictionis
1469 3295 1638 3351 titulo
1652 3294 1965 3350 conﬁrma-

305 3410 369 3450 re
399 3393 702 3464 procuret;
728 3391 787 3443 et
815 3387 925 3442 hoc
955 3385 1152 3459 ipsum
1185 3386 1255 3442 de
1287 3385 1546 3440 advocati
1577 3385 1854 3442 electione
1875 3388 1969 3444 de-

308 3480 469 3540 cerni
489 3477 728 3553 placuit.
752 3476 812 3531 Si
835 3492 988 3544 vero,
1022 3474 1177 3548 quod
1201 3474 1389 3530 absit:
1432 3473 1751 3546 aliquando
1786 3477 1964 3532 conti-

309 3569 459 3642 gerit
477 3573 543 3624 ut
570 3567 886 3641 episcopus
916 3565 1181 3636 ejusdem
1203 3567 1415 3619 sanctae
1438 3563 1709 3620 Ecclesiae
1733 3564 1966 3620 haereti-

313 3674 421 3716 cus
464 3656 552 3712 vel
609 3653 1026 3712 schismaticus
1096 3652 1326 3719 existat,
1378 3651 1589 3708 fratres
1643 3654 1968 3726 supradicti

319 3743 661 3802 monasterii
691 3757 760 3799 ex
792 3741 1136 3798 auctoritate
1178 3741 1335 3797 sedis
1356 3740 1686 3813 apostolicae
1715 3742 1972 3800 habeant

317 3837 662 3908 potestatem
681 3830 1106 3888 ecclesiasticos
1120 3828 1354 3886 ordines
1375 3829 1707 3902 requirendi
1723 3830 1969 3886 ubicun-

313 3937 431 3995 que
452 3920 804 3977 catholicum
822 3922 1105 3976 noverunt
1116 3935 1245 3974 esse
1257 3918 1840 3990 episcopum,necille
1859 3920 1971 3975 ini-

313 4027 472 4084 quus
543 4009 736 4066 dehoc
751 4007 1008 4080 aliquam
1046 4007 1417 4078 eisinjuriam
1433 4007 1644 4063 inferre
1654 4014 1974 4080 praesumat

311 4099 461 4154 Nam
483 4098 532 4154 si
552 4097 768 4168 aliquis
789 4096 1401 4167 homo,cujuscunque
1427 4096 1506 4151 sit
1526 4095 1747 4152 ordinis
1771 4097 1858 4153 vel
1878 4115 1973 4169 po-

310 4185 730 4257 testatis,quod
755 4201 870 4240 non
890 4183 1344 4254 credimus,[hoc
1366 4182 1760 4257 privilegium]
1776 4185 1835 4240 in
1866 4185 1972 4241 ali-

309 4292 429 4348 quo
451 4274 822 4344 disrumpere
846 4272 1154 4327 tentaverit
1175 4272 1273 4343 [et]
1291 4289 1358 4326 ea
1376 4288 1502 4344 quae
1525 4273 1596 4327 ab
1615 4273 1741 4345 ipso
1754 4274 1976 4345 jamdi-

310 4367 404 4420 cto
426 4362 717 4420 confratre
737 4364 939 4416 nostro
959 4359 1020 4415 in
1043 4359 1317 4432 praedicto
1333 4361 1682 4416 monasterio
1697 4379 1974 4418 concessa

309 4456 476 4518 sunt,
510 4452 700 4522 ajure
729 4453 788 4505 et
845 4449 1064 4504 ditione
1120 4447 1310 4520 ipsius
1356 4450 1698 4506 monasterii
1745 4453 1973 4507 auferre

307 4538 579 4606 voluerit,
614 4537 730 4592 nisi
753 4537 1082 4608 resipiscat,
1104 4536 1646 4594 excommunicatus
1669 4555 1703 4595 a
1731 4556 1968 4612 corpore
1996 4543 2044 4608 D

282 4633 371 4686 .et
391 4627 679 4700 sanguine
697 4625 926 4682 Domini
946 4625 1130 4682 nostri
1167 4625 1308 4681 Jesu
1343 4624 1554 4680 Christi
1576 4626 1876 4696 consistat,
1910 4633 1966 4684 et

312 4715 846 4773 anathematizatus
868 4731 902 4770 a
921 4714 1020 4770 SS.
1046 4714 1319 4769 Patribus
1339 4703 1700 4783 omnibus,et
1719 4733 1753 4771 a
1774 4716 1961 4785 nobis;

311 4804 502 4861 necin
532 4803 688 4860 exitu
719 4801 845 4858 vitai
877 4801 1290 4867 communicet,
1347 4803 1450 4858 sed
1507 4802 1689 4859 etiam
1736 4810 1964 4862 mortuo

311 4909 529 4949 nomen
561 4893 689 4962 ejus
715 4890 868 4947 inter
889 4890 1209 4946 missarum
1268 4889 1555 4946 solemnia
1603 4891 1762 4948 nullo
1794 4895 1966 4950 modo

381 4997 535 5124 3145)
563 4998 768 5054 Annus
800 4999 1044 5078 quartus
1073 4995 1450 5079 pontiﬁcatus
1478 4997 1723 5054 Joannis
1753 4999 1968 5069 XVI,et

422 5072 556 5124 ictio
585 5085 629 5124 ii
659 5084 726 5124 ac
782 5083 1007 5122 menSis
1061 5066 1281 5124 Aprilis
1311 5067 1575 5123 indicant
1606 5086 1830 5124 annum
1861 5074 1967 5124 989

312 5066 556 5124 indictio
585 5085 629 5124 ii
659 5084 726 5124 ac
782 5066 1007 5139 mensis
1061 5066 1281 5139 Aprilis
1311 5067 1575 5139 indicant
1606 5086 1830 5126 annum
1861 5066 1967 5128 989

312 5141 400 5196 uti
430 5142 488 5194 et
517 5138 826 5199 memorati
856 5141 884 5206 §
911 5140 982 5193 24
1005 5138 1127 5209 seq;
1162 5138 1479 5209 quintecim
1511 5140 1651 5194 anni
1700 5143 1772 5197 ab
1804 5143 1963 5200 obitu

313 5212 376 5269 Β.
412 5210 686 5292 Udalrici,
719 5226 896 5292 quem
928 5210 1082 5265 idem
1115 5226 1267 5283 papa
1297 5213 1499 5282 postea
1529 5227 1621 5267 an.
1657 5213 1762 5269 993
1813 5215 1968 5271 inter

313 5286 549 5339 sanctos
584 5280 806 5337 retulit.

387 5354 536 5425 (746)
557 5352 637 5425 De
661 5351 902 5425 brachio
923 5352 980 5407 S.
1005 5349 1257 5424 Philippi
1281 5350 1701 5425 Hierosolymis
1722 5357 1966 5412 an.i20!1

315 5421 672 5480 Floren'tiam
703 5422 987 5479 translato
1011 5421 1186 5494 agent
1202 5421 1355 5478 socii
1398 5421 1662 5480 Bolland.
1700 5430 1742 5481 t.
1778 5428 1798 5481 Ι
1831 5428 1967 5483 Maii

357 5536 371 5551 .
409 5496 596 5562 11-15,
633 5495 733 5551 ubi
766 5495 942 5551 etiam
1003 5509 1214 5563 corpus
1253 5494 1382 5563 ejus
1431 5495 1676 5551 Romam
1707 5496 1966 5554 delatum

357 5536 371 5551 .
409 5511 596 5562 11-10,
633 5511 733 5551 um
766 5511 942 5551 etiam
1003 5511 1214 5617 corpus
1253 5511 1382 5563 ejus
1431 5511 1676 5551 nomam
1707 5511 1963 5554 delatum

311 5511 702 5652 Eicuntunde
719 5566 958 5652 Garolus
979 5565 1104 5652 lva
1130 5573 1318 5652 terum
1337 5565 1963 5652 brachium-acceperit.

312 5637 824 5710 Constantinopoli
855 5651 1088 5709 quoque
1118 5636 1382 5707 ejusdem
1423 5637 1666 5708 apostoli
1686 5636 1966 5712 ,reliquiae

2074 3299 2336 3368 spectare
2367 3294 2532 3363 volo;
2567 3299 2625 3351 et
2654 3295 2794 3368 quia
2843 3312 2936 3351 me
2992 3296 3110 3352 tuis
3167 3298 3441 3369 precibus
3487 3298 3722 3371 pulsare

2076 3389 2133 3440 et
2155 3384 2476 3456 inquietare
2506 3385 2958 3456 praesumpsisti,
2992 3385 3289 3457 continuo,
3323 3404 3456 3444 cum
3502 3393 3720 3445 terram

2077 3472 2417 3528 monasterii
2450 3473 2534 3526 tui
2585 3467 2868 3544 attigeris,
2930 3472 3210 3530 ultionem
3256 3476 3499 3547 proinde
3545 3493 3721 3550 expe-

2077 3560 2266 3617 rieris.
2286 3584 2312 3610 »
2334 3560 2459 3616 Tali
2478 3559 2712 3616 oraculo
2733 3566 3004 3634 percepto
3036 3563 3355 3630 recessit,et
3385 3564 3456 3618 ad
3488 3565 3724 3636 propria

2078 3649 2374 3705 remeavit.
2413 3649 2594 3720 Igitur
2623 3666 2754 3704 cum
2815 3650 2886 3704 ad
2940 3656 3258 3706 extremam
3322 3656 3547 3724 partem
3573 3654 3720 3726 agri,

2080 3738 2180 3810 qui
2212 3738 2282 3794 ad
2317 3738 2735 3793 monasterium
2768 3737 3113 3810 pertinebat,
3171 3740 3548 3812 pervenisset,
3592 3757 3724 3799 ecce

2081 3827 2272 3899 vepris
2295 3826 2533 3898 spinosa
2554 3843 2729 3898 super
2745 3826 2899 3882 viam
2921 3827 3257 3899 dependens
3275 3827 3522 3902 caligam
3539 3833 3725 3886 trans-

2081 3915 2274 3972 euntis
2295 3913 2548 3987 episcopi
2581 3915 2988 3986 apprehendit,
3011 3915 3180 3988 eique
3221 3916 3426 3972 tibiam
3455 3917 3725 3974 vulnera-

2080 4005 2199 4072 vit;
2235 4003 2335 4076 qui
2362 4019 2496 4059 cum
2522 4003 2777 4059 dolorem
2809 4021 2878 4059 ex
2908 4003 3080 4077 plaga
3110 4005 3550 4074 sensisset,voce
3567 4006 3729 4064 clara

2081 4094 2262 4149 dixit:
2302 4115 2328 4143 «
2362 4094 2504 4148 Ecce
2537 4093 2691 4165 quod
2726 4093 2782 4148 S.
2809 4091 3151 4149 Uodalricus
3206 4094 3379 4150 verbo
3435 4094 3728 4167 praedixit,

2082 4198 2252 4254 opere
2273 4179 2602 4252 complevit.
2661 4202 2688 4229 »
2747 4181 2876 4236 Haec
2935 4180 3105 4254 plaga
3156 4187 3356 4253 postea
3412 4183 3483 4239 de
3539 4182 3634 4238 die
3663 4183 3726 4240 in

2082 4271 2238 4327 diem
2270 4271 2331 4325 in
2369 4270 2539 4342 pejus
2597 4271 2862 4339 accrevit,
2915 4277 2971 4326 et
3018 4287 3205 4342 usque
3259 4271 3329 4327 ad
3388 4272 3564 4328 ﬁnem
3593 4273 3726 4329 vitm

2082 4360 2212 4430 ejus
2240 4357 2401 4413 nullo
2455 4374 2718 4429 unquam
2777 4358 3052 4430 deinceps
3110 4359 3499 4416 medicamine
3530 4363 3725 4418 curari

2082 4447 2296 4520 potuit.

2279 4534 2309 4607 §
2335 4533 2502 4589 XXV.
2536 4536 2610 4590 De
2642 4535 2859 4590 brachio
2891 4535 2945 4590 S.
2982 4535 3236 4608 Philippi
3278 4538 3524 4609 apostoli.

2148 4623 2277 4680 Otto
2311 4638 2545 4695 quoque
2575 4623 2893 4695 imperator
2922 4640 3158 4695 capsam
3188 4624 3239 4680 ei
3289 4626 3448 4683 dedit
3488 4631 3728 4699 argento

2056 4711 2437 4777 ,vestitam,in
2469 4728 2585 4782 qua
2603 4712 2907 4767 brachium
2930 4712 2988 4767 S.
3017 4713 3270 4785 Philippi
3306 4714 3553 4785 apostoli
3577 4717 3731 4789 (746)

2074 4817 2210 4860 cum
2244 4799 2374 4856 aliis
2408 4800 2739 4872 magniﬁcis
2791 4804 2848 4854 et
2906 4800 3332 4870 multiplicibus
3389 4807 3730 4862 sanctorum

2075 4892 2230 4946 814
2263 4887 2529 4959 reliquiis
2556 4888 2916 4956 habebatur;
2950 4888 3104 4958 quod
3139 4888 3373 4959 quidem
3420 4889 3730 4949 brachium

2076 4995 2260 5050 fuisse
2286 5000 2706 5064 memorantur,
2769 4996 2924 5050 unde
2973 4992 3140 5049 facile
3188 5009 3412 5060 earum,
3474 5011 3540 5050 ac
3582 4995 3733 5053 forte

2075 5067 2253 5122 etiam
2284 5063 2768 5146 brachiipartEm
2801 5065 3009 5146 marito
3027 5081 3137 5146 sup
3166 5064 3362 5145 Ottoni
3475 5066 3617 5146 imp.
3643 5084 3732 5146 se-

2075 5153 2210 5220 cum
2243 5135 2416 5220 agere
2446 5135 2637 5205 potuit
2660 5135 3345 5220 :I‘heophaniaL‘Bom’ani
3393 5135 3732 5220 ll'Qrientis

2077 5209 2220 5278 imp.
2256 5205 2396 5272 ﬁlia,
2431 5221 2607 5275 quam
2639 5205 2774 5286 dein
2806 5205 3008 5262 eorum
3043 5205 3362 5289 ﬁlius.0tto
3397 5207 3468 5261 III
3491 5206 3728 5290 imp..S.

2077 5276 2420 5335 Gebeharde
2445 5276 2680 5330 donavxt
2705 5293 2717 5335 ;
2753 5276 2808 5330 id
2835 5279 2988 5335 quod
3007 5279 3078 5333 ob
3103 5282 3515 5335 antiquitatem
3539 5295 3729 5335 maio-

2077 5295 2420 5335 uenenaroo
2445 5295 2680 5330 aonavu
2705 5295 2717 5342 ;
2753 5295 2808 5330 ia
2835 5295 2988 5350 quoa
3007 5295 3078 5333 on
3103 5295 3515 5350 antiquitatem
3539 5295 3729 5349 majo-

2077 5367 2199 5431 rem
2231 5349 2712 5431 ﬁdemﬁrnoeretur.
2741 5347 2984 5431 Forte‘in
3004 5348 3200 5420 aliqua
3231 5349 3732 5431 dictarum‘trans-

2075 5421 2360 5477 lationum
2392 5416 2702 5488 Philippus
2758 5417 3058 5488 apostolus
3100 5416 3394 5478 'coniusus
3451 5425 3541 5478 est
3593 5436 3730 5477 cum

2074 5492 2342 5619 Epilippo
2376 5505 2493 5546 uno
2522 5503 2591 5544 ex
2647 5491 2867 5560 septem
2917 5489 3199 5556 diaconis,
3226 5491 3327 5562 qui
3354 5494 3390 5547 6
3441 5491 3601 5552 Junii
3634 5509 3730 5550 co-

2098 5582 2114 5618 1
2146 5581 2234 5618 ur.
