3982 6216
319 254 438 322 315

1012 256 1405 322 APPENDIX
1448 257 1550 321 AD
1594 251 2046 321 CHRONICON
2091 250 2513 317 HERMANNI
2556 250 3023 317 CONTRAGTI.

3607 246 3752 314 316

320 388 685 464 temporibus
705 390 1050 449 Theodorioi
1081 392 1310 449 abbatis
1368 392 1667 449 inventum
1719 393 1830 457 est,
1861 389 1961 445 sed
1993 397 2048 463 Α
2076 387 2200 443 rius
2231 387 2351 443 vice
2382 385 2652 460 Willigisi
2683 384 3110 460 archiepiscopi
3141 382 3466 460 recognovi.
3500 382 3648 442 Data
3683 399 3755 440 Iv

319 478 379 534 in
410 479 627 534 frustra
657 480 1106 549 comminutum,
1158 486 1359 553 postea
1412 497 1545 536 vero
1594 477 1963 551 temporibus

321 566 617 623 Bertholdi
649 569 879 624 abbatis
910 587 943 624 ει
975 571 1285 625 Kuonrado
1317 571 1445 639 ejus
1474 573 1612 623 tunc
1644 566 1964 639 capellano,

320 657 421 711 sed
451 662 653 729 postea
684 659 913 725 abbate,
948 663 1004 713 et
1035 676 1068 713 a
1107 659 1329 714 caeteris
1372 656 1649 712 fratribus
1678 672 1842 720 auro,
1875 672 1963 709 ar-

317 749 511 816 gento,
539 751 597 800 et
624 747 873 818 gemmis
906 748 1242 803 decoratum
1276 746 1449 813 est,in
1473 746 1641 816 cujus
1659 744 1783 799 basi
1813 759 1966 797 unus

318 834 600 889 articulus
630 834 946 907 digitorum
1005 836 1064 890 S.
1120 834 1377 905 Gregorii
1436 851 1595 905 papae
1648 848 1781 887 cum
1834 829 1964 885 aliis
2052 877 2063 886 .

317 922 520 978 multis
551 921 816 994 reliquiis
848 922 1181 977 reconditus
1212 927 1316 978 est.
1353 922 1536 977 Mater
1583 919 1796 993 quippe
1837 920 1962 990 jam

316 1012 454 1067 dicti
485 1012 768 1083 principis
798 1012 1024 1067 Ottouis
1053 1012 1125 1066 de
1183 1010 1401 1065 Grecia
1457 1009 1708 1064 adducta
1756 1008 1963 1074 fuerat,

314 1101 470 1155 unde
500 1101 674 1156 etiam
708 1100 930 1156 dictum
963 1099 1268 1156 brachium
1328 1115 1528 1155 secum
1574 1097 1812 1153 veniens
1860 1112 1960 1168 ap-
2004 1104 2016 1121 ’

315 1193 663 1261 portaverat.

546 1281 574 1345 §
605 1276 795 1331 XXVI.
832 1278 1189 1348 Privileigum
1218 1292 1381 1348 super
1418 1275 1717 1344 Womdorf.

386 1366 574 1422 Isdem
607 1366 924 1437 imperator
953 1371 1153 1439 rogatu
1189 1364 1524 1436 Marquardi
1568 1362 1818 1429 comitis,
1852 1362 1960 1416 fra-

315 1454 424 1510 tris
456 1453 678 1510 scilicet
705 1459 762 1509 B.
780 1454 1285 1527 Gebebardi(7/17),
1302 1452 1643 1525 praediolum
1663 1451 1957 1523 quoddam

314 1541 501 1598 eidem
530 1543 885 1598 monasterio
917 1543 1223 1609 concessit,
1257 1559 1433 1613 super
1462 1540 1615 1612 quod
1643 1538 1757 1595 tale
1788 1538 1957 1611 privi-

314 1629 533 1704 legium
564 1632 853 1687 conscribi
889 1632 1021 1686 fecit
1039 1648 1051 1686 :

386 1741 415 1770 ‹‹
440 1720 501 1775 In
528 1719 763 1775 nomine
789 1724 1001 1775 sancta:
1030 1724 1087 1775 et
1114 1718 1423 1774 individua:
1448 1718 1771 1774 Trinitatis.
1805 1716 1954 1773 Orro

314 1807 510 1863 divina
541 1808 766 1863 favente
797 1808 1106 1864 clementia
1136 1826 1253 1863 rex.

387 1895 694 1951 «Omnium
709 1894 971 1951 ﬁdelium
994 1902 1324 1951 nostrorum
1340 1895 1714 1968 praesentium
1728 1898 1785 1950 et
1808 1894 1959 1949 futu-

311 1998 509 2039 rorum
542 1982 648 2055 pia
678 1983 964 2039 devotioni
999 1988 1193 2056 pateat
1223 1984 1725 2055 quemadmodum
1748 1983 1955 2051 nos,ob

311 2072 652 2143 petitionem
686 2076 742 2127 et
765 2072 1158 2129 interventum
1215 2073 1547 2145 Marquardi
1604 2072 1856 2138 comitis,
1901 2074 1958 2127 et

310 2176 413 2231 pro
443 2176 642 2216 amore
684 2160 871 2216 ﬁdelis
922 2163 1105 2217 nostri
1168 2162 1630 2217 Constantiensis
1688 2160 1954 2215 Ecclesiae

307 2249 654 2305 venerabilis
676 2249 931 2321 episcopi
964 2250 1309 2315 Gebehardi,
1344 2250 1444 2321 qui
1484 2249 1652 2305 nobis
1681 2250 1954 2304 devotum

309 2336 610 2392 servitium
631 2337 844 2407 saepius
874 2336 1158 2404 exhibuit,
1183 2338 1255 2391 ad
1287 2337 1591 2392 ecclesiam
1611 2340 1667 2391 S.
1692 2335 1953 2408 Gregorii

308 2422 369 2478 in
397 2423 524 2478 loco
552 2424 903 2480 Petreshusa
950 2430 1151 2480 vocato
1205 2425 1627 2481 honorabiliter
1680 2430 1951 2480 constru-

308 2514 484 2577 ctam,
517 2511 610 2566 cui
643 2512 815 2567 modo
848 2513 1190 2569 Bericherus
1222 2514 1572 2569 reverendus
1620 2518 1678 2569 et
1725 2514 1952 2586 primus

308 2599 456 2671 (748)
486 2600 666 2655 abbas
698 2599 984 2671 praesidet,
1020 2602 1090 2657 de
1133 2606 1332 2657 nostra
1380 2602 1733 2675 proprietate
1791 2601 1951 2656 dedi-

309 2705 443 2744 mus
480 2688 766 2761 quidquid
816 2689 1134 2746 habuimus
1182 2691 1241 2745 in
1297 2690 1448 2747 villis
1504 2692 1837 2756 Worndorf,
1896 2694 1953 2746 et

305 2776 633 2833 Crumacha
660 2778 807 2850 (749)
841 2778 1030 2847 dictis,
1056 2780 1114 2834 in
1166 2797 1312 2853 pago
1370 2779 1949 2836 Goldinneshundere

306 2866 453 2937 (750)
475 2869 693 2933 vocato,
755 2883 821 2922 ac
874 2868 1151 2924 comitatu
1201 2870 1386 2941 ipsius
1421 2870 1547 2940 jam
1608 2869 1745 2925 dicti
1794 2868 1946 2924 815

306 2953 641 3025 Marquardi
685 2956 918 3011 comitis
950 2956 1097 3027 sitis,
1132 2964 1306 3030 atque
1331 2961 1593 3013 eamdem
1626 2958 1947 3030 proprieta-

303 3046 423 3098 tem
454 3059 589 3097 cum
621 3044 896 3100 omuibus
920 3046 1272 3102 utensilibus
1302 3048 1373 3101 ad
1432 3062 1560 3101 eam
1620 3046 1725 3101 rite
1766 3046 1947 3118 perti-

2077 475 2392 533 Non.Junii
2423 492 2573 531 anno
2594 475 2909 532 Dominicis
2932 474 3357 533 Incarnationis
3382 489 3745 542 nccecxcrn,

2077 565 2392 620 indictione
2420 582 2495 633 v1,
2529 581 2681 620 anno
2713 569 2907 620 autem
2941 565 3093 621 tertii
3143 563 3370 622 Ottonis
3419 563 3748 637 regnantis

2079 653 2325 708 decimo.
2354 654 2562 707 Actum
2594 651 2829 725 Birgila.
2864 674 2891 702 »

2075 762 2103 828 §
2134 759 2354 815 XXVII.
2387 758 2658 827 Quomodo
2687 758 3124 885 B.__Ge:ehart§us
3161 760 3370 816 milites
3397 774 3524 815 suos
3554 757 3743 815 eccle-

2714 847 2814 885 sm
2879 847 3037 885 onavz
3070 873 3081 885 .

2714 847 2814 886 8118
2844 847 3081 887 αοηαυη.

2145 917 2355 973 Omnia
2384 934 2747 990 quaecunque
2771 919 2978 974 habuit
3031 917 3122 975 vel
3178 919 3478 990 acquirere
3528 916 3742 991 potuit

2073 1006 2471 1076 Gebebardus,
2505 1008 2576 1062 ad
2607 1024 2782 1063 suum
2832 1008 3256 1063 monasterium
3307 1006 3552 1063 ﬁdeliter
3604 1010 3738 1061 Deo

2072 1094 2302 1162 obtulit,
2329 1096 2441 1151 nisi
2474 1097 2761 1168 quosdam
2794 1096 2865 1152 de
2895 1095 3377 1152 ministerialibus
3423 1096 3573 1163 suis,
3619 1095 3740 1167 qui

2070 1183 2310 1238 ditiores
2338 1188 2397 1238 et
2427 1184 2779 1255 potentiores
2809 1188 3010 1253 erant;
3044 1183 3232 1239 noluit
3280 1182 3418 1238 illuc
3464 1184 3734 1249 tradere,

2067 1275 2345 1343 reputans
2378 1273 2694 1343 prudenter
2731 1289 2803 1328 ne
2833 1273 2981 1329 forte
3009 1274 3168 1328 tenui
3202 1271 3328 1328 loco
3359 1272 3736 1328 detrimento

2070 1360 2266 1432 potius
2297 1365 2494 1416 essent
2518 1378 2694 1433 quam
2728 1361 3151 1435 supplemento.

2529 1452 2557 1517 §
2588 1450 2832 1505 XXVIII.
2862 1452 2937 1505 De
2971 1450 3248 1507 Nuiheim.

2133 1538 2567 1594 Possessionsm
2626 1540 2770 1595 satis
2825 1539 3208 1595 honoriﬁcam
3233 1539 3390 1611 apud
3440 1538 3731 1595 Nuiheim

2063 1626 2211 1699 (751)
2242 1627 2621 1683 commutavit
2648 1628 2855 1683 beatus
2885 1627 2972 1683 vir
3003 1645 3037 1683 a
3077 1627 3681 1684 Marchdorfensibus.

2306 1718 2333 1783 §
2366 1716 2553 1771 XXIX.
2579 1717 2652 1771 De
2681 1718 3039 1786 Tegz’rwz'lare
3066 1719 3117 1772 et
3144 1717 3472 1773 Gouliubon.

2306 1764 2333 1783 ο
2366 1764 2553 1771 -------.
2579 1764 2646 1771 ,,
2683 1764 2815 1786 --συ
2841 1764 3032 1773 ηπ.-
3067 1764 3111 1772 ,γ
3147 1764 3472 1773 "mm".-.

1987 1764 2035 1829 Β
2136 1804 2409 1868 Quaedam
2440 1805 2616 1860 etiam
2643 1810 2909 1862 matrona
2938 1804 3150 1861 nobilis
3210 1805 3369 1861 dedit
3425 1806 3478 1861 ei
3534 1822 3724 1861 suum

2066 1893 2355 1965 praedium
2379 1894 2531 1965 apud
2544 1892 3079 1967 Tegirwilare(752)
3096 1893 3724 1967 etGottiliubon,quod

2065 1981 2271 2037 exinde
2301 1998 2404 2054 per
2431 1982 2656 2038 diverso
2687 1987 2954 2055 tempora
2983 1986 3429 2056 augmentatum
3451 1987 3559 2052 est;
3574 2000 3723 2040 nam

2066 2070 2221 2126 ³16
2244 2070 2371 2125 duae
2390 2070 2532 2126 inibi
2548 2071 2726 2127 vineas
2760 2076 3130 2127 commutate
3144 2075 3283 2128 sunt
3303 2073 3721 2128 duobusman-

2064 2158 2321 2230 sis,quas
2342 2159 2618 2215 dominus
2638 2160 2887 2232 Adilgoz
2909 2161 2980 2216 de
2996 2160 3725 2233 Marstettin(735)dederat

2064 2246 2416 2303 monasterio
2439 2248 2500 2302 in
2530 2246 2654 2303 loco
2677 2248 2778 2320 qui
2810 2249 3024 2304 dicitur
3039 2248 3492 2305 Ottinberch.Ibi
3511 2251 3720 2322 acqui-

2062 2335 2213 2391 situs
2242 2340 2332 2391 est
2362 2336 2725 2408 temporibus
2757 2336 3047 2392 Uodalrici
3081 2336 3338 2410 episcopi
3364 2336 3415 2393 II
3457 2353 3561 2409 pro
3595 2354 3720 2410 quo

2060 2422 2212 2479 alius
2243 2424 2502 2496 Optimus
2533 2441 2781 2481 mansus
2829 2426 3002 2481 datus
3045 2429 3135 2482 est
3177 2426 3332 2498 apud
3375 2425 3718 2499 Stalringen

2060 2512 2228 2584 (754).
2266 2514 2409 2568 Item
2458 2512 2608 2568 alius
2657 2531 2921 2580 mansus,
2970 2531 3220 2586 quorum
3278 2515 3717 2588 possessionem

2060 2600 2354 2673 mancipia
2381 2601 2704 2670 constituit,
2740 2605 2803 2657 ut
2832 2601 3091 2674 quotidie
3120 2603 3180 2657 in
3227 2602 3357 2675 ipsa
3397 2601 3547 2659 cella
3595 2604 3717 2659 fra-

2057 2688 2270 2755 tribus,
2303 2689 2639 2761 ubicunque
2669 2705 2906 2746 necesse
2964 2694 3138 2754 esset,
3172 2691 3480 2758 servirent,
3531 2692 3713 2748 sicuti

2057 2782 2115 2834 et
2143 2777 2202 2832 bi
2230 2778 2329 2849 qui
2362 2779 2421 2833 in
2465 2778 2590 2850 ipso
2608 2778 2732 2835 loco
2763 2778 3115 2846 habitarent,
3147 2783 3206 2836 et
3234 2784 3299 2836 ut
3337 2781 3409 2837 de
3432 2780 3714 2838 Nuiheim

2058 2867 2313 2922 arefacta
2340 2866 2499 2939 ligna
2528 2868 2901 2938 adveherent,
2932 2872 2990 2924 et
3014 2884 3250 2944 semper
3278 2870 3350 2925 ad
3393 2886 3567 2926 omne
3597 2871 3713 2925 mi-

2057 2955 2368 3012 nisterium
2400 2957 2588 3029 parati
2614 2960 2835 3012 essent.

2464 3048 2492 3112 §
2520 3044 2683 3100 XXX.
2716 3047 2790 3101 De
2829 3045 3297 3103 Ministerzalibus.

304 3131 602 3201 nantibus,
637 3132 695 3186 in
728 3133 899 3199 areis,
933 3134 1212 3203 aediﬁciis,
1255 3135 1427 3190 terris
1458 3134 1629 3189 cultis
1677 3140 1734 3190 et
1764 3134 1945 3190 incul-
1978 3128 2020 3195 C
2128 3133 2198 3187 Et
2229 3136 2294 3189 ut
2315 3133 2386 3189 de
2414 3132 2673 3201 vasallis,
2698 3133 2807 3190 hoc
2836 3139 2926 3191 est
2946 3135 3450 3205 ministerialibus,
3471 3136 3713 3209 plenius

302 3219 399 3287 tis,
424 3219 599 3291 agris,
634 3220 835 3292 pratis,
869 3222 1113 3294 campis,
1151 3222 1402 3295 pascuis,
1454 3222 1637 3291 silvis,
1681 3223 1944 3279 venatio-

304 3307 498 3376 nibus,
530 3308 697 3380 aquis
749 3327 1153 3383 aquarumque
1207 3311 1575 3382 decursibus,
1608 3311 1944 3382 piscationi-

301 3396 936 3467 bus,molcndinis,viis
966 3405 1019 3456 et
1042 3401 1235 3469 inviis,
1268 3399 1518 3456 exitibus
1549 3404 1606 3455 et
1636 3399 1942 3469 reditibus,

301 3485 563 3558 quaesitis
595 3490 652 3542 et
679 3487 1414 3561 inquirendis,cunctisque
1437 3488 1566 3545 aliis
1584 3490 1945 3562 appendiciis

301 3590 431 3646 quae
460 3574 651 3631 adhuc
707 3577 821 3631 dici
875 3583 1142 3650 possunt,
1177 3581 1250 3635 ad
1299 3579 1599 3651 praefatam
1639 3578 1944 3636 ecclesiam

297 3662 587 3719 tradimus
613 3689 627 3732 ;
651 3679 718 3720 ea
737 3666 1005 3723 videlicet
1036 3669 1258 3725 ratione
1281 3673 1347 3725 ut
1371 3669 1575 3725 eadem
1618 3668 1944 3741 proprietas

299 3751 508 3808 dehinc
530 3753 639 3809 sub
664 3754 850 3826 ipsius
868 3756 1124 3813 ecclesia:
1141 3759 1275 3829 jure
1293 3758 1517 3830 absque
1551 3757 1816 3813 omnium
1848 3757 1947 3813 ho-

299 3840 527 3896 minum
549 3838 1012 3901 contradictione.
1037 3845 1451 3918 perpetualiter
1467 3846 1772 3903 consistat.
1789 3846 1857 3900 Et
1882 3850 1947 3901 ut

299 3927 419 3984 haec
450 3935 660 3986 nostrae
690 3931 1054 3990 celsitudinis
1085 3935 1321 3991 donatio
1361 3952 1465 4007 per
1493 3935 1691 3990 futura
1724 3939 1945 4007 tempo-

297 4034 429 4072 rum
460 4020 751 4076 curricula
781 4023 1132 4079 inviolabilis
1172 4028 1520 4096 perseveret,
1554 4023 1663 4079 hoc
1692 4040 1942 4096 praecep-

297 4109 424 4161 tum
452 4105 589 4162 inde
619 4111 1014 4182 conscriptum
1048 4110 1224 4183 sigilli
1256 4112 1439 4167 nostri
1462 4111 1849 4184 impressione
1869 4112 1946 4167 si-

299 4193 1113 4270 gnarejussimus,manuque
1135 4199 1389 4270 propria,
1420 4203 1486 4253 ut
1516 4199 1667 4254 infra
1696 4199 1940 4270 videtur,

299 4280 823 4339 eorroboravimus.
852 4285 1205 4342 Hiltiboldus
1235 4285 1543 4358 episcopus
1574 4289 1633 4341 et
1660 4287 1942 4343 cancella-

369 4419 521 4496 (747)
552 4422 630 4476 De
661 4421 769 4496 hoc
791 4424 1149 4496 Marquardo
1189 4425 1400 4485 comite
1430 4424 1789 4496 Brigantino,
1816 4428 1944 4484 vide

299 4491 457 4566 dicta
487 4507 667 4566 supra
697 4493 755 4547 in
787 4491 1045 4566 Disquis.
1078 4500 1105 4564 §
1136 4496 1223 4560 48,
1257 4513 1314 4566 p.
1346 4497 1471 4549 286.

299 4561 853 4620 nationis—chartam
908 4561 1101 4622 'ariter
1133 4561 1289 4623 sistit
1304 4567 1505 4638 Lunig.
1540 4567 1812 4640 Spicileg.
1846 4570 1949 4626 Ec-

300 4633 465 4692 cles..
500 4650 556 4692 n.
593 4651 678 4692 III.
713 4653 769 4692 ο.
801 4584 924 4692 403).

300 4649 465 4700 0168.,
500 4650 556 4700 p.
593 4651 678 4700 III,
713 4653 769 4700 p.
801 4649 924 4692 4w.

369 4653 1384 4790 2:28;).delrigheingerriggerus,
1425 4706 1534 4790 _vel
1602 4708 1949 4790 BAeri-ngerus

298 4777 529 4902 Erimus
553 4777 738 4860 abbas
769 4796 861 4862 an:
894 4780 1001 4833 993
1029 4777 1386 4860 constitutus
1416 4780 1594 4850 (infra
1622 4782 1650 4847 §
1681 4777 1948 4907 44Lhaud

344 4847 478 4903 ubie
508 4849 893 4907 ElDSldlenSIS
920 4851 1247 4906 monachus
1275 4850 1407 4907 fuit.
1426 4867 1559 4906 cum
1583 4851 1641 4907 S.
1666 4851 1746 4907 Ge
1788 4853 1948 4907 ehar-

344 4847 478 4903 ubie
508 4847 893 4907 Einsidlensis
920 4851 1247 4906 monachus
1275 4850 1407 4916 fuit,
1426 4847 1559 4906 cum
1583 4851 1641 4907 S.
1666 4847 1951 4909 Gebehar-

299 4918 412 4973 dus
442 4917 647 4976 exinde
672 4945 692 4971 ι
721 4922 1040 4979 monachos
1071 4939 1211 4977 suos
1241 4938 1507 4977 normam
1528 4923 1757 4978 vivendi
1781 4930 1835 4980 et
1865 4941 1949 4980 re-

297 4989 495 5060 gimen
525 4991 738 5049 habere
761 5014 786 5045 α
817 4993 1133 5050 decreverit
1159 4993 1353 5120 (€345).
1375 4991 1523 5049 Dum
1554 5011 1687 5050 vero
1720 4995 1949 5066 primus

297 5060 484 5117 abbas
503 5062 902 5120 Petershunus
950 5064 1164 5120 dicitur
1237 5081 1561 5120 erlna'erus.
1617 5067 1947 5120 necessario

296 5060 484 5136 abbas
503 5062 902 5136 Petershunus
933 5060 1561 5136 Adici‘tur'Beringerus,
1617 5060 1947 5124 necessario

294 5131 682 5259 Pegelinsufsin
714 5135 873 5191 hunc
895 5134 1095 5193 album
1126 5136 1283 5193 haud
1313 5131 1661 5193 in'serendus
1682 5146 1786 5194 est.
1811 5139 1943 5194 Vid.

298 5219 369 5258 su
417 5220 480 5258 ra
507 5255 516 5259 ,
640 5246 651 5258 .

298 5219 480 5258 ΒΠῺῙἙ
507 5219 535 5258 §
563 5219 586 5258 ‘l
599 5219 651 5258 ὅ.

398 5208 953 5356 ξῷξέᾷόωᾴοτςθι
995 5279 1327 5336 Krumbach
1385 5294 1541 5334 nunc
1596 5278 1656 5333 in
1705 5279 1946 5351 capituli

300 5342 795 5401 Mosskirchensis
827 5348 1135 5406 distructu.

370 5412 653 5492 (750)_Hi_c
709 5434 892 5492 pagus
940 5422 998 5477 in
1052 5422 1333 5479 Chronico
1388 5419 1767 5478 Gottwicensi
1808 5437 1945 5492 pars

298 5482 484 5610 ξιέἱὲεὲ
499 5482 726 5544 dicitur
764 5482 899 5565 pagi
954 5496 1176 5568 llegove
1232 5495 1292 5549 in
1351 5492 1621 5549 districta
1666 5482 1944 5548 Mosskir-

300 5570 504 5612 008.110.

1554 4492 1661 4551 anc
1683 4513 1814 4553 vero
1846 4499 1947 4555 do-
1976 4492 2024 4557 D

2057 3221 2249 3277 dicam
2274 3239 2287 3277 :
2317 3222 2628 3293 quemdam
2660 3222 3009 3279 Makkonem
3044 3229 3343 3296 parentem
3373 3225 3709 3298 Ruodolphi

2053 3310 2419 3366 Arhonensis
2444 3311 2592 3384 (755)
2614 3313 2857 3384 ejusque
2879 3312 3166 3385 stirpis,et
3194 3317 3463 3385 parentes
3478 3314 3711 3371 Hacho-

2055 3399 2148 3455 nis
2175 3402 2232 3455 et
2260 3400 2387 3470 ejus
2416 3400 2787 3472 cognationis
2816 3401 2887 3456 de
2936 3401 3230 3474 Bollingin
3262 3419 3395 3459 cum
3428 3404 3711 3460 omnibus

2054 3505 2182 3561 quae
2214 3488 2612 3560 possidebant,
2646 3488 2903 3546 ecclesia:
2962 3491 3393 3547 Constantiensi
3438 3492 3705 3548 tradidit.

2051 3575 2183 3631 Jam
2214 3576 2404 3632 dictus
2434 3581 2629 3632 tamen
2664 3577 2875 3633 Makko
2896 3582 3118 3650 postea,
3152 3594 3400 3652 pergens
3432 3579 3707 3636 Hieroso-

2052 3663 2290 3738 lymam,
2321 3664 2676 3738 quibusdam
2737 3667 2998 3724 donariis
3054 3668 3406 3724 monasterio
3449 3668 3610 3725 datis
3641 3687 3707 3725 se

2051 3753 2318 3820 redemit,
2349 3753 2553 3810 dicens
2584 3770 2656 3810 ne
2688 3754 2831 3810 forte
2887 3754 3140 3828 alicujus
3177 3756 3397 3814 servitii
3446 3755 3571 3813 illic
3601 3758 3704 3813 ob-

2053 3842 2262 3898 noxius
2294 3846 2467 3911 esset,
2500 3859 2566 3899 eo
2594 3843 2750 3916 quod
2797 3844 2951 3901 beati
2998 3845 3107 3901 viri
3138 3845 3409 3917 proprius
3439 3845 3705 3903 famulus

2052 3931 2610 3997 fuisset.Quemdam
2630 3948 2763 3988 vero
2781 3932 3017 3989 nomine
3040 3933 3407 3990 Vurlandum
3432 3934 3703 4006 ejusdem

2052 4019 2291 4077 familia
2320 4025 2377 4076 et
2406 4019 2726 4076 nobilitatis
2755 4024 2929 4093 atque
2959 4022 3294 4079 divitiarum
3346 4024 3705 4080 monasterio

2052 4109 2315 4179 tradidit,
2349 4109 2520 4180 cujus
2569 4108 2881 4181 posteritas
2937 4127 3127 4183 usque
3174 4111 3235 4167 in
3256 4128 3514 4184 praesens
3547 4113 3705 4185 apud

2052 4197 2332 4270 Owingeo
2356 4198 2504 4268 (756)
2536 4197 2708 4269 viget.
2768 4197 3170 4271 Pamperiores
3223 4216 3458 4272 quoque
3506 4199 3712 4273 plures

2054 4285 2410 4342 monasterio
2433 4285 2920 4357 contulit,quibus
2941 4288 3218 4345 omnibus
3247 4288 3357 4345 hoc
3374 4289 3479 4361 jus
3498 4288 3714 4345 consti-

2125 4424 2538 4499 (75l)Videtur
2564 4441 2694 4499 esse
2720 4427 2862 4485 villa
2893 4429 3338 4486 nuncNeuhaus
3368 4428 3712 4497 dicta,haud

2095 4496 2263 4578 recul
2287 4496 2638 4579 Markdorfio
2661 4498 2747 4579 .in
2778 4500 3123 4579 Linzgovia;
3164 4517 3311 4579 eum
3355 4496 3710 4579 enim-ﬁnde

2095 4517 2256 4555 rocui
2287 4517 2638 4554 marxaorno
2688 4517 2747 4554 1n
2778 4517 3123 4572 nngovxa;
3175 4517 3311 4557 eum
3355 4518 3515 4558 enim
3572 4517 3710 4558 inae

2055 4517 2219 4643 ligna
2255 4570 2326 4625 ad
2358 4568 2780 4625 monasterium
2839 4571 3056 4628 fuerint
3111 4572 3450 4628 advehenda
3508 4574 3568 4694 (ἓ
3594 4574 3710 4646 29),

2059 4641 2218 4694 haud
2250 4641 2392 4694 adeo
2422 4639 2594 4694 longe
2614 4641 2685 4694 ab
2718 4656 2784 4694 eo
2816 4642 3026 4694 dissita
3052 4660 3181 4694 esse
3212 4643 3423 4694 notuit-
3447 4660 3483 4694 a
3572 4645 3705 4694 ark-

2059 4641 2218 4697 haud
2250 4641 2392 4697 adeo
2422 4641 2594 4713 longe
2614 4641 2685 4696 ab
2718 4656 2784 4697 eo
2816 4642 3026 4699 dissita
3052 4660 3181 4700 esse
3211 4643 3424 4716 potuit,
3447 4660 3483 4699 a
3511 4641 3705 4699 Mark-

2060 4712 2434 4796 dorj‘ensibus
2465 4710 2777 4796 acquisita:
2824 4783 2847 4796 η
2938 4783 2974 4796 Α
3093 4787 3103 4796 ⁸
3197 4784 3232 4796 η
3396 4783 3407 4795 .
3480 4784 3528 4796 _

2130 4783 2277 4857 (752)
2310 4782 2723 4857 'ljaegervveilen
2753 4783 2907 4857 infra
2921 4783 3335 4857 Constantiam
3370 4783 3456 4857 Vin
3480 4784 3709 4857 Turgo-

2055 4852 2168 4922 via,
2201 4852 2358 4909 haud
2414 4852 2621 4926 procul
2678 4870 2712 4908 a
2757 4854 3104 4925 Gottliehen,
3164 4856 3226 4913 in
3278 4856 3459 4929 cujus
3496 4852 3711 4913 vicihia

2058 4927 2236 4981 etiam
2267 4930 2356 4981 est
2384 4926 2717 4981 Ottenberg.

2058 4942 2236 4982 Ellam
2267 4942 2356 4982 εει
2384 4942 2717 4982 υιῐϐηῡϐῐτζ.

2128 4942 2236 4982 iam
2267 4941 2356 4982 est
2384 4941 2717 4998 uuennerg.

2128 4997 2281 5067 (753)
2335 4995 3008 5071 Ma_rstetten__dynastia
3062 5013 3243 5070 prope
3313 4997 3707 5071 Memmingen

2055 5060 2213 5148 nunc
2242 5060 2555 5148 comitist
2585 5068 2656 5122 de
2686 5060 3030 5148 lice'nigseck
3058 5060 3309 5142 parens;
3342 5068 3503 5126 aliud
3535 5060 3711 5127 Μέτεο

2055 5139 2444 5222 miseratis
2475 5139 2782 5222 Terma-
2858 5139 2880 5220 ἶ
2973 5139 3125 5222 αξ.
3221 5210 3237 5222 .
3377 5210 3389 5222 .
3538 5208 3553 5221 -

2127 5209 2278 5281 (754)
2308 5209 2476 5281 Forte
2508 5208 2831 5281 Starengen
2862 5208 2923 5264 in
2972 5210 3393 5267 Stockachensi
3424 5208 3700 5281 capitulo.

2126 5279 2272 5362 (Z533)
2304 5279 2743 5362 StumpﬁusLin
2777 5280 2989 5362 φησει..
3148 5299 3203 5349 v,
3234 5299 3284 5339 e.
3333 5282 3387 5351 9,
3418 5279 3708 5362 nobilium

2058 5351 2132 5407 de
2151 5351 2385 5407 Arbona
2413 5351 2702 5419 meminit,
2737 5351 2822 5406 uti
2848 5355 2904 5407 et
2933 5351 3371 5410 Guillimannus
3431 5353 3494 5409 in
3524 5351 3709 5409 Haba-

2058 5422 2341 5478 burzicis.
2373 5421 2499 5476 Vid.
2535 5422 2676 5478 Lew
2703 5421 2814 5477 lex.

2217 5439 2341 5476 1018.
2382 5439 2499 5476 για.
2535 5439 2676 5478 Lew
2703 5439 2814 5477 rex.

2175 5439 2281 5566 ξὸ)
2296 5490 2447 5566 Villa
2475 5493 2535 5547 in
2568 5492 2820 5564 capitqu
2836 5492 3197 5565 Heigerloch,
3230 5494 3435 5564 infra§
3465 5509 3592 5566 seq.
3622 5491 3705 5549 di-

2061 5562 2213 5620 citur
2240 5562 2578 5634 Uowingen.
