3982 6216
73 291 181 359 31⁸7

989 294 1439 360 GHRONICON
1483 287 2204 357 PETERSHUSANUM.
2238 325 2318 343 —
2348 292 2497 360 LIB.
2541 294 2590 361 Ῑ.

3369 295 3488 362 318

74 427 202 496 tuit,
224 429 294 485 ut
313 444 460 485 cum
485 428 697 486 abbate
716 428 1066 502 equitarent,
1090 429 1259 501 eique
1290 429 1449 484 domi
1471 428 1729 499 forisque
1759 425 1811 490 Α
1842 425 1901 480 S.
1937 426 2197 498 Gregorii
2229 427 2479 500 pleniter
2511 428 2891 486 ministraret.
2914 428 3124 487 Postea
3145 444 3281 485 vero
3306 445 3486 503 quam

75 516 510 585 ministrarent,
532 534 714 590 equos
738 533 875 573 suos
897 520 1016 572 tam
1040 517 1233 572 abbati
1253 534 1429 588 quam
1455 515 1732 571 fratribus

75 605 213 671 suis,
239 622 604 678 quocunque
645 623 891 663 necesse,
930 609 1145 673 essent,
1195 609 1558 677 praestarent,
1607 621 1733 658 mo-

75 694 400 750 nasterium
416 711 523 767 pro
536 712 712 767 posse
731 712 839 750 suo
854 695 1244 760 defensarent,
1262 693 1483 748 nullius
1498 691 1730 748 servitio

72 800 316 855 prorsus
338 784 741 853 subjacerent,
765 787 1004 855 excepto
1031 782 1215 838 solius
1236 782 1465 838 abbatis
1487 784 1731 852 ejusque

76 872 527 927 monachorum.

472 963 498 1028 §
526 960 715 1016 XXXI.
737 961 813 1015 De
840 959 963 1015 dote
992 961 1338 1015 monasterii.

143 1049 279 1104 Haec
293 1053 599 1121 sunt,quae
622 1050 684 1103 B.
710 1048 1090 1105 Gebebardus
1112 1048 1730 1120 episcopusmonaste-

77 1137 162 1193 rio
194 1155 308 1193 suo
335 1139 412 1193 de
458 1137 787 1193 haereditate
836 1141 1146 1210 parentum
1197 1153 1442 1193 suorum
1488 1134 1733 1191 tradidit

75 1227 171 1281 vel
204 1225 450 1281 aliunde
495 1226 832 1298 acquisivit:
889 1225 1236 1298 Uowingen,
1288 1224 1532 1281 Suldorf
1554 1224 1729 1294 (757),

79 1313 597 1370 Anslechiswilare
666 1315 839 1386 (758),
917 1314 1400 1387 Rinisgemunde,
1461 1317 1518 1369 et
1573 1312 1729 1386 apud

77 1403 294 1475 Hogste
325 1403 476 1475 (759)
530 1407 587 1458 et
642 1402 856 1475 Brugg,
922 1403 1080 1458 Rodo
1137 1403 1310 1473 (760),
1367 1403 1515 1458 817
1585 1402 1731 1456 Stet-

80 1491 162 1547 tin
192 1490 363 1561 (761),
397 1489 704 1562 Mﬁlheim,
738 1490 1287 1546 Wanhartiswilare
1337 1491 1509 1561 (765),
1550 1489 1725 1556 Slate,

80 1580 244 1649 (763),
274 1579 539 1635 Rinhard
571 1579 743 1651 (764),
776 1584 1001 1651 partem
1032 1584 1306 1651 quartam
1338 1578 1729 1651 possessionis

81 1668 225 1741 apud
244 1668 572 1741 Epﬁndorf,
597 1672 655 1724 et
676 1669 975 1741 Togingen
998 1669 1070 1723 de
1091 1668 1525 1723 Constantiensi
1553 1666 1729 1723 eccle-

82 1757 162 1813 sia
180 1756 516 1830 acquisivit,
540 1757 698 1812 datis
719 1755 859 1812 illuc
897 1755 1157 1812 vicissim
1202 1757 1273 1811 de
1312 1756 1438 1811 suis
1471 1755 1724 1828 praediis,
1759 1792 1807 1856 Β

78 1845 179 1900 hoc
223 1849 327 1913 est,
363 1844 718 1917 Luitwanga
755 1847 811 1900 et
860 1843 1340 1917 Ratpirgahusin,
1373 1844 1728 1899 Eichstetten

82 1935 241 2007 (765),
255 1934 586 2007 Epﬁndorf,
602 1932 895 1998 Nuiheim,
909 1933 1324 2005 Tegerwilare,
1342 1932 1726 2000 Gottiliubon,

80 2023 396 2078 Tuscinanc
427 2024 610 2094 (766),
644 2026 700 2077 et
720 2022 1137 2094 Oberwangin,
1172 2039 1423 2094 quorum
1447 2039 1633 2077 unum
1657 2023 1728 2077 de

83 2112 363 2185 episcOpii,
397 2111 567 2167 aliud
602 2112 676 2168 de
724 2111 1064 2168 monasterii
1115 2112 1290 2167 rebus
1340 2111 1724 2183 comparavit,

85 2200 385 2256 Obirndorf
404 2201 477 2256 de
507 2200 792 2272 episcopo
824 2200 1133 2255 concessit.

370 2290 401 2363 §
429 2288 656 2345 XXXII.
698 2290 773 2344 De
797 2289 1046 2344 libertate
1074 2290 1422 2345 monasterii.

149 2377 383 2433 Nullum
411 2395 554 2434 sane
589 2377 917 2444 servitium,
959 2394 1149 2450 neque
1195 2378 1506 2444 tributum,
1541 2394 1729 2450 neque

86 2466 340 2539 vectigal,
363 2483 549 2539 neque
580 2466 958 2539 legationem,
988 2483 1174 2538 neque
1205 2466 1455 2537 alicujus
1488 2467 1727 2523 omnino

88 2556 381 2611 ministerii
415 2555 781 2611 functionem
812 2560 933 2610 tam
966 2555 1226 2610 Romano
1256 2555 1517 2627 pontiﬁci
1549 2574 1726 2628 quam

87 2644 425 2718 imperatori,
458 2644 565 2702 sed
605 2660 794 2716 neque
821 2644 1093 2716 episcopo
1133 2645 1586 2713 Constantiensi,
1622 2662 1727 2701 nec

92 2733 247 2789 alicui
265 2750 553 2806 personae,
573 2734 985 2804 cujuscunque
1006 2733 1311 2805 potestatis
1324 2732 1403 2788 sit
1422 2738 1524 2789 aut
1544 2734 1728 2806 digni-

91 2823 231 2890 tatis,
252 2823 320 2879 de
340 2823 451 2879 hoc
474 2822 846 2879 monasterio
882 2823 945 2877 Β.
973 2821 1354 2878 Gebebardus
1393 2822 1728 2894 impendere

92 2912 386 2977 constituit,
410 2911 527 2967 nisi
555 2909 673 2966 soli
686 2911 821 2965 Deo.
836 2910 1147 2982 Propterea
1159 2914 1214 2966 et
1229 2910 1353 2982 ipse
1366 2909 1530 2967 locus
1543 2929 1729 2984 usque

92 3000 137 3054 in
161 3017 407 3073 presens
426 2997 795 3055 inviolabilis
810 3002 1160 3071 perseverat,
1183 2998 1265 3054 ita
1287 3003 1350 3053 ut
1371 2999 1571 3056 nullus
1593 3017 1726 3056 eum

92 3093 350 3146 temerare
376 3091 730 3162 praesumat.

758 3176 1049 3249 ἕΧΧΧΙΙΙ.

149 3266 269 3323 Alia
287 3283 499 3339 nempe
520 3266 911 3336 monasteria,
938 3283 1065 3338 quas
1087 3265 1273 3322 libera
1298 3272 1599 3335 vocantur,
1624 3285 1726 3323 an-

91 3355 291 3411 nuatim
303 3356 499 3411 Romae
513 3371 773 3411 aureum
788 3372 1098 3410 nummum
1112 3355 1375 3427 quinque
1402 3355 1725 3412 solidorum

85 3443 315 3514 pretium
359 3445 689 3501 habentem
748 3443 1078 3515 persolvere
1128 3444 1379 3511 debent;
1430 3445 1725 3500 Petrishu-

88 3532 258 3588 sensis
287 3538 481 3594 autem
510 3534 685 3590 locus
734 3549 929 3604 neque
977 3533 1186 3599 Somae,
1222 3550 1411 3605 neque
1443 3534 1726 3590 Constan-

87 3620 189 3690 tiaa,
218 3638 403 3694 neque
432 3621 775 3696 Moguntiae,
809 3637 996 3693 neque
1026 3621 1170 3693 regi,
1204 3638 1390 3693 neque
1434 3622 1588 3689 duci,
1622 3624 1723 3679 sed

88 3724 183 3763 nec
211 3709 318 3764 ulli
347 3709 569 3782 aliquid
601 3710 796 3777 debet,
830 3709 942 3766 nisi
973 3713 1204 3766 tantum
1239 3709 1492 3783 regulari
1523 3728 1725 3769 vacare

87 3795 369 3869 religioni.

154 3888 181 3953 §
208 3885 445 3941 XXXIV.
476 3887 553 3943 De
572 3889 884 3944 ministerio
907 3889 967 3943 in
984 3889 1279 3960 festivitate
1299 3888 1354 3945 S.
1383 3889 1649 3959 Gregorii.

152 3973 297 4031 Sane
314 3975 469 4047 quod
487 3976 661 4032 nobis
678 3976 923 4047 quidam
946 3976 1462 4050 solentjmputare,
1487 3980 1643 4051 quod
1664 3980 1722 4035 in

89 4060 376 4123 festivitate
402 4065 461 4120 S.
504 4064 774 4137 Gregorii
819 4082 983 4138 papas
1031 4067 1575 4124 Constantiensibus
1608 4068 1724 4124 fra-

89 4148 260 4206 tribus
278 4151 567 4209 debemus
582 4153 963 4225 praabendam
985 4154 1143 4223 dare,
1168 4154 1435 4210 noverint
1456 4156 1566 4211 hoc
1589 4160 1724 4214 ante

89 4238 451 4295 constitutum
465 4256 653 4311 quam
666 4240 776 4295 hoc
788 4242 1213 4297 monasterium
1231 4243 1544 4299 essetincoe
1552 4249 1720 4315 ptum

88 4322 386 4397 Siquidem,
412 4329 567 4385 sicut
591 4329 869 4402 superius
899 4329 1206 4386 retulimus
1235 4331 1408 4403 (767),
1439 4333 1501 4387 B.
1536 4332 1719 4390 Gebe-

84 4410 300 4483 hardus,
330 4420 655 4490 antequa'n
707 4418 873 4473 ﬁeret
912 4417 1241 4492 episcopus,
1291 4422 1720 4478 Constantiensi

1840 513 2149 588 episcOpus
2182 517 2368 573 factus
2397 522 2503 586 est,
2539 517 2961 574 monasterium
2985 518 3268 587 fundavit,
3290 520 3485 592 ctjam

1840 602 1996 658 dicta
2026 606 2241 675 praedia
2265 624 2331 662 ca
2358 608 2484 679 ipsa
2514 624 2631 679 qua
2680 607 2938 662 diximus
2982 607 3314 663 conditione
3346 608 3486 665 illuc

1840 694 2148 760 concessit,
2174 699 2229 750 et
2251 713 2416 751 versa
2436 697 2557 751 vice
2578 696 2797 751 eisdem
2831 696 3114 752 fratribus
3157 696 3483 765 constituit,

1841 785 1906 835 ut
1954 786 2041 837 ter
2087 781 2145 837 in
2194 800 2346 838 anno
2397 784 2644 839 solemni
2692 784 3062 856 processione
3093 786 3486 840 communiter

1840 868 2099 940 idipsum
2132 874 2553 928 monasterium
2593 873 2825 939 adeant,
2877 876 2933 927 et
2979 872 3230 945 singulis
3259 874 3486 930 vicibus

1839 974 1942 1029 pro
1964 960 2092 1029 ejus
2115 961 2312 1017 anima
2324 961 2568 1017 missam
2586 965 2841 1028 cantent,
2857 965 2993 1016 etsu
3003 978 3104 1033 per
3115 961 3236 1017 haec
3251 961 3307 1017 in
3328 962 3484 1018 festi-

1836 1046 2011 1103 vitate
2040 1052 2095 1103 S.
2127 1050 2387 1121 Gregorii
2419 1048 2712 1121 publicam
2748 1050 2992 1105 missam
3043 1051 3113 1105 de
3163 1067 3228 1106 eo
3284 1052 3486 1108 festive

1839 1152 1972 1191 cum
2000 1137 2275 1193 fratribus
2294 1139 2622 1205 decantcnt,
2637 1143 2693 1193 et
2716 1138 2985 1193 monachi
3000 1139 3244 1194 chorum
3258 1144 3481 1212 regant,

1838 1228 1895 1279 et
1920 1225 1989 1279 ad
2014 1225 2194 1282 altare
2210 1227 2572 1293 ministrent,
2610 1230 2667 1282 et
2683 1226 2913 1282 clericis
2935 1243 3002 1282 ea
3022 1227 3137 1297 die,
3169 1226 3323 1282 sicut
3343 1227 3488 1283 dixi-

1839 1320 1993 1379 mus,
2022 1314 2091 1368 de
2122 1315 2476 1387 supradictis
2508 1315 2742 1387 praediis
2758 1315 2873 1370 duo
2896 1315 3117 1371 talenta
3144 1319 3201 1370 et
3230 1320 3483 1388 quatuor

1839 1400 2010 1457 solidi
2042 1403 2112 1458 ad
2146 1404 2446 1459 servitium
2478 1404 2709 1459 dentur.

2522 1494 2551 1566 ἒ
2584 1492 2796 1549 xxxv.

1908 1578 2116 1636 Modus
2145 1584 2342 1637 autem
2366 1581 2672 1638 ministerii
2702 1582 2965 1652 ejusdem
2990 1581 3099 1637 iste
3132 1586 3222 1638 est
3256 1599 3269 1637 ε
3294 1581 3484 1656 primo

1835 1670 1954 1722 tres
1977 1669 2153 1723 modii
2178 1670 2457 1726 frumenti
2490 1671 2562 1725 ad
2596 1688 2776 1742 panes
2803 1670 3135 1738 faciendos;
3175 1670 3385 1727 deinde
3414 1672 3486 1727 de

1837 1756 2177 1812 occidentali
2202 1774 2405 1813 mensa
2425 1758 2484 1813 in
2506 1758 2805 1814 retectorio
2826 1759 2897 1813 de
2920 1758 3204 1831 piscibus,
3227 1762 3285 1813 et
3309 1759 3484 1815 dimi-

1838 1844 1974 1900 dius
2006 1844 2237 1900 modius
2268 1846 2412 1901 milii
2454 1846 2568 1919 pilo
2606 1848 2788 1913 tunsi,
2821 1852 2877 1902 et
2907 1852 3025 1902 tres
3060 1865 3219 1902 urnas
3250 1848 3321 1902 de
3350 1848 3483 1904 vino

1838 1938 1895 1989 et
1915 1934 2179 2006 quinque
2210 1934 2379 1990 solidi
2402 1952 2801 1990 nummorum.
2836 1936 2953 1990 Hoc
2976 1939 3064 1991 est
3087 1936 3484 1993 ministerium

1839 2039 1953 2094 quo
1986 2023 2304 2079 debebatur
2332 2023 2586 2096 singulis
2628 2024 2789 2079 ansis
2841 2024 2912 2078 de
2961 2024 3336 2096 supradictis.
3371 2025 3483 2080 Sed

1839 2112 2138 2168 Conradus
2168 2112 2348 2167 abbas
2382 2112 2603 2185 redegit
2632 2112 2787 2167 istud
2821 2112 2893 2167 ad
2933 2111 3064 2179 hoc,
3113 2116 3176 2167 ut
3206 2113 3486 2169 darentur

1838 2199 1923 2256 eis
1954 2200 2068 2256 duo
2098 2200 2316 2257 talenta
2341 2205 2397 2256 et
2424 2200 2683 2273 quinque
2714 2199 2908 2255 solidi.
3496 2198 3505 2205 ’

2262 2293 2289 2357 §
2321 2289 2562 2345 XXXVI.
2599 2294 2682 2344 De
2710 2288 3055 2344 Eichstcttin.

1909 2378 2045 2433 Erat
2063 2378 2303 2449 quidam
2325 2394 2542 2443 comes,
2568 2378 2803 2433 nomine
2820 2376 3176 2433 Adilhardus
3202 2378 3375 2451 (768),
3398 2380 3487 2435 vir

1836 2466 1971 2539 pius
1992 2472 2048 2522 et
2070 2467 2375 2539 religiosus
2396 2483 2460 2522 ac
2484 2466 2696 2522 timens
2725 2466 2930 2532 Deum,
2963 2466 3117 2520 beati
3155 2466 3265 2521 viri
3295 2466 3486 2523 Gebe-

1835 2555 2003 2611 hardi
2034 2556 2204 2627 juxta
2245 2556 2441 2612 carnis
2490 2554 3063 2626 consanguinitatem
3093 2555 3481 2628 propinquus,

1838 2660 2210 2716 nequaquam
2230 2649 2427 2700 tamen
2449 2645 2794 2717 Suevigena,
2820 2644 2921 2699 sed
2954 2642 3228 2699 habitans
3248 2644 3307 2699 in
3330 2647 3487 2701 terra

1834 2732 2175 2805 longinqua,
2196 2734 2289 2789 cui
2304 2736 2439 2804 jure
2460 2734 2518 2788 in
2542 2733 2941 2788 hazreditatem
2957 2737 3253 2788 cesserant
3270 2750 3485 2806 magna

1838 2826 1896 2877 et
1917 2821 2105 2877 multa
2129 2823 2347 2894 praedia
2368 2823 2424 2877 in
2449 2821 2858 2894 pagollrigove
2876 2823 2968 2890 (76
3004 2820 3170 2890 ),hoc
3193 2833 3299 2889 est,
3325 2823 3480 2894 apud

1837 2911 2121 2966 Eichstatt
2167 2915 2223 2965 et
2270 2910 2661 2977 Breitinbacb,
2715 2910 2919 2966 Riedin
2971 2914 3028 2966 et
3075 2910 3261 2966 Husin
3309 2915 3483 2983 atque

1836 2999 2168 3057 Steinbach.
2189 3002 2239 3055 Is
2265 3016 2399 3072 ergo
2414 3001 2904 3072 quandocunque,
2925 3000 2995 3054 de
3018 3003 3172 3055 terra
3190 3017 3298 3055 sua
3320 3000 3485 3056 adve-

1839 3090 2027 3159 niens,
2059 3090 2185 3159 jam
2225 3089 2380 3144 dicta
2416 3105 2524 3144 sua
2559 3088 2777 3160 praedia
2809 3088 3072 3156 adiisset,
3101 3089 3256 3161 quod
3287 3093 3482 3146 tamen

1756 3153 1801 3223 (ἶ
1839 3153 2137 3235 rarissime
2169 3177 2436 3244 faciebat,
2473 3153 2830 3233 festinabant
2877 3153 3080 3232 omnes
3116 3153 3482 3235 habitatores

1836 3272 1901 3323 ut
1920 3283 2054 3322 eum
2068 3283 2203 3322 cum
2222 3265 2593 3322 munusculis
2615 3266 2741 3322 suis
2762 3266 3087 3332 visitarent,
3105 3265 3257 3321 sicut
3277 3283 3480 3323 omnes

1836 3354 1984 3411 servi
2006 3354 2263 3410 dominis
2305 3354 2430 3410 suis
2471 3354 2663 3409 facere
2701 3352 2911 3409 solent.
2934 3351 3145 3420 Atille,
3170 3370 3306 3409 cum
3326 3359 3483 3410 esset

1834 3444 2122 3516 benignus
2140 3447 2196 3498 et
2211 3441 2967 3513 misericors,interrogabat
2980 3442 3119 3513 quid
3137 3441 3249 3497 sibi
3269 3443 3484 3500 vellent

1831 3531 1946 3589 ista
1967 3532 2242 3588 facientes
2263 3532 2290 3587 ?
2311 3534 2575 3602 Cumque
2607 3530 3028 3602 responderent
3059 3530 3167 3585 hos
3190 3546 3321 3587 esse
3342 3549 3481 3588 suos

1833 3621 2123 3689 homines,
2148 3625 2205 3677 et
2234 3637 2369 3676 cum
2402 3619 2600 3675 debita
2630 3618 3030 3674 benedictione
3076 3616 3381 3675 advenisse
3417 3625 3483 3675 ut

1832 3726 1969 3766 eum
1985 3706 2307 3777 visitarent,
2329 3707 2426 3763 ille
2437 3707 2567 3778 subj
2579 3706 2741 3762 unxit
2762 3725 2778 3760 :
2808 3727 2835 3760 α
2855 3707 3069 3774 Facite,
3094 3706 3305 3778 inquit,
3324 3708 3416 3765 8|
3430 3710 3479 3765 9

1834 3814 2138 3869 unumque
2181 3813 2384 3853 eorum
2433 3813 2542 3852 sua
2592 3794 2948 3851 munuscula
2990 3794 3229 3850 interim
3321 3797 3478 3868 apud

1833 3904 1896 3945 se
1917 3893 2278 3952 conservam,
2301 3900 2490 3957 usque
2519 3885 2661 3940 dum
2691 3889 2822 3956 post
2850 3882 3165 3957 prandium
3196 3883 3322 3956 ipse
3357 3884 3479 3941 hinc

1834 3993 1935 4050 per
1958 3980 2173 4031 memet
2204 3974 2430 4031 valeam
2461 3972 2814 4045 conspicere.
2840 3994 2867 4023 »
2907 3972 3148 4040 Deinde,
3202 3972 3479 4030 omnibus

1832 4064 2000 4138 plene
2020 4068 2076 4120 et
2113 4061 2624 4120 abundantissime
2656 4060 2908 4131 satiatis,
2936 4059 3189 4116 addebat
3208 4059 3326 4117 illis
3347 4078 3478 4117 mu-

1832 4152 2080 4210 nuscula
2095 4153 2166 4208 de
2186 4152 2331 4221 suis,
2354 4150 2502 4207 nihil
2541 4151 2834 4224 accipiens
2861 4151 2935 4206 ab
2966 4150 3131 4224 ipsis,
3167 4154 3224 4208 et
3252 4151 3478 4208 dimisit

1830 4259 1929 4300 eos
1951 4242 2130 4308 abire,
2154 4241 2236 4298 ita
2262 4245 2328 4297 ut
2365 4241 2686 4314 gauderent
2726 4256 2788 4296 se
2816 4237 2956 4295 illuc
2986 4240 3343 4311 pervenisse.
3375 4240 3479 4297 Hic

1829 4348 1964 4404 ergo
1987 4330 2144 4386 dedit
2164 4330 2519 4404 Brigantinis
2552 4329 2818 4402 cognatis
2846 4329 2971 4386 suis
3008 4327 3294 4401 praedium
3320 4330 3476 4402 apud

1828 4419 2162 4486 Steinbach,
2186 4420 2339 4491 quod
2365 4424 2567 4492 postea
2588 4435 2690 4492 per
2707 4418 3005 4492 sponsalia
3025 4417 3255 4475 devenit
3286 4418 3343 4474 in
3374 4435 3478 4491 po-

84 4500 309 4559 ecclesize
321 4522 499 4562 suum
512 4506 826 4579 proprium
843 4507 1022 4574 dedit,
1037 4509 1194 4579 quod
1208 4509 1363 4581 apud
1379 4509 1712 4581 Obirndorf,
1748 4516 1792 4580 Ι)
1822 4513 2093 4567 testatem
2121 4508 2746 4581 Chilichbergensium.

80 4586 404 4666 Pilolﬁngin,
427 4593 845 4667 Hagilimbach
879 4599 934 4650 et
957 4595 1405 4653 Luitheresdorf
1421 4599 1634 4671 qtbuit,
1657 4604 1715 4655 et

78 4674 187 4746 ipse
204 4678 317 4737 hanc
344 4682 404 4737 in
426 4682 792 4738 beneﬁcium
825 4685 1059 4756 recepit,
1094 4700 1163 4741 ea
1200 4686 1354 4741 818
1378 4686 1714 4743 conditione

78 4768 133 4821 ut
144 4770 250 4825 tam
267 4769 392 4843 ipse
405 4788 594 4844 quam
635 4771 972 4844 quicunque
1004 4772 1115 4829 hoc
1127 4778 1262 4846 post
1282 4790 1345 4830 se
1361 4774 1711 4831 beneficium

77 4850 312 4928 haberet,
349 4861 474 4930 jam
498 4860 674 4916 dictae
708 4860 962 4916 ecclesiae
987 4861 1269 4919 fratribus
1298 4863 1359 4918 in
1390 4863 1709 4921 festivitate

254 5090 269 5159 )
299 5090 748 5157 ForteAndwiI,
771 5090 1122 5149 in'districtu
1162 5093 1220 5148 S.
1254 5092 1424 5150 Galli.

304 5161 551 5237 I_10c_bst,
582 5160 839 5237 ibidem,_
860 5163 941 5237 uti
965 5167 1031 5237 _et
1058 5164 1349 5237 Bruggen.

306 5232 460 5288 Roth
492 5248 681 5314 prope
709 5232 994 5329 Sauldorf.

303 5302 597 5360 Mulhelm
619 5319 752 5358 cum
764 5303 930 5360 ﬁliali
950 5306 988 5362 S

80 5298 274 5426 lingat!)
303 5298 597 5360 Mulheim
609 5298 752 5358 cum
764 5303 930 5360 ﬁliali
950 5306 1193 5375 Stetten,
1207 5306 1265 5362 in
1281 5306 1456 5379 capit.
1471 5308 1709 5365 Wurm-

191 5440 279 5515 62)
308 5443 479 5500 Forte
518 5442 1110 5515 Walpertschweiler,
1141 5447 1202 5503 in
1232 5448 1579 5507 Mosskirch.

140 5442 258 5503 (762
308 5443 479 5500 Forte
518 5442 1110 5515 Walpertschweiler,
1141 5447 1202 5503 in
1232 5450 1236 5504 ζ

158 5512 254 5567 763
307 5515 477 5571 Forte
516 5515 769 5580 Schlatt,
804 5516 861 5571 in
899 5518 979 5574 En
1024 5519 1172 5576 ensi.
1228 5544 1236 5554 λ

139 5442 279 5654 ξῖδιξ
304 5585 847 5654 Renartschweiler
880 5588 940 5645 in
969 5534 1236 5654 gulgavie

157 5582 274 5654 76t)
304 5585 847 5656 Renartschweiler
880 5588 940 5645 in
969 5582 1357 5665 Sulgaviensi.
1391 5591 1523 5648 Vid.
1556 5593 1586 5665 §
1618 5594 1703 5649 14.

136 5014 273 5226 ἓξὲξ)
303 5019 628 5086 Sauldortf,
668 5019 728 5074 in
759 5019 932 5092 capit.
967 5020 1316 5077 Mosskirch.

254 5090 269 5159 )
299 5090 748 5157 ForteAndwiI,
771 5091 830 5145 in
853 5092 1122 5149 districtu
1162 5093 1220 5148 S.
1254 5095 1316 5148 Gz

155 5158 273 5225 759)
304 5161 551 5226 Ilocbst,
582 5160 827 5226 ibidem,
860 5163 941 5217 uti
974 5167 1031 5219 et
1058 5164 1316 5226 Brugger

1820 4615 2141 4686 §XXXVII.
2174 4615 2510 4673 Adii/tardus
2557 4614 2695 4672 dono
2748 4614 2894 4671 dedit
2934 4613 3256 4686 (Gebehardo
3297 4615 3479 4671 Eiste-

2262 4689 2363 4753 tin,
2407 4688 2780 4757 Breitinbacg,
2814 4685 3028 4743 Riedin.

1893 4778 2023 4849 Ipse
2050 4775 2409 4851 Adilhardus
2467 4775 2600 4847 pius
2659 4791 2853 4831 comes
2910 4774 3071 4830 dedit
3130 4773 3329 4846 nepoti
3369 4790 3476 4830 suo

1820 4866 1881 4921 B.
1917 4865 2258 4922 Gebebardo
2288 4865 2563 4937 episcopo
2594 4862 2882 4935 quidquid
2931 4861 3140 4917 habuit
3168 4862 3474 4933 proprium

1911 5026 2040 5089 765)
2071 5023 2459 5089 Aichstetten,
2491 5023 2550 5077 in
2583 5022 2855 5078 stensi.
2888 5020 3020 5076 Vid.
3054 5023 3082 5089 §
3111 5020 3201 5074 36.

1911 5026 2020 5080 765
2071 5026 2459 5089 Aichstetten,
2491 5026 2550 5077 in
2583 5026 2855 5078 stensi.
2888 5026 3020 5076 Vid.
3054 5026 3082 5089 §
3111 5026 3201 5074 36.

1889 5026 2040 5167 (766)
2071 5096 2373 5167 Tusnaug,
2408 5094 2466 5147 in
2497 5092 2938 5157 Stekbornensi,
2974 5092 3058 5147 uti
3086 5095 3145 5146 et
3172 5089 3463 5161 Wengen.

1713 5185 1718 5193 ~
1817 5166 1949 5223 Vid.
1982 5167 2085 5231 lib,
2118 5182 2159 5220 ιι
2191 5166 2221 5236 §
2249 5166 2304 5219 3.

1891 5238 2039 5309 (767)
2069 5241 2254 5306 Supra
2283 5236 2383 5302 §9.
3132 5299 3143 5311 .

1890 5311 2041 5386 (768)
2061 5308 2344 5386 Hargove,
2368 5319 2553 5386 pagus
2568 5304 2825 5386 ducatus
2842 5300 3296 5386 A‘lemanmzeab
3318 5297 3473 5355 Hila-

1817 5370 2078 5436 ra‘ﬂuv'io
2097 5370 2309 5445 dictus,
2329 5370 2389 5432 in
2414 5370 2682 5431 districta
2708 5372 2940 5431 Ruralis
2976 5370 3221 5445 capituli
3242 5370 3471 5445 Yspen-

1816 5453 1921 5520 sis,
1955 5451 2014 5505 in
2047 5467 2162 5521 quo
2191 5441 2315 5506 sitas
2339 5445 2650 5521 suntivilla:
2673 5446 2775 5521 hic
2790 5441 3123 5521 memoratae
3155 5441 3465 5510 Aichstett,

1817 5513 2223 5587 Braitenbach,
2258 5521 2421 5590 Ried,
2456 5520 2710 5588 Hausen,
2742 5513 3080 5575 Steinbach.
