3982 6216
379 341 386 349 ’
474 340 594 402 319

1172 338 1562 402 ΑΡΡΕΝΒΙΧ
1608 338 1708 399 ΑΙ)
1753 335 2116 398 ΟΗΡιΟΝΙΟ(

2253 335 2666 400 HERMANNI
2711 336 3171 400 CONTRACTI.

3764 331 3902 394 3.20

476 476 633 551 apud
659 473 970 532 Eichstetin
1009 477 1066 531 et
1098 472 1465 530 Breitinbach
1499 476 1555 528 et
1606 470 1810 528 Riedin
1843 475 1899 527 et
1929 470 2113 526 Husin
2143 479 2198 544 Α
2227 488 2330 544 per
2349 470 2748 528 auctoritatem
2773 476 2828 528 et
2849 469 3219 546 privilegium
3239 465 3469 528 Ottonis
3490 465 3894 542 imperaturis

477 566 549 622 ad
574 566 1213 639 quadragintamansus
1235 571 1286 618 et
1309 580 1373 618 eo
1393 560 1741 634 amplius,in
1767 560 1923 632 agris
1945 558 2118 616 cultis

477 660 534 710 et
554 655 758 728 pratis,
783 653 1032 724 exceptis
1045 651 1499 707 duntaxatsilvis
1516 650 1678 705 valde
1697 650 1970 722 spatiosis
1984 666 2116 704 cum

476 742 742 814 populari
775 741 1034 806 ecclesia,
1062 747 1117 795 et
1148 740 1389 795 decimis
1422 740 1643 803 multis,
1692 743 1748 793 et
1781 738 2031 809 pascuis,
2065 742 2121 792 et

475 831 921 903 piscationibus,
956 836 1011 884 et
1042 829 1413 898 molendinis,
1447 835 1502 883 et
1535 828 1748 882 multos
1781 826 2119 882 tributarios

473 937 606 974 cum
642 919 931 976 universis
954 919 1309 974 utensilibus
1350 936 1476 989 quae
1519 917 1714 972 haberi
1741 917 1826 971 vel
1851 914 1959 968 dici
1987 931 2118 986 pos-

471 1013 630 1074 sunt,
648 1009 774 1079 jam
790 1007 979 1062 dictus
1001 1025 1195 1062 comes
1218 1006 1575 1061 Adilhardus
1595 1005 1932 1062 Gebehardo
1955 1020 2120 1057 vene-

471 1096 640 1152 rabili
669 1097 941 1168 episc0p0
976 1097 1165 1168 nepoti
1203 1113 1308 1150 suo
1331 1096 1388 1148 in
1417 1095 1827 1166 proprietatem
1862 1092 2120 1163 legitime

471 1184 843 1250 contradidit,
877 1191 934 1238 et
958 1185 1079 1255 ipse
1102 1185 1308 1238 beatus
1330 1183 1415 1238 vir
1442 1182 1792 1237 monasterio
1816 1197 1942 1244 suo,
1964 1179 2117 1248 quod

471 1273 529 1328 in
553 1273 772 1328 honore
795 1274 847 1326 S.
873 1273 1131 1343 Gregorii
1159 1289 1317 1343 papae
1341 1275 1767 1335 construxerat,
1803 1268 2118 1340 promptis-

471 1362 623 1417 sima
655 1360 958 1415 devotione
990 1362 1210 1430 absque
1241 1359 1360 1414 ulla
1392 1357 1847 1413 contradictione
1871 1355 1941 1409 ad
1969 1352 2120 1408 utili-

467 1454 647 1506 tatem
679 1450 924 1505 fratrum
955 1449 1035 1505 ibi
1067 1450 1179 1503 Deo
1211 1448 1583 1502 servientium
1608 1446 1878 1515 deinceps
1901 1458 2122 1514 perma-

471 1539 727 1594 nendum
760 1554 955 1593 coram
987 1537 1209 1592 idoneis
1240 1535 1488 1590 testibus
1523 1534 1881 1606 perdonavit.

793 1627 822 1699 §
855 1625 1154 1680 XXXVIII.
1190 1629 1268 1679 Dc
1299 1623 1612 1678 Burchardo
1642 1622 1795 1675 duce.

541 1717 650 1771 Per
670 1715 824 1770 idem
849 1722 1080 1786 tempus
1103 1712 1475 1768 Burchardus
1500 1713 1642 1781 (770)
1683 1708 1978 1780 religionis
2001 1707 2121 1762 dnx

467 1803 810 1861 etAdiwich
835 1805 963 1872 eius
994 1803 1226 1873 conjux,
1263 1817 1393 1856 cum
1441 1817 1553 1854 non
1595 1799 1875 1853 haberent
1918 1813 2118 1850 carna-

466 1893 605 1965 lem,
637 1893 930 1948 Christum
964 1892 1073 1946 sibi
1107 1890 1410 1962 elegerunt
1440 1889 1748 1951 haeredem,
1783 1903 1848 1940 ac
1875 1884 2117 1956 proinde

467 1983 526 2038 in
551 1981 788 2039 castello
802 1980 1098 2053 suo,quod
1115 1983 1202 2034 est
1219 1979 1275 2032 in
1294 1982 1487 2032 monte
1506 1975 1707 2031 Duello
1727 1974 1895 2044 (771),
1916 1988 2114 2026 mona-

467 2069 1187 2135 sterium‘constituerunt,
1211 2069 1364 2123 320
1396 2067 1492 2121 ubi
1527 2066 1597 2120 ad
1631 2061 2114 2118 sustentationem

468 2160 892 2217 monachorum
911 2157 1125 2229 praedia
1142 2162 1197 2211 et
1214 2156 1327 2211 alia
1349 2153 1622 2210 utensilia
1649 2149 2114 2207 sufﬁcientisime

466 2249 852 2312 tradiderunt,
872 2246 1096 2318 reliqua
1117 2261 1250 2300 vero
1271 2261 1372 2316 per
1395 2243 1510 2298 alia
1532 2240 1886 2297 monasteria
1912 2238 2116 2293 divise-

469 2343 626 2394 runt.
651 2336 795 2392 Huic
811 2333 1163 2389 monasterio
1181 2333 1405 2403 primus
1422 2331 1647 2401 praefuit
1665 2330 1845 2384 abbas
1869 2333 2108 2382 sanctus

468 2432 526 2484 et
553 2422 900 2480 venerabilis
933 2423 1036 2487 vir,
1071 2421 1306 2475 nomine
1334 2419 1681 2473 Walfridus.
1721 2417 1876 2471 Idem
1911 2433 2113 2470 mona-

471 2513 716 2570 sterium
731 2515 931 2582 postea
945 2511 1016 2564 ab
1029 2509 1273 2564 Henrico
1287 2509 1301 2561 i
1315 2513 1639 2579 mperatore
1657 2523 1689 2560 a
1702 2509 1899 2560 monte
1912 2503 2114 2560 Duello

470 2600 844 2668 translatum,
894 2603 950 2654 et
980 2597 1039 2653 in
1091 2598 1217 2668 ripa
1261 2596 1467 2661 Rheni,
1515 2595 1639 2650 loco
1689 2594 1887 2649 Steine
1937 2593 2113 2658 dicto,

472 2689 858 2746 constitutum
889 2691 994 2742 est.
1021 2687 1087 2741 Et
1118 2685 1393 2758 quoniam
1427 2686 1580 2739 idem
1612 2700 1709 2738 rex
1756 2683 1954 2738 omnia
1986 2699 2112 2753 qua:

473 2780 713 2838 fuerunt
742 2775 1059 2832 Burchardi
1091 2774 1397 2840 ducis,sibi
1430 2775 1488 2828 in
1511 2773 1905 2828 hzereditatem
1927 2771 2113 2825 vindi-

473 2872 720 2932 caverat,
753 2865 938 2920 multa
968 2865 1037 2920 de
1067 2865 1270 2920 eodem
1313 2863 1663 2919 monasterio
1716 2861 2024 2927 subtraxit,
2059 2864 2115 2916 et

472 2960 724 3024 tantum,
760 2971 886 3026 qua
918 2953 1119 3026 paucis
1165 2953 1441 3008 fratribus
1491 2954 1846 3020 sufficerent,
1877 2949 2115 3021 reliquit

475 3045 624 3116 (772)
650 3061 664 3112 ;
696 3060 759 3098 ac
780 3043 1020 3097 demum
1041 3045 1160 3096 tam
1188 3040 1376 3112 ipsam
1396 3041 1690 3096 abbatiam
1714 3056 1891 3111 quam
1916 3037 2114 3093 omnia

474 3150 602 3205 qua:
634 3133 706 3188 ad
739 3147 867 3186 eam
901 3119 1289 3203 pertiriebant,
1322 3135 1378 3184 et
1410 3147 1539 3200 quae
1568 3129 1692 3200 ipse
1721 3128 2108 3192 subtraxerat,

2228 578 2413 632 usque
2444 562 2502 617 in
2535 579 2788 634 praesens
2818 561 3090 630 obtinuit,
3123 565 3394 634 quartam
3417 563 3620 615 tamen
3644 561 3893 631 partem

2227 651 2489 722 ejusdem
2520 649 2664 706 villa:
2697 651 2996 706 Steinense
3029 648 3454 705 monasterium
3488 647 3742 704 obtinet.

2967 739 2997 811 §
3027 739 3136 794 XL.

2299 854 2325 878 ‹‹
2363 829 2423 884 In
2444 828 2676 884 nomine
2699 832 2910 883 sanctae
2933 834 2990 882 et
3015 827 3325 882 individua:
3373 825 3688 882 Trinitatis
3713 825 3899 896 (774),

2229 918 2377 973 Οττο
2409 917 2604 972 divina
2634 918 2856 972 favente
2887 916 3196 972 clementia
3227 933 3345 972 rex.

2305 1032 2324 1056 ο
2349 1007 2525 1079 Sipiis
2541 1005 2915 1078 petitionibus
2929 1006 3476 1077 sacerdotum,quas
3494 1003 3897 1076 proEcclesiis

2229 1096 2339 1151 sibi
2354 1095 2686 1151 commissis
2699 1094 2940 1149 auribus
2955 1096 3170 1149 nostris
3188 1094 3532 1160 infuderint,
3553 1093 3897 1166 benignum

2229 1185 2648 1257 praebuerimus
2673 1184 2960 1250 auditum,
2986 1183 3095 1238 hoc
3114 1182 3314 1255 procul
3338 1183 3515 1238 dubio
3531 1183 3606 1239 ad
3629 1199 3893 1254 praesen-

2229 1272 2303 1328 tis
2321 1274 2484 1345 regni
2509 1271 2691 1327 nostri
2715 1275 2868 1326 statu
2881 1288 2959 1337 m,
2976 1276 3032 1326 et
3051 1272 3122 1326 ad
3137 1277 3352 1326 aeterna
3369 1269 3714 1326 beatudinis
3733 1271 3886 1327 ³21

2230 1362 2528 1434 prazmiam
2553 1361 2721 1416 nobis
2743 1361 3112 1431 profuturum
3137 1359 3258 1414 fore
3277 1359 3593 1415 credimus.
3620 1361 3892 1431 Quapro-

2230 1457 2357 1522 pter
2381 1450 2646 1506 omnium
2677 1448 2940 1503 fidelium
2974 1453 3328 1518 nostrorum,
3354 1452 3474 1503 tam
3497 1449 3894 1519 praesentium

2231 1555 2407 1609 quam
2441 1541 2497 1590 et
2531 1537 2881 1601 futurorum,
2915 1535 3137 1590 noverit
3177 1534 3360 1592 solers
3414 1534 3714 1590 industria
3745 1551 3893 1607 quo-

2229 1626 2401 1680 modo
2435 1625 2708 1680 dominus
2741 1623 3142 1690 Gebehardus,
3176 1628 3390 1680 sanctas
3411 1623 3891 1684 Constantiensis

2229 1713 2493 1770 Ecclesiae:
2525 1712 2872 1768 venerabilis
2900 1712 3232 1785 episcopus,
3275 1717 3538 1769 nostram
3566 1713 3796 1785 regiam
3829 1731 3890 1770 a-

2231 1803 2394 1858 diens
2433 1801 2862 1867 celsitudinem,
2897 1802 3106 1858 obnixe
3145 1802 3390 1875 rogabat
3432 1818 3548 1874 quo
3595 1801 3887 1874 praedium

2226 1892 2519 1964 quoddam
2539 1891 3187 1962 Epﬁndorfvocitatum,
3205 1907 3340 1945 cum
3366 1890 3491 1946 suis
3513 1891 3883 1963 appendicis,

2225 1981 2284 2035 in
2307 1979 2448 2035 locis
2471 1979 2600 2035 etin
2620 1979 2770 2034 villis
2789 1979 3039 2052 Bosinga
3059 1979 3230 2052 (775),
3270 1979 3530 2051 Mesinga
3547 1979 3728 2052 (776),
3758 1987 3880 2035 An-

2225 2069 2558 2126 cencimbra
2578 2070 2747 2140 (777),
2765 2067 3059 2124 Harthusa
3079 2069 3248 2140 (778),
3266 2066 3884 2140 Ursilinga(770),sitis

2224 2159 2281 2213 in
2317 2175 2463 2230 pago
2497 2163 2662 2223 Para,
2693 2162 2749 2213 et
2782 2158 2840 2211 in
2891 2157 3169 2212 comitatu
3221 2155 3561 2211 Hiltbibaldi
3592 2157 3751 2228 (780)
3786 2174 3882 2213 co-

2227 2248 2385 2302 mitis
2417 2247 2620 2312 situm,
2641 2247 2712 2301 ad
2738 2245 3160 2300 monasterium
3184 2245 3242 2300 S.
3267 2243 3548 2317 Gregorii,
3578 2245 3737 2316 quod
3753 2246 3882 2316 jam

2224 2337 2437 2404 dictus,
2488 2337 2603 2391 Deo
2671 2340 2728 2390 et
2776 2334 3114 2390 hominibus
3164 2333 3429 2401 dilectus,
3496 2333 3882 2392 Gebehardus

2223 2425 2598 2496 episcopusa
2653 2423 3038 2478 fundamento
3097 2421 3157 2476 in
3213 2438 3389 2477 usum
3447 2422 3878 2478 monachorum

2223 2513 2369 2568 inibi
2399 2514 2514 2569 Deo
2573 2513 2681 2568 sub
2742 2510 2944 2584 regula
3000 2511 3058 2566 S.
3121 2509 3416 2567 Benedicti
3471 2511 3876 2578 servientium,

2223 2603 2296 2658 ob
2324 2602 2648 2658 remedium
2674 2602 2881 2656 animae
2905 2618 3022 2656 suae
3046 2604 3468 2672 parentumque
3490 2616 3761 2670 suorum,
3787 2601 3882 2657 de-

2222 2697 2348 2747 vota
2371 2706 2564 2746 mente
2582 2689 2922 2757 construxit,
2944 2694 3144 2744 nostro
3164 2689 3320 2762 regio
3339 2687 3626 2744 vellemus
3646 2691 3878 2745 tradere

2223 2786 2279 2836 et
2301 2781 2645 2835 confirmare
2669 2781 2972 2851 praecepto.
3000 2777 3169 2846 Nam,
3211 2782 3278 2832 ut
3306 2776 3492 2833 relatu
3534 2783 3874 2834 nostrorum

2222 2869 2536 2925 didicimus
2555 2867 2837 2935 fidelium,
2865 2885 2965 2940 per
2985 2866 3359 2922 traditionem
3390 2867 3556 2921 bonae
3579 2869 3874 2924 memoria

2222 2958 2470 3015 dominae
2511 2957 2844 3030 Hadewigze
2894 2957 3061 3012 ducis
3111 2955 3261 3028 (781)
3313 2956 3873 3027 supranominatum

2223 3047 2507 3120 przedium
2524 3045 2971 3118 Epﬁndorfcum
2989 3043 3261 3100 omnibus
3279 3045 3349 3100 ad
3369 3061 3430 3100 se
3447 3043 3880 3116 respicentibus

2222 3135 2479 3207 legitime
2502 3135 2571 3189 ad
2597 3135 2724 3204 jam
2755 3133 2979 3188 dictum
3015 3131 3277 3204 Gregorii
3308 3132 3562 3202 pertinet
3584 3140 3877 3190 monaste-

473 3220 937 3292 Babinbergengi
993 3219 1283 3290 episc0po,
1318 3219 1470 3290 quod
1503 3205 1632 3288 ipse.
1658 3219 1784 3288 jam
1834 3220 1972 3270 tunc
2004 3215 2119 3288 pri-
2154 3209 2193 3274 C
2233 3205 2405 3279 rium.
2433 3223 2593 3278 Unde
2616 3240 2741 3289 nos,
2769 3226 2903 3277 vota
2924 3227 2980 3277 et
3001 3221 3308 3294 petitiones
3331 3226 3452 3276 tam
3467 3221 3606 3276 boni
3635 3227 3696 3277 et
3714 3223 3877 3278 nobis

473 3310 656 3366 mitus
687 3313 1108 3374 construxerat,
1137 3307 1403 3378 subjecit.

651 3398 680 3471 §
706 3397 994 3452 XXXVIX.
1037 3395 1306 3464 Quomodo
1324 3395 1613 3467 Epﬁmlorf
1632 3396 1935 3464 acquisivit.

543 3487 726 3560 Igitur
756 3484 1094 3557 supradicta
1122 3484 1421 3550 Hadewic,
1448 3482 1648 3538 relicta
1669 3481 1985 3537 Burchardi
2007 3483 2115 3537 du-

469 3576 572 3647 cis,
597 3579 730 3648 post
749 3574 975 3630 obitum
999 3573 1188 3645 ipsius
1209 3573 1368 3628 dedit
1390 3573 1449 3627 B.
1476 3572 1595 3626 viro
1627 3571 1967 3627 Gebehardo
1992 3571 2114 3643 epi-

469 3682 644 3738 scopo
678 3664 875 3737 nepoti
908 3680 1014 3720 suo
1047 3664 1197 3735 (773)
1229 3662 1517 3734 praedium
1546 3660 2112 3734 Epﬁndorfdictum,

468 3755 542 3813 ad
574 3753 932 3826 stipendium
964 3753 1210 3807 fratrum
1243 3752 1302 3806 in
1336 3750 1689 3806 monasterio
1721 3751 1923 3822 ipsius,
1958 3751 2112 3822 quod

468 3843 685 3900 dicitnr
713 3841 1106 3908 Peterishusa,
1140 3842 1254 3896 Deo
1287 3840 1668 3896 servientium
1695 3857 1707 3907 ;
1736 3841 1890 3914 quod
1916 3839 2114 3911 ipsum

540 3949 690 4022 (770)
719 3948 847 4003 Vid.
877 3952 1074 4004 Herm.
1111 3965 1205 4002 an.
1234 3949 1362 4022 973,
1397 3953 1452 4003 et
1479 3948 1536 4002 in
1569 3946 1787 4002 monito
1810 3946 2020 4018 praevio
2042 3946 2113 4002 ad

468 4038 597 4092 ejus
627 4021 843 4083 Vitam,
875 4037 1056 4092 supra
1086 4036 1140 4090 p.
1181 4021 1306 4092 240.

541 4092 690 4163 (701)
721 4092 885 4163 Nunc
906 4088 1270 4163 Hohentwiel
1296 4089 1697 4163 munitissima
1729 4088 1992 4160 Hegoviaa
2014 4105 2116 4163 arx

471 4161 687 4239 ducum
708 4161 1533 4239 \Vuutembergensium._§git
1547 4161 1741 4239 dehoc
1759 4161 2114 4239 monasterio

471 4232 805 4297 Bucelinus,
832 4231 1277 4287 Germanfr'acr.
1301 4236 1344 4296 t,
1374 4234 1441 4295 li,
1463 4237 1521 4285 et
1541 4231 1803 4298 Crusius,
1833 4231 2038 4286 Annal.
2073 4231 2113 4286 1.

473 4301 2115 4443 ἓέῑίὲῑιέῗςιῗάάῗξθὲὲνίὲἓειξῗίιῖιῗὲοιίὲθέὲἓξὲῗιηῗιῖἓηὲἒέ

473 4389 720 4442 ceunus,
750 4389 902 4442 quoa
935 4389 1321 4444 nacwmgem
1356 4389 1585 4426 uuaom
1630 4389 2113 4443 burgunmonum

476 4443 638 4522 regis
661 4443 844 4522 ﬁlﬁia‘m
866 4444 1039 4522 dicat,
1058 4459 1194 4498 cum
1214 4443 1394 4522 fuerit
1410 4441 1639 4522 genrici
1662 4443 1902 4522 Qavariee
1925 4445 2114 4522 ducis,

478 4512 676 4585 fratris
705 4514 930 4568 Ottonis
963 4514 986 4568 Ι
1017 4515 1160 4584 imp.
1209 4513 1367 4569 Obiit
1409 4512 1774 4567 Barehardus
1823 4515 1940 4570 dux
1987 4518 2115 4585 ejus

478 4584 728 4641 maritus
759 4601 832 4657 an
862 4585 1005 4651 973;
1044 4578 1198 4640 unde
1246 4585 1316 4638 de
1360 4589 1621 4657 tempore
1663 4585 1887 4657 fundati
1936 4578 2114 4657 hujus
2144 4578 2191 4644 D
2223 4591 2388 4648 Silvae
2419 4595 2462 4646 t.
2497 4589 2536 4644 l.

477 4655 819 4712 monasterii
846 4661 1084 4727 constat
1097 4673 1110 4727 ς
1122 4673 1254 4727 qum
1266 4660 1460 4709 tamen
1480 4654 1776 4727 antiquior
1786 4673 1913 4711 esse
1925 4654 2113 4727 debet,

477 4727 528 4786 si
546 4743 682 4800 vera
704 4727 910 4800 scribit
942 4725 1214 4800 Mabillon
1254 4727 1473 4800 (Annal,
1503 4731 1546 4780 t.
1576 4725 1677 4800 ΠΙ,
1711 4745 1768 4798 p,
1801 4730 1926 4800 277)
1952 4725 2117 4785 κναιέ

476 4799 696 4856 fridum
716 4815 816 4855 seu
835 4798 1224 4866 Walfredum,
1251 4797 1349 4868 qui
1374 4797 1467 4852 hic
1502 4797 1730 4868 primus
1770 4797 1949 4854 abbas
1979 4800 2116 4855 dici-

476 4877 592 4938 tur,
609 4872 736 4941 jam
763 4888 816 4928 θ..
846 4871 951 4924 880
968 4869 1203 4924 obiisse.
1227 4872 1387 4923 Certe
1407 4870 1463 4922 in
1496 4870 1904 4940 antiquissimo
1927 4872 2120 4927 Socie-

475 4948 666 5000 tatum
686 4941 1068 5014 Augiensium
1088 4941 1235 5014 libro
1259 4945 1613 5014 memoratur
1644 4963 1670 4990 ‹‹
1697 4941 1883 4997 Duelli
1909 4943 2119 4998 domus

478 5015 662 5071 abbas
693 5011 1042 5071 Walfredus.
1073 5033 1101 5061 »
1131 5013 1242 5067 Sex
1270 5011 1462 5066 adhuc
1483 5013 1612 5082 ejus
1638 5029 2006 5069 successores
2025 5022 2119 5070 ab-

478 5088 647 5143 bates
684 5085 919 5157 exhibet
947 5082 1138 5157 Gallia
1161 5083 1488 5157 Christiana
1517 5087 1558 5138 t.
1592 5083 1659 5154 V,
1706 5101 1761 5156 p.
1794 5084 1913 5157 9337
1933 5102 2121 5157 usque

479 5159 551 5213 ad
574 5155 1027 5226 Trudwingum,
1048 5155 1162 5226 sub
1205 5172 1317 5226 quo
1355 5172 1407 5221 a,
1438 5156 1574 5209 1005
1604 5155 2041 5211 monasterium
2061 5157 2122 5210 il-

477 5227 581 5282 lud
602 5226 859 5280 Steinam
879 5225 1238 5281 translatum
1259 5231 1366 5282 est.
1401 5225 1562 5282 Unde
1594 5227 1749 5283 quod
1779 5228 1984 5282 scribit
2014 5229 2120 5283 Ec-

480 5297 778 5370 kehardus
804 5312 930 5368 cap.
966 5299 1032 5370 10
1061 5299 1131 5353 de
1158 5301 1284 5353 Cas.
1319 5300 1375 5354 S.
1406 5297 1552 5353 Galli
1584 5297 1950 5370 Hadwingen
1975 5315 2123 5354 mor-

478 5373 580 5424 tuo
603 5368 811 5423 marito
840 5369 1172 5425 Burchardo
1194 5371 1360 5438 duce,
1386 5387 1437 5425 a.
1470 5370 1574 5424 973
1612 5368 2036 5424 monasterium
2061 5371 2121 5425 in

484 5444 685 5498 monte
698 5439 895 5496 Duello
913 5445 1164 5498 statuere
1177 5459 1260 5498 cm
1270 5442 1442 5513 pisse,
1463 5442 1533 5496 de
1555 5441 1766 5513 prioris
1781 5442 2122 5496 monasterii

480 5512 900 5585 restauratione
922 5512 1324 5585 accipiendum
1339 5512 1569 5568 videtur
1579 5531 1592 5578 ;
1617 5512 1675 5567 in
1691 5528 1866 5585 quem
1881 5529 2121 5585 sensum

481 5587 538 5657 et
556 5581 655 5657 alii
683 5588 947 5657 auctores
983 5581 1425 5657 interpretandi,
1461 5581 1749 5657 Caeterum
1793 5584 1955 5657 inter
1980 5583 2123 5657 istos

480 5653 718 5716 abbates
744 5653 1233 5715 Watzemannum
1265 5655 1475 5713 Duellii
1497 5654 1767 5710 abbatem
1792 5655 2123 5711 Eckehardo

2226 3313 2421 3368 dilecti
2441 3311 2545 3367 viri
2570 3314 2903 3383 sequentes,
2922 3311 3213 3365 donamus
3227 3314 3399 3382 atque
3418 3308 3712 3383 largimur
3731 3329 3876 3384 sepe

2216 3404 2344 3474 jam
2363 3401 2584 3456 dictum
2611 3399 2892 3473 praedium
2915 3399 3562 3471 Epfindorfcunctaque
3583 3417 3695 3456 sua
3711 3402 3877 3473 perti-

2225 3491 2442 3560 nentia,
2456 3488 2679 3546 scilicet
2696 3505 2828 3543 cum
2844 3488 3014 3556 areis,
3031 3487 3313 3558 adiﬁciis,
3334 3488 3651 3561 mancipiis
3667 3489 3876 3544 utrius-

2226 3596 2338 3651 que
2357 3595 2554 3646 sexus,
2571 3577 2743 3633 terris
2756 3576 2928 3632 cultis
2946 3581 3003 3632 et
3018 3576 3277 3642 incultis,
3297 3575 3476 3650 agris,
3503 3577 3718 3649 pratis,
3732 3595 3875 3633 cam-

2224 3667 2337 3739 pis,
2361 3665 2615 3739 pascuis,
2637 3665 2844 3732 vineis,
2866 3664 3096 3732 vinetis,
3122 3664 3304 3734 silvis,
3330 3664 3502 3737 aquis
3519 3682 3874 3738 aquarumve

2225 3756 2590 3820 decursibus,
2614 3753 3062 3826 piscationibus,
3084 3753 3458 3820 molendinis,
3479 3754 3591 3809 viis
3610 3760 3668 3810 et
3685 3755 3872 3822 inviis,

2225 3843 2474 3900 exitibus
2490 3848 2546 3898 et
2562 3841 3139 3914 reditibus,qumsitis
3154 3845 3210 3898 et
3223 3842 3875 3914 inquirendis,cunctis-

2225 3949 2436 4006 seniori
2460 3948 2888 4006 amicissimum
2909 3950 3046 4005 circ.
3072 3966 3124 4004 a.
3170 3949 3276 4004 975
3325 3947 3508 4004 fuisse
3558 3948 3765 4006 scribit
3781 3950 3875 4021 ju-

2228 4023 2375 4088 nior,
2409 4021 2446 4076 l.
2482 4038 2554 4087 c.,
2588 4037 2724 4092 cap.
2747 4021 2837 4090 Η,
2871 4037 2925 4092 p.
2957 4021 3048 4074 53.

2296 4093 2443 4163 (772)
2467 4088 2769 4148 Contraria
2789 4088 2905 4146 haec
2930 4095 3068 4146 sunt
3094 4090 3167 4146 iis
3193 4107 3320 4162 quis
3359 4090 3418 4163 in
3443 4088 3640 4163 Gallia
3661 4090 3876 4163 Christ.

2223 4163 2264 4218 1.
2299 4162 2350 4219 ο.
2384 4164 2692 4230 habentur,
2725 4162 3047 4218 Steineinse
3078 4162 3504 4217 monasterium
3535 4178 3571 4216 Β,
3615 4162 3679 4217 S.
3713 4162 3878 4219 Hein-

2225 4235 2344 4290 rico
2375 4235 2518 4305 imp.
2560 4234 2788 4306 egregie
2818 4235 3032 4306 fuisse
3088 4234 3397 4306 dotatam._
3437 4231 3877 4306 Subjectionem

2223 4323 2357 4362 vero
2381 4305 2450 4360 ad
2464 4304 2794 4377 Ecclesiam
2817 4305 3304 4377 Bambergensem
3325 4304 3512 4377 etiam
3543 4305 3758 4377 probat
3783 4306 3877 4362 Ot-

2224 4377 2380 4433 tonis
2397 4375 2653 4448 episcopi
2670 4376 2917 4447 epistola
2932 4377 3004 4448 ad
3023 4375 3316 4446 subjectos
3335 4375 3448 4448 sibi
3463 4375 3714 4448 abbateS
3731 4377 3878 4431 circa

2225 4467 2276 4504 a.
2314 4446 2453 4502 1123
2477 4465 2490 4502 :
2523 4446 2675 4502 inter
2699 4446 2846 4518 quos
2866 4447 3041 4503 etiam
3063 4452 3154 4503 est
3173 4447 3304 4503 Otto
3340 4447 3523 4503 abbas
3558 4446 3620 4501 in
3642 4447 3880 4503 Steinde

2225 4520 2291 4576 D.
2328 4518 2519 4574 Blasio
2545 4519 2783 4574 missus.
2815 4518 2947 4574 Vid.
2979 4519 3128 4574 Cels.
3162 4518 3470 4585 Gebertus,
3502 4518 3658 4574 llist.
3693 4518 3881 4591 Nigro

2225 4591 2388 4644 Silsz
2419 4595 2462 4644 t.
2497 4589 2536 4644 l.
2582 4607 2636 4644 n.
2671 4590 2799 4644 433.

2310 4608 2388 4646 vae
2419 4607 2462 4646 ι.
2498 4607 2536 4644 ι.
2581 4607 2636 4661 p.
2671 4607 2799 4644 4.5.5.

2474 4661 2613 4744 yid.
2645 4660 2902 4744 Di‘squis:
2998 4660 3084 4728 14,
3119 4678 3175 4744 p.
3203 4661 3332 4744 282.

2299 4730 2441 4804 (774)
2474 4734 2673 4804 Exstat
2707 4730 2814 4786 hoc
2849 4730 3188 4804 drip'lomain
3225 4731 3490 4804 Gerberti
3516 4730 3671 4804 Hist.
3717 4731 3874 4789 Silvas

2227 4801 2482 4885 Nigraft,
2617 4821 2675 4885 p.
2697 4801 2938 4885 47‘,'etiri
2959 4801 3475 4885 LuuigiiSpicileg.
3494 4802 3710 4860 ecclss.
3726 4819 3876 4876 p.1n,

2229 4873 2352 4948 p.'4
2391 4876 2443 4944 1,
2476 4873 2672 4948 etsiin
2704 4873 2914 4948 ultimo
2945 4875 3090 4948 satis
3114 4873 3497 4948 icorruptuin.

2322 4947 2448 5017 775)
2483 4947 2790 5018 Bosingen,
2823 4945 2884 5018 in
2916 4945 3181 5018 capitulo
3201 4944 3498 5000 Rottweil.

2321 5020 2450 5084 776)
2480 5017 3022 5088 Hoch-Mossingen,
3067 5017 3311 5088 ibidem.

2321 5091 2448 5156 777)
2477 5089 2826 5154 Zimmeren,
2867 5085 3096 5155 itidem,
3163 5087 3253 5142 vel
3318 5085 3876 5146 Herrenzimmeren.

2323 5160 2449 5230 778)
2483 5158 2724 5224 Filialis,
2753 5160 2862 5214 sub
2895 5159 3210 5230 Epﬁndorf,
3234 5157 3488 5230 ibidem.

2322 5229 2451 5302 779)
2484 5229 2817 5302 Urrslingen,
2851 5229 3005 5285 infra
3033 5229 3374 5302 Rotwilam.

2323 5299 2450 5357 780)
2496 5299 2846 5357 Hiltibaldus
2895 5301 3296 5357 accensendus
3325 5303 3418 5356 est
3455 5300 3782 5357 comitibus
3828 5299 3880 5354 in

2232 5371 2701 5438 Bertholtisbara,
2737 5389 2884 5443 quos
2926 5373 3117 5428 varios
3137 5389 3168 5428 e
3198 5371 3421 5427 chartis
3452 5371 3699 5428 exhibet
3724 5373 3878 5428 Herr-

2232 5443 2601 5516 gottus,t,_1_l,
2622 5444 2693 5516 ad
2713 5460 2847 5516 sieo.
2869 5461 2970 5500 vm
2993 5447 3051 5516 et
3071 5461 3145 5511 Ix,
3170 5443 3402 5516 nullum
3422 5458 3561 5500 vero
3584 5443 3769 5516 hujus
3785 5458 3878 5499 no-

2233 5513 2445 5587 minis.
2466 5514 2596 5587 Yid,
2631 5514 2966 5587 Gerbertus,
3000 5515 3038 5570 l.
3070 5531 3120 5570 e.
3147 5520 3187 5570 t.
3222 5515 3263 5583 l,
3296 5532 3355 5587 p_.
3387 5515 3515 5571 150.

2304 5584 2453 5658 (781)
2485 5585 2768 5658 Defuncta
2796 5586 2977 5658 igitur
2997 5587 3124 5657 jam
3151 5590 3276 5642 erat
3298 5584 3451 5658 ‘hoc,
3471 5603 3654 5658 anno.
3689 5587 3752 5642 In
3779 5584 3877 5658 Ne-

2233 5655 2373 5710 crol.
2397 5655 2725 5712 Petershus.
2745 5655 2897 5713 ad'28
2913 5655 3063 5730 Aug.
3084 5661 3320 5714 notatur
3334 5657 3622 5715 Hadewic
3643 5657 3679 5714 d
3687 5655 3875 5732 notrix.
