3982 6216
180 342 297 406 325

182 480 419 549 rogaret
449 479 519 532 ut
550 480 613 533 et
632 476 779 549 ipse,
806 476 975 533 sicuti
998 479 1187 534 caeteri
1212 479 1491 553 episcopi,
1520 483 1591 537 de
1616 499 1723 538 sua
1750 484 1847 538 Ec-
1882 488 1931 551 Α

183 565 367 622 clesia
396 566 511 621 sibi
544 565 787 638 aliquod
838 566 1170 622 subsidium
1221 570 1539 642 subrogare
1589 572 1842 627 deberet.

184 654 353 712 Unde
371 654 598 711 factum
621 659 714 711 est
730 656 798 710 ut
819 655 975 711 idem
998 656 1364 729 Lampertus,
1397 675 1468 714 ex
1492 660 1846 716 monasterio

184 743 348 816 quod
364 743 429 799 B.
445 742 832 799 Gebehardus
851 746 1469 816 construxerat,multa
1484 748 1555 803 de
1571 748 1847 805 thesauro

187 848 370 905 quem
402 832 528 905 ipse
548 832 677 904 jam
710 832 907 889 dictus
928 832 1305 890 Gebehardus
1328 835 1441 891 Deo
1463 837 1602 906 eth.
1628 837 1848 910 Grego-

186 920 279 977 rio
311 921 644 987 donaverat,
680 936 785 993 per
813 920 935 977 vim
978 922 1352 979 subtraheret
1381 929 1447 979 ut
1478 925 1846 997 imperatoris
1924 928 1935 937 “

186 1008 484 1066 voluntati
514 1010 907 1066 satisfaceret.

962 1118 1093 1185 δν.

278 1222 401 1277 Iste
430 1226 518 1278 est
544 1222 850 1279 thesaurus
872 1223 1197 1279 Gebehardi
1218 1226 1680 1284 Constantiensis
1705 1230 1848 1285 dives

201 1310 506 1367 memoriae
533 1310 801 1383 episcopi.
832 1328 1009 1384 quem
1038 1312 1137 1369 ille
1165 1313 1327 1369 dedit
1356 1315 1428 1370 ad
1460 1314 1651 1372 locum
1674 1334 1848 1389 quem

198 1404 606 1456 construxerat
634 1399 694 1455 in
738 1399 1023 1457 honorem
1066 1402 1129 1457 B.
1181 1401 1443 1475 Gregorii
1481 1421 1664 1476 papae,
1695 1408 1844 1464 827

192 1504 378 1560 quem
401 1488 647 1545 abstulit
672 1489 1020 1561 Lampertus
1042 1490 1355 1563 episcopus
1376 1509 1680 1550 successor
1698 1497 1847 1568 ejus.

190 1577 438 1650 Nappus
459 1594 617 1634 unus
638 1594 774 1633 cum
796 1595 940 1635 auro
960 1584 1219 1652 paratus.
1244 1580 1496 1637 Pechina
1514 1583 1630 1638 duo
1651 1600 1852 1657 argen-

189 1669 310 1721 tea.
340 1665 525 1738 Nappi
558 1665 739 1722 etiam
772 1668 1029 1739 argentei
1059 1668 1198 1723 duo.
1228 1668 1483 1725 Scutella
1504 1688 1621 1727 una
1643 1688 1850 1745 argen-

187 1757 311 1820 tea,
341 1754 669 1811 cochlearia
714 1755 832 1811 duo
879 1761 1172 1829 argentea,
1222 1758 1572 1815 candelabra
1612 1761 1726 1817 duo
1757 1779 1850 1818 ar-

189 1848 439 1916 gentea:
470 1860 757 1900 numerus
788 1846 1033 1915 argenti,
1067 1863 1245 1901 xxviii
1279 1845 1438 1902 librae
1476 1849 1549 1903 ad
1598 1851 1847 1921 pondus.
1881 1851 1928 1915 Β

190 1930 464 1988 DorsaJia
490 1933 628 1989 duo.
664 1932 917 1989 Pechina
944 1933 1081 1989 duo.
1114 1934 1324 1991 Pecten
1356 1952 1543 1992 unum
1573 1936 1847 2009 elephan-

190 2019 414 2091 tinum,
466 2038 611 2077 auro
659 2025 951 2094 paratum.
1002 2023 1284 2080 Mensalia
1331 2029 1576 2097 septem,
1610 2027 1850 2083 mantile

191 2125 407 2177 unum,
428 2108 798 2182 tapetiolum,
819 2128 1027 2166 unum.
1051 2112 1317 2184 Scyphus
1339 2130 1494 2170 unus
1514 2119 1845 2186 argenteus.

190 2196 355 2254 Stola
388 2214 507 2253 una
538 2215 735 2266 aurea,
764 2204 821 2254 et
851 2199 1128 2271 mappula
1149 2201 1415 2271 ejusdem
1442 2203 1655 2273 operis,
1681 2205 1850 2274 cujus

194 2286 701 2359 praependiculum
731 2288 973 2359 quidam
1018 2289 1091 2343 de
1140 2290 1442 2346 monachis
1474 2292 1767 2365 subripuit
1797 2297 1854 2349 et

198 2375 528 2445 abscondit,
558 2376 715 2448 quod
741 2380 798 2432 et
819 2376 1014 2432 adhuc
1032 2377 1113 2432 ibi
1135 2377 1405 2446 habetur,
1428 2380 1594 2437 valde
1615 2382 1851 2453 pretiosi

200 2463 422 2535 operis.

938 2574 1108 2639 §VI.

266 2674 655 2732 Ellimboldus
684 2676 834 2749 (793)
866 2678 1069 2749 abbas,
1095 2679 1195 2751 qui
1220 2679 1524 2754 Periggero
1547 2684 1850 2751 successit,

194 2765 266 2820 de
297 2781 361 2820 se
392 2764 565 2821 nobis
596 2767 1026 2823 monimentum
1055 2767 1312 2841 reliquit.
1341 2768 1472 2841 (llic
1500 2772 1559 2825 in
1584 2772 1762 2828 codice
1780 2781 1858 2829 est

201 2855 456 2923 lacuna.)

934 2948 961 3014 §
998 2946 1119 3002 VII.

265 3048 639 3105 Waltharius
694 3050 845 3119 (794)
894 3051 1076 3108 abbas
1123 3053 1378 3108 secundo
1426 3071 1577 3110 anno
1624 3055 1854 3129 imperii

196 3136 453 3195 Heinrici
486 3137 641 3210 regis
670 3137 981 3210 acquisivit
1011 3139 1364 3196 monasterio
1396 3142 1677 3214 praedium
1701 3146 1853 3217 apud

1080 343 1526 410 CHRONICON
1576 348 2287 412 PETERSHUSANUM.
2325 384 2401 394 —
2443 350 2593 413 LIB.
2640 349 2718 412 Il.

3482 354 3598 417 326

2691 486 2701 538 Ξ
2741 482 2888 538 VIII.

2691 486 2699 498 '
2741 484 2888 538 VIII.

2026 569 2358 640 Sigifridus,
2419 484 2701 642 primum§
2736 570 3202 629 Constantiensis
3260 574 3599 641 canonicus,

1955 658 2163 715 deinde
2193 659 2515 715 monachus
2545 661 2699 731 apud
2733 660 2938 715 cellam
2974 661 3032 715 S.
3068 662 3409 735 Meginradi,
3444 668 3499 719 et
3528 664 3600 719 ad

1955 750 2278 802 extremum
2322 748 2504 803 abbas
2556 748 2910 803 constitutus
2960 754 3049 805 est
3092 750 3248 835 ap‘ud
3293 751 3351 805 S.
3384 751 3600 826 Grego-

1956 852 2132 890 HUHL

2704 924 2733 997 Ξ
2764 925 2856 979 1x.

2026 1012 2449 1069 Erchinboldus
2506 1012 2652 1084 (795)
2709 1014 2891 1070 abbas
2958 1014 3101 1070 nihil
3156 1018 3603 1073 memorandum

1957 1100 2211 1173 reliquit.

1955 1189 2165 1255 ηεξ
2222 1192 2290 1243 Χ.
2352 1190 2715 1261 Privz‘legium
2763 1208 2926 1262 super
2976 1192 3249 1262 praedium
3304 1195 3598 1251 Ilietilz’nis.

2027 1276 2332 1332 Folmarus
2364 1279 2546 1334 abbas
2578 1279 2889 1350 acquisivit
2929 1282 3281 1338 monasterio
3314 1283 3604 1340 Rie’tilinis

1955 1370 2013 1422 et
2044 1367 2360 1438 Wegefaza,
2393 1366 2547 1422 sicut
2594 1368 2961 1439 subsequens
3012 1369 3388 1443 privilegium
3422 1376 3601 1429 testa-

1956 1459 2052 1509 tur
2081 1454 2255 1526 (796).

2028 1565 2056 1593 ‹‹
2082 1544 2143 1597 In
2164 1543 2398 1599 nomine
2420 1549 2632 1600 sanctae
2652 1550 2707 1601 et
2723 1546 3036 1601 individuis
3059 1546 3600 1606 Trinitatis.Notum

1956 1632 2032 1688 sit
2053 1632 2329 1689 omnibus
2349 1633 2562 1689 Christi
2585 1634 2879 1701 ﬁdelibus,
2903 1636 3286 1707 praasentibus
3307 1637 3528 1694 scilicet
3548 1643 3610 1695 et

1956 1721 2189 1791 futuris,
2216 1721 2368 1793 quod
2392 1738 2492 1790 ego
2514 1722 2864 1793 Erimbreth,
2890 1729 3091 1796 rogatu
3111 1726 3428 1781 Eberhardi
3454 1727 3602 1783 Con-

1959 1808 2299 1864 stantiensis
2330 1809 2596 1864 Ecclesiae
2627 1811 2906 1883 episcOpi,
2953 1811 3066 1867 tale
3115 1813 3397 1884 przedium
3430 1814 3605 1887 quale

1956 1898 2119 1952 visus
2150 1913 2283 1953 sum
2314 1897 2526 1953 habere
2556 1897 2614 1953 in
2647 1916 2795 1971 pago
2825 1899 3158 1973 Nibelgewe
3180 1902 3348 1973 (797),
3374 1903 3434 1958 in
3462 1902 3605 1960 locis

1961 1985 2227 2041 ltitiliues
2248 1990 2304 2041 et
2325 1985 2659 2057 Wegesaza,
2681 1987 3009 2054 curtilibus,
3035 1995 3210 2061 agris,
3242 1992 3444 2061 pratis,
3475 2010 3609 2064 pas-

1959 2075 2107 2142 cuis,
2139 2075 2307 2146 aquis
2338 2092 2743 2147 aquarumque
2763 2078 3130 2143 decursibus,
3155 2077 3326 2133 cultis
3348 2084 3405 2135 et
3429 2080 3611 2135 incul-

1958 2163 2055 2227 tis,
2090 2164 2270 2218 itibus
2300 2167 2357 2219 et
2388 2164 2695 2235 reditibus,
2719 2169 2774 2219 et
2794 2165 2852 2219 in
2888 2164 3035 2221 silva
3062 2165 3318 2221 Arinane
3350 2184 3417 2222 ex
3447 2173 3610 2240 parte

1961 2252 2073 2307 mei
2100 2251 2317 2323 praedii,
2340 2256 2628 2323 quantum
2654 2252 2745 2307 his
2769 2254 2920 2308 areis
2938 2254 2995 2308 in
3022 2253 3313 2326 prmdictis
3334 2255 3476 2311 locis
3495 2256 3611 2311 suf-

1962 2341 2118 2395 ﬁciat
2143 2336 2667 2395 ad'aadificandum
2714 2345 2771 2396 et
2815 2341 2977 2413 ligna
3025 2343 3443 2413 incidendum;
3476 2361 3610 2401 cum

1963 2428 2217 2501 pascuis,
2253 2428 2431 2483 itibus
2463 2432 2519 2483 et
2546 2429 2820 2498 exitibus,
2852 2446 2987 2485 cum
3020 2448 3198 2487 manu
3236 2431 3430 2488 uxoris
3469 2450 3610 2489 mea:

1964 2516 2359 2589 Irmingardaa,
2384 2516 2509 2573 sine
2530 2518 2687 2572 omni
2713 2519 3188 2588 contradictione,
3210 2525 3321 2576 Deo
3341 2525 3397 2576 et
3416 2522 3615 2577 S.Gre-

1962 2607 2123 2678 gorio
2155 2607 2213 2660 in
2248 2605 2371 2661 loco
2419 2607 2517 2678 qui
2561 2607 2776 2662 dicitur
2824 2608 3191 2675 Petershusa,
3222 2613 3277 2665 et
3307 2610 3613 2666 monachis

1962 2696 2078 2751 Deo
2101 2694 2219 2750 illic
2241 2695 2626 2751 servientibus
2650 2697 2993 2767 potestativa
3017 2715 3193 2753 manu
3218 2699 3611 2754 tradidi.Pras-

1961 2788 2120 2840 terea
2162 2788 2366 2840 notum
2409 2801 2536 2839 esse
2581 2785 2871 2851 desidero,
2915 2787 3070 2857 quod
3118 2787 3457 2842 Eberhadus
3490 2788 3611 2860 epi-

1964 2889 2176 2943 scopus
2207 2890 2338 2927 cum
2373 2890 2549 2928 manu
2584 2873 2832 2928 Folmari
2864 2875 3126 2945 ejusdem
3154 2875 3259 2931 loci
3282 2876 3532 2942 abbatis,
3556 2881 3615 2932 et

1964 2962 2311 3016 Heremanni
2341 2961 2623 3027 advocati,
2658 2963 2914 3035 idipsum
2949 2964 3227 3046 pycedium
3263 2965 3322 3019 in
3355 2965 3614 3036 praefatis

1964 3050 2106 3106 locis
2139 3050 2450 3106 Rietelines
2482 3055 2537 3105 et
2584 3051 2895 3123 Wegesaza
2935 3059 3324 3125 susceperunt
3354 3056 3523 3126 (798),
3558 3059 3615 3110 et

1966 3139 2403 3211 quatuordecim
2440 3157 2682 3195 mansus
2714 3141 2767 3194 in
2795 3139 2916 3196 loco
2938 3142 3199 3198 Eichstat
3220 3143 3369 3213 (799)
3396 3143 3535 3198 mihi
3559 3147 3616 3198 et

192 3226 431 3299 Campis
463 3233 522 3282 et
543 3226 786 3295 Essanc,
815 3231 873 3283 et
904 3228 1236 3294 Quarabilis
1266 3246 1368 3301 per
1388 3213 1797 3289 concambiuin
1821 3252 1856 3290 a
1882 3213 1924 3279 (ἶ
1968 3228 2125 3283 uxori
2148 3244 2284 3284 meae
2307 3245 2487 3298 usque
2505 3246 2538 3283 a
2557 3231 2570 3282 Ι
2592 3227 2815 3284 obitum
2839 3230 2967 3284 vitae
2992 3235 3201 3286 nostra
3234 3232 3291 3286 in
3326 3232 3609 3287 beneﬁcio

194 3315 456 3388 quodam
487 3315 850 3382 Burchardo,
880 3316 973 3372 cui
1005 3317 1207 3373 datum
1237 3322 1326 3374 est
1356 3319 1415 3375 in
1447 3324 1654 3377 mutua
1682 3323 1851 3379 vicis-

189 3402 455 3459 situdine
483 3419 518 3457 a
548 3404 930 3472 monasterio,
964 3406 1116 3478 quod
1142 3405 1351 3462 habuit
1374 3409 1673 3481 preprium
1697 3413 1851 3484 apud

190 3494 445 3560 Burron,
479 3496 538 3547 et
566 3492 723 3563 apud
758 3492 958 3565 Berge,
992 3499 1048 3549 et
1078 3496 1231 3567 apud
1266 3495 1423 3551 aliud
1457 3498 1655 3570 Berge,
1690 3505 1745 3555 et
1766 3517 1854 3555 ec-

192 3580 438 3636 clesiam
473 3580 629 3651 apud
664 3578 950 3646 Lindinis,
974 3582 1128 3653 quod
1156 3583 1393 3655 quidem
1419 3586 1699 3655 praedium
1722 3587 1852 3659 qui-

194 3670 334 3724 dam
354 3669 658 3741 presbyter
674 3668 911 3724 nomine
933 3670 1196 3726 Diethere
1215 3689 1317 3744 per
1333 3677 1527 3745 partes
1549 3676 1855 3748 acquisivit

193 3755 568 3828 temporibus
596 3757 827 3812 Ottonis
857 3758 1247 3831 imperatoris.
1282 3762 1467 3834 Super
1496 3766 1651 3835 quod
1684 3765 1855 3837 plura

199 3843 453 3918 quidem
479 3843 776 3918 privilegia
805 3846 1114 3908 habentur.
1139 3850 1240 3905 sed
1264 3849 1344 3906 ita
1370 3868 1483 3907 non
1515 3857 1655 3908 sunt
1686 3854 1854 3909 dicti-

191 3935 425 4000 tata,ut
453 3949 520 3989 ea
548 3933 639 3990 hic
659 3934 913 3992 inserere
935 3936 1205 3995 velimus.

268 4092 426 4170 (793)
458 4092 747 4170 In_t3al_lia_
769 4094 1100 4170 Christiana
1148 4097 1555 4158 Erlemboldus
1592 4108 1852 4170 vocatur,

191 4165 480 4291 Bucflino
510 4165 888 4236 Elenboldus,
916 4170 1086 4238 cujus
1109 4173 1375 4243 tempora
1403 4176 1459 4227 et
1487 4178 1613 4229 acta
1636 4165 1857 4230 incerta

191 4255 309 4291 sun
350 4277 365 4290 .

190 4255 365 4295 sunt.

267 4307 421 4380 (794)
444 4306 548 4380 Hic
569 4306 628 4380 in
651 4307 840 4363 Gallia
858 4309 1069 4366 Christ.
1094 4328 1163 4367 ex
1184 4312 1471 4368 monacho
1502 4313 1853 4372 Einsidlensi

191 4397 294 4461 an.
330 4379 470 4461 {9.21
507 4379 690 4461 abbas
724 4381 911 4461 lactus
950 4382 1187 4444 dicitur,
1218 4400 1523 4461 perperam
1555 4390 1773 4461 tamen,
1804 4387 1855 4461 si

181 4452 318 4522 jam
371 4449 606 4522 Henrici
652 4450 883 4522 imperii
933 4470 1086 4509 anno
1137 4449 1391 4510 secundo
1439 4472 1542 4511 seu
1596 4458 1730 4514 1016
1758 4449 1855 4514 hic

190 4521 525 4601 memorata
566 4521 696 4601 loga
726 4521 1051 4601 acquisivit,
1083 4524 1142 4580 in
1176 4526 1397 4601 Rhaetia
1424 4527 1686 4584 Curiensi
1718 4531 1852 4601 sita,

186 4592 435 4664 Campis
465 4608 569 4649 seu
601 4592 780 4649 Gams
808 4592 828 4659 ξ
854 4596 1069 4651 Essanc
1097 4613 1199 4652 seu
1233 4597 1454 4653 Eschen
1481 4616 1494 4663 ;
1526 4592 1855 4664 Quarabilis

192 4681 302 4742 sep
337 4664 963 4742 Grabs_;_et_Lindinis,
1024 4668 1079 4722 id
1136 4672 1224 4723 est
1282 4669 1453 4725 Lienz
1508 4672 1775 4742 superior
1799 4678 1856 4728 et

189 4734 462 4790 inferior.
504 4734 619 4790 Vid.
655 4737 776 4790 Lew
802 4738 910 4791 lex.

269 4804 534 4884 (795)__De
579 4805 875 4884 ambobus
927 4808 1020 4864 his
1077 4808 1392 4867 abbatibus
1439 4812 1657 4884 pariter
1710 4814 1857 4869 nihil

194 4877 357 4951 apud
380 4877 541 4951 alios
574 4877 685 4951 nisi
720 4878 975 4951 nomina.

268 4950 423 5027 (796)
484 4948 720 5021 Legitur
750 4949 887 5027 haec
935 4950 1137 5005 charta
1184 4952 1337 5023 apud
1392 4952 1599 5026 Lunig.
1652 4954 1852 5027 Spicil.

195 5020 407 5077 sceles.
442 5036 500 5092 p.
543 5037 629 5086 ιιι,
655 5037 712 5092 ρ.
737 5022 861 5076 402.

287 5094 418 5174 797)
450 5092 718 5173 Necdum
759 5092 904 5147 satis
950 5093 1374 5174 determinatus
1421 5100 1511 5150 est
1541 5095 1691 5151 situs
1763 5114 1796 5152 a
1840 5098 1855 5153 i

191 5095 904 5237 Niinlgewe,_Nibalgow
950 5181 1050 5237 seu
1102 5164 1482 5237 N:balgauge.
1527 5166 1691 5222 Hunc
1722 5115 1855 5225 Eo?-

194 5235 403 5292 dastus
436 5252 496 5290 n.
524 5235 612 5298 10,
639 5240 695 5290 et
714 5235 845 5306 pest
862 5252 997 5291 eum
1020 5235 1313 5291 Besselius
1335 5236 1394 5291 in
1416 5237 1700 5293 Chronico
1724 5240 1855 5295 Gol-

192 5306 489 5379 twicensi,
516 5305 929 5379 ele‘schudio,
959 5307 1028 5361 de
1052 5306 1275 5379 Rhaatia
1298 5324 1426 5379 cap.
1444 5310 1536 5375 24,
1556 5309 1614 5364 in
1640 5310 1859 5367 Rhaetia

194 5378 465 5455 Curiensi
518 5374 766 5455 collppat
814 5379 884 5433 ad
929 5379 1224 5455 dexteram
1269 5374 1451 5455 Rheni
1477 5374 1649 5455 inter
1678 5399 1857 5455 pagos

194 5450 609 5520 Brechtagow,
630 5448 895 5521 Walgow
910 5455 967 5505 et
985 5449 1234 5521 Ringoyv
1254 5466 1353 5504 seu
1382 5449 1660 5505 hodierno
1678 5448 1859 5508 conii-

188 5526 314 5596 tstu
334 5521 697 5596 Montl‘orten
706 5520 753 5576 si
763 5520 844 5596 ,in_
859 5521 1017 5592 quod
1028 5520 1166 5575 uxta
1178 5520 1544 5596 M_uns_terum
1557 5524 1854 5596 Cosmogr.

189 5592 227 5651 Ι.
259 5611 347 5664 in,
383 5597 443 5650 et
474 5589 772 5664 Zeilerum
799 5589 911 5649 sita
940 5589 1065 5648 erat
1093 5591 1275 5664 curtis
1313 5591 1619 5664 Feldliirch
1652 5612 1756 5651 seu
1771 5589 1858 5652 ἰιιί

190 5661 443 5749 Campos,
471 5663 563 5723 uti
595 5661 1011 5743 interpretatur
1031 5661 1342 5726 Besselius.
1365 5663 1428 5726 P.
1451 5663 1708 5745 Neugart
1723 5682 1858 5728 vero

1960 3316 2221 3372 tradidit.

1996 3424 1999 3427 η
2038 3429 2058 3455 ι
2095 3410 2239 3461 Acta
2266 3410 2407 3461 sunt
2435 3412 2628 3462 autem
2665 3406 2783 3462 haec
2815 3424 2967 3463 anno
3002 3408 3310 3464 Dominicze
3343 3408 3615 3465 Incurua-

1960 3493 2135 3548 tionis
2166 3511 2367 3560 MXLIII,
2402 3493 2717 3549 indictione
2747 3512 2827 3560 x1,
2851 3496 3074 3566 epactis
3096 3502 3341 3568 septem,
3368 3514 3613 3552 concur-

1964 3583 2225 3637 rentibus
2256 3582 2535 3653 quinque,
2568 3600 2659 3637 xvi
2694 3582 2796 3636 Kal
2847 3583 3011 3648 Julii,
3037 3583 3176 3639 luna
3206 3601 3240 3638 v
3267 3585 3441 3652 829,
3477 3602 3618 3655 pras-

1963 3672 2228 3727 sentibus
2258 3671 2348 3725 his
2379 3670 2657 3725 testibus:
2694 3670 2999 3727 Udalricus
3032 3672 3409 3743 Briganticus
3442 3674 3612 3744 (800),

1964 3760 2236 3823 Switker,
2267 3757 2484 3823 Wezel,
2535 3758 2819 3830 Swigger,
2870 3759 3095 3825 Ernest,
3147 3759 3363 3823 Gerolt,
3399 3760 3613 3833 Ruger,

1964 3847 2226 3911 Landolt,
2260 3847 2457 3916 Otgoz,
2485 3846 2782 3918 Lutpreht,
2808 3847 3123 3919 Sigipreth,
3149 3847 3397 3917 Hartnit,
3422 3848 3616 3921 Engil-

1963 3937 2180 4004 scalch,
2201 3936 2416 4001 Enceli,
2441 3935 2753 4005 Simpreht.
2780 3935 3037 4000 Humolt,
3066 3938 3248 4008 Eppo,
3270 3936 3417 4003 Ello,
3443 3936 3615 3992 Albe-

1965 4098 2023 4151 in
2052 4095 2188 4151 Cod.
2223 4093 2365 4166 dipl.
2394 4093 2579 4166 Alcm.
2614 4099 2749 4163 vet.,
2786 4095 2840 4149 in
2891 4095 3047 4151 notis
3088 4096 3159 4150 ad
3192 4095 3454 4151 chartam
3486 4114 3611 4165 va,

1964 4168 2132 4240 illum
2165 4165 2317 4222 circa
2356 4165 2646 4240 civitatem
2698 4166 3059 4240 imperialem
3099 4167 3423 4240 Leutkircb
3455 4184 3614 4240 quaa-

1964 4239 2211 4294 rendum
2238 4254 2367 4292 esse
2392 4236 2705 4309 existimat,
2727 4236 2807 4292 uti
2833 4238 2957 4292 loca
2979 4239 3227 4295 subinde
3249 4236 3528 4309 adjuncta
3553 4241 3612 4295 in

1964 4310 2182 4383 chartis
2230 4308 2748 4383 San-Gallensibus
2798 4310 3219 4383 demonstrent,
3270 4308 3613 4383 quanquam

1965 4383 2107 4437 urbs
2135 4381 2247 4435 ista
2276 4380 2420 4435 alias
2471 4397 2617 4453 pago
2664 4380 2912 4452 Algoviae
2964 4380 3404 4451 annumeretur,
3440 4380 3611 4453 cuius

1965 4455 2109 4539 torte
2141 4456 2427 4539 parserat
2459 4452 2649 4539 minor
2668 4469 2864 4539 pagus
2890 4453 3424 4539 Nibilgevve.§erte
3443 4452 3613 4539 ‘enim

1966 4525 2024 4578 in
2055 4523 2256 4595 charta
2284 4523 2455 4586 inl‘ra,
2493 4524 2530 4578 Ι.
2560 4541 2643 4595 Ill,
2666 4523 2695 4595 ἓ
2718 4523 2804 4592 41,
2830 4523 3025 4579 insula
3048 4523 3220 4580 Rotse
3245 4524 3615 4581 Petershusio

1888 4580 1934 4644 D
1966 4596 2189 4669 donata
2214 4594 2271 4648 in
2304 4580 2454 4666 pago
2482 4580 2852 4669 Nibil'g‘ouvve
2884 4596 2993 4669 sita
3023 4597 3259 4669 dicitur,
3289 4597 3389 4669 qui
3417 4580 3615 4653 tamen

1966 4666 2130 4739 locus
2162 4667 2366 4739 Rottsce
2395 4670 2628 4721 notatur
2648 4666 2715 4720 in
2752 4667 2945 4739 [turali
2966 4668 3233 4739 capitulo
3267 4666 3513 4739 Isnensi,
3541 4669 3613 4724 ad

1966 4712 2129 4810 ἒῖιῖεῖᾱ
2156 4712 2368 4808 ἕἇὲἷίἑὶ
2396 4712 2617 4808 Ξβέὲἱᾶί
2648 4712 3615 4810 cipiat};ﬂéﬁéiiééh‘fﬁéé'ééiiﬁ;

1965 4809 2059 4864 hic
2084 4826 2117 4863 a
2140 4809 2383 4880 Lunigio
2403 4810 2679 4880 deceptus
2702 4809 2803 4881 pro
2827 4810 3036 4865 Rotsee
3058 4810 3195 4881 legit
3220 4810 3419 4881 Rethe,
3439 4811 3615 4879 idque

1968 4897 2176 4960 nemen
2208 4896 2275 4935 ex
2304 4898 2410 4960 suo
2444 4880 2757 4960 sys‘temate
2794 4880 2851 4935 in
2872 4881 3106 4960 -Ro_t_tisn
3126 4880 3301 4960 prOpe
3325 4880 3617 4960 .Montlort

1965 4951 2203 5023 quaerit;
2237 4952 2333 5023 sed
2388 4951 2673 5023 constans
2725 4962 2809 5006 est
2868 4952 3037 5023 lectio
3072 4953 3274 5023 Rotsee
3322 4951 3381 5004 in
3414 4954 3613 5023 nostro

1967 5020 2181 5101 codice,
2199 5022 2298 5101 cui
2323 5021 2727 5101 etiamﬂipsigaz
2747 5022 3055 5101 appellatio
3080 5021 3291 5101 melius
3312 5020 3611 5101 competit.

1968 5094 2096 5150 Vid.
2130 5094 2300 5164 infra,
2332 5091 2372 5164 l.
2399 5108 2460 5164 Υ,
2494 5094 2520 5155 §
2548 5094 2601 5146 6.
2640 5090 3082 5164 Ρτορέῐῖοιῐεεθ
3113 5097 3170 5148 et
3198 5090 3424 5147 Arnach
3448 5090 3611 5164 situs

1966 5172 2056 5220 est
2084 5165 2245 5234 vicus
2278 5161 2595 5234 lliedlings,
2630 5165 2729 5233 qui
2752 5161 2855 5217 “hic
2887 5166 3159 5220 Rnilenes
3182 5162 3611 5234 dicituriforte

1965 5238 2141 5292 etiam
2178 5232 2715 5304 Wegesaza,'cujus
2748 5239 2940 5289 tamen
2974 5237 3228 5292 nominis
3260 5235 3423 5291 locus
3450 5232 3604 5289 haud

1968 5303 2523 5377 ampliusoccurrit.

2060 5376 2186 5448 798)
2218 5376 2349 5448 ch.
2383 5376 2637 5448 suscepit.

2056 5445 2187 5512 799⁷)
2220 5445 2348 5501 Vid.
2383 5446 2483 5500 lib.
2522 5463 2559 5512 ι,
2591 5448 2618 5512 §
2649 5445 2719 5500 36

2059 5515 2191 5579 800)
2238 5520 2338 5573 Hic
2395 5517 2646 5573 Udalrici
2703 5515 2898 5571 fratris
2954 5516 3011 5572 S.
3068 5518 3393 5575 Gebehardi
3455 5519 3611 5579 ﬁlius

1967 5587 2416 5663 fuissevidetur,
2440 5589 2540 5662 qui
2562 5587 2973 5663 apudbazium
2992 5588 3442 5663 haudoccurrit.
3473 5593 3608 5656 Vid.

1964 5662 2120 5723 intra
2144 5662 2172 5736 §
2198 5661 2288 5735 20,
2321 5665 2378 5721 et
2406 5660 2675 5745 supra'in
2706 5660 3120 5743 disquisitione
3149 5662 3177 5739 §
3206 5661 3297 5722 24.
3406 5698 3413 5705 -

2037 5380 2053 5591 ἓ
