3982 6216
151 433 265 497 333

153 570 236 626 eis
257 569 578 643 pugnavit,
621 585 839 642 eosque
888 571 1098 627 devicit
1128 572 1450 644 multisque
1510 573 1718 629 occisis
1766 577 1822 630 et
1849 585 1903 650 Α

153 659 433 731 plurimis
467 659 712 733 fugatis,
745 659 1098 732 quibusdam
1126 661 1301 716 etiarn
1337 661 1462 718 sine
1492 662 1821 719 conditione

154 747 268 805 sibi
299 749 563 818 traditis,
595 748 902 805 victoriam
926 749 1174 822 adeptus
1201 753 1290 805 est
1311 767 1426 806 non
1461 767 1565 807 suo
1588 751 1818 819 merito,

155 838 284 907 sed,
311 841 378 894 ut
406 839 732 905 credimus,
760 840 872 894 Deo
896 837 1125 894 felicem
1151 839 1476 896 Romanam
1497 839 1818 912 rempubli-

153 943 291 982 cam
311 927 658 984 honorante.
685 929 748 983 In
771 927 882 983 hoc
903 926 1057 984 bello
1078 945 1212 984 cum
1235 945 1368 1001 rege
1392 931 1625 985 fuerunt
1642 931 1819 985 duces

154 1015 510 1086 Suevorum,
562 1015 891 1072 Ruodolfus
923 1020 1125 1088 postea
1155 1033 1276 1085 rex,
1321 1022 1378 1073 et
1432 1017 1590 1073 Welf
1644 1022 1818 1090 atque

156 1105 535 1174 Bertholdus,
567 1105 838 1178 quamvis
867 1104 916 1161 ei
939 1105 1198 1178 suspecti
1228 1111 1442 1162 essent.
1469 1107 1555 1161 lbi
1587 1106 1815 1162 occisus

159 1198 260 1248 est
286 1211 356 1249 ex
376 1200 536 1266 parte
556 1194 702 1266 regis
724 1193 918 1250 Ernist
934 1194 1195 1250 marchio
1217 1195 1552 1264 Orientis,et
1573 1196 1688 1251 duo
1712 1195 1816 1250 filii

159 1281 490 1338 Eberhardi
518 1283 741 1339 comitis
762 1284 835 1338 de
851 1281 1254 1350 Nellinburcb,
1280 1285 1379 1356 qui
1414 1284 1815 1340 Shafhusense

162 1371 591 1428 monasterium
617 1371 900 1428 fundavit.

225 1566 415 1640 Igitur
431 1567 559 1639 jam
588 1567 730 1623 dicti
762 1568 941 1624 duces
960 1567 1421 1624 Alemannorum
1449 1569 1648 1625 statim
1682 1573 1814 1641 post

150 1657 308 1712 hanc
339 1673 599 1730 pugnam
632 1657 751 1729 regi
780 1656 1058 1712 rebellare
1081 1663 1402 1730 coeperunt,
1436 1675 1500 1713 ac
1532 1658 1632 1713 diu
1661 1658 1814 1713 inter

149 1761 216 1801 se
253 1749 497 1801 tractato
529 1745 773 1802 consilio
797 1746 866 1801 ad
897 1744 1172 1802 ultimum
1197 1763 1331 1802 cum
1363 1746 1662 1803 voluntate
1680 1747 1812 1804 Gre-

150 1834 304 1908 gorii
338 1851 527 1907 papae,
573 1834 674 1906 qui
706 1838 765 1890 et
822 1833 1245 1903 Hiltibrandus,
1299 1840 1696 1892 convenerunt
1751 1836 1810 1891 in

147 1923 319 1991 villa,
354 1940 478 1996 quae
523 1923 826 1980 Forcheim
885 1924 1119 1991 dicitur,
1179 1941 1314 1980 cum
1373 1925 1701 1982 Saxonibus
1759 1929 1815 1980 et

149 2011 514 2070 Ruodolfum
547 2013 756 2068 ducem
787 2013 1107 2069 Suevorum
1141 2013 1574 2070 constituerunt
1592 2029 1808 2086 regem,

143 2103 381 2159 vivente
411 2101 605 2157 adhuc
629 2101 894 2158 Heinrico
918 2102 1018 2158 sed
1045 2103 1567 2159 excommunicato.
1600 2105 1810 2158 Actum

144 2209 306 2249 anno
325 2190 636 2248 Dominicae
651 2190 1070 2247 incarnationis
1085 2209 1346 2264 MLxxvu,
1363 2209 1565 2248 mense
1579 2191 1806 2248 Martio.

144 2281 260 2349 Qui
292 2278 621 2335 Ruodolt'us
650 2278 980 2351 proximum
1011 2279 1232 2336 Pascha
1263 2281 1382 2352 egit
1412 2281 1566 2352 apud
1609 2283 1808 2352 Augu-

145 2375 308 2427 stam
337 2366 742 2435 Vindelicam;
776 2367 877 2424 sed
921 2368 1168 2424 lmbrico
1199 2369 1464 2440 ejusdem
1497 2369 1660 2425 urbis
1692 2368 1808 2440 epi-

145 2475 377 2530 scopus
400 2456 585 2512 noluit
604 2473 739 2514 eum
762 2473 868 2512 nec
890 2457 1107 2526 videre,
1128 2473 1233 2513 nec
1258 2457 1536 2527 salutare,
1563 2459 1662 2516 sed
1681 2475 1808 2530 quae

146 2545 492 2604 necessaria
518 2549 679 2602 erant
695 2545 876 2618 jussit
897 2545 1266 2602 abundanter
1290 2547 1642 2604 ministrare.
1668 2548 1808 2604 Inde

143 2635 493 2710 digrediens
524 2633 853 2691 Ruodolfus
883 2651 982 2690 rex
1024 2634 1256 2691 obsedit
1303 2635 1606 2692 castellum
1653 2638 1806 2709 quod

141 2725 376 2782 dicitur
396 2723 816 2797 Sigimaringin
848 2725 1035 2796 (848);
1070 2725 1170 2780 sed
1206 2730 1504 2797 comperto
1555 2727 1806 2783 adventu

140 2813 408 2871 Heinrici
441 2813 618 2886 regis,
651 2814 799 2870 887
830 2813 931 2885 qui
953 2831 1058 2886 per
1069 2814 1217 2886 juga
1239 2814 1475 2886 Alpium
1499 2832 1633 2870 cum
1653 2832 1808 2872 exer-

139 2906 267 2961 citu
286 2903 567 2959 veniebat
587 2903 658 2958 ad
680 2903 1042 2958 liberandam
1066 2903 1452 2960 munitionem
1476 2922 1546 2960 au
1557 2905 1724 2978 fugit,
1750 2911 1808 2962 et

131 2994 193 3050 in
231 2992 558 3050 Saxoniam
587 2991 857 3064 perrexit.
889 2994 963 3047 At
993 3008 1091 3048 rex
1123 2993 1428 3050 Heinricus
1477 2994 1639 3050 dedit
1686 2995 1805 3051 Fri-

131 3084 340 3140 derico
371 3082 445 3136 de
479 3080 770 3152 Stouphin
821 3081 1100 3137 ducatum
1147 3085 1486 3151 Suevorum,
1535 3087 1592 3139 et
1622 3083 1804 3141 ﬁliam

133 3189 313 3229 suam
328 3171 534 3243 junxit
556 3171 607 3224 ei
632 3169 691 3224 in
727 3169 1192 3242 matrimonium,
1215 3187 1341 3242 quae
1373 3171 1575 3244 genuit
1595 3173 1647 3228 ei
1681 3173 1801 3228 Fri-

133 3262 411 3319 dericum
439 3264 498 3337 et
526 3259 898 3316 Cuonradum
932 3263 1134 3332 postea
1163 3277 1380 3332 regem.

850 3367 880 3440 ἒ
919 3367 1106 3422 xxxx.

215 3459 367 3516 Item
398 3455 711 3514 Heinricus
739 3461 1087 3530 congregato
1103 3457 1360 3513 exercitu
1391 3463 1595 3514 contra
1625 3460 1805 3515 Saxo-

138 3549 307 3606 niam
333 3546 604 3620 perrexit,
629 3546 700 3600 ad
725 3547 1178 3618 expugnandum
1202 3546 1694 3604 Ruodolfum.Sed
1719 3548 1804 3604 illi

136 3656 168 3696 e
190 3642 403 3694 contra
417 3635 756 3707 congregati
774 3639 1153 3691 occurrerunt
1166 3636 1214 3691 ei
1236 3636 1292 3690 in
1309 3636 1467 3708 provi
1478 3637 1806 3694 nciaBaioa—

135 3724 405 3792 rie,loco
429 3722 692 3779 ﬂuminis
719 3723 874 3795 quod
898 3724 1112 3780 dicitur
1132 3725 1804 3796 Strowe(849),dicentes

137 3812 310 3871 nolle
330 3829 394 3868 se
421 3828 616 3883 regem
640 3810 879 3884 longius
909 3813 1172 3886 fatigare.
1208 3814 1292 3869 lbi
1311 3815 1465 3871 facta
1486 3832 1686 3888 pugna
1703 3833 1803 3872 ve-

137 3899 605 3959 hementissima
633 3918 727 3957 rex
757 3900 1064 3957 Heinricus
1096 3919 1227 3958 cum
1263 3903 1390 3959 suis
1422 3908 1587 3975 terga
1613 3905 1799 3974 vertit,

136 3995 200 4048 et
223 3991 306 4046 ibi
329 3987 677 4062 Diepeldum
706 3989 1106 4047 marchionem
1131 3993 1200 4048 de
1223 3991 1468 4065 Giengin
1493 3994 1644 4065 (850)
1667 4011 1800 4050 cum

139 4079 276 4138 aliis
307 4078 522 4134 multis
555 4078 829 4150 perdidit.
854 4080 1114 4136 Saxones
1132 4080 1312 4153 igitur
1331 4081 1542 4153 adepta
1565 4081 1805 4138 victoria

138 4185 283 4225 suos
313 4166 552 4224 saucios
583 4171 641 4222 et
669 4167 895 4224 occisos
942 4167 1200 4225 levantes
1256 4169 1466 4225 conciti
1509 4171 1800 4228 abierunt.

139 4258 262 4314 Rex
291 4261 492 4313 autem
525 4255 836 4312 Heinricus
867 4256 992 4330 ipsa
1025 4258 1139 4329 die,
1183 4259 1626 4330 superveniente
1657 4260 1803 4316 duce

138 4347 520 4403 Boemiorum
551 4361 686 4400 cum
708 4345 900 4401 valida
915 4362 1092 4401 manu
1129 4351 1262 4418 post
1283 4347 1480 4420 fugam
1504 4347 1575 4403 ad
1606 4347 1801 4404 locum

136 4450 359 4508 pugnae
388 4434 584 4502 rediit,
618 4434 876 4490 Saxones
901 4434 1187 4508 quaesivit,
1209 4435 1542 4508 iterumque
1562 4453 1694 4492 cum
1717 4438 1804 4494 eis

136 4522 457 4595 confligere
486 4521 692 4578 voluit.
725 4525 800 4576 At
829 4540 963 4578 cum
1017 4541 1116 4580 eos
1174 4523 1418 4580 minime
1469 4525 1799 4596 reperisset,

135 4628 284 4668 suos
314 4611 538 4684 quique
568 4615 692 4666 tam
726 4611 949 4668 occisos
979 4630 1157 4685 quam
1188 4613 1528 4670 vulneratos
1577 4613 1800 4671 levave-

1069 434 1514 502 CHRONICON
1560 436 2276 503 PETERSHUSANUM.
2313 475 2390 489 —
2419 442 2567 506 LIB.
2615 442 2691 507 ΙΙ.

3463 447 3581 512 334

2616 581 2645 651 §
2679 579 2890 634 xxx".

2003 668 2141 719 Post
2176 665 2298 720 haec
2331 667 2638 723 Heinricus
2669 686 2768 723 rex
2826 668 3052 724 Italiam
3103 672 3355 742 perrexit
3409 673 3580 745 (852),

1931 752 2174 808 Romam
2197 770 2330 810 cum
2356 756 2606 812 exercitu
2628 758 2786 812 venit
2807 774 3053 829 eamque
3067 758 3178 814 sibi
3201 759 3580 817 rebellantem

1928 841 2109 897 armis
2141 843 2311 913 cepit,
2347 843 2691 917 Gregorium
2738 863 2950 918 papam
2983 847 3154 917 ejecit
3201 853 3332 919 post
3361 850 3577 906 multas

1927 927 2197 1000 injurias,
2229 948 2378 1004 quas
2409 934 2459 988 ei
2495 934 2750 990 fautores
2781 937 2907 1005 ejus
2939 936 3103 1007 prius
3160 937 3574 1009 irrogaverant.

1925 1018 2071 1074 Nam
2105 1036 2238 1075 cum
2271 1023 2528 1092 quodam
2548 1028 2810 1101 tempore
2833 1024 2891 1078 in
2925 1030 3126 1080 sancta
3159 1031 3323 1082 nocte
3355 1027 3576 1083 Nativi-

1926 1107 2064 1162 tatis
2095 1109 2321 1164 Domini
2352 1109 2410 1166 in
2462 1111 2724 1166 Romana
2773 1113 2917 1168 urbe
2977 1115 3166 1184 primo
3215 1115 3353 1188 galli
3401 1122 3576 1173 cantu

1926 1195 2190 1260 missam,
2225 1203 2291 1252 ut
2321 1200 2502 1254 moris
2535 1205 2641 1269 est,
2676 1199 3014 1272 celebraret,
3049 1221 3082 1258 a
3139 1206 3393 1274 quodam
3445 1206 3574 1262 Cre-

1924 1286 2146 1340 scentio
2179 1287 2324 1358 (853)
2355 1289 2475 1344 cive
2508 1289 2792 1358 Romano,
2818 1291 2970 1364 regis
2995 1292 3240 1359 fautore,
3264 1293 3455 1364 gladio
3486 1298 3578 1352 est

1923 1374 2242 1446 appetitus,
2270 1381 2325 1431 et
2355 1377 2488 1432 forti
2511 1377 2629 1432 ictu
2660 1377 2718 1433 in
2752 1379 2937 1450 capite
2969 1397 3287 1452 percussus
3317 1384 3470 1439 338
3502 1385 3574 1439 ad

1921 1465 2136 1518 terram
2159 1464 2431 1520 concidit.
2465 1466 2682 1521 Deinde
2713 1467 2784 1521 ad
2817 1468 2908 1522 sui
2939 1469 3235 1525 vesaniam
3269 1472 3576 1528 cumulan-

1922 1551 2054 1606 dam
2088 1552 2143 1607 in
2171 1553 2563 1624 captivitatem
2584 1572 2716 1611 eum
2744 1557 2984 1629 redegit,
3013 1559 3145 1614 etin
3170 1560 3380 1615 turrim
3405 1578 3573 1617 suam

1921 1640 2114 1696 trusit.
2147 1643 2256 1697 Sed
2291 1643 2492 1699 eodem
2512 1645 2605 1700 die
2622 1663 2654 1700 a
2673 1645 2945 1702 ﬁdelibus
2965 1647 3094 1719 ipsa
3112 1649 3258 1704 turri
3279 1649 3577 1707 destructa

1921 1745 2072 1800 papa
2091 1735 2224 1785 ante
2246 1748 2547 1803 vesperam
2582 1733 2812 1801 altario,
2847 1736 3002 1791 unde
3035 1737 3212 1809 impie
3247 1738 3575 1796 abstractus

1921 1817 2125 1885 fuerat,
2159 1820 2253 1890 pie
2285 1822 2596 1876 restitutus
2627 1827 2734 1888 est,
2767 1828 2824 1877 et
2855 1825 3120 1894 missam,
3156 1843 3331 1897 quam
3355 1828 3413 1882 in
3436 1827 3574 1900 galli

1917 1911 2089 1962 cantu
2124 1914 2394 1980 coeperat,
2432 1910 2625 1964 adhuc
2675 1911 2920 1983 jejunus
2950 1917 3006 1967 et
3037 1914 3107 1968 ab
3169 1915 3297 1970 aliis
3342 1922 3575 1972 susten-

1922 1955 2089 1962 ,πη
2126 1955 2394 1980 -..τνηἾ
2433 1955 2625 1964 ..η-υ
2675 1955 2920 1983 aqua..-
2950 1955 3006 1967 υ.
3037 1955 3107 1968 ..υ
3169 1955 3297 1970 an...
3342 1955 3574 1972 ουρυυμ-

1842 1955 1889 2020 Β
1923 1999 2082 2051 tatus
2102 2013 2339 2069 vespere
2361 1997 2691 2070 complevit,
2717 2017 2851 2055 nam
2877 2017 3004 2056 eam
3029 2002 3190 2072 prius
3214 2004 3285 2058 ad
3309 2020 3574 2060 commu-

1921 2084 2153 2142 nionem
2188 2091 2509 2158 peregerat.

2596 2195 2890 2265 gxxxui

1991 2280 2267 2353 Gregorio
2315 2299 2465 2354 papa
2496 2282 2784 2338 catholico
2817 2284 3057 2356 expulso
3110 2290 3165 2340 et
3211 2286 3267 2340 in
3299 2287 3571 2344 exsilium

1920 2370 2064 2424 satis
2096 2370 2274 2442 impie
2306 2371 2568 2437 detruso,
2603 2371 2910 2428 Heinricus
2942 2390 3039 2428 rex
3070 2375 3384 2445 quemdam
3416 2376 3573 2432 schi-

1918 2458 2228 2514 smaticum
2249 2459 2485 2514 nomine
2508 2459 2858 2531 Wipertum,
2882 2462 3045 2533 prius
3068 2466 3460 2520 Ravennatem
3483 2482 3571 2520 ar-

1919 2545 2378 2620 chiepiscopum,
2425 2548 2526 2603 sed
2560 2549 2686 2619 jam
2711 2549 3013 2621 septennio
3045 2551 3117 2606 ob
3149 2551 3368 2608 scelera
3399 2571 3506 2609 sua
3535 2571 3570 2610 a

1918 2652 2068 2707 papa
2083 2637 2805 2703 excommunicatum,sedi
2827 2639 3156 2711 apostolicae
3174 2639 3411 2714 indigne
3431 2659 3572 2714 prae-

1918 2725 2072 2792 fecit,
2105 2733 2161 2781 et
2190 2725 2315 2798 ipse
2342 2726 2414 2780 ab
2445 2743 2510 2781 eo
2534 2727 3028 2783 consecrationem
3048 2728 3412 2800 imperialem
3445 2731 3570 2787 suis

1919 2814 2200 2886 nequitiis
2231 2815 2379 2871 satis
2410 2816 2695 2888 condigne
2728 2817 3022 2888 percepit;
3076 2817 3187 2872 hoc
3244 2819 3401 2874 enim
3450 2837 3568 2877 non

1915 2903 2292 2971 consecratio,
2313 2905 2411 2960 sed
2441 2905 2628 2977 magis
2659 2906 2975 2961 exsecratio
2999 2906 3425 2964 nominandum
3447 2913 3556 2965 est.

1916 2993 1994 3048 De
2037 2992 2146 3048 hoc
2178 2993 2355 3048 etiam
2387 2993 2662 3064 superius
2693 2995 2841 3064 (854)
2874 2993 3207 3050 retulimus.

2589 3100 2616 3172 ἓ
2644 3100 2882 3156 xxxw.

1987 3188 2224 3246 Interim
2260 3205 2356 3245 rex
2401 3189 2724 3245 Ruodolt‘us
2755 3195 3104 3264 congregato
3135 3194 3389 3249 exercitu
3421 3193 3562 3251 Boe-

1914 3279 2094 3334 miam
2126 3277 2307 3334 voluit
2337 3279 2553 3334 intrare
2610 3295 2856 3350 eamque
2912 3281 3213 3338 devastare
3243 3283 3407 3355 (855),
3460 3285 3561 3340 sed

2138 3327 2306 3334 .--_--
2339 3327 2550 3334 --η-ν--
2613 3327 2855 3350 ηψπ-ν
2914 3327 3212 3338 “me-..”
3244 3327 3407 3355 (νυν),
3460 3327 3561 3340 υνι.

1833 3327 1876 3394 C
1915 3369 2034 3424 dux
2066 3369 2436 3424 Boemiorum
2469 3385 2602 3423 cum
2633 3367 2874 3435 Sclavis,
2908 3371 3203 3440 adjunctis
3243 3371 3354 3427 sibi
3386 3371 3565 3427 etiam

1914 3456 2047 3513 aliis
2077 3457 2462 3529 complicibus
2493 3457 2647 3529 regis
2678 3457 2950 3525 Heinrici,
2999 3460 3248 3514 occurrit
3279 3461 3329 3515 ei
3362 3460 3421 3515 in
3453 3461 3564 3516 ﬂu-

1915 3547 2070 3603 mine
2102 3547 2256 3618 quod
2287 3550 2527 3602 vocatur
2555 3546 2796 3612 Elstere,
2827 3546 3025 3616 ibique
3057 3547 3207 3602 facta
3239 3564 3437 3619 pugna
3467 3566 3566 3604 va-

1911 3635 2031 3690 lida
2063 3634 2233 3690 multi
2267 3652 2333 3690 ex
2364 3639 2610 3705 utraque
2639 3638 2802 3705 parte
2824 3633 3174 3690 ceciderunt.
3212 3637 3340 3707 Ipse
3367 3641 3566 3694 autem

1913 3723 2234 3780 Ruodoll'us
2263 3740 2361 3778 rex
2392 3723 2451 3778 in
2484 3723 2610 3794 ipso
2644 3721 2884 3777 flumine
2925 3722 3125 3778 lancea
3153 3724 3406 3795 graviter
3435 3724 3562 3779 vul-

1912 3817 2172 3880 neratus,
2203 3813 2273 3866 de
2303 3828 2451 3882 equo
2472 3811 2527 3865 in
2547 3827 2760 3882 aquam
2786 3811 3022 3877 cecidit;
3044 3811 3144 3866 sed
3168 3829 3200 3866 a
3223 3811 3348 3867 suis
3374 3811 3568 3869 suble-

1911 3907 2080 3957 vatus
2111 3906 2168 3957 et
2199 3901 2255 3955 in
2275 3917 2548 3971 campum
2582 3898 2832 3966 delatus,
2860 3899 3411 3972 supervenientibus
3443 3901 3565 3972 epi-

1911 3991 2106 4063 scopis
2127 3989 2526 4062 pcenitentiam
2551 3992 2605 4043 et
2629 3988 2906 4044 viaticum
2929 3989 3169 4060 accepit.
3195 3989 3338 4044 Cum
3367 3993 3564 4045 autem

1905 4082 2028 4151 jam
2059 4084 2212 4136 esset
2240 4079 2300 4134 in
2329 4083 2535 4146 morte,
2572 4082 2766 4150 caput,
2801 4077 2952 4133 sicut
2980 4077 3182 4149 fertur,
3217 4077 3460 4133 elevavit
3508 4083 3566 4134 et

1913 4169 2028 4226 ait:
2057 4192 2085 4220 ‹‹
2119 4169 2282 4236 Quis,
2315 4167 2611 4238 inquiens,
2643 4167 2822 4222 habet
2842 4166 3144 4223 victoriam
3168 4168 3195 4222 ?
3229 4189 3257 4218 »
3305 4169 3378 4222 At
3427 4184 3563 4224 cum

1911 4259 2356 4315 circumstantes
2383 4257 2674 4311 dicerent:
2715 4279 2734 4305 α
2761 4255 2897 4325 Vos,
2931 4256 3252 4311 domine!»
3289 4260 3462 4328 caput
3479 4273 3566 4312 re-

1912 4348 2147 4404 clinavit
2193 4350 2251 4402 et
2280 4346 2398 4401 ait:
2455 4369 2474 4395 α
2511 4347 2666 4412 Jam,
2714 4345 2926 4417 inquit,
2986 4362 3103 4400 non
3136 4361 3274 4401 curo
3333 4345 3403 4400 de
3435 4361 3567 4403 mea

1912 4441 2118 4507 morte,
2148 4437 2193 4493 si
2220 4451 2347 4491 eam
2381 4434 2600 4506 excipio
2634 4452 2766 4489 cum
2798 4435 3083 4508 triumphi
3133 4435 3371 4491 honore.
3411 4457 3438 4484 ››
3482 4437 3568 4492 Ita

1913 4544 2010 4583 rex
2041 4524 2362 4582 Ruodolfus
2392 4524 2591 4579 eadem
2627 4524 2720 4579 die
2745 4523 2925 4580 vitam
2952 4521 3138 4580 ﬁnivit
3158 4526 3313 4598 apud
3347 4524 3565 4581 Elstere

1913 4621 2090 4688 atque
2121 4632 2153 4671 a
2182 4614 2306 4670 suis
2337 4613 2700 4669 Mersiburch
2733 4613 2982 4679 delatus,
3014 4613 3215 4685 ibique
3244 4613 3566 4670 honorifice

135 4703 305 4768 runt,
338 4705 396 4756 et
425 4700 721 4766 abierunt,
753 4716 819 4756 ac
849 4701 1312 4775 circumquaque
1354 4702 1551 4759 omnia
1583 4705 1797 4776 praeda,
1833 4697 1877 4762 Ι)
1910 4704 2176 4777 sepultus
2209 4704 2376 4760 estin
2405 4703 2534 4776 ipso
2565 4703 2741 4758 choro
2763 4703 3041 4771 basilicae,
3075 4707 3131 4757 et
3156 4703 3346 4773 imago
3369 4703 3563 4774 ipsius

135 4791 296 4848 ferro
329 4793 387 4844 et
418 4789 542 4862 igni
575 4788 956 4846 devastarunt
985 4791 1160 4863 (851).

211 4968 368 5040 (848)
397 4967 776 5040 Burchardus
806 4967 884 5024 De
905 4985 1024 5026 cas.
1065 4969 1124 5024 S.
1148 4969 1294 5026 Galli
1329 4987 1377 5027 c.
1402 4972 1455 5037 7,
1490 4971 1796 5029 castellum

135 5041 253 5122 hoc
297 5041 524 5123 pariter
573 5039 983 5123 Sigmarjngen
1033 5041 1305 5123 appellat,
1366 5042 1797 5100 Zolleranorum

135 5111 478 5185 principum
510 5111 685 5167 hodie
717 5111 912 5168 sedem
946 5113 1004 5167 in
1037 5111 1265 5169 S’u’evia.

401 5182 753 5266 ﬁertholdus
772 5183 1004 5266 auctior
1017 5184 1123 5266 ‘adn
1138 5184 1424 5266 an..4078.
1451 5257 1462 5266 .

239 5255 371 5325 850)
402 5254 618 5328 Notum
651 5259 739 5308 est
768 5254 1068 5328 imperiale
1089 5256 1307 5328 Sueviaa
1329 5257 1613 5328 oppidum
1636 5257 1800 5314 Gien-

181 5343 282 5408 en,
318 5330 379 5380 at
395 5325 540 5408 nulli
559 5327 690 5408 ejus
708 5325 972 5408 comi—tes,
989 5327 1176 5408 multo
1193 5325 1392 5408 minus
1407 5325 1795 5408 marcbiones.

138 5343 282 5455 gen,
318 5343 379 5380 at
395 5343 540 5406 nuui
559 5343 690 5408 eius
708 5343 972 5408 comites,
992 5343 1175 5382 multo
1193 5344 1388 5383 minus
1409 5343 1795 5386 maremones.

192 5402 324 5452 orte
380 5397 712 5453 dominium
754 5397 894 5454 olim
926 5398 1006 5454 ibi
1059 5400 1402 5454 obtinebant
1457 5401 1697 5456 comites
1729 5402 1800 5457 de

139 5469 615 5543 Lecbsgmunde,
650 5485 900 5543 quorum
931 5470 1159 5542 aliquos
1189 5471 1370 5543 fuisse
1394 5472 1702 5543 principes
1734 5489 1799 5529 ac

142 5540 331 5614 duces
354 5540 556 5614 scribit
578 5540 898 5598 Bruschius
921 5543 991 5597 de
1014 5540 1800 5614 monasterioKaysersheim

144 5612 219 5684 ab
249 5611 401 5684 ipsis
420 5613 684 5684 fundato.
713 5614 875 5670 Certe
905 5632 972 5669 ex
998 5613 1115 5669 illis
1135 5611 1534 5669 Theobaldum
1569 5620 1625 5668 et
1654 5616 1800 5670 Hen-

146 5682 340 5765 ricu'm
372 5683 568 5765 i‘nhliac
621 5700 823 5765 pugna.
844 5686 1186 5765 occubuisse
1234 5689 1482 5765 testatur
1513 5686 1802 5765 anqzilista

146 5755 324 5835 _Sa_x_o,
349 5759 404 5809 et
421 5754 745 5835 [lbi-enicer)
772 5758 1272 5835 Magdeburgepse
1294 5756 1577 5835 (Μιειξςρικίζ
1595 5760 1798 5835 ξὀνὶρι.

148 5831 196 5890 t.
227 5826 300 5896 ll,
332 5841 390 5904 p.
422 5825 571 5905 313);
591 5827 688 5905 qui
709 5827 758 5893 is
789 5825 913 5908 ipse
937 5825 1258 5910 Diepdldus
1281 5825 1542 5889 marchio
1563 5827 1657 5896 hic
1679 5825 1804 5897 nie-

1911 4811 1980 4851 ex
2026 4811 2139 4850 aere
2173 4794 2304 4850 fusa
2347 4797 2522 4866 atque
2549 4793 2827 4848 deaurata
2874 4807 3050 4864 super
3099 4789 3398 4847 tumulum
3431 4791 3562 4861 ejus

1911 4977 2175 5029 moratus
2205 4986 2332 5028 esse
2360 4971 2608 5027 videtur.

1980 5045 2125 5116 (851)
2160 5042 2517 5116 Inmargine
2543 5044 2915 5116 apponitur:
2948 5066 3007 5116 Δ(ι
3041 5037 3559 5116 Tertium_bell_um

1911 5109 2020 5171 fuit
2049 5109 2201 5187 apud
2227 5109 2695 5187 Madilrichist'a't,
2717 5115 2773 5171 in
2798 5131 2912 5187 quo
2943 5113 3155 5187 iterum
3188 5128 3285 5187 rex
3304 5109 3560 5187 Ruodol-

1909 5188 2003 5243 fus
2033 5184 2220 5242 victor
2241 5200 2375 5239 cum
2406 5184 2735 5240 Saxonibus
2767 5184 3008 5251 exstitit,
3034 5184 3339 5239 Heinricus
3364 5185 3561 5238 autem

1911 5259 2079 5314 fueit.
2118 5279 2145 5306 ν)

1975 5274 2288 5401 Yid.
2325 5339 2503 5401 supra
2533 5323 2574 5401 §_
2594 5325 2681 5389 27,
2717 5329 2940 5401 spectat
2967 5327 3038 5401 ad
3064 5345 3164 5401 an.
3201 5325 3361 5382 4084.

1982 5395 2131 5472 (853)
2164 5399 2308 5472 Rem
2366 5396 2493 5450 fuse
2543 5395 2819 5472 describit
2849 5397 3196 5472 Bertholdus
3228 5395 3453 5472 auctior
3481 5396 3554 5452 ad

1909 5466 2005 5527 an.
2040 5466 2178 5525 1076
2199 5470 2296 5524 ubi
2323 5472 2515 5523 tamen
2541 5466 2812 5521 facinoris
2831 5470 3125 5522 auctorem
3150 5485 3264 5523 non
3283 5471 3560 5524 Crescen-

1910 5544 2080 5608 tium,
2116 5543 2213 5596 sed
2250 5539 2552 5605 Quintium
2585 5554 2684 5593 seu
2721 5537 2979 5592 Cincium
3015 5539 3304 5593 nominat.

2003 5613 2128 5680 854)
2161 5613 2332 5667 Num.
2365 5613 2455 5666 27.
2489 5610 2617 5664 Vid.
2665 5610 2954 5663 Berlhnlrli
2991 5611 3202 5663 Chron.
3242 5628 3335 5663 nn.
3392 5611 3546 5680 1084,

2004 5686 2128 5754 855)
2162 5684 2237 5738 De
2271 5683 2376 5754 hoc
2411 5683 2696 5754 llmlnlphi
2729 5683 2878 5754 regis
2901 5683 3139 5738 consilio
3165 5683 3337 5736 silent
3363 5679 3553 5737 caeteri

1911 5753 2223 5828 scriptares
2245 5753 2315 5811 ad
2350 5771 2444 5810 an.
2480 5755 2636 5826 1080,
2672 5770 2786 5829 quo
2820 5754 2938 5810 haec
2973 5756 3121 5812 facta
3152 5759 3308 5818 sunt.

1983 5615 1997 5756 ξ
