3982 6216
375 380 490 444 335

1071 384 1461 444 APPENDIX
1510 384 1614 442 AD
1660 376 2103 442 CHRONICON
2152 379 2568 440 HERMANNI
2612 376 3078 445 CONTRACTI.

3656 376 3774 443 336

373 515 733 586 transposita
754 520 858 571 est.
890 516 947 569 In
971 514 1077 569 hoc
1101 515 1251 570 bello
1266 514 1501 569 victoria
1522 513 1700 568 dubia
1722 511 1850 580 fuit,
1874 529 2014 583 quo-
2041 514 2098 580 Α
2125 512 2552 583 tenaxjustitiaa
2577 512 2736 568 nullo
2759 514 2932 569 modo
2952 513 3183 570 deﬂecti
3200 512 3412 586 potuit,
3434 512 3553 569 nisi
3574 511 3673 568 ille
3698 513 3779 569 ab

376 604 533 659 niam
570 620 637 658 ex
668 608 910 674 utraque
942 608 1104 675 parte
1144 604 1456 675 fugerunt:
1510 607 1765 657 attamen
1825 600 2013 656 Sclavi

373 694 670 764 regionem
703 708 868 747 suam
897 692 968 746 ab
992 692 1289 748 invasione
1307 694 1600 747 Saxonum
1620 692 2012 747 defensarunt.

372 783 578 835 Actum
611 797 761 835 anno
794 779 1109 835 Dominicae
1143 780 1567 837 incarnationis
1614 798 1828 850 MLxxx,
1880 781 2016 835 Idus

373 867 657 924 Octobris.

1055 958 1325 1029 gxxxv.

445 1048 598 1105 839
632 1045 850 1102 Dehinc
884 1048 1149 1118 sequenti
1173 1065 1323 1103 anno
1355 1064 1620 1120 proceres
1643 1049 1933 1103 Saxonum
1962 1052 2020 1102 et

375 1138 695 1192 Suevorum
720 1140 1112 1190 convenerant
1133 1136 1215 1207 (in
1239 1136 1383 1204 loco)
1416 1137 1515 1208 qui
1567 1140 1806 1191 vocatur
1835 1136 2016 1190 Obso-

375 1224 589 1289 nefurt,
605 1230 662 1277 et
682 1223 1101 1279 Herimannum
1122 1226 1551 1279 constituerunt
1568 1242 1786 1295 regem,
1810 1240 2020 1296 genere

376 1315 664 1368 Francum
698 1313 768 1366 de
800 1311 1109 1384 Glichberg
1140 1315 1285 1385 (850)
1319 1314 1508 1369 virum
1542 1313 1814 1381 nobilem,
1850 1315 2020 1368 deco-

375 1419 528 1471 rum,
564 1405 869 1457 strenuum
900 1407 957 1457 et
978 1402 1277 1470 idoneum,
1310 1420 1461 1458 anno
1509 1404 1798 1458 Incarnat.
1853 1402 2016 1457 Dom.

376 1509 589 1548 mum
621 1490 998 1564 regnavitque
1029 1492 1199 1547 annis
1229 1496 1475 1563 septem.

1043 1582 1069 1647 §
1109 1580 1350 1636 XXXVI.

447 1670 583 1725 Post
612 1670 734 1724 haec
792 1670 908 1724 dux
966 1670 1289 1725 Suevorum
1337 1670 1686 1738 Fridericus,
1738 1674 1795 1725 et
1826 1672 2022 1725 Cuono

377 1760 676 1815 Palatinus
710 1760 779 1814 de
812 1758 1141 1814 Fohiburcb
1176 1759 1325 1830 (857)
1358 1776 1491 1814 cum
1527 1757 2020 1814 czeterisHeinrici

379 1847 531 1919 regis
550 1846 901 1903 satellitibus
928 1848 1259 1921 congregati
1282 1848 1567 1919 quasdam
1595 1846 2021 1902 munitionesin

380 1937 648 1992 Baioaria
678 1941 977 2008 ceperunt,
1018 1942 1073 1991 et
1103 1953 1288 2008 usque
1330 1936 1400 1992 ad
1451 1936 1861 2003 munitionem,
1896 1953 2021 2007 qua:

379 2030 618 2082 vocatur
640 2027 1267 2095 Werde,accesserunt,
1292 2027 1446 2081 840
1458 2043 1703 2097 eamque
1724 2030 2021 2097 ceperunt.

378 2116 519 2171 Inde
552 2133 684 2171 cum
716 2116 964 2181 abirent,
997 2132 1126 2169 ecce
1158 2116 1552 2170 Hcrimannus
1585 2132 1680 2169 rex
1706 2131 1840 2169 cum
1871 2131 2025 2168 exer-

380 2205 497 2259 citu
529 2206 850 2260 Suevorum
886 2205 1242 2275 supervenit,
1276 2220 1495 2274 eosque
1528 2203 1584 2257 in
1616 2203 1760 2271 loco,
1796 2202 1896 2273 qui
1927 2220 2021 2257 vo-

379 2299 543 2349 catur
564 2295 737 2349 Hostc
768 2292 1231 2362 comprehendit.
1256 2292 1405 2346 Inito
1429 2297 1624 2345 autem
1650 2290 1800 2345 bello
1819 2290 2028 2345 acriter

379 2400 448 2437 ex
478 2387 727 2451 utraque
764 2385 926 2451 parte
976 2385 1401 2450 pugnaverunt,
1462 2396 1714 2450 cumque
1764 2379 2027 2434 animose

380 2473 732 2541 pugnarent,
782 2472 839 2522 et
888 2472 1095 2522 neutra
1151 2485 1286 2539 pars
1318 2468 1521 2522 cedere
1552 2468 1741 2538 vellet,
1775 2485 1929 2522 unus
1960 2484 2027 2522 ex

381 2560 545 2628 parte
574 2555 1032 2610 Alamannorum
1066 2553 1353 2609 clamasse
1378 2555 1558 2609 fertur
1581 2571 1792 2627 magna
1820 2555 2025 2610 vocife-

382 2646 604 2700 ratione
631 2661 643 2699 :
680 2645 800 2711 Eia,
834 2642 1129 2714 inquiens.
1153 2643 1337 2707 Sueri,
1367 2645 1586 2713 fortiter
1604 2649 1885 2716 pugnate;
1912 2661 2029 2699 ecce

379 2736 649 2806 fugientes
678 2733 962 2803 Bajoarz’os
1014 2731 1200 2797 videte,
1254 2732 1474 2787 nullum
1530 2750 1600 2787 ea:
1655 2734 1732 2787 eis
1761 2734 1914 2788 abire
1942 2733 2025 2787 di-

384 2826 602 2878 mittite.
634 2823 818 2886 Quam
851 2837 1046 2876 vocem
1080 2820 1384 2876 audientes
1417 2821 1684 2889 Baioarii,
1730 2826 1786 2877 et
1816 2827 2027 2893 putan-

382 2916 471 2968 tes
501 2912 584 2967 ita
603 2927 750 2978 esse,
771 2910 923 2966 sicut
943 2910 1037 2965 ille
1064 2909 1360 2983 malignus
1383 2910 1624 2978 dixerat,
1649 2927 1852 2966 omnes
1875 2911 2029 2984 pari-

385 3006 474 3057 ter
502 3006 665 3073 terga
694 3004 988 3055 verterunt
1017 3005 1075 3054 et
1123 3017 1275 3054 unus
1318 2998 1498 3054 alium
1533 3000 1669 3071 fuga
1716 3001 2029 3072 praevenire

388 3090 733 3161 cupierunt;
764 3088 959 3159 plures
990 3093 1185 3143 autem
1218 3088 1297 3141 ibi
1321 3087 1673 3143 ceciderunt.
1710 3089 1791 3143 lbi
1824 3089 2032 3144 cecidit

387 3181 585 3237 Cuono
620 3177 916 3234 Palatinus
946 3178 1017 3232 de
1044 3176 1371 3232 Fohiburcb
1405 3194 1540 3231 cum
1573 3176 1774 3233 multis
1805 3176 1953 3232 aliis.

1052 3265 1375 3335 §xxxvn.

473 3362 690 3416 Iterum
724 3375 818 3413 rex
868 3355 1170 3412 Heinricus
1200 3371 1411 3427 papam
1442 3354 1783 3427 Gregorium
1834 3357 2037 3414 multis

397 3449 702 3507 blanditiis
727 3448 872 3519 (858)
896 3445 1155 3501 delinivit
1186 3449 1248 3499 ut
1268 3461 1330 3500 se
1361 3444 1757 3500 reconciliaret
1785 3447 1918 3513 ;sed
1944 3446 2038 3503 ille

465 3574 609 3644 (856)
624 3574 1020 3629 Hermannum
1039 3568 1480 3644 regcmfamilize
1494 3570 1774 3624 comitum
1792 3571 2033 3644 Lucem-

388 3641 767 3719 burgensium
789 3641 1178 3719 adnumerant
1195 3641 1482 3719 historici,
1507 3658 1573 3695 ex
1597 3658 1856 3719 quorum
1880 3642 2037 3719 testi-

387 3712 582 3774 monio
596 3724 821 3790 patrem
836 3716 1042 3790 habuit
1056 3712 1444 3790 G_iselber_tum
1459 3712 1729 3790 comitem
1742 3714 1859 3785 ,qui
1876 3713 2032 3790 ﬁlius

386 3794 509 3845 erat
531 3784 803 3845 Friderici
836 3786 1065 3842 comitis
1089 3784 1619 3856 Luxemburgensis
1641 3803 1652 3839 :
1678 3786 1749 3840 de
1770 3784 1886 3856 quo
1909 3786 2031 3842 haec

384 3861 562 3917 refert
591 3857 1396 3933 anonymnsWeingartensis
1426 3858 1496 3911 de
1514 3856 1792 3933 Gnclphis
1814 3858 2027 3933 princi-

383 3933 557 4005 pibus
589 3950 711 4005 cap.
824 3929 1321 4005 (Lnibnit._8er3pt.
1348 3930 1632 4005 Brunsvie.
1658 3934 1698 3982 t.
1734 3929 1853 4005 I,_p.
1876 3931 2028 4005 7_83.)

389 3999 410 4053 ἃ
447 3999 854 4075 ϐυοὶῑόωιὶυᾲ
884 4000 1166 4075 Ludolphi
1212 4000 1405 4075 fratris
1554 3999 2026 4075 ‘ConradiAC‘on-

382 4070 725 4130 stantiensis
755 4072 1035 4145 episcopi)
1068 4070 1293 4145 uxorem
1344 4070 1504 4145 duxit
1532 4071 1596 4126 de
1622 4074 1777 4141 gente
1824 4070 2024 4138 Satira,

382 4146 447 4201 de
474 4155 647 4203 castro
678 4143 953 4215 Gti/iberg,
983 4143 1228 4198 Juitham
1250 4144 1493 4215 nomine,
1524 4158 1761 4215 sororem
1806 4145 2029 4199 Henrici

381 4216 535 4271 ducis
592 4213 930 4280 Noricorum,
990 4218 1040 4269 et
1091 4215 1201 4267 NB.
1236 4213 1503 4267 Frideriei
1546 4214 1701 4267 ducis
1734 4215 2021 4269 Lotharin-

382 4302 596 4354 gorum,
630 4291 736 4340 etc.
764 4310 789 4334 ››
809 4283 985 4339 simul
1008 4284 1162 4338 enim
1188 4284 1573 4355 Lotharingize
1596 4284 1883 4341 inferioris
1907 4286 2024 4341 dux

380 4353 504 4412 erat
534 4356 861 4430 Fridericus
906 4358 1164 4430 iste,__an.
1201 4355 1334 4407 1048
1366 4353 1437 4430 ab
1480 4353 1737 4430 Henrico
1768 4354 1841 4409 IIl
1877 4358 2018 4430 imp.

382 4427 757 4493 constitutus,
790 4429 859 4481 de
890 4443 1004 4498 quo
1036 4423 1775 4498 Hermannusinchronico
1805 4430 1897 4482 ad.
1923 4423 2017 4484 an.

382 4499 521 4552 1046
544 4504 601 4553 et
624 4514 758 4571 seq._
784 4494 931 4571 Rem
956 4513 1088 4571 vero
1111 4495 1325 4571 clarius
1346 4494 1593 4571 explicat
1621 4494 1779 4571 idem
1798 4516 2018 4571 anony-

380 4585 514 4624 mus
543 4587 610 4624 ex
637 4564 829 4624 codice
862 4564 1320 4638 Weingarteinsi
1342 4566 1684 4622 emendatus
1715 4568 1881 4638 (Hess
1905 4564 2011 4626 Mo-

374 4650 621 4697 nument.
658 4640 877 4712 Guelph.
912 4658 947 4712 p

374 4659 621 4697 numem.
658 4659 782 4696 uuet
825 4659 877 4696 η.
912 4659 968 4712 p.
1006 4659 1112 4708 1:),
1141 4659 1237 4691 um
1272 4659 1423 4691 mem
1456 4659 1713 4693 cusu‘um
1748 4659 1861 4694 non
1893 4659 2012 4696 uu-

374 4712 577 4788 hberg,
602 4714 704 4769 sed
736 4659 1057 4776 Glizberch,
1092 4706 1507 4788 et_pro_:]'uitha
1542 4708 1713 4788 [mina
1744 4713 2016 4788 nomina-

372 4788 487 4840 tur.
509 4778 765 4857 Utroque
787 4790 982 4840 autem
1007 4778 1241 4857 nomine
1259 4778 1625 4857 Glitzberget
1650 4781 2016 4857 Lucemburg

370 4859 604 4913 eosdem
625 4852 868 4912 comites
884 4852 1426 4922 Luxemburgenses
1443 4852 1635 4907 venire
1648 4858 1811 4908 notat
1824 4852 2016 4910 Schei-

371 4928 503 4985 dius
534 4930 590 4984 in
624 4932 778 4984 notis
811 4929 881 4982 ad
906 4925 1175 4998 origines
1193 4921 1635 4998 G_u_elpbicas_(t.
1671 4924 1744 4998 lI,_
1776 4943 1829 4998 p.
1862 4930 2009 4998 222).

368 4999 519 5056 Dum
541 5018 672 5057 vero
692 5000 907 5055 ibidem
934 4993 1401 5050 adBertholdum
1424 5011 1525 5049 seu
1545 4993 1893 5051 Bernoldum
1915 4993 2011 5053 no-

366 5078 554 5127 strum
588 5069 1094 5127 Constantiensem
1127 5064 1576 5120 etLambertum
1603 5067 2011 5123 Schatfnabur-

406 5160 607 5200 ensem
641 5145 1165 5213 provocat,_vcreor
1201 5153 1271 5192 ne
1314 5137 1698 5213 similitudine
1752 5140 2010 5213 nominis

406 5160 607 5200 ensem
641 5155 931 5213 provocat,
968 5155 1165 5193 vereor
1201 5155 1271 5192 ne
1314 5155 1698 5193 SlmlllLUOmc
1752 5156 2007 5196 nominis

365 5155 643 5286 geceptus
675 5214 753 5286 sit
784 5210 1109 5286 Sclieidius.
1144 5208 1473 5286 iternoldus
1497 5211 1734 5286 quidem
1781 5211 1864 5286 ad
1899 5229 2007 5286 an-

365 5282 526 5339 num'
576 5285 713 5339 1059
770 5282 1002 5337 scribit:
1061 5282 1375 5337 Fridericus
1425 5285 1477 5336 et

363 5372 434 5410 ex
464 5355 599 5411 aliis
631 5355 929 5410 codicibus
955 5356 1155 5425 fratres
1184 5353 1322 5424 ejus)
1361 5352 1426 5406 de
1475 5350 1791 5423 Glichberge
1839 5350 2006 5409 Hein-

362 5428 476 5482 rieo
502 5428 625 5495 regi
650 5428 930 5491 rebellant,
965 5427 1023 5481 id
1079 5436 1269 5481 tamen
1322 5440 1454 5496 mox
1509 5429 1713 5496 postea
1753 5425 2004 5496 explica-

362 5497 579 5553 bimus.
600 5498 881 5555 Aliud'est
901 5499 972 5553 de
1001 5498 1326 5565 Lamberto,
1352 5495 1452 5565 qui
1482 5495 1554 5551 ad
1577 5513 1671 5552 an.
1700 5495 1840 5552 1075
1860 5497 2002 5553 scri-

359 5568 465 5633 bit,
499 5568 912 5626 Herimannum
949 5571 1217 5625 comitem
1251 5569 1320 5622 de
1371 5566 1638 5637 Gilzberg
1691 5567 1748 5620 in
1782 5585 2004 5639 pugna

357 5639 609 5697 Heinrici
644 5651 840 5699 contra
861 5648 1116 5698 Saxones
1140 5638 1505 5693 vacillantem
1534 5639 1684 5709 regis
1707 5638 2000 5696 aciem're—

355 5712 648 5791 stituisse;
672 5733 845 5791 quem
876 5712 1182 5791 Scbeidius
1213 5710 1485 5791 eumdem
1520 5726 1647 5791 esse
1679 5711 2003 5791 putata-qui

1532 5283 1708 5350 frater
1734 5285 1856 5353 ejus
1887 5284 2011 5353 (aut

2125 601 2426 674 impietate
2481 619 2588 657 sua
2644 602 3028 674 resipisceret.
3090 607 3174 658 Ac
3220 606 3530 675 propterea
3560 601 3775 675 pulsus

2126 690 2313 763 patria
2334 689 2639 746 Salernum
2674 691 2857 763 petiit,
2902 691 3099 764 ibique
3134 692 3282 764 (859)
3315 692 3608 764 synodum
3638 706 3776 746 con—

2125 779 2384 851 gregavit
2422 796 2486 834 ac
2526 779 2735 834 iterum
2768 784 2969 836 contra
2996 780 3330 852 Wipertum
3371 785 3430 836 et
3457 779 3779 836 Henricum

2125 867 2386 939 gladium
2400 869 3020 926 excommunicationis
3033 869 3346 939 exacuit,et
3357 872 3560 927 contra
3572 885 3781 925 omnes

2127 957 2383 1013 fautores
2412 974 2613 1013 eorum
2646 962 2703 1013 et
2732 959 3029 1015 erroribus
3060 976 3261 1015 eorum
3305 957 3780 1027 consentientes;

2127 1046 2349 1118 excepit
2380 1051 2575 1101 autem
2608 1046 2861 1102 rusticos
2891 1052 2947 1102 et
2995 1064 3208 1119 pueros
3255 1064 3323 1104 ac
3372 1045 3653 1105 mulieres
3680 1044 3785 1120 qui

2128 1152 2234 1190 nec
2264 1135 2446 1191 armis
2478 1152 2582 1191 nec
2612 1136 2872 1191 consiliis
2902 1153 3001 1192 eos
3024 1138 3319 1207 juvarent.
3736 1124 3739 1125 ν

2203 1225 2262 1277 In
2296 1224 2499 1278 eadem
2533 1224 2761 1279 civitate
2790 1224 2906 1279 ﬁne
2944 1223 3071 1280 vita:
3128 1227 3455 1297 praeventus
3498 1223 3608 1285 hoc
3659 1240 3790 1280 me-

2133 1312 2371 1367 moriale
2404 1317 2536 1367 ante
2566 1313 2792 1367 obitum
2828 1329 3003 1368 suum
3031 1312 3250 1370 dixisse
3290 1315 3599 1369 narratur:
3638 1312 3788 1382 Qua-

2128 1404 2284 1455 niam
2287 1403 2430 1471 justi
2434 1403 2539 1455 tias
2556 1402 2749 1470 dilexi,
2764 1411 2814 1457 et
2826 1404 3087 1472 facientes
3103 1403 3590 1474 praevaricationes
3606 1400 3785 1470 adivi,

2130 1490 2247 1545 ideo
2278 1491 2484 1544 morior
2514 1492 2573 1544 in
2603 1491 2820 1546 exsilio.
2856 1490 3013 1546 Obiit
3051 1495 3249 1547 autem
3282 1506 3434 1547 anno
3483 1490 3786 1547 Incarnat.

2131 1581 2295 1634 Dom.
2330 1596 2542 1633 MLXXXI
2574 1579 2742 1649 (860).

2200 1668 2317 1723 Rex
2348 1672 2543 1723 autem
2583 1668 2891 1723 Heinricus
2943 1669 3014 1725 de
3064 1667 3229 1724 Italia
3276 1667 3338 1722 in
3388 1667 3790 1724 Theutonicas

2132 1761 2328 1828 partes
2361 1756 2590 1811 rediens
2615 1756 2942 1813 Welfonem
2968 1758 3175 1813 ducem
3198 1755 3565 1812 Vindelicam
3587 1761 3791 1831 Augu-

2134 1850 2283 1900 stam
2336 1845 2466 1901 odio
2516 1845 2775 1918 Sigifridi
2816 1845 3073 1918 episcopi
3126 1845 3509 1909 obsidentem
3542 1846 3791 1919 reperit,

2133 1950 2387 2005 eumque
2419 1935 2553 1990 inde
2584 1935 2863 1990 exterruit
2892 1935 3063 2007 (881).

2775 2023 3138 2097 §xxxan

2208 2121 2373 2170 Anno
2397 2114 2682 2169 incarnat.
2710 2113 2875 2169 Dom.
2897 2130 3151 2171 MLxxxvi
3185 2114 3332 2185 (862)
3365 2112 3565 2169 ﬁdeles
3586 2114 3647 2168 S.
3683 2112 3793 2169 Pe-

2132 2204 2203 2258 tri
2230 2200 2500 2275 generale
2523 2201 2884 2274 colloquium
2931 2205 3062 2274 post
3093 2202 3472 2258 festivitatem
3494 2201 3789 2274 apostolo-

2134 2309 2260 2347 rum
2283 2309 2460 2364 prope
2476 2290 2846 2347 Wirziburch
2876 2289 3280 2347 condixerunt.
3307 2291 3472 2356 Quod
3496 2307 3594 2346 rex
3607 2289 3792 2345 Hein-

2139 2381 2293 2436 ricus
2324 2381 2667 2452 perturbare
2695 2379 2894 2435 volens
2943 2397 3078 2435 cum
3121 2376 3375 2435 exercitu
3425 2379 3795 2452 supervenit,

2136 2470 2235 2524 sed
2270 2468 2643 2524 multitudine
2680 2470 2826 2525 341
2865 2470 3185 2524 Suevorum
3235 2485 3371 2523 cum
3420 2467 3797 2540 principibus

2138 2558 2262 2613 suis
2294 2558 2738 2628 superveniente
2770 2557 2841 2613 ad
2895 2560 3128 2629 tempus
3177 2555 3372 2612 locum
3423 2555 3606 2611 dedit.
3643 2555 3798 2629 Ipsis

2136 2651 2329 2701 autem
2347 2645 2706 2718 Herbipolim
2722 2646 3018 2716 adjunctis
3032 2645 3359 2701 Saxonibus
3371 2644 3799 2700 circumdanti-

2136 2737 2266 2801 bus,
2291 2734 2597 2790 Neinricus
2617 2752 2713 2790 rex
2734 2735 2987 2790 exercitu
3016 2734 3222 2807 viginti
3254 2733 3509 2789 millium
3543 2750 3801 2806 congre-

2136 2828 2291 2896 gato,
2317 2824 2386 2878 ad
2405 2823 2767 2878 liberandam
2788 2824 2991 2879 urbem
3007 2824 3191 2879 aciem
3207 2820 3435 2878 direxit.
3458 2820 3550 2877 Illi
3568 2828 3798 2892 autem,

2137 2918 2329 2968 erecta
2360 2929 2527 2966 cruce
2561 2912 2790 2967 obviam
2825 2912 2877 2967 ei
2908 2912 3140 2968 duobus
3179 2909 3471 2966 milliariis
3517 2926 3641 2966 non
3675 2914 3802 2969 tam

2140 3001 2322 3057 armis
2354 3018 2529 3072 quam
2557 3000 2958 3056 misericordia
3006 3001 3101 3055 Dei
3148 3000 3299 3066 freti,
3348 3005 3801 3072 processerunt.

2138 3089 2461 3145 lnterfectis
2484 3094 2679 3144 autem
2696 3105 2764 3143 ex
2786 3094 2947 3161 parte
2973 3087 3125 3161 regis
3164 3087 3329 3143 valde
3365 3087 3594 3159 multis,
3619 3089 3805 3145 Suevi

2140 3183 2196 3233 et
2221 3180 2474 3234 Saxones
2511 3179 2760 3232 victores
2801 3178 3166 3244 exstiterunt,
3199 3179 3257 3232 et
3287 3193 3355 3232 ex
3384 3192 3493 3231 sua
3521 3176 3649 3232 acie
3686 3195 3805 3234 non

2066 3256 2110 3322 C
2147 3267 2259 3322 nisi
2280 3271 2396 3322 tres
2419 3266 2827 3322 tantummodo
2853 3266 3250 3338 perdiderunt.
3275 3263 3565 3320 Tulerunt
3596 3262 3807 3323 autem

2146 3372 2262 3411 non
2284 3359 2510 3410 tantum
2534 3353 2749 3410 scrinia
2769 3370 2903 3409 cum
2942 3353 3237 3427 regalibus
3270 3352 3664 3423 vestimentis,
3705 3356 3808 3413 sed

2145 3449 2202 3500 et
2229 3443 2631 3515 episcoporum
2667 3442 2885 3498 infulas
2911 3443 3012 3514 qui
3062 3458 3194 3498 cum
3239 3458 3306 3498 eo
3354 3446 3527 3497 erant
3551 3441 3618 3497 in
3644 3442 3808 3501 bello

2144 3567 2372 3622 Henrici
2397 3567 2627 3623 steterit
2647 3566 2867 3638 pariter
2888 3571 2952 3622 ut
2974 3565 3322 3638 Rudolphus
3352 3566 3480 3638 (dux
3510 3570 3570 3621 et
3601 3565 3806 3623 Welfo

2141 3640 2473 3694 Hermanno
2494 3637 2987 3713 ensuperioribus
3009 3637 3320 3713 affinitate,
3335 3637 3609 3713 junctus,
3632 3654 3809 3713 equo

2140 3717 2335 3766 tamen
2357 3727 2490 3765 cum
2518 3709 2634 3764 illis
2656 3709 2858 3781 postea
2894 3710 2966 3765 ab
3004 3709 3105 3764 illo
3142 3709 3390 3764 deficere
3415 3709 3632 3780 potuit.
3659 3709 3807 3778 Qus

2139 3783 2314 3837 etiam
2346 3782 2526 3836 videri
2551 3786 2748 3853 posset
2769 3781 2940 3849 ratio,
2962 3798 3068 3837 cur
3088 3797 3222 3836 eum
3244 3786 3378 3853 post
3398 3785 3661 3853 mortem
3686 3786 3809 3840 Ru-

2138 3854 2274 3908 dolﬁ
2299 3870 2393 3909 an.
2412 3850 2861 3925 1081'principes
2884 3868 3076 3925 regem
3096 3850 3533 3925 constituerint,
3551 3853 3629 3908 ob
3643 3869 3811 3925 com-

2138 3926 2446 3996 probatam
2478 3922 2688 3996 nempe
2716 3922 2982 3979 bellicam
3017 3925 3145 3995 ejus
3179 3922 3611 3996 fortitudinem.
3645 3924 3807 3981 Dum

2137 3993 2330 4050 autem
2353 4012 2561 4068 genere
2588 3993 2843 4068 Francus
2866 3996 2959 4051 hic
2982 3993 3218 4068 dicitur,
3239 3993 3532 4068 convenit
3552 4012 3702 4052 cum
3724 3997 3807 4052 ci-

2136 4073 2253 4123 tato
2269 4065 2701 4139 Wéingartensi
2740 4084 3052 4139 anonymo,
3094 4066 3204 4139 Aqui
3235 4065 3602 4139 Fridericum
3657 4068 3811 4124 Her-

2136 4139 2335 4194 manni
2360 4137 2532 4194 avum
2556 4139 2628 4194 de
2662 4144 2833 4209 gente
2855 4137 3047 4195 Salica
3084 4137 3268 4194 fuisse
3306 4137 3535 4209 scribit,
3563 4154 3638 4195 ac
3668 4140 3809 4201 ideo

2133 4217 2373 4265 notatur
2393 4214 2459 4265 ut
2480 4207 2989 4282 Lucemburgense
3005 4214 3266 4282 castrum
3282 4207 3567 4282 nGlizbgrg
3586 4210 3811 4282 distin-

2133 4287 2352 4356 guatur
2363 4284 2433 4336 ab
2455 4281 2568 4336 alio
2587 4278 2945 4356 cognomine
2977 4278 3356 4356 castroLolim
3380 4280 3438 4356 in
3454 4278 3812 4356 Tburingia

2132 4351 2310 4425 prope
2333 4354 2528 4425 lenam
2554 4351 2695 4408 sitcf
2712 4354 2850 4408 Inde
2875 4354 3019 4408 forte
3047 4352 3156 4407 fuit
3175 4351 3508 4425 Frideric_us
3527 4356 3589 4406 et
3612 4351 3809 4425 frater

2126 4422 2257 4495 ejus
2283 4425 2351 4478 de
2383 4424 2713 4496 Glicbberg,
2746 4425 2845 4494 Qui
2880 4441 2972 4480 an.
3025 4426 3165 4479 1057
3205 4423 3376 4493 juxta
3420 4422 3807 4496 Bernoldum

2127 4498 2243 4568 regi
2279 4494 2738 4568 rebellarunt.ld
2762 4513 2894 4552 vero
2924 4496 2995 4551 de
3016 4496 3581 4568 Hermannonostro
3613 4495 3813 4554 intel-

2126 4564 2224 4651 lig'i
2251 4568 2473 4651 nequit,
2493 4567 2593 4651 qui
2620 4567 2848 4651 nullum
2873 4568 3111 4651 fratre-In
3141 4564 3508 4651 Fridericum
3529 4565 3807 4651 'liabuit,

957 4682 968 4693 .
1006 4629 1112 4708 113),
1140 4637 1237 4691 ubi
1269 4636 1423 4708 idem
1456 4629 1728 4693 castrum'
1748 4656 1861 4694 non
1893 4642 2012 4696 Gli-
2043 4629 2088 4692 D
2120 4629 2275 4694 etvex
2295 4629 2603 4693 Lambcrto
2622 4639 2811 4694 adhuc
2844 4656 2936 4695 an.
2972 4639 3111 4693 1075
3140 4636 3197 4692 in
3236 4637 3489 4692 exercitu
3527 4629 3808 4696 Heinrici

2126 4715 2361 4765 strenue
2396 4709 2690 4765 militavit.
3700 4730 3707 4737 ο

2195 4782 2343 4851 (857)
2377 4780 2723 4836 Bertholdus
2774 4780 2895 4836 haec
2931 4781 3002 4836 ad
3053 4796 3147 4835 an.
3202 4780 3333 4833 1081
3386 4776 3573 4851 refert
3624 4781 3810 4839 utiot

2124 4849 2413 4907 annalista
2436 4852 2604 4917 Saxo,
2639 4851 2739 4923 qui
2770 4852 3064 4907 Cononem
3108 4851 3276 4923 hunc
3325 4849 3587 4923 C‘ononjs
3621 4851 3805 4909 Pala-

2123 4924 2228 4977 tini
2255 4923 2484 4978 comitis
2511 4918 2695 4977 tilium
2723 4918 3807 4988 nominat,PalatiniscilicetBavarici

2121 4995 2190 5069 de
2216 4994 2495 5065 Vohburg
2521 5012 2533 5059 ;
2570 4998 3058 5069 neuntr_um_tamen
3084 4994 3140 5049 in
3165 4992 3341 5058 Luca,
3365 5009 3421 5063 p.
3460 4992 3602 5049 1138
3621 5011 3806 5069 repa-

2121 5066 2231 5119 rire
2265 5071 2372 5129 est,
2403 5081 2507 5119 nec
2540 5066 2691 5135 apud
2727 5065 2985 5120 Lazium.

2192 5138 2338 5205 (858)
2371 5135 2669 5191 Berthold.
2705 5137 2774 5191 ad
2808 5154 2902 5192 an.
2942 5135 3097 5191 1083'.

2188 5203 2340 5279 (859)
2376 5208 2503 5279 Yid,
2539 5207 2744 5279 infra§
2778 5209 2865 5275 42,
2905 5213 2962 5263 et
2992 5204 3342 5262 Bertlioldus
3365 5203 3437 5258 ad
3482 5203 3647 5262 hunc
3681 5225 3800 5266 an-

2117 5296 2280 5342 num,
2299 5277 2394 5333 ubi
2410 5277 2778 5334 Salernitana
2795 5279 2914 5334 haec
2935 5278 3195 5342 synodus
3210 5280 3416 5331 contra
3431 5291 3642 5333 omnes
3665 5279 3804 5338 fere

2117 5297 2280 5342 num,
2299 5297 2394 5333 UDI
2410 5297 2778 5334 balermtana
2796 5297 2914 5334 [1ωο
2935 5297 2961 5334 S
3007 5297 3195 5333 DOGUS
3210 5297 3416 5331 contra
3431 5297 3642 5333 omnes
3665 5297 3800 5338 lere

2115 5349 2418 5405 astruitur.
2441 5350 2573 5413 Quae
2601 5354 2795 5405 autem
2832 5350 2926 5405 hic
2948 5297 3023 5405 die
3059 5349 3318 5420 exceptis
3340 5346 3800 5420 abexcommu-

2114 5421 2405 5495 mentione
2423 5420 2820 5495 habentur,ad
2838 5422 3130 5495 synodum
3146 5418 3283 5495 anni
3306 5418 3445 5473 1078
3456 5420 3796 5491 pertinent.

2206 5493 2333 5565 860)
2362 5492 2825 5565 Substituendus
2856 5490 2946 5550 est
2971 5509 3040 5548 ex
3086 5490 3117 5565 §
3165 5492 3233 5546 42
3276 5490 3471 5565 annus
3521 5508 3792 5565 Mm.

2207 5564 2330 5634 851)
2360 5563 2493 5619 Vid.
2525 5564 2847 5620 Chronicon
2882 5561 3291 5629 Augustanum
3317 5561 3529 5634 ad_an.i
3556 5563 3702 5620 4081
3732 5571 3799 5626 et

2112 5637 2271 5701 4084,
2308 5635 2377 5688 ad

2410 5636 2792 5717 qunm‘etinm‘
2820 5635 3220 5717 consulendus
3261 5630 3635 5717 Bertholdus.
3666 5634 3679 5637 τ

2185 5706 2330 5781 (862)
2363 5707 2525 5781 C_onf.
2548 5706 2937 5781 _Bertboldus
2962 5707 3032 5764 ad
3067 5706 3125 5781 ll:
3178 5722 3230 5761 a.
3281 5720 3351 5761 ex
3394 5720 3512 5781 quo
3542 5706 3664 5764 ista
3704 5709 3789 5775 ad

353 5788 553 5870 postea
571 5775 889 5848 rek'factus
921 5785 1017 5846 sit.
1045 5781 1320 5855 Quamvis
1343 5779 1498 5839 enim
1526 5784 1666 5840 tunc
1680 5775 2002 5860 'apartib'us
2108 5775 2356 5838 verbum
2386 5776 2502 5837 tere
2533 5777 2862 5854 desumpsit
2892 5775 3284 5875 chronologus
3315 5775 3537 5837 noster.
