3982 6216
234 347 358 421 831

238 486 641 560 abstulerunt,
665 494 722 548 et
750 487 1099 549 illanoctein
1116 492 1321 549 eodem
1336 510 1539 567 campo
1558 495 1706 552 inter
1728 498 1892 554 cada-
1924 499 1979 565 Α

236 595 375 637 vera
403 579 741 638 occisorum
772 585 965 638 castra
992 583 1191 638 metati
1221 586 1379 650 sunt,
1412 583 1624 640 deinde
1644 587 1716 642 ad
1740 587 1895 642 obsi-

240 667 478 727 dionem
502 672 885 739 revertentes,
919 670 1213 728 civitatem
1248 672 1373 729 sine
1405 672 1689 745 sanguine
1731 692 1895 748 cepe-

244 761 406 815 runt.

922 868 951 934 §
971 865 1216 923 XXXIX.

313 979 499 1053 Igitur
526 979 923 1038 Herimannus
954 999 1052 1038 rex
1081 984 1229 1055 (863)
1261 999 1395 1041 cum
1426 984 1485 1040 in
1546 985 1893 1042 Alemannis

241 1074 725 1137 commoraretur,
759 1075 816 1127 et
846 1071 1038 1143 regios
1071 1078 1345 1146 sumptus
1380 1091 1492 1130 non
1517 1075 1777 1141 haberet,
1829 1080 1893 1130 ut

242 1160 576 1214 secundum
606 1160 821 1232 regiam
853 1160 1197 1233 dignitatem
1229 1165 1557 1220 conversari
1583 1166 1888 1237 potuisset,

246 1262 317 1302 eo
348 1248 504 1319 quod
535 1247 731 1304 nullus
759 1249 1163 1322 episcoporum
1195 1252 1245 1307 ei
1277 1253 1487 1324 subjici
1510 1254 1697 1320 vellet,
1722 1255 1887 1309 deve-

242 1334 336 1392 nit
355 1337 751 1393 Constantiam
779 1338 1074 1394 civitatem
1086 1344 1143 1395 et
1161 1340 1385 1413 aliquot
1401 1343 1606 1398 diebus
1623 1342 1701 1397 ibi
1731 1360 1889 1397 man-

239 1424 321 1480 sit
343 1425 511 1492 ;inde
531 1426 798 1482 Rhenum
814 1428 1106 1495 transivit,
1134 1433 1189 1484 et
1214 1430 1273 1484 in
1299 1433 1654 1487 monasterio
1682 1433 1890 1487 Petris-

233 1513 487 1570 husensi
518 1515 639 1571 fere
668 1517 1062 1588 septimanam
1091 1520 1402 1592 transegit.
1469 1520 1672 1576 Postea
1717 1526 1889 1576 Saxo-

229 1602 398 1657 niam
424 1604 921 1675 perrexit,et,cum
947 1607 1205 1679 quodam
1226 1613 1489 1680 tempore
1502 1611 1673 1679 juxta
1689 1610 1889 1667 castel-

229 1689 360 1746 lum
392 1693 691 1764 quoddam
712 1695 1009 1763 transiret,
1042 1713 1198 1751 unus
1229 1697 1302 1752 ab
1332 1714 1462 1753 arce
1487 1698 1723 1754 fortuito
1744 1716 1883 1755 casu

229 1780 613 1852 laxumjecit,
646 1797 961 1855 regemque
987 1776 1288 1856 inopinato
1328 1785 1445 1840 ictu
1476 1785 1534 1840 in
1554 1788 1740 1859 capite
1754 1805 1882 1860 per-

231 1868 441 1937 cussit,
473 1886 546 1925 ex
573 1885 693 1942 quo
717 1888 832 1927 non
862 1877 994 1944 post
1027 1872 1279 1929 multum
1310 1874 1489 1930 vitam
1521 1875 1727 1931 finivit.

969 2008 997 2075 §
1028 2006 1141 2063 XL.

300 2110 526 2167 Deinde
550 2114 686 2183 post
715 2127 816 2167 sex
854 2112 1037 2170 ferme
1093 2131 1279 2170 annos
1336 2116 1487 2186 (864)
1536 2116 1882 2175 Cuonradus

222 2198 391 2257 ﬁlius
421 2199 681 2256 Heinrici
708 2201 861 2274 regis
881 2201 1086 2273 patris,
1114 2203 1315 2275 utipse
1330 2205 1637 2272 fatebatur,
1662 2207 1882 2265 scelera

222 2288 467 2361 fugiens
498 2289 572 2345 ad
602 2288 831 2346 Italiam
864 2291 1152 2360 transivit,
1185 2292 1382 2365 ibique
1413 2310 1598 2365 pauco
1620 2299 1880 2368 tempore

222 2378 518 2450 regnavit,
545 2382 602 2435 et
628 2394 848 2435 veneno
877 2380 1057 2436 vitam
1091 2382 1278 2437 ﬁnivit
1319 2388 1494 2455 atque
1549 2386 1702 2456 apud
1754 2386 1878 2443 Flo-

228 2466 487 2523 rontiam
512 2466 804 2525 civitatem
823 2468 1094 2541 sepultus
1132 2470 1402 2542 quiescit.

951 2607 977 2672 §
1006 2604 1145 2659 XLI.

297 2726 440 2783 Post
468 2726 575 2783 has
605 2726 796 2784 varias
817 2727 1027 2795 luctas,
1060 2734 1117 2785 et
1147 2729 1366 2787 multas
1415 2731 1795 2802 calamitates,
1822 2737 1879 2789 et

220 2816 552 2873 immensas
582 2816 891 2888 sangumis
923 2819 1234 2875 etl‘usiones
1256 2823 1313 2875 et
1341 2819 1627 2891 plurimas
1659 2821 1876 2878 anima-

216 2921 360 2965 rum
391 2903 768 2977 perditiones,
802 2905 1109 2964 Heinricus
1138 2909 1375 2965 demum
1413 2909 1576 2965 solus
1624 2910 1877 2966 obtinuit

215 2993 656 3060 monarchiam,
686 3010 891 3051 omnes
924 3012 1072 3069 pene
1094 2997 1385 3070 principes
1414 2998 1466 3054 ei
1492 2999 1872 3055 reconcilian-

212 3087 338 3151 tur,
371 3082 705 3158 legitimum
737 3083 1148 3157 imperatorem
1174 3087 1448 3143 fatentur.
1479 3088 1738 3144 Habebat
1770 3107 1871 3144 au-

212 3177 341 3229 tem
374 3188 608 3245 semper
636 3188 841 3231 omnes
861 3175 1121 3231 civitates
1137 3176 1336 3233 Rheno
1352 3176 1577 3231 ﬂumini
1601 3178 1668 3231 ad
1670 3179 1693 3248 j
1705 3195 1870 3233 dcen-

1134 350 1585 425 CHRONICON
1630 356 2345 432 PETERSHUSANUM.
2382 402 2459 418 -
2492 371 2641 435 LIB.
2687 368 2768 436 II.

3535 353 3654 431 EH8

2121 554 2133 564 .
2679 505 2944 580 exmn.

2143 592 2212 647 De
2240 594 2553 667 Hirsaugia,
2584 598 2635 651 et
2663 594 2978 652 Gebehardo
3008 594 3086 652 III
3113 592 3517 652 Constantiam:

2699 670 2939 740 episcopo
2949 711 2959 721 .

2075 770 2155 826 Ea
2178 775 2521 844 tempestate
2552 775 2833 846 spiritalis
2877 774 3199 847 disciplina:
3250 775 3426 830 ardor
3468 789 3646 846 quam

2004 860 2258 917 maxime
2288 862 2543 918 fervebat
2572 864 2726 934 apud
2762 865 3184 922 monasterium
3214 864 3368 935 quod
3428 863 3647 919 dicitur

2001 947 2334 1021 Hirsaugia,
2361 955 2417 1006 et
2439 951 2610 1006 multi
2633 956 2752 1007 tam
2776 953 3060 1008 nobilium
3087 969 3264 1025 quam
3292 952 3640 1025 ignobilium

2002 1036 2342 1094 clericorum
2365 1038 2736 1107 etlaicorum,
2764 1043 2863 1097 sed
2895 1046 2951 1096 et
2973 1042 3393 1098 monachorum
3418 1043 3489 1097 de
3509 1040 3642 1096 aliis

1999 1125 2144 1182 locis
2173 1128 2309 1183 illuc
2341 1131 2732 1195 confluebant,
2764 1134 2819 1185 et
2848 1132 2918 1185 de
2946 1131 3201 1202 procella
3227 1131 3640 1198 anathematis,

2000 1232 2126 1286 qum
2157 1221 2296 1271 tunc
2332 1219 2522 1273 navim
2548 1219 2810 1274 Ecclesiae
2851 1220 3227 1276 vehementer
3257 1220 3636 1293 impingebat,

2000 1306 2168 1375 quasi
2195 1306 2265 1360 de
2280 1308 2533 1362 maximo
2548 1308 2851 1379 naufragio
2868 1309 3364 1381 emergentcsillic
3379 1309 3547 1381 quasi
3567 1310 3638 1365 ad

1997 1399 2230 1465 portum
2248 1395 2749 1467 confugiebant,et
2762 1397 3018 1468 quietem
3035 1402 3243 1469 optatae
3259 1398 3464 1454 salutis
3483 1416 3545 1453 se
3558 1398 3641 1452 in-

1995 1482 2223 1538 venisse
2254 1485 2607 1555 gaudebant.
2634 1488 2785 1542 Inter
2802 1503 2947 1557 quos
2970 1487 3347 1542 Gebehardus
3364 1488 3451 1542 vir
3474 1488 3638 1541 nobi-

1996 1569 2282 1639 lissimus,
2316 1574 2523 1629 fratrer
2554 1575 2846 1631 Bertholdi
2879 1576 2927 1631 Il
2950 1576 3116 1631 ducis
3138 1576 3512 1647 deZaringin,
3537 1575 3637 1647 qui

1994 1660 2339 1731 przepositus
2362 1664 2651 1732 eratapud
2675 1663 2949 1731 Xantum,
2976 1666 3276 1720 mundana
3300 1664 3638 1735 relinquens

1995 1749 2065 1802 ad
2090 1749 2217 1819 jam
2249 1750 2472 1806 dictum
2503 1769 2565 1807 se
2597 1752 2843 1807 contulit
2901 1754 3324 1809 monasterium
3370 1755 3539 1824 (865),
3581 1755 3639 1808 et

1912 1871 1961 1936 B
1994 1834 2146 1935 sicut
2162 1836 2426 1936 habitum
2450 1845 2775 1896 mutaverat
2795 1842 2869 1897 ad
2891 1842 3230 1914 religiosum
3246 1842 3635 1914 propositum,

1991 1924 2073 1980 ita
2102 1926 2349 1999 arripuit
2379 1932 2437 1983 et
2462 1929 2809 2001 dignitatem
2834 1947 3084 1987 morum.

2693 2022 2720 2085 ἓ
2751 2019 2937 2074 XLIV.

2064 2102 2247 2174 Igitur
2276 2120 2409 2159 cum
2440 2121 2509 2160 ex
2539 2106 2824 2177 legatione
2845 2107 3165 2179 apostolica
3184 2108 3314 2163 Otto
3345 2105 3634 2165 Ostiensis

1992 2192 2139 2262 (866)
2170 2193 2480 2265 episcopus
2512 2195 2861 2251 Constantius
2877 2196 3506 2267 advenisset,etipsam
3530 2198 3632 2252 Ec-

1990 2280 2228 2336 clesiam
2253 2288 2483 2354 pastore
2499 2284 2796 2340 viduatam
2822 2291 3057 2357 propter
3078 2286 3516 2340 damnationem
3539 2285 3634 2339 Ot-

1989 2370 2143 2425 tonis
2175 2371 2274 2443 qui
2306 2372 2386 2427 ibi
2416 2372 2726 2445 episcopus
2786 2374 2992 2440 fuerat,
3040 2375 3373 2441 invenisset,
3426 2373 3635 2429 habuit

1988 2458 2302 2514 consilium
2322 2461 2743 2517 venerabilium
2770 2463 3005 2518 Patrum
3028 2467 3085 2518 et
3106 2462 3510 2535 religiosorum
3536 2479 3631 2518 ca-

1987 2547 2361 2617 tholicorum,
2387 2550 2639 2622 qualiter
2652 2552 2919 2622 ejusdem
2937 2550 3202 2606 Ecclesiae
3223 2550 3632 2623 gubernationi

1985 2637 2140 2693 343
2171 2638 2515 2709 provideret.
2549 2640 2762 2697 Aderat
2781 2644 2919 2694 tunc
2945 2640 3087 2695 forte
3113 2639 3510 2695 Willihelmus
3531 2640 3631 2695 ab-

1984 2724 2093 2781 bas
2124 2726 2580 2800 Hirsaugiensis,
2607 2728 2715 2796 vir,
2752 2728 3017 2802 inquam,
3051 2733 3164 2785 Deo
3194 2733 3251 2784 et
3290 2728 3631 2785 hominibus

1986 2819 2280 2887 acceptus,
2315 2816 2454 2887 quia
2483 2821 2607 2872 erat
2637 2816 2847 2872 litteris
2878 2819 3141 2890 apprime
3170 2818 3435 2875 eruditus
3464 2822 3523 2873 et
3570 2817 3630 2873 in

1987 2902 2237 2975 regulari
2266 2903 2576 2976 disciplina
2592 2906 3035 2975 studiossimus,
3059 2906 3321 2972 humilis,
3356 2923 3632 2962 mansue-

1983 2995 2100 3058 tus,
2132 2993 2336 3047 mundi
2359 2998 2747 3065 contemptor,
2782 2996 3203 3051 monachorum
3218 3001 3273 3051 et
3291 2996 3471 3052 totius
3492 3012 3627 3051 san-

1983 3081 2270 3137 ctimonia:
2304 3086 2529 3138 amator
2558 3083 3069 3155 diligentissimus.

2688 3174 2911 3241 §XLV.

214 3266 311 3319 tes
342 3241 609 3337 aliasque
628 3266 898 3335 potentes
922 3268 978 3320 et
1000 3241 1750 3336 metropolittnascivitates
1776 3268 1870 3323 fm-
1903 3241 1944 3307 C
2055 3260 2158 3315 Hic
2206 3277 2341 3315 cum
2394 3263 2704 3317 conventui
2764 3263 3072 3319 interesset
3120 3267 3175 3318 et
3219 3264 3623 3335 supradictum

219 3351 494 3422 deratas;
527 3356 632 3412 sed
666 3355 820 3412 842
851 3358 910 3409 et
938 3353 1199 3425 plerique
1226 3355 1634 3427 episcoporum
1682 3355 1732 3410 ei
1794 3356 1873 3411 ita

215 3446 389 3497 erant
417 3444 663 3501 connexi
697 3449 760 3499 ut
790 3442 953 3499 nulla
983 3443 1206 3499 ratione
1236 3444 1309 3499 ab
1336 3461 1401 3499 eo
1435 3444 1869 3516 potuissentdi-

217 3528 378 3585 velli.
410 3532 473 3587 In
503 3533 725 3606 quibus
756 3531 887 3589 Otto
916 3532 1384 3589 Constantiensis
1404 3534 1715 3606 episcopus
1736 3551 1871 3588 cum

206 3616 574 3691 juramenta,
602 3638 732 3694 qum
754 3622 803 3677 ei
818 3621 1140 3692 juraverat,
1164 3620 1504 3677 nullatenus
1523 3639 1591 3677 ex
1601 3622 1872 3693 jussione

218 3708 966 3781 etauctoritateapostolica
986 3708 1304 3783 infringere
1329 3709 1557 3778 vellet,a
1583 3710 1873 3784 religiosis

224 3797 531 3856 catholicis
560 3797 904 3871 repudiatus
933 3802 1041 3854 est.

942 3933 969 3999 §
995 3932 1158 3988 XLII.

291 4057 460 4113 Anno
493 4056 565 4112 ab
596 4055 885 4113 incarnat.
912 4072 1141 4111 MLXXXV
1162 4056 1476 4129 Gregorius
1502 4074 1671 4130 papa,
1695 4059 1794 4131 qui
1817 4064 1875 4115 et

219 4145 658 4213 Hiltibrandus,
691 4162 827 4201 cum
857 4149 1012 4201 esset
1041 4144 1266 4201 Salerni
1295 4145 1478 4213 exsul,
1516 4145 1755 4203 collecta
1775 4166 1872 4221 sy-

218 4235 375 4291 nodo
400 4235 617 4292 iterum
651 4233 1005 4290 sententiam
1029 4234 1426 4289 anathematis
1458 4234 1514 4289 in
1545 4236 1872 4307 Wipertum

220 4324 694 4391 schismaticum,
731 4327 788 4378 et
818 4322 1153 4378 Heinricum
1168 4339 1362 4394 regem
1387 4323 1606 4378 dictum
1630 4324 1755 4379 etin
1778 4342 1871 4380 eo-

217 4427 355 4467 rum
384 4411 649 4467 fautores
671 4409 1083 4482 promulgavit.
1119 4410 1277 4466 Hanc
1309 4411 1657 4466 sententiam
1699 4412 1871 4486 legati

219 4500 381 4558 sedis
410 4497 1049 4573 apostolicazﬂidelicet
1062 4503 1267 4555 Petrus
1284 4499 1632 4556 Albanensis
1655 4501 1872 4575 episco-

1982 3349 2387 3405 Gebehardum
2420 3367 2617 3406 secum
2652 3351 2911 3419 haberet,
2943 3357 3192 3408 tractare
3224 3356 3528 3424 cmperunt
3557 3354 3629 3410 de

1981 3438 2249 3511 eligendo
2273 3439 2542 3511 episcopo
2564 3440 2868 3507 catholico,
2894 3442 3172 3512 quoniam
3210 3459 3344 3513 spes
3368 3459 3481 3497 non
3506 3445 3632 3498 erat

1983 3528 2054 3583 de
2076 3528 2283 3583 Ottone
2305 3528 2770 3584 damnato.Inter
2794 3529 3629 3601 hujusmodicolloquiaGebe-

1982 3616 2205 3672 bardus
2237 3616 2561 3672 monachus
2591 3621 2745 3671 retro
2777 3617 2957 3672 altare
2983 3617 3044 3672 B.
3080 3617 3633 3687 Marizesecesserat,

1983 3704 2181 3775 ibique
2212 3704 2573 3760 orationibus
2606 3706 2888 3760 secretius
2919 3706 3181 3759 vacabat.
3215 3705 3363 3769 Quid
3405 3705 3628 3761 multa!

1985 3794 2268 3848 Eumdcm
2282 3793 2691 3848 Gebehardum
2712 3794 3049 3865 episcopum
3073 3794 3497 3849 Constantiensi
3524 3795 3632 3850 Ec-

1985 3882 2173 3937 clesize
2205 3881 2448 3955 eligunt,
2482 3886 2539 3938 et
2568 3887 2698 3954 post
2719 3882 2983 3938 omnium
3013 3882 3483 3950 unanimitatem,
3504 3883 3631 3954 ipso

1950 4032 1963 4038 ,
1986 3988 2106 4027 rem
2141 3970 2723 4043 prorsusignorante,
2755 3972 3040 4028 accedunt
3067 3973 3138 4027 ad
3172 3987 3306 4026 eum
3339 3975 3394 4027 et
3425 3972 3631 4028 dicunt

1985 4060 2125 4131 quia
2146 4060 2239 4115 Dei
2261 4059 2594 4132 gratia,hzec
2616 4061 2871 4117 Ecclesia
2894 4066 2947 4116 te
2969 4060 3077 4117 sibi
3105 4061 3444 4132 episcopum
3460 4059 3635 4131 elegit

1985 4148 2177 4205 hodie.
2198 4150 2318 4214 Quo
2342 4149 2539 4206 audito
2564 4149 2804 4222 spiritus
2827 4151 2954 4221 ejus
2976 4150 3213 4223 elapsus
3234 4154 3343 4217 est,
3368 4150 3451 4205 ita
3480 4153 3546 4205 ut
3570 4150 3631 4206 in

1984 4243 2200 4294 terram
2231 4256 2529 4309 corruens,
2562 4240 2730 4311 quasi
2753 4245 3019 4296 mortuus
3038 4241 3281 4310 jaceret.
3308 4240 3631 4311 Resumpto

1984 4332 2180 4381 tamen
2213 4327 2425 4399 spiritu
2449 4326 2697 4382 invitum
2722 4345 2853 4383 eum
2881 4329 3013 4383 fecit
3044 4330 3173 4401 ipsa
3193 4329 3307 4395 die,
3329 4328 3436 4384 hoc
3459 4332 3548 4383 est
3570 4328 3629 4383 in

1985 4416 2295 4471 festivitate
2312 4418 2367 4471 S.
2404 4417 2662 4485 Thomas,
2699 4419 3100 4490 presbyterum
3131 4424 3185 4472 et
3242 4417 3500 4473 crastina
3539 4418 3631 4474 die

1985 4505 2273 4560 ordinavit
2305 4505 2640 4577 episcopum
2666 4508 2833 4577 (867).
2858 4509 2989 4561 Otto
3021 4523 3154 4562 vero
3186 4506 3469 4578 depulsus
3502 4522 3628 4577 pos-

220 4606 339 4664 pus
379 4589 439 4646 in
469 4587 743 4646 Francia.
778 4588 913 4644 Otto
944 4588 1230 4645 Ostiensis
1288 4589 1621 4661 episcopus,
1673 4596 1874 4663 postea
1905 4613 1952 4676 Ι)
1985 4593 2302 4649 sessionem
2343 4595 2604 4665 ejusdem
2638 4595 2926 4663 Ecclesiae,
2961 4613 3089 4668 quae
3116 4596 3335 4651 dicitur
3361 4594 3634 4651 Colmbra

219 4696 355 4736 vero
386 4696 560 4752 papa,
583 4677 646 4733 in
669 4676 1327 4734 terraTheutonicorum
1352 4695 1774 4752 usquequaque
1795 4681 1876 4737 di-

217 4766 628 4841 vulgaverunt.

315 4947 443 5028 863)
473 4944 746 5028 Speciala
775 4943 870 5028 hic
892 4945 964 5002 de
988 4945 1214 5028 ultimis
1235 4947 1552 5028 llermanni
1576 4948 1736 5028 regis
1746 4948 1883 5028 fatis

216 5017 398 5090 habet
426 5017 939 5090 scriptorinoster,
971 5034 1100 5090 quae
1131 5020 1346 5075 desunt
1376 5018 1433 5073 in
1469 5017 1777 5075 Bertholdo
1810 5022 1881 5076 ad

217 5107 272 5147 a.
306 5089 447 5146 l088
480 5087 758 5161 addenda
790 5087 926 5157 illis,
961 5087 1087 5161 quae
1119 5090 1297 5146 habet
1322 5090 1512 5145 Callcs
1542 5091 1751 5147 Annal.
1781 5092 1879 5147 Ec-

216 5161 356 5219 oles.
392 5165 434 5217 t.
467 5161 539 5228 V,
574 5177 633 5232 p.
654 5160 764 5215 836
793 5176 957 5231 seqq.

288 5234 445 5304 (364)
475 5232 705 5304 Nempe
735 5248 789 5304 a.
831 5232 962 5286 1093
987 5249 1083 5300 ;ex
1114 5232 1534 5289 Bertholdoan.
1563 5233 1694 5288 1101
1723 5252 1882 5290 mor—

213 5306 375 5374 tuus,
411 5303 568 5361 teste
596 5303 807 5360 Annal.
839 5305 971 5359 Sax.

282 5373 438 5461 (865)
475 5374 845 5461 Trithemius
900 5373 1110 5461 Annal.
1150 5375 1422 5461 Hirsaug.
1459 5374 1529 5428 ad
1563 5392 1657 5461 an.
1685 5378 1881 5461 “1.085,

207 5446 307 5507 ubi
334 5446 547 5507 tamen
570 5446 977 5504 fundationem
993 5447 1412 5504 Petershusani
1435 5447 1662 5501 cmnobi
1681 5447 1881 5513 iidem,

1988 4682 2155 4753 [868),
2189 4682 2354 4746 adiit,
2389 4683 2605 4756 ubique
2648 4701 2762 4740 uno
2819 4700 2963 4755 pene
3021 4702 3173 4740 anno
3234 4687 3633 4741 commoratus

1989 4771 2167 4827 vitam
2187 4772 2391 4827 finivit.

1990 4950 2255 5006 tribuens
2289 4950 2453 5006 illum
2487 4951 2635 5008 male
2657 4969 2792 5007 cum
2823 4950 3160 5007 Gebehardo
3208 4949 3253 5003 II
3304 4948 3632 5005 confundit.

1993 5021 2267 5103 Xantuni,
2294 5020 2391 5075 ubi
2425 5024 2769 5103 prrepositus
2802 5027 2972 5103 antea
3012 5018 3430 5103 ,εῖδει-011κᾷωο
3465 5019 3629 5103 oppi-

1992 5094 2132 5165 dum
2162 5097 2248 5165 est
2267 5109 2400 5165 cum
2425 5090 2791 5165 insigniolim
2819 5093 3062 5150 ecclesia
3090 5090 3396 5163 collegiata
3418 5090 3476 5143 in
3500 5090 3632 5143 dia:-

1992 5164 2108 5219 cesi
2132 5162 2480 5217 Coloniensi.

2065 5236 2212 5300 (866)
2240 5233 2366 5290 Vid.
2403 5232 2694 5287 Bertholdi
2722 5235 2929 5290 Chron.
2967 5237 3038 5290 ad
3061 5253 3155 5289 an.
3192 5233 3343 5287 1084.

2067 5308 2211 5369 (867)
2240 5306 2323 5381 l_l_a
2352 5309 2418 5381 c_t_
2443 5304 2914 5381 Bertholtlusan.
2936 5308 3082 5381 Δ1681
3109 5325 3122 5372 ;
3158 5306 3310 5381 unde
3336 5300 3631 5381 corrigen-

1993 5376 2106 5430 dus
2127 5384 2213 5431 est
2246 5376 2519 5441 Manlius,
2548 5375 2646 5445 qui
2682 5375 2733 5428 id
2771 5376 2862 5428 die
2894 5377 2961 5429 13
2993 5377 3123 5430 Dec.
3154 5379 3371 5431 factum
3407 5373 3629 5427 scribit.

2064 5449 2211 5517 (868)
2242 5452 2371 5503 Utto
2402 5444 2705 5518 depositus
2736 5450 3019 5516 sequente
3048 5464 3201 5501 anno
3236 5448 3365 5501 10835
3396 5444 3455 5499 in
3494 5458 3630 5497 con-
