3982 6216
135 342 269 420 ω·

1048 350 1496 425 CHRONICON
1542 358 2259 427 PETERSHUSANUM.
2285 394 2362 409 -
2390 365 2537 428 LIB.
2584 364 2689 431 III.

3456 362 3574 448 at!

138 489 215 547 ad
244 487 688 548 monasterium
722 493 1047 563 revocatus,
1080 510 1147 550 ao
1176 493 1336 567 prior
1364 495 1542 551 totius
1570 511 1808 568 congre-
1839 493 1893 560 Α
1921 495 2194 588 omnibus
2225 501 2740 588 accommodando.
2772 504 2856 561 Ad
2908 502 3015 563 hoc
3054 509 3363 571 aecedebat
3410 515 3568 588 quod
3668 495 3677 504 ο

147 580 404 654 sationis
425 580 767 658 appellatus
789 585 1026 640 strenue
1048 600 1150 657 per
1162 583 1398 658 aliquod
1420 589 1651 658 tempus
1671 600 1813 659 pras-

146 668 287 727 ωλι.
334 763 362 831 §
390 762 485 818 VI.
518 763 800 832 Quomodo
840 762 1190 820 Theodoricus
1218 764 1506 821 ordinatus
1534 767 1629 821 est.

214 868 393 925 Anno
422 870 493 926 ab
524 869 934 927 incarnatione
965 870 1192 927 Domini
1226 860 1477 928 MLxxxVI
1520 871 1808 931 Gebehar-

140 955 262 1014 dus
289 958 503 1015 tertius
533 960 806 1031 ejusdem
838 960 1095 1017 nominis
1138 961 1598 1017 Constantiensis
1646 977 1808 1017 reve-

134 1048 375 1103 rendus
406 1047 740 1122 episcopus,
802 1048 1031 1106 eximiis
1080 1051 1350 1123 precibus
1402 1050 1733 1122 impetravit
1776 1067 1810 1106 a

132 1134 523 1193 Willihelmo
552 1138 693 1193 divas
723 1139 1018 1195 memoriae
1054 1139 1449 1212 Ilirsaugiensi
1482 1141 1709 1207 abbate,
1744 1143 1810 1194 ut

128 1225 556 1282 venerabilem
600 1227 784 1283 virum
844 1228 1273 1284 Theodoricum
1344 1229 1699 1285 monasterio
1745 1229 1803 1284 S.

129 1311 446 1386 Gregorii,
481 1316 631 1387 quod
658 1315 871 1372 dicitur
898 1317 1119 1372 Domus
1152 1318 1324 1385 Petri,
1359 1318 1805 1391 dirigeret,qua-

131 1404 326 1458 tenus
348 1401 540 1459 eidem
564 1408 842 1477 praeesset
867 1410 923 1461 et
952 1406 1276 1479 regularem
1309 1408 1485 1462 vitam
1517 1407 1657 1462 inibi
1670 1408 1804 1478 jux-

127 1493 190 1546 ta
222 1507 506 1547 normam
540 1494 631 1548 sui
682 1495 1023 1551 monasterii
1071 1495 1425 1552 institueret.
1477 1497 1638 1562 Quod
1672 1513 1804 1550 cum

126 1579 524 1654 impetrasset
557 1587 615 1637 et
641 1582 798 1639 idem
829 1585 1226 1640 Theodoricus
1276 1585 1664 1641 transmissus
1704 1585 1804 1640 ad-

123 1670 427 1738 venisset,
455 1688 526 1727 ex
555 1673 827 1728 concordi
848 1673 1125 1747 petitione
1158 1674 1420 1730 omnium
1446 1675 1687 1730 fratrum
1712 1691 1803 1729 or.

122 1758 369 1816 dinavit
399 1776 536 1816 eum
560 1762 687 1833 jam
721 1763 913 1819 dictus
943 1763 1253 1837 episcopus
1301 1763 1571 1819 abbatem
1613 1763 1801 1818 eidem

119 1849 509 1906 monasterio
538 1849 601 1905 in
630 1850 943 1909 festivitate
960 1854 1018 1909 S.
1051 1853 1325 1909 Barnabas
1358 1852 1604 1925 apostoli
1626 1853 1797 1924 (872),
1828 1870 1876 1936 B

118 1956 404 2012 eumque
435 1937 658 2009 dilexit,
692 1940 832 1997 fovit
862 1945 937 2010 et,
992 1941 1050 1997 in
1110 1942 1564 2016 quibuscumque
1609 1942 1801 2015 potuit

117 2029 171 2086 ei
206 2045 463 2103 semper
490 2028 700 2087 solatio
728 2030 858 2086 fuit.

882 2140 911 2207 §
946 2138 1067 2194 vn.

194 2225 538 2282 Ordinatus
558 2229 757 2282 autem
780 2227 939 2283 omni
962 2226 1328 2301 religiositati
1352 2245 1591 2301 operam
1614 2227 1793 2297 dedit,

119 2318 183 2372 et
215 2315 464 2371 animas
491 2319 547 2370 et
562 2331 806 2387 corpora
825 2316 1196 2373 subditorum
1221 2318 1381 2373 omni
1404 2317 1796 2373 sollicitudine

119 2405 505 2479 procuravit,
528 2421 761 2460 summa
790 2404 1101 2478 disciplina
1131 2408 1367 2463 eosdem
1387 2407 1796 2475 educavit,nu-

119 2508 382 2550 merum
406 2492 819 2565 discipulorum
851 2493 1263 2567 multiplicavit
1318 2496 1398 2551 ita
1448 2501 1513 2551 ut
1543 2496 1603 2551 in
1635 2495 1793 2551 brevi

118 2582 467 2658 plusquam
496 2582 881 2655 quadraginta
910 2584 1228 2641 monachos
1253 2589 1311 2640 et
1340 2584 1594 2657 amplius
1615 2602 1793 2657 quam

121 2670 575 2746 quinquaginta
601 2671 880 2728 barbatos
908 2672 1117 2729 fratres
1147 2673 1406 2740 haberet,
1431 2672 1646 2745 quibus
1675 2689 1794 2730 om-

121 2778 269 2819 nem
324 2760 755 2817 abundantiam
804 2760 993 2818 victus
1051 2767 1108 2818 et
1165 2762 1412 2819 vestitus
1462 2763 1669 2819 tribuit
1697 2778 1791 2819 eo-

122 2866 391 2923 rumque
418 2848 598 2906 vitam
619 2849 680 2905 in
711 2866 928 2922 magna
948 2850 1308 2908 districtione
1346 2852 1618 2908 coercuit.

914 2958 1055 3014 VIII.

914 2961 952 3011 V
1042 3000 1055 3013 .

188 3046 272 3104 Et
300 3046 447 3120 quia
477 3045 697 3102 chorus
726 2961 1092 3117 erat§brglis,
1124 3048 1403 3120 quoniam
1444 3049 1791 3122 gradus,per

119 3153 277 3210 quos
311 3137 375 3192 in
408 3135 819 3192 sanctuarium
852 3137 1297 3206 ascendebatur,
1318 3137 1511 3194 locum
1543 3156 1787 3210 occupa-

1925 585 2199 642 omnibus
2230 587 2408 644 nimis
2436 595 2560 646 erat
2582 590 2780 666 largus
2807 598 2863 651 et
2893 597 3128 656 sibimet
3174 601 3286 675 ipsi
3320 585 3566 677 parcus;

1924 691 2060 731 nam
2092 692 2303 749 corpus
2334 681 2766 753 suumjejuniis
2790 685 2989 742 nimiis
3012 693 3565 761 attenuabat,omni-

1921 764 2033 820 bus
2064 770 2259 822 autem
2294 786 2490 824 secum
2524 775 2916 847 manentibus,
2952 779 3049 834 sed
3105 784 3161 836 et
3211 783 3568 842 adventanti-

1919 854 2050 923 bus,
2081 872 2312 912 omnem
2356 859 2773 918 abundantiam
2834 866 3149 924 tribuebat.
3183 871 3342 927 Unde
3390 874 3564 931 etiam

1920 959 2151 1016 semper
2179 946 2237 1001 in
2266 949 2517 1004 maximo
2549 967 2761 1021 angore
2814 960 2939 1009 erat
2990 958 3237 1028 positus,
3281 963 3558 1033 quoniam

1918 1034 2190 1090 maximis
2221 1037 2678 1110 debitisjugiter
2737 1048 2861 1097 erat
2908 1046 3222 1105 astrictus:
3275 1056 3560 1124 attamen,

1917 1122 2194 1193 quoniam
2229 1124 2287 1179 in
2319 1126 2565 1181 Domino
2598 1131 2887 1201 sperabat,
2922 1134 3045 1207 ipse
3094 1137 3247 1193 facili
3294 1122 3561 1215 largitate

1916 1216 2127 1267 cuncta
2156 1214 2455 1270 reddebat.

1982 1391 2149 1444 Anno
2180 1392 2251 1446 ab
2281 1390 2565 1450 incarnat.
2600 1395 2742 1452 Dom
2767 1417 2947 1467 mxcn,
2973 1405 3322 1463 venerabilis
3353 1409 3556 1466 abbas.

1915 1478 2304 1537 Theodoricus
2334 1483 2617 1555 capellam
2656 1486 2713 1541 in
2756 1490 3079 1548 meridiana
3103 1493 3275 1568 plaga
3306 1497 3558 1554 basilicas

1914 1584 2083 1623 secus
2114 1572 2515 1629 sanctuarium
2547 1575 2605 1630 in
2639 1578 2795 1633 edito
2851 1584 3177 1639 construxit
3227 1586 3283 1639 in
3340 1586 3561 1644 honore

1913 1657 1972 1713 S.
2009 1658 2293 1715 Uodalrici
2324 1662 2602 1736 episcopi,
2636 1670 2690 1721 et
2714 1667 2770 1722 S.
2806 1668 3046 1739 Nicolai,
3083 1677 3140 1728 et
3179 1674 3235 1730 S.
3269 1675 3436 1744 Afrae,
3471 1681 3556 1731 at-

1912 1762 2025 1817 que
2052 1749 2149 1803 SS.
2181 1750 2426 1807 Joannis
2455 1757 2513 1808 ct
2545 1754 2722 1824 Pauli,
2757 1774 2810 1811 vi
2842 1759 2966 1814 Kal.
2999 1761 3141 1816 Julii
3181 1764 3435 1820 dedicari
3471 1766 3550 1822 fe-

1912 1834 2009 1891 cit.
2043 1835 2351 1894 Collocavit
2379 1845 2574 1897 autem
2606 1842 2687 1899 ibi
2719 1846 2997 1918 reliquias
3028 1856 3387 1909 sanctorum.
3432 1896 3443 1911 .
3488 1897 3501 1910 .
3539 1895 3552 1910 .

1979 2033 2119 2089 Dein
2143 2040 2419 2107 sequente
2451 2054 2623 2105 anno,
2658 2040 2766 2096 hoc
2812 2047 2900 2098 est
2930 2045 3239 2103 Dominicis
3284 2049 3551 2107 incarna-

1907 2121 2084 2179 tionis
2116 2141 2313 2191 chm,
2340 2126 2542 2182 indict.
2577 2145 2615 2194 ι,
2651 2130 2783 2185 fecit
2815 2133 3096 2204 capellam
3128 2153 3196 2191 ex
3224 2138 3550 2210 aquilonari

1906 2216 2068 2283 parte
2100 2214 2357 2281 sacrarii,
2391 2233 2637 2289 eamque
2667 2236 2700 2273 v
2728 2220 2866 2276 Idus
2895 2223 3056 2295 Sept.
3110 2226 3365 2282 dedicari
3418 2229 3551 2286 fecit

1906 2300 1964 2355 in
1998 2301 2214 2358 honore
2248 2304 2305 2358 S.
2341 2304 2439 2359 Dei
2472 2306 2771 2377 genitricis
2799 2310 3013 2378 Mariae,
3048 2317 3105 2368 et
3134 2314 3379 2371 aliorum
3411 2334 3547 2372 san-

1906 2393 2131 2445 ctorum
2163 2409 2414 2463 quorum
2447 2394 2703 2467 reliquiae
2735 2397 2813 2452 ibi
2842 2398 3151 2459 habentur.
3187 2444 3200 2457 .
3238 2445 3251 2457 .
3283 2406 3367 2460 Ad
3398 2406 3549 2462 hanc

1904 2478 2186 2551 capellam
2220 2487 2536 2540 conventus
2565 2486 2725 2540 omni
2759 2486 2851 2541 die
2882 2494 3014 2560 post
3043 2508 3313 2564 vesperos
3343 2498 3400 2549 et
3429 2512 3548 2551 ma-

1902 2569 2123 2625 tutinos
2155 2570 2215 2625 in
2248 2571 2466 2628 honore
2515 2574 2573 2629 S.
2628 2576 2814 2632 Marias
2873 2577 3208 2636 solemniter
3261 2584 3542 2654 procedit,

1902 2656 2100 2729 ibique
2132 2664 2264 2731 post
2292 2661 2582 2718 canticum
2616 2669 2672 2719 et
2712 2666 3089 2739 antiphonam
3138 2675 3312 2744 atque
3342 2673 3551 2729 oratio-

1901 2763 2033 2802 nem
2074 2749 2225 2819 ejus,
2275 2767 2547 2824 vesperos
2605 2754 2724 2809 sive
2783 2758 3105 2816 matutinos
3155 2761 3225 2816 de
3269 2762 3545 2819 omnibus

1901 2837 2120 2893 sanctis
2150 2846 2203 2894 et
2233 2856 2335 2912 pro
2368 2842 2660 2901 defunctis
2689 2845 2867 2905 canit.

2690 2954 2806 3010 XII.

1970 3036 2124 3093 848
2154 3035 2296 3094 Item
2328 3057 2482 3096 anno
2512 2955 2985 3102 Dom§.incarnat.
3019 3049 3454 3118 mxcnnﬁndict.
3485 3070 3545 3122 ιι,

1899 3123 2294 3183 Theodoricus
2324 3129 2508 3186 abbas
2541 3132 2820 3204 capellam
2852 3137 2910 3191 S.
2959 3136 3260 3196 Michaelis
3302 3156 3548 3197 renova—

117 3230 291 3294 bant,
324 3226 547 3299 gradus
570 3224 852 3280 diminuit
880 3224 1162 3296 lapidum,
1206 3231 1262 3281 et
1310 3245 1621 3284 numerum
1655 3246 1782 3283 am-
1816 3241 1858 3307 C
1895 3213 1976 3307 Ῠίτι
2004 3220 2060 3307 βῐ
2090 3218 2284 3307 aluit;
2317 3223 2439 3274 erat
2470 3220 2624 3276 enim
2657 3224 3008 3294 Ραννίδείῐηα
3065 3228 3142 3283 it!
3182 3234 3246 3284 ιιι
3276 3230 3368 3285 Vi!
3399 3231 3547 3287 duo-

115 3316 336 3392 pliavit
355 3315 788 3381 canentium,et
818 3313 1044 3386 lapides
1056 3315 1301 3371 abstulit
1316 3321 1491 3389 atque
1512 3317 1778 3373 homines

114 3424 227 3479 pro
255 3405 346 3461 eis
376 3404 436 3459 in
460 3403 654 3459 locum
676 3403 941 3476 ipsorum
972 3405 1312 3471 constituit;
1337 3405 1578 3461 chorum
1604 3407 1780 3479 quip-

113 3511 189 3569 pe
224 3494 568 3552 sanctuario
589 3509 737 3566 pene
758 3493 1097 3564 coaequavit,
1161 3510 1272 3550 uno
1322 3498 1552 3550 tantum
1596 3496 1780 3567 gradu

114 3583 471 3642 sanctuario
501 3582 997 3655 supereminente,
1030 3586 1208 3656 atque
1231 3584 1313 3639 ita
1341 3584 1397 3639 in
1432 3584 1609 3640 choro
1630 3589 1785 3640 stan-

110 3674 292 3731 tibus
319 3671 519 3729 locum
551 3671 837 3728 dilatavit.
850 3713 863 3726 .

916 3781 1006 3836 IX.

195 3886 369 3945 ³4⁸1
388 3884 474 3941 De
500 3885 640 3957 ipsis
664 3891 863 3944 autem
887 3886 1164 3959 gradibus
1190 3903 1337 3959 quos
1368 3888 1437 3944 de
1450 3888 1624 3944 choro
1652 3905 1790 3945 sus-

104 3972 494 4043 tulerat,alia
516 3974 787 4049 deinceps
818 3976 1062 4032 aedificia
1092 3976 1788 4034 decoravit.Lavatorium

109 4065 352 4139 quippe
371 4063 632 4134 fecit,uhi
663 4068 891 4138 partem
911 4066 1252 4122 eorumdem
1278 4068 1570 4139 graduum
1594 4067 1791 4140 posuit

108 4158 171 4211 et
201 4152 549 4227 capitulum
571 4157 628 4208 et
654 4157 846 4209 totum
886 4153 946 4209 in
979 4154 1228 4210 circuitu
1276 4156 1573 4212 renovavit
1598 4155 1788 4213 claus-

109 4246 309 4300 trum.
347 4241 649 4298 Ambitum
681 4260 916 4316 quoque
949 4242 1107 4300 cellas
1168 4260 1338 4300 muro
1381 4245 1791 4302 circumdedit-

109 4332 224 4388 sed
250 4335 314 4388 et
340 4330 633 4404 porticum
656 4348 835 4406 super
853 4332 1185 4404 sepulturas
1203 4338 1637 4391 antecessorum
1657 4351 1791 4390 suo-

104 4436 254 4476 rum
283 4420 575 4476 abbatum
600 4419 896 4476 fecit.Hcec
914 4425 1107 4476 autem
1132 4421 1330 4477 omnia
1360 4427 1416 4478 et
1446 4423 1560 4478 alia
1579 4423 1791 4479 dehinc

107 4509 431 4566 narranda
462 4526 577 4564 non
599 4525 667 4565 ex
696 4509 1161 4577 redditibus,nex
1184 4527 1252 4566 ex
1273 4511 1491 4568 divitiis
1520 4512 1785 4583 ejusdem

103 4598 887 4670 loci,sedexdonationibus
912 4598 1170 4657 fidelium
1189 4601 1784 4673 consummavit,quo-
1816 4612 1865 4677 Ι)

106 4686 287 4744 niam
320 4691 560 4760 propter
587 4688 904 4744 novitatem
948 4691 1183 4747 mundae
1235 4690 1380 4760 vitae,
1430 4707 1556 4762 quae
1600 4708 1785 4763 nuper

104 4776 175 4832 in
206 4777 401 4833 istam
423 4781 790 4849 processerat
815 4795 916 4849 per
971 4797 1106 4836 eum
1151 4779 1531 4853 provinciam,
1580 4797 1785 4837 omnes

107 4882 257 4922 eum
303 4864 652 4922 excolebant
677 4871 736 4922 et
766 4868 1047 4924 amabant
1092 4868 1293 4941 plures
1346 4869 1398 4925 ei
1456 4886 1518 4925 se
1563 4886 1787 4941 suaque

112 4954 431 5011 dedentes.
468 4954 581 5011 Sed
628 4958 688 5011 et
735 4954 1043 5029 episcopus
1087 4956 1556 5014 Constantiensis
1604 4960 1784 5016 Gebe-

111 5042 349 5100 hardus
400 5059 582 5117 quam
635 5043 893 5100 maxime
962 5062 1096 5102 eum
1136 5047 1393 5118 ‘juvabat
1458 5048 1673 5119 dando,
1731 5053 1789 5104 et

122 5148 514 5205 quoscunque
545 5132 661 5188 sibi
690 5131 763 5187 ob
786 5131 987 5204 culpas
1019 5151 1158 5190 suas
1184 5135 1465 5193 obnoxios
1485 5142 1604 5192 tam
1628 5137 1789 5193 cleri-

127 5237 225 5280 cos
248 5238 428 5296 quam
461 5221 649 5278 laicos
683 5221 734 5277 ei
761 5224 1178 5280 committendo
1210 5228 1285 5293 et,
1317 5226 1593 5297 quoniam
1634 5226 1787 5283 idem

132 5314 295 5370 Pater
324 5312 628 5371 facundus
659 5312 789 5365 erat
816 5309 1035 5385 lingua,
1070 5329 1271 5370 aurem
1304 5315 1614 5386 benignam
1647 5316 1699 5372 ei
1729 5316 1789 5372 in

1897 3304 2082 3391 decim
2116 3304 2383 3363 homines
2414 3325 2617 3381 capere
2647 3313 2952 3383 potuisset.
2984 3317 3079 3371 Est
3128 3318 3343 3391 quippe
3367 3320 3540 3390 juxta

1896 3390 2302 3463 infirmariam,
2334 3398 2484 3453 inter
2508 3416 2684 3470 quam
2717 3405 2773 3457 et
2821 3403 2946 3473 jam
3004 3405 3218 3461 dictam
3244 3390 3538 3479 rcapellam

1895 3485 2020 3536 erat
2038 3483 2299 3550 aedicula,
2331 3485 2389 3539 in
2420 3502 2537 3559 qua
2564 3490 2741 3544 etiam
2793 3490 3137 3564 plerumque
3190 3496 3406 3550 infirmi
3440 3514 3539 3551 cu-

1895 3570 2116 3626 babant
2138 3590 2150 3639 ;
2176 3589 2353 3643 quam
2385 3576 2697 3645 praedictus
2727 3579 2910 3635 abbas
2953 3581 3264 3637 destruens
3306 3583 3540 3654 capella;

1896 3658 2143 3729 addidit,
2170 3677 2237 3716 ac
2264 3678 2479 3717 novum
2504 3663 2685 3720 altare
2719 3666 3293 3741 fabricavit,eamque
3317 3687 3352 3724 a
3371 3687 3544 3726 vene-

1898 3748 2067 3804 rabili
2097 3749 2436 3807 Gebehardo
2473 3753 2764 3826 episcopo,
2796 3755 2965 3811 tertio
2995 3758 3124 3828 ejus
3162 3759 3438 3824 nominis,
3464 3760 3541 3815 si-

1898 3841 1997 3893 cut
2019 3844 2078 3894 et
2106 3840 2458 3910 superiores,
2488 3841 2748 3897 dedicari
2775 3843 2908 3898 fecit
2925 3846 3074 3914 (873)
3106 3846 3199 3901 die
3226 3846 3420 3902 Nonas
3437 3847 3541 3902 Ju-

1899 3925 1962 3981 lii
1992 3928 2051 3982 in
2086 3927 2304 3984 honore
2335 3929 2566 3985 Domini
2598 3936 2653 3986 et
2682 3932 2741 3987 S.
2775 3933 3000 3999 Crucis,
3050 3934 3380 4006 specialiter
3406 3952 3541 3992 vero

1899 4014 1958 4069 in
1990 4015 2210 4072 honore
2240 4018 2300 4072 S.
2334 4018 2527 4072 Mariae
2552 4020 2757 4075 matris
2775 4021 3027 4090 Domini,
3060 4026 3116 4079 et
3140 4024 3197 4081 S.
3236 4023 3545 4083 Michaelis

1901 4104 2233 4177 archangeli
2258 4109 2315 4161 et
2344 4108 2609 4163 omnium
2644 4114 3003 4166 sanctorum.

1970 4301 2078 4357 Sed
2112 4306 2169 4357 et
2197 4301 2480 4375 capellam
2512 4305 2570 4360 S.
2637 4306 2876 4361 Andreae
2936 4309 3336 4381 augmentavit
3377 4315 3433 4367 et
3470 4312 3550 4368 ei-

1901 4392 2032 4446 dem
2062 4391 2260 4446 addita
2290 4391 2531 4449 aedificia
2576 4394 2836 4452 barbatis
2893 4397 3173 4455 fratribus
3224 4401 3544 4472 deputavit,

1900 4497 2028 4551 quae
2061 4480 2223 4551 prius
2254 4488 2420 4536 erant
2451 4482 2782 4540 habitacula
2799 4487 3080 4543 abbatum
3113 4490 3378 4559 ejusdem
3409 4490 3544 4547 loci.

1904 4570 2034 4641 Ipsa
2066 4573 2258 4624 autem
2292 4570 2512 4642 capella
2541 4578 2665 4629 erat
2694 4574 2859 4631 valde
2891 4578 3151 4648 parvula.
3178 4583 3286 4635 etc.
3318 4622 3330 4633 .
3370 4621 3381 4634 .
3422 4621 3434 4633 .

2208 4679 2235 4745 §
2265 4676 2408 4735 XIV.
2441 4679 2646 4747 Quales
2696 4682 2992 4755 discipulos
3022 4684 3232 4740 habuit.

1965 4784 2223 4841 Habebat
2255 4790 2449 4842 autem
2481 4787 2635 4843 idem
2674 4806 2804 4846 ven.
2856 4791 3026 4847 Pater
3074 4797 3215 4847 tunc
3268 4795 3552 4864 temporis

1895 4874 2158 4945 egregios
2189 4873 2363 4942 viros,
2394 4874 2560 4932 valde
2592 4876 2918 4949 religiosos,
2975 4880 3207 4951 optimas
3252 4881 3450 4935 forma:
3490 4889 3553 4939 et

1895 4963 2169 5019 doctrinas
2200 4963 2309 5018 sub
2342 4980 2482 5019 cura
2511 4983 2638 5036 sua,
2674 4968 2729 5022 in
2763 4968 2982 5039 quibus
3013 4974 3178 5025 erant
3204 4963 3548 5027 Meinradus

1898 5052 2125 5123 pridem
2158 5052 2437 5119 abbas,de
2467 5071 2584 5125 quo
2616 5058 2888 5128 superius
2911 5058 3222 5114 retulimus
3243 5058 3553 5129 (874),Ber-

1898 5140 2159 5196 nhardus
2191 5139 2559 5205 scolasticus,
2593 5148 2651 5197 et
2674 5144 2893 5213 Cuono,
2937 5146 3318 5203 Wernharius
3351 5146 3423 5201 de
3452 5146 3555 5201 A1-

1898 5230 2107 5286 shusin
2141 5227 2403 5300 caligans
2434 5228 2619 5284 oculis
2673 5232 3026 5290 Gozhalmus
3074 5240 3132 5292 et
3179 5234 3553 5291 Eberhardus

1903 5322 2080 5390 atque
2111 5317 2419 5374 Heinricus
2475 5316 2743 5390 scriptor.
2798 5320 2863 5375 lli
2913 5337 3118 5381 omnes
3167 5341 3236 5380 ex
3292 5322 3556 5397 antiquis

142 5471 345 5544 husano
379 5469 764 5544 monasterio
794 5470 1165 5544 donato,qu33
1197 5474 1400 5530 eadem
1434 5475 1581 5531 forte
1612 5481 1699 5532 est
1727 5495 1793 5533 ac
1903 5478 2256 5535 Constantine
2289 5477 2419 5532 fuit.

145 5541 435 5616 Hasenaw,
474 5542 702 5618 cellam
734 5544 927 5618 tamen
959 5541 1226 5618 ibi'haud
1262 5546 1505 5618 reperio.

188 5616 599 5699 (872)_Incipit
630 5615 1079 5699 erggnregimen
1109 5615 1456 5699 Theoderici
1476 5617 1736 5699 _abba_t_is
1763 5639 1795 5676 a

135 5686 283 5761 die“
309 5686 474 5756 'Jun.
498 5686 623 5759 'an.
676 5686 847 5757 1086;
871 5686 984 5752 quo
1014 5689 1155 5747 adeo
1188 5689 1572 5747 Gebehardus
1604 5691 1795 5749 adhuc

1976 5552 2124 5632 (.873)
2156 5551 2408 5632 Planum
2433 5548 2569 5632 hinc
2602 5550 2665 5604 fit
2696 5548 3123 5632 gebehardum,
3151 5548 3259 5632 etsi
3286 5552 3422 5631 sede
3450 5572 3560 5612 sua

1904 5622 2171 5696 pulsum,
2198 5621 2448 5696 subinde
2480 5626 2673 5696 tamen
2702 5621 3104 5696 Constantiam
3137 5621 3425 5679 revisisse.

1978 5694 2127 5767 (874)
2159 5692 2198 5748 l.
2236 5710 2301 5762 ιι,
2327 5694 2358 5765 §
2387 5693 2474 5763 15,
2508 5697 2565 5749 et
2590 5694 2743 5752 infra
2772 5696 2798 5763 §
2828 5693 2913 5764 {8,
2944 5694 3035 5750 20.
