3982 6216
159 341 292 428 ω

887 415 892 420 .
993 369 998 376 '
1033 348 1481 418 CHRONICON
1527 344 2248 416 PETERSHUSANUM.
2282 377 2359 392 —-
2387 344 2537 408 LIB.
2583 343 2692 409 Ill.

163 479 432 556 ejusdem
453 480 608 554 851
647 479 758 538 1οοί
790 480 978 549 ﬁeret,
1017 482 1067 538 si
1093 482 1419 540 Ludovicus
1447 483 1594 556 (880)
1627 499 1823 540 comes
1851 483 1906 552 Α
1937 495 2066 536 rum
2090 480 2218 550 ejus
2240 479 2710 552 potentiaipsam
2750 475 2811 534 in
2852 475 3296 538 matrimonium
3328 479 3590 554 accipere

168 587 341 630 suam
360 575 587 644 partem
600 571 870 644 ejusdem
887 569 1144 628 ecclesias
1161 571 1232 628 ad
1255 571 1362 628 hoc
1385 573 1717 644 permittere
1732 589 1833 628 vo—

168 658 494 737 luisset;est
506 660 664 718 enim
680 660 760 715 ibi
774 659 1021 716 ecclesia
1034 660 1423 732 baptismalis,
1441 663 1609 732 cujus
1622 661 1836 720 medie-

163 753 262 804 tas
306 749 454 804 sicut
472 753 526 804 et
546 749 704 805 silva
726 754 784 804 et
800 749 1068 804 omnium
1091 750 1430 806 reddituum
1483 767 1685 807 earum
1698 751 1830 808 dem

173 838 431 910 partium
450 839 707 910 pertinet
723 838 794 893 ad
814 837 1326 894 Pfulendorfenses
1345 855 1636 911 proceres,
1659 840 1833 896 sicuti

174 930 235 988 et
251 926 432 983 altera
452 927 740 983 medietas
759 927 831 982 ad
854 927 1308 999 Brigantienses.
1335 929 1536 1000 Itaque
1562 927 1834 986 Ludewi-

176 1031 289 1074 cus
315 1031 509 1071 comes
539 1031 915 1088 nequaquam
948 1015 1247 1088 acquievit
1287 1021 1352 1072 ut
1401 1022 1623 1090 partem
1664 1034 1833 1074 suam

179 1104 458 1167 traderet.
483 1103 606 1169 Qua
622 1105 693 1160 de
714 1120 775 1159 re
798 1107 1028 1161 cassato
1054 1104 1232 1177 priori
1264 1106 1506 1162 consilio
1534 1111 1836 1163 verterunt

186 1209 255 1250 se
284 1191 417 1249 alio.
444 1197 516 1248 Et
536 1194 817 1264 quoniam
850 1193 1012 1265 prior
1042 1192 1190 1250 cella
1210 1196 1529 1265 quamdam
1561 1195 1832 1252 casellam

183 1282 358 1354 juxta
385 1283 733 1354 possederat,
766 1282 919 1338 hanc
959 1283 1232 1340 adierunt
1277 1289 1333 1340 et
1377 1286 1836 1358 circumquaque

191 1369 348 1428 inter
361 1371 572 1427 fruteta
593 1370 786 1428 locum
802 1377 1201 1444 opportunum
1226 1375 1608 1445 quaesierunt,
1634 1392 1699 1430 ac
1721 1376 1832 1431 Do-

187 1457 350 1515 mino
377 1464 863 1532 pramonstrante
893 1464 1258 1516 invenerunt.
1293 1463 1440 1518 Nam
1489 1480 1617 1518 ven.
1652 1464 1833 1519 Gebe—

183 1546 408 1604 hardus
439 1547 583 1603 dum
614 1549 834 1604 orando
864 1548 1218 1618 circumiret,
1266 1555 1325 1606 et
1353 1550 1480 1608 loca
1499 1551 1836 1624 circumspi-

181 1639 331 1694 ceret
362 1639 422 1692 et
444 1637 792 1709 eXploraret,
839 1655 958 1696 uno
1002 1638 1062 1693 in
1117 1637 1242 1696 loco
1289 1646 1524 1713 repente
1574 1641 1837 1697 substitit

183 1728 239 1783 et
265 1723 346 1781 ibi
380 1724 596 1782 celtam
628 1726 754 1784 ﬁeri
778 1726 1085 1798 judicavit.

256 1903 533 1960 Omnium
566 1920 703 1976 ergo
730 1903 877 1960 votis
907 1904 966 1958 in
1016 1904 1274 1977 idipsum
1316 1908 1832 1974 concordantibus,

185 1991 352 2064 coepit
371 1992 780 2048 Theodericus
801 1992 881 2050 ibi
904 1992 1109 2049 cellam
1135 1999 1495 2063 construere,
1521 2001 1578 2051 et
1594 2000 1836 2068 sumptu

184 2086 353 2153 atque
373 2081 675 2154 stipendio
699 2081 790 2138 sui
809 2083 1171 2153 monasterii,
1193 2083 1283 2138 cui
1301 2083 1456 2140 idem
1479 2084 1664 2151 locus,
1685 2085 1840 2141 sicut

182 2174 238 2243 et
261 2169 446 2241 prior,
479 2169 539 2224 in
593 2169 1013 2242 proprietatem
1077 2171 1330 2228 traditus
1387 2173 1594 2241 fuerat,
1649 2175 1838 2246 primo

186 2260 421 2333 quidem
452 2258 794 2330 oratorium,
827 2259 1040 2316 deinde
1081 2259 1407 2317 claustrum
1438 2263 1610 2334 (881),
1641 2265 1840 2320 omnia

193 2364 257 2408 ex
272 2347 540 2405 tabulatu
574 2347 768 2421 ligneo
806 2349 1112 2406 aediﬁcavit
1149 2355 1206 2406 et
1253 2350 1312 2406 in
1343 2351 1562 2408 honore
1594 2353 1652 2408 S.
1685 2353 1839 2409 Petri

197 2435 442 2492 dedicari
463 2435 600 2492 fecit
627 2455 640 2505 ;
668 2437 1037 2496 Meinradum
1071 2444 1267 2496 autem
1308 2439 1526 2496 ibidem
1568 2441 1838 2498 abbatem

197 2525 516 2590 constituit,
545 2524 698 2581 sicut
736 2526 788 2582 ei
841 2526 980 2581 olim
1033 2529 1188 2599 apud
1239 2529 1490 2585 Domum
1522 2530 1676 2586 Petri
1707 2531 1836 2587 fuit.

195 2614 318 2686 Ipse
345 2618 546 2670 tamen
574 2615 908 2685 frequenter
927 2632 1062 2672 eum
1101 2616 1294 2672 locum
1333 2618 1604 2674 visitabat
1637 2624 1693 2675 et
1713 2621 1840 2691 ejus

191 2703 544 2764 utilitatibus
600 2705 1015 2776 prospiciebat.
1067 2705 1215 2761 Nam
1265 2707 1382 2762 fere
1427 2723 1534 2778 per
1579 2708 1842 2781 quinque

192 2808 388 2860 annos,
411 2791 710 2866 quidquid
735 2794 804 2848 de
826 2793 1174 2850 Eichstettin
1211 2796 1283 2851 ad
1320 2796 1622 2853 Petrishus
1648 2800 1842 2853 venire

192 2881 490 2954 debuerat,
519 2883 590 2940 ad
613 2882 1056 2940 aediﬁcationem
1072 2883 1281 2942 harum
1299 2885 1551 2942 duarum
1564 2886 1842 2942 cellarum

192 2970 578 3044 expendebat.
626 2971 713 3028 Ad
774 2965 896 3027 haec
951 2989 1146 3028 sacras
1202 2976 1392 3030 vestes
1448 2978 1506 3029 et
1555 2974 1738 3030 libros
1778 2992 1844 3031 ac

193 3063 542 3130 sanctorum
562 3057 863 3132 reliquias,
896 3064 1016 3116 tam
1045 3078 1144 3118 eas
1166 3079 1292 3134 quae
1319 3063 1592 3134 primitus
1613 3063 1843 3120 directa:

195 3145 415 3206 fuerant
454 3147 539 3203 de
585 3147 1069 3218 Andoltisbuoch,
1121 3167 1300 3223 quam
1344 3149 1490 3208 alias
1538 3152 1755 3209 multas
1787 3158 1844 3208 et

199 3236 546 3310 magniﬁcas
578 3235 890 3309 (contulit).

258 3411 474 3468 Deinde
531 3427 669 3467 cum
717 3411 872 3467 idem
929 3411 1092 3470 locus
1141 3414 1422 3486 proﬁcere
1476 3415 1744 3488 ompisset
1791 3420 1848 3474 et

196 3498 489 3568 ditescere,
512 3505 818 3572 coeperunt
838 3505 1087 3559 tractare
1109 3519 1224 3575 qua
1254 3503 1479 3561 ratione
1500 3505 1654 3562 idem
1685 3504 1849 3563 locus

195 3587 452 3647 libertate
478 3590 675 3663 possit
704 3589 928 3646 donari.
970 3591 1048 3647 De
1096 3591 1204 3648 hoc
1253 3592 1434 3665 igitur
1489 3594 1588 3650 diu
1645 3595 1844 3651 habito

202 3676 430 3739 consilio
459 3679 837 3746 invenerunt,
879 3679 1216 3738 nullatenus
1267 3681 1376 3738 hoc
1424 3682 1635 3739 melius
1672 3701 1844 3756 posse

209 3762 352 3830 ﬁeri,
367 3765 556 3830 nisiut
568 3783 766 3824 comes
786 3767 1089 3826 Udalricus
1110 3770 1541 3828 Petrishusensi
1559 3777 1848 3830 monaste-

213 3849 296 3905 rio
323 3854 624 3924 praedium,
654 3857 812 3928 quod
843 3857 1057 3913 dicitur
1094 3857 1443 3930 Biginhusin
1484 3861 1654 3932 (882),
1687 3863 1841 3934 quod

208 3944 370 4012 pater
396 3959 537 4000 suus
569 3943 709 4000 olim
740 3945 1072 4017 donaverat,
1105 3949 1394 4016 redderet,
1426 3955 1484 4005 et
1526 3951 1650 4022 ipse
1681 3969 1847 4008 versa

207 4028 322 4086 vice
347 4031 714 4105 Brigantiam
736 4051 770 4092 a
787 4035 1140 4100 monasterio
1209 4037 1506 4109 reciperet.
1541 4039 1843 4110 Siquidem

202 4115 346 4174 idem
366 4135 566 4178 comes
582 4120 777 4179 adhuc
797 4122 1138 4180 adolescens
1161 4126 1319 4182 352
1337 4126 1520 4184 ﬁliam
1542 4127 1844 4184 Wernheri

198 4207 417 4266 comitis
449 4209 520 4266 de
552 4210 982 4272 Habichisburc
1018 4213 1169 4286 (883)
1204 4215 1318 4268 sibi
1365 4215 1841 4288 desponsaverat,

196 4298 246 4349 et
265 4294 312 4350 ei
335 4297 641 4369 sponsalia
650 4300 988 4371 juramento
1003 4301 1330 4358 ﬁrmaverat
1349 4319 1361 4358 :
1384 4305 1482 4359 sed
1497 4304 1842 4376 priusquam

193 4398 310 4442 eam
330 4387 642 4460 acciperet,
665 4388 900 4444 devenit
919 4405 1054 4445 cum
1095 4389 1277 4446 Welfo
1288 4408 1363 4448 ne
1412 4393 1560 4450 duce
1608 4393 1680 4449 ad
1703 4393 1844 4450 Cha-

195 4469 495 4532 laminzam
536 4477 712 4548 (884),
758 4480 815 4533 et
857 4477 1132 4533 concubit
1182 4477 1431 4534 latenter
1461 4497 1598 4536 cum
1631 4481 1843 4538 Bertha

195 4557 563 4659 ﬁlialtudolﬁ
595 4563 759 4659 (885).
778 4565 954 4659 regis,
991 4581 1236 4659 remque
1263 4566 1447 4622 voluit
1485 4569 1701 4626 latere:
1737 4572 1838 4627 sed
1872 4595 1919 4659 D

195 4647 374 4717 puella
391 4651 810 4724 promulgavit,
836 4653 1038 4726 sicque
1061 4655 1281 4712 factum
1295 4661 1386 4714 est
1399 4661 1464 4712 ut
1481 4659 1839 4731 propinquo-

262 4804 403 4880 (880)
433 4809 514 4866 Ex
545 4813 819 4866 contextu
861 4812 1185 4872 Ludovicus
1214 4813 1310 4870 hic
1369 4833 1565 4873 comes
1613 4816 1841 4874 Pfulen-

196 4873 477 4958 dprfen'sis
536 4881 722 4958 fuisse
765 4882 1068 4958 evincitur,
1095 4885 1194 4958 qui
1225 4886 1372 4958 forte
1402 4888 1578 4944 etiam
1610 4873 1838 4946 Helfen-

197 4949 873 5032 steinensis.fui_t_,ﬁat_que
930 4957 980 5011 is
1035 4949 1159 5028 ipse
1216 4957 1384 5032 facile
1441 4959 1634 5032 fuerit,
1669 4963 1837 5032 cujus

200 5031 426 5097 uxorem
448 5024 652 5097 rapuit
677 5023 808 5081 Otto
838 5023 1153 5095 comesfut
1181 5028 1428 5096 videtur,
1460 5023 1837 5089 Mont'fort'ius

190 5091 610 5169 Imﬁglgagium
634 5112 701 5169 p._
716 5098 840 5169 553.
856 5096 983 5154 Vid.
1005 5091 1302 5155 Bertholdi
1325 5091 1537 5157 Chron.
1557 5119 1651 5158 an.
1675 5105 1831 5162 1089.

202 5165 250 5245 η’
259 5160 404 5245 (881)
427 5160 653 5245 Exinde
672 5167 978 5245 discimus,
1007 5171 1427 5245 monasterium
1451 5173 1550 5228 diu
1559 5175 1688 5245 jam
1702 5160 1836 5232 ante

421 5240 758 5312 estructum
782 5255 930 5312 pene
954 5227 1221 5298 funditus
1242 5242 1423 5299 fuisse
1443 5227 1832 5302 destructum:

198 5295 556 5390 “ﬂagellis
568 5295 802 5390 Christ:
828 5295 867 5366 l.
886 5295 893 5296 ί
910 5295 971 5390 lc.
986 5295 1420 5390 hinsidias};
1446 5295 1597 5390 iit};
1612 5295 1829 5390 Xngia.

440 5375 861 5461 Ilich‘i‘shau‘sen
915 5382 1000 5461 in_
1038 5384 1301 5461 capitulo
1346 5372 1829 5461 Munderking‘en.

440 5447 929 5531 Hicyernberus
953 5455 1002 5509 II
1037 5443 1339 5531 coinesde
1374 5443 1683 5531 Habeburg
1699 5443 1832 5516 2155’s

202 5508 418 5593 debuit,
443 5533 495 5572 a.
529 5520 663 5593 1096
683 5508 1010 5593 defunctus,
1034 5508 1835 5586 (ἐῶἶῦἰοῖίηῖᾗῙὶᾎ-ιξῐῗιὶᾘᾞῖἷ

202 5581 521 5673 ξίῃοιιιιε,
554 5593 598 5673 t.
629 5591 671 5673 l,
704 5611 762 5665 p.
795 5596 899 5652 142
929 5581 1831 5673 udﬁ’ahab‘lﬁﬁo’iiéﬁéiéieiii

205 5659 394 5721 postea
412 5659 762 5732 copulatam.

1943 573 2261 641 cogeretur,
2289 573 2347 626 et
2369 569 2772 639 juramentum
2809 569 2964 640 quod
2998 568 3128 626 ﬁlim
3173 571 3477 628 Wernheri
3499 573 3594 646 ju-

1943 663 2169 713 raverat
2199 657 2548 725 emendavit,
2584 663 2641 713 et
2669 658 2865 714 omnia
2893 675 3017 729 quis
3066 657 3148 715 illi
3199 662 3594 734 spoponderat

1943 745 2013 804 de
2044 747 2168 802 suis
2220 746 2470 818 propriis
2517 747 2791 803 reddidit.
2845 746 3010 804 Unde
3059 747 3278 805 factum
3321 755 3430 818 est,
3458 767 3593 808 cum

1943 835 2335 906 quorumdam
2369 852 2614 891 suorum
2640 836 3116 893 ministerialium
3142 838 3408 895 redditus
3430 844 3487 895 et
3507 841 3599 896 be-

1946 922 2150 978 neﬁcia
2191 923 2328 978 illuc
2360 923 2542 990 daret,
2576 928 2632 980 et
2663 941 2762 980 eos
2801 924 2947 980 alias
2999 931 3260 997 poneret,
3312 931 3378 982 ut
3421 927 3597 984 etiam

1945 1012 2232 1082 quosdam
2256 1013 2325 1067 ad
2351 1012 2700 1084 Biginhusin
2724 1013 3090 1081 transferret,
3130 1031 3383 1087 quorum
3405 1020 3600 1088 poste-

1944 1101 2085 1160 ritas
2115 1101 2306 1156 adhuc
2371 1101 2450 1156 ibi
2508 1102 2684 1174 viget.
2752 1103 2900 1175 Ergo
2955 1120 3025 1158 ex
3070 1103 3199 1170 hac,
3258 1109 3324 1160 ut
3375 1106 3600 1175 opinor,

1947 1190 2250 1245 occasione
2297 1190 2451 1245 idem
2502 1191 2784 1261 praedium
2836 1193 3192 1249 monasterio
3233 1194 3600 1251 subtractum

1948 1277 2160 1334 fuerat.

2663 1387 2692 1459 §
2721 1387 2887 1444 xxu.

2024 1499 2223 1570 Igitur,
2258 1506 2324 1556 ut
2365 1501 2638 1572 superius
2686 1502 2912 1558 dictum
2961 1506 3071 1569 est,
3125 1508 3188 1557 ut
3237 1503 3600 1576 Brigantiam

1941 1587 2220 1658 reciperet
2273 1589 2589 1646 Udalricus
2667 1607 2883 1657 comes,
2942 1591 3300 1647 monasterio
3360 1591 3601 1664 quidem

1939 1676 2240 1733 Petrisbus
2273 1678 2620 1750 Biginhusin
2664 1680 2943 1743 restituit,
2989 1684 3047 1735 et
3085 1680 3158 1736 de
3187 1680 3606 1739 Andoltisbuoc

1949 1771 2007 1822 et
2027 1770 2452 1823 Hasuunouwa
2472 1767 2617 1823 nihil
2640 1773 2730 1824 est
2745 1773 2998 1841 gestum.
3023 1769 3132 1824 Sed
3156 1771 3308 1840 quod
3328 1770 3604 1842 primitus

1865 1855 1914 1919 B
1946 1860 2139 1924 fuerat
2182 1863 2376 1912 actum
2427 1856 2710 1912 remansit
2759 1858 3085 1926 intactum;
3130 1875 3199 1915 ex
3245 1859 3606 1931 negligentia

1950 1948 2149 1999 autem
2188 1949 2525 2000 nostrorum
2577 1946 2755 2001 cessit
2798 1946 2857 2000 in
2889 1962 3064 2002 usum
3096 1946 3603 2018 Brigantinorum,

1949 2033 2219 2103 quamvis
2242 2033 2416 2088 etiam
2440 2034 2848 2090 concambium
2869 2034 3278 2106 Brigantinum
3298 2051 3414 2090 non
3432 2035 3608 2092 fuerit

1951 2119 2280 2192 legitimum
2302 2122 2608 2193 ;quoniam
2622 2126 2677 2176 et
2703 2122 3049 2194 Biginhusin
3075 2123 3240 2194 prius
3264 2123 3602 2180 monasterii

1951 2212 2164 2278 fuerat,
2197 2209 2394 2266 ethoc
2455 2216 2596 2266 tunc
2647 2212 2784 2281 jure
2835 2211 3011 2266 etiam
3061 2210 3187 2266 sine
3235 2213 3607 2283 coemptione

1951 2302 2287 2354 restitutum
2313 2299 2470 2370 quod
2511 2300 2698 2354 fuerat
2747 2299 2948 2355 fraude
2973 2298 3256 2356 ablatum.
3292 2300 3395 2356 Pro
3425 2317 3602 2357 orna-

1950 2387 2164 2444 mentis
2195 2392 2390 2444 autem
2422 2397 2476 2443 et
2507 2388 2860 2444 utensilibus
2891 2388 3147 2444 ecclesias
3180 2393 3300 2445 tam
3333 2389 3395 2444 in
3425 2389 3608 2446 sacris

1950 2478 2212 2533 vestibus
2241 2481 2298 2532 et
2328 2476 2579 2533 metallis
2608 2483 2665 2533 et
2716 2476 2883 2534 libris
2932 2493 3109 2548 quam
3153 2476 3214 2532 in
3265 2483 3606 2535 sanctorum

1951 2565 2219 2637 reliquis,
2254 2582 2381 2637 quis
2408 2582 2444 2620 a
2483 2567 2838 2628 monasterio
2888 2565 3026 2621 illuc
3084 2565 3316 2622 fuerant
3362 2567 3604 2633 directa,

1950 2658 2015 2708 ut
2041 2653 2161 2709 illic
2192 2660 2622 2725 permanerent,
2653 2656 2790 2712 data
2818 2659 2960 2711 sunt
2987 2671 3098 2712 xxx
3128 2654 3369 2712 talenta.
3394 2656 3499 2713 His
3521 2655 3605 2712 ita

1950 2743 2128 2815 gestis
2160 2747 2460 2815 coeperunt
2490 2743 2797 2801 ecclesiam
2826 2760 2896 2800 ex
2946 2743 3245 2816 lapidibus
3289 2745 3597 2802 aediﬁcare.

2653 2863 2678 2925 §
2707 2860 2900 2915 XXIII.

2023 2965 2129 3019 Per
2160 2965 2314 3020 idem
2365 2969 2595 3038 tempus
2644 2966 2954 3022 Udalricus
3000 2984 3196 3024 comes
3245 2968 3496 3041 perrexit
3533 2971 3603 3025 ad

1952 3054 2284 3126 Bretingen,
2319 3060 2374 3110 et
2405 3055 2485 3110 ibi
2517 3072 2618 3128 per
2655 3055 2879 3129 aliquot
2927 3056 3052 3113 dies
3097 3058 3439 3114 morabatur
3467 3075 3604 3114 cum

1954 3143 2332 3199 multitudine
2364 3161 2640 3213 suorum;
2677 3151 2733 3200 et
2766 3145 3019 3217 quadam
3046 3146 3138 3202 die
3159 3147 3458 3218 juvenculi
3476 3153 3609 3220 post

1873 3225 1915 3291 C
1956 3233 2270 3304 prandium
2294 3233 2867 3304 ascenderuntjuxta
2886 3232 2946 3288 in
2979 3234 3360 3308 supercilium
3388 3236 3604 3293 montis

1955 3320 2187 3390 excelsi,
2236 3324 2293 3376 et
2333 3326 2634 3394 cmperunt
2680 3339 2820 3377 saxa
2862 3321 3120 3379 evolvere
3170 3324 3231 3380 in
3277 3324 3483 3380 vallem
3508 3325 3604 3396 jo-

1955 3409 2127 3464 candi
2159 3411 2366 3482 gratia.
2398 3411 2467 3466 Et
2497 3427 2627 3466 ecce
2651 3428 2804 3466 unus
2849 3411 3086 3467 nomine
3115 3413 3362 3484 Opertus
3392 3431 3601 3470 saxum

1953 3497 2182 3565 evolvit,
2215 3502 2271 3554 et
2301 3503 2368 3554 ut
2395 3515 2457 3554 se
2505 3499 2901 3567 observarent,
2955 3499 3055 3572 qui
3104 3501 3316 3557 subtus
3368 3502 3425 3557 in
3458 3501 3604 3558 valle

1954 3591 2140 3657 erant,
2184 3587 2586 3659 proclamavit.
2622 3588 2848 3643 Accidit
2887 3593 3085 3643 autem
3114 3592 3179 3643 ut
3201 3605 3400 3644 comes
3430 3590 3604 3647 Udal-

1955 3675 2108 3731 ricus
2146 3682 2382 3732 econtra
2419 3675 2842 3743 deambularet,
2881 3681 2938 3731 et
2968 3676 3125 3734 858.
3163 3676 3343 3733 ictum
3392 3677 3604 3750 lapidis

1953 3763 2243 3821 declinare
2287 3765 2496 3832 noluit,
2547 3766 2645 3822 sed
2697 3764 2850 3820 saltu
2899 3764 3198 3821 transilire
3261 3766 3464 3836 voluit,
3499 3769 3601 3824 sed

1953 3851 2103 3924 lapis
2131 3869 2266 3908 eum
2316 3854 2373 3908 in
2427 3853 2570 3909 tibia
2617 3853 2908 3926 percussit
2951 3857 3008 3909 et
3054 3853 3362 3926 confregit,
3396 3859 3455 3911 et
3483 3873 3605 3914 non

1953 3940 2140 3997 multo
2174 3946 2303 4013 post
2346 3942 2501 4000 mala
2547 3941 2738 3999 vesica
2767 3943 3036 4009 accrevit,
3068 3957 3323 4014 eumque
3352 3943 3604 4001 in-hrevi

1952 4029 2227 4086 exstinxit
2275 4032 2442 4104 (886).
2495 4032 2696 4103 Itaque
2743 4030 3108 4104 Brigantium
3165 4029 3420 4100 delatus,
3468 4049 3603 4089 cum

1952 4118 2198 4176 ecclesia
2223 4121 2472 4177 necdum
2513 4124 2668 4177 esset
2719 4120 2960 4188 deicata,
2985 4119 3315 4192 insepultus
3335 4121 3604 4179 servaba-

1951 4212 2068 4274 tur,
2099 4226 2404 4282 quousque
2433 4211 2743 4284 episcopus
2764 4210 2836 4265 ad
2865 4209 3255 4265 dedicandum
3277 4211 3601 4268 oratorium

1952 4304 2329 4354 convocaretu
2339 4300 2592 4356 r..Abbas
2606 4304 2800 4355 autem
2819 4298 3218 4354 Theodericus
3237 4299 3485 4356 audiens
3504 4317 3603 4357 eos

1953 4401 2344 4456 murmurare,
2375 4390 2528 4460 quod
2565 4387 2909 4461 Biginhusin
2949 4389 3010 4443 in
3059 4404 3232 4444 suum
3255 4389 3360 4460 jus
3389 4389 3602 4446 iterum

1950 4473 2164 4530 vellent
2191 4477 2504 4545 retrahere,
2558 4477 2898 4534 nullatenus
2941 4477 3281 4550 episcOpum
3333 4479 3605 4550 permisit

1951 4565 2016 4617 ut
2046 4563 2349 4620 ecclesiam
2399 4566 2714 4635 dedicaret,
2768 4571 3085 4639 antequam
3140 4566 3355 4623 Bertha
3403 4567 3605 4624 relicta

1953 4652 2209 4710 Udalrici
2240 4672 2373 4712 cum
2407 4673 2587 4713 manu
2629 4656 2888 4714 ﬁliorum
2939 4673 3184 4712 suorum
3232 4656 3524 4731 Rudolpbi
3550 4662 3608 4714 et

2021 4813 2166 4886 (884)
2200 4815 2634 4899 In‘lfalatinatu
2652 4817 2952 4899 superiore
2979 4817 3318 4899 seu‘ducatu
3343 4816 3602 4872 Neobur-

1948 4883 2236 4968 sissis":
2261 4883 2743 4968 Welpheni‘dusf
2770 4894 2909 4968 tunc
2941 4888 3242 4968 serebat.

2019 4956 2171 5030 (7885)
2201 4956 2472 5014 Bertham
2497 4959 2646 5014 hanc
2668 4960 2928 5030 plerique
2942 4956 3246 5030 Rudolpbi
3277 4956 3510 5030 comitis
3531 4960 3602 5015 de

1949 5026 2316 5106 Rhinfelden,
2353 5033 2552 5106 postea
2583 5026 2939 5106 anticaesaris
2972 5026 3162 5106 ﬁl_iam‘
3205 5029 3602 5106 statuunt,_ex

1945 5098 2266 5170 Adelbaide
2297 5101 2554 5154 secunda
2588 5103 2716 5170 ejus
2765 5117 2960 5156 uxore.
3016 5101 3096 5155 De
3144 5098 3359 5170 quibus
3409 5098 3600 5156 fusius

1897 5212 1916 5229 .
1945 5169 2092 5227 Cels.
2119 5172 2433 5242 Gerbertus
2455 5171 2514 5224 in
2540 5169 2791 5227 tractatu
2813 5173 2883 5228 de
2905 5169 3213 5242 Rudolpho
3231 5169 3597 5226 anticasare.

1944 5257 2002 5311 p-
2039 5245 2165 5319 118.,
2196 5241 2298 5319 1.133
2320 5257 2484 5319 βείω·
2517 5311 2528 5319 .
2689 5311 2703 5319 .
2985 5241 3114 5319 ---ζ
3306 5309 3316 5319 -

2025 5315 2173 5385 (886)
2197 5310 2464 5385 Mortem:
2478 5311 2606 5381 ejus
2635 5311 2707 5365 ad
2731 5329 2950 5385 annum
2976 5314 3113 5385 1097
3149 5310 3352 5383 paucis
3375 5310 3594 5368 descri-

1943 5388 2029 5443 bit
2060 5383 2407 5441 Bertholdus
2439 5383 2742 5438 Constant.
2781 5383 2839 5436 in
2889 5383 3197 5454 Chronico,
3243 5398 3497 5454 eumque
3527 5385 3599 5438 27

1944 5460 2068 5516 Oct.
2101 5458 2161 5510 in
2199 5455 2431 5510 condito
2461 5471 2494 5508 a
2529 5470 2590 5509 se
2623 5453 2976 5508 monasterio
3027 5454 3327 5524 sepultum
3378 5453 3594 5523 narrat,

1943 5532 2013 5586 ad
2042 5545 2214 5601 quem
2229 5527 2383 5601 diem
2406 5525 2932 5601 etiamnotaturin
2967 5524 3227 5601 antiquei
3255 5527 3596 5601 monasterii

1942 5594 2487 5674 illiusANecrologio,
2516 5597 2695 5674 ut_i_et
2727 5594 2949 5674 Bertha
2991 5596 3238 5674 conjuge
3271 5597 3361 5674 ad
3388 5597 3460 5652 20
3489 5597 3590 5674 .131-

1941 5670 2133 5731 nuarii
2156 5671 2215 5727 in
2235 5666 2594 5730 Zwiﬁiltensi
2619 5668 2834 5726 Bertha
2852 5666 3157 5726 comitissa
3178 5667 3248 5728 de
3271 5666 3589 5741 Brigantia.
