3982 6216
96 331 217 406 849
981 334 1434 426 (ΖΗΒΟΝΙΕΟΝ
1477 334 1766 401 PETERS

1903 336 2196 404 SANUM.
2232 369 2310 388 --
2342 337 2490 402 LIB.
2535 338 2644 403 Ill.
3401 341 3521 408 350

100 487 320 547 magna
349 487 486 529 cum
520 467 712 546 gloria
741 471 1010 544 quamvis
1035 471 1200 528 exsul
1222 471 1498 528 exercuit.
1533 471 1754 528 Deinde
1783 470 1842 540 Α
1871 487 2050 544 quam
2079 477 2274 530 autem
2295 473 2655 530 Wernherus
2686 490 2821 530 cum
2845 473 2970 532 suis
2995 472 3522 534 fautoribusetAr-

103 562 275 636 quasi
308 561 578 618 eﬂ‘renati
609 578 748 618 cum
782 577 994 634 magno
1025 561 1274 634 strepitu
1305 560 1628 617 Arnoldum
1653 561 1755 616 ad-
1864 559 2223 619 nelduscum
2242 563 2365 620 suis
2383 580 2472 620 res
2505 562 2920 620 menasteriiad
2935 562 3201 622 ultimam
3215 566 3520 639 penuriam

103 651 420 720 duxerunt,
451 655 510 707 et
539 650 833 706 cathedrae
864 649 1328 706 Censtantiensis
1374 649 1644 706 Ecclesiae
1697 649 1756 704 in
1866 656 1923 708 et
1943 652 2198 724 inopiam
2222 654 2638 726 perduxerunt,
2664 653 2788 725 ipse
2804 653 3003 710 relicto
3032 655 3262 711 abbatis
3285 657 3520 715 nomine

104 739 516 798 Puriﬁcatiene
546 740 606 796 S.
632 739 832 795 Mariae
853 739 1288 812 imposuerunt,
1313 756 1465 794 anno
1483 739 1554 794 ab
1573 739 1760 794 Incar—
1868 740 1940 796 ad
1971 741 2396 798 Theodericum
2433 759 2495 797 se
2527 743 2582 796 in
2608 743 2936 798 Baieariam
2970 743 3240 811 contulit,
3265 744 3436 816 eique
3459 763 3522 804 se

107 833 232 888 nat.
266 829 432 885 Dom.
463 830 647 898 fuam.
703 829 834 884 Haec
881 845 1074 884 werra
1126 844 1228 901 per
1283 827 1589 884 duodecim
1645 828 1763 882 fere
1871 830 2142 901 subjecit,
2176 831 2394 903 quique
2426 847 2560 887 eum
2592 830 2845 902 benigne
2878 833 3159 904 suscepit,
3189 833 3359 904 eique
3392 835 3518 890 offi-

109 935 300 976 annes
329 922 642 990 protracta,
661 935 817 973 nunc
839 919 908 973 ad
933 918 1256 990 perfectum
1281 916 1503 975 malum
1527 921 1614 973 est
1632 933 1761 988 per-
1872 918 2028 974 cium
2051 919 2250 976 altaris
2277 920 2453 975 invite
2514 919 2783 991 episcopo
2837 919 3177 977 Gebeharde
3227 922 3516 992 restituit;

106 1009 307 1064 ducta.
340 1007 656 1078 Postquam
681 1010 882 1062 autem
914 1006 1208 1062 Arneldus
1233 1006 1633 1078 episcopatum
1659 1005 1763 1060 eb-
1875 1008 1976 1063 sed
2008 1025 2122 1064 non
2156 1009 2255 1064 diu
2288 1007 2611 1080 permansit
2640 1024 2820 1062 cornu
2855 1011 3173 1080 peccatoris
3204 1011 3375 1082 (896).

104 1096 315 1162 tinuit,
347 1096 655 1152 confestim
691 1095 874 1159 misit,
907 1099 960 1150 et
997 1094 1511 1167 congregationem
1545 1099 1766 1150 Demus

2241 1117 2268 1183 §
2295 1115 2510 1170 XXXII.
2542 1115 2614 1170 De
2639 1115 2892 1169 Heinrico
2930 1116 2969 1169 V
2993 1131 3138 1186 rege.

112 1183 276 1241 Petri
306 1184 512 1240 obnixe
533 1183 848 1256 postulavit
879 1187 942 1238 ut
973 1183 1166 1256 quiete
1187 1199 1253 1239 ac
1286 1183 1526 1256 pacitiee
1555 1183 1614 1238 in
1650 1199 1766 1237 me-

1949 1208 2115 1258 Anno
2147 1204 2400 1275 denique
2430 1219 2547 1260 MCV
2577 1201 2882 1258 Heinricus
2912 1201 3334 1261 ﬁliusHeinrici
3368 1207 3523 1280 regis

114 1273 380 1331 nasterio
413 1290 518 1329 sue
571 1272 908 1340 residerent,
969 1278 1027 1328 et
1085 1272 1334 1328 Domino
1386 1273 1541 1328 356
1592 1272 1766 1327 servi-

1903 1293 2031 1348 ertii
2053 1293 2171 1364 (IV)
2203 1272 2443 1347 recessit
2473 1309 2505 1346 a
2536 1295 2697 1364 patre
2715 1291 3239 1361 excommunicate,
3273 1299 3330 1350 et
3384 1272 3522 1351 cen-

116 1364 278 1428 rent,
309 1378 486 1433 seque
516 1361 782 1433 promisit
809 1360 1035 1419 nullam
1061 1360 1146 1416 eis
1176 1360 1507 1416 molestiam
1529 1360 1766 1416 omnino

1902 1381 2264 1437 Lentientibus
2276 1381 2642 1453 principibus
2659 1396 2902 1452 regnum
2919 1385 3124 1436 contra
3145 1387 3368 1453 patrem
3385 1385 3526 1440 arri-

112 1450 444 1507 illaturum.
477 1451 606 1522 Ipse
637 1453 836 1505 autem
869 1450 1114 1506 Romam
1145 1449 1419 1522 perrexit,
1451 1454 1508 1506 et
1555 1467 1590 1505 a
1644 1449 1766 1504 Wi-

1902 1469 2024 1525 iuit.
2051 1470 2187 1525 Inde
2211 1471 2465 1525 maxima
2484 1473 2683 1524 exorta
2703 1473 2792 1523 est
2807 1468 3033 1525 occasio
3057 1469 3316 1526 rixarum
3345 1490 3358 1538 ;
3384 1490 3521 1528 nam

111 1545 278 1614 perte
304 1538 453 1612 (893)
483 1539 989 1596 consecrationem
1015 1539 1256 1611 accepit.

1902 1574 2003 1630 pse
2035 1562 2197 1630 pater
2222 1558 2552 1624 Heinricus,
2585 1573 2719 1612 cum
2752 1573 2864 1612 non
2889 1562 3088 1630 posset
3118 1557 3306 1614 filium
3337 1560 3408 1616 ad
3463 1579 3524 1619 se

824 1648 852 1713 §
882 1645 1072 1702 XXIX.
1880 1663 2166 1714 revocare,
2200 1651 2549 1718 congregato
2580 1644 2832 1700 exercitu
2865 1662 3068 1700 omnes
3101 1646 3356 1704 fautores
3395 1651 3523 1721 ejus

181 1738 252 1792 At
285 1734 691 1792 Theodericus
723 1734 903 1790 abbas
927 1733 1151 1790 nullam
1177 1735 1437 1808 quietem
1469 1739 1604 1807 post
1641 1735 1768 1792 dis-
1879 1735 2102 1807 rapinis
2134 1740 2191 1791 et
2213 1735 2501 1790 incendiis
2533 1733 2807 1789 maximis
2840 1733 3153 1802 lacessivit,
3214 1753 3521 1811 nunquam

112 1841 350 1881 cessum
380 1822 979 1896 Gebehardiepiscepi
1003 1823 1216 1880 habere
1234 1841 1466 1897 passus,
1488 1825 1766 1896 quoniam
1799 1839 1847 1904 Β
1878 1827 2071 1880 tamen
2108 1839 2318 1896 pugnae
2350 1823 2683 1879 facultatem
2718 1823 2983 1894 praebuit.

113 1930 251 1970 eum
283 1918 350 1968 ut
378 1912 642 1968 animam
675 1929 845 1968 suam
877 1912 1100 1978 dilexit,
1134 1914 1235 1968 sed
1268 1915 1396 1986 ipse
1427 1931 1602 1979 anno,
1659 1914 1768 1970 hec

111 2007 204 2059 est
234 2019 384 2058 nam
415 2000 661 2073 reliquit
692 2002 1112 2058 monasterium
1145 2019 1344 2068 suum,
1372 2006 1430 2058 et
1451 2003 1770 2060 monachos

113 2107 250 2149 suos
281 2095 465 2162 atque
498 2090 779 2146 barbatos
810 2091 1017 2147 fratres
1039 2090 1365 2162 dispertivit
1393 2095 1450 2146 et
1470 2108 1768 2148 commen-

112 2182 269 2237 davit
297 2196 410 2252 per
440 2178 821 2244 monasteria,
850 2179 976 2252 ipse
1014 2195 1147 2235 vero
1190 2180 1515 2252 assumpsit
1568 2197 1770 2236 secum

113 2269 426 2326 duodecim
457 2284 610 2340 quos
633 2267 831 2339 elegit,
861 2271 918 2324 et
946 2284 1046 2326 eos
1089 2284 1288 2324 secum
1331 2271 1390 2322 in
1442 2269 1769 2340 Bajoariam

117 2358 301 2426 duxit,
339 2357 414 2413 ad
436 2355 858 2412 monasterium
882 2356 1038 2428 quod
1062 2356 1276 2412 dicitur
1297 2357 1770 2414 Wezzinisbrun-

119 2446 223 2502 nin
251 2446 429 2517 (894),
459 2449 516 2500 et
541 2445 612 2500 ab
644 2442 994 2500 Adilberone
1011 2445 1328 2501 venerabili
1379 2446 1587 2502 abbate
1617 2448 1772 2518 ejus-

117 2533 393 2591 demloci
429 2532 740 2588 honorifice
762 2537 1094 2605 susceptus,
1141 2534 1194 2589 ei
1249 2534 1590 2592 charitative
1636 2552 1768 2592 cum

115 2623 240 2682 suis
270 2621 556 2682 omnibus
571 2638 676 2694 per
705 2620 931 2694 aliquot
957 2638 1188 2679 menses
1211 2622 1448 2680 habitus
1469 2629 1577 2681 est.

179 2819 414 2877 Deinde
447 2818 691 2890 quidam
725 2817 1130 2874 nobilissimus
1177 2819 1266 2873 vir
1325 2823 1384 2874 et
1434 2820 1766 2893 religiosus,

115 2910 347 2967 nomine
381 2906 740 2974 Fridericus,
771 2905 908 2962 tulit
936 2923 1034 2963 eos
1064 2907 1200 2963 inde
1229 2911 1288 2963 et
1343 2909 1772 2965 commendavit

112 3000 192 3056 eis
219 2997 467 3064 cellam,
502 3013 680 3067 quam
703 2995 832 3068 ipse
861 3001 1111 3068 coeperat
1139 2997 1199 3051 in
1231 2996 1355 3052 loco
1389 3014 1496 3053 suo
1536 2998 1769 3070 proprio

112 3089 167 3145 in
197 3087 442 3144 excelso
490 3088 714 3151 monte,
762 3086 858 3156 qui
914 3090 1160 3141 vocatur
1216 3085 1534 3142 Castellum
1591 3088 1763 3158 (895),

115 3178 399 3250 omnique
435 3191 538 3231 eos
567 3173 934 3230 humanitate
965 3174 1106 3229 fovit
1135 3178 1191 3229 et
1220 3174 1546 3230 honoravit.
1593 3176 1765 3232 Deni-
1801 3206 1845 3273 α

116 3285 222 3340 que
239 3266 415 3322 idem
438 3264 606 3320 bona:
627 3262 921 3318 memoriae
937 3262 1129 3330 heres,
1157 3263 1485 3319 Fridericus
1511 3265 1766 3329 nomine,

116 3355 365 3411 habebat
390 3351 586 3408 ﬁlium
611 3351 880 3407 Ottenem
906 3353 1162 3419 nomine,
1186 3369 1430 3408 summae
1450 3353 1774 3410 nobilitatis

116 3447 170 3499 et
188 3442 431 3499 decoris
458 3439 674 3507 virum,
709 3440 808 3511 qui
840 3455 958 3495 una
987 3455 1121 3494 cum
1154 3445 1316 3512 patre
1364 3445 1422 3496 et
1449 3456 1585 3496 cum
1644 3441 1774 3497 aliis

117 3532 467 3604 proceribus
497 3529 764 3601 ejusdem
786 3527 1095 3600 provincias
1126 3529 1390 3602 cognatis
1411 3529 1682 3586 videlicet
1719 3535 1777 3586 et

114 3618 664 3693 propinquisatque
676 3615 883 3672 amicis
905 3616 1050 3680 suis,
1079 3616 1471 3674 venerabilem
1510 3618 1773 3675 Theodo-

115 3709 306 3764 ricum
338 3712 410 3763 et.
436 3706 644 3762 fratres
675 3707 804 3776 ejus
824 3721 1060 3761 summe
1091 3706 1309 3762 honore
1326 3705 1684 3775 excolebant,
1715 3711 1774 3762 et

113 3796 316 3852 locum
346 3795 586 3866 magnis
610 3794 828 3850 divitiis
852 3794 1232 3850 cumulabant
1252 3795 1310 3849 in
1333 3800 1583 3860 tantum,
1619 3800 1684 3851 ut
1713 3797 1772 3851 in

111 3885 277 3941 brevi
311 3882 541 3939 multos
558 3883 665 3939 sibi
687 3884 896 3940 fratres
918 3887 1260 3957 aggregaret
1283 3888 1342 3940 et
1385 3885 1772 3940 monasticam

110 3975 292 4032 vitam
326 3972 752 4030 honestissime
782 3971 926 4028 inihi
959 3973 1271 4029 ordinaret.

179 4170 519 4227 Recedente
545 4184 683 4241 ergo
712 4167 1072 4224 Theoderico
1104 4168 1174 4224 de
1224 4168 1409 4224 Deme
1454 4167 1627 4236 Petri,
1688 4168 1770 4238 hi,

111 4261 207 4332 qui
239 4265 385 4316 tunc
419 4262 855 4324 remanserant,
889 4256 1322 4313 constituerunt
1380 4257 1766 4313 Wernherum

110 4350 454 4418 quemdam,
491 4347 564 4402 de
594 4347 1144 4419 Epﬁnderfnatum,
1191 4345 1303 4401 sibi
1354 4345 1413 4400 in
1474 4346 1770 4415 abbatem,

110 4442 163 4492 et
199 4438 369 4494 obliti
404 4434 703 4508 regularis
732 4433 1054 4506 disciplina:
1086 4451 1265 4505 quam
1295 4433 1642 4503 didicerant,
1676 4452 1769 4491 re-

111 4525 350 4582 missius
373 4539 557 4598 agere
587 4527 900 4596 caeperunt.
934 4521 1230 4580 Arnoldus
1251 4539 1485 4596 quoque
1506 4524 1768 4580 intrusus

108 4615 420 4687 episcepus
444 4611 734 4668 beneﬁcia
755 4611 889 4669 inde
910 4612 1036 4668 suis
1057 4613 1372 4669 concedere
1401 4612 1590 4684 cmpit,
1617 4613 1765 4670 857

109 4705 260 4774 quod
289 4703 447 4762 nulli
472 4717 739 4774 unquam
757 4700 1163 4774 episcoporum
1185 4701 1370 4758 facere
1387 4700 1576 4758 licuit.
1612 4703 1772 4759 Pest-

193 4864 320 4934 893)
354 4864 440 4918 Ex
474 4861 665 4918 Gallia
721 4860 1051 4934 Christiana
1079 4865 1136 4916 et
1182 4860 1399 4918 Manlio
1430 4862 1594 4934 prius
1639 4864 1766 4934 jam

103 4931 415 4991 ordinatus
447 4938 543 4989 est
580 4931 876 4989 Arnoldus
927 4949 962 4988 a
989 4932 1284 4989 Clemente
1333 4935 1409 4989 ΙΙΙ
1431 4931 1782 5008 “αηιίρὰρα,›

105 5039 196 5078 an.
232 5025 380 5080 IIOO
405 5026 669 5078 mortuo.

171 5095 320 5165 (894)
349 5094 770 5165 Wessebrunn
793 5091 1110 5165 celebreAO.
1136 5093 1194 5148 S.
1221 5093 1288 5148 B.
1320 5093 1652 5150 coenobium
1707 5095 1766 5150 in

103 5163 409 5238 superiOre
447 5164 695 5220 Bavaria
735 5168 792 5219 et
809 5163 1421 5289 diaecesiAugustana,
1454 5166 1548 5221 cui
1601 5167 1769 5222 Adal-

101 5236 237 5292 bero
268 5238 344 5292 ab
377 5254 480 5292 an.
519 5237 658 5290 1065
688 5252 873 5292 usaue
904 5235 1046 5291 4110
1075 5235 1148 5289 ab
1193 5252 1256 5290 as
1290 5242 1549 5292 praeerat.

141 5253 237 5292 6P0
268 5252 344 5292 ω)
377 5254 480 5292 an.
519 5252 658 5290 ‘IUOO
688 5252 873 5292 [180118
904 5252 1046 5291 111U
1075 5252 1256 5290 8008.8
1290 5252 1549 5292 praeerat.

174 5254 237 5292 re
268 5252 344 5292 an
377 5254 480 5292 an.
519 5252 658 5290 meo
688 5252 873 5316 usque
904 5252 1046 5291 11w
1075 5252 1256 5316 abbas
1286 5252 1549 5317 praeerat.

171 5309 323 5380 (895)
357 5307 751 5380 Magnificum
780 5307 919 5362 olim
938 5305 1300 5380 Benedictini
1322 5308 1585 5380 instituti
1612 5325 1769 5364 asce-

106 5377 320 5452 t_erium_
349 5379 413 5433 in
448 5377 1132 5452 Palatinatuisuperiore,
1164 5378 1462 5452 conditore
1494 5381 1767 5452 praedicto

107 5449 401 5522 Friderich
435 5448 654 5522 comite
674 5449 744 5504 de
772 5448 1126 5522 castelberg,
1161 5449 1261 5520 qui
1293 5450 1402 5506 hec
1442 5448 1570 5522 ipse
1615 5467 1767 5506 anno

106 5519 244 5591 1103
271 5519 509 5591 obiisse
533 5520 763 5586 dicitur,
797 5521 956 5577 filius
979 5519 1112 5576 vero
1143 5519 1272 5591 ejus
1302 5522 1432 5576 Otto
1466 5519 1665 5577 comes
1697 5524 1769 5577 de

110 5589 389 5676 girsberg
420 5589 515 5676 ve‘l
543 5591 826 5676 llebherg,
859 5599 962 5676 aut
990 5589 1294 5676 Habsperg
1324 5610 1418 5676 an:
1422 5593 1602 5676 1105.
1633 5593 1764 5649 Vid.

110 5660 437 5720 Bruscbius
469 5662 542 5718 de
567 5660 901 5725 Castellensi
924 5660 1286 5725 monasterio
1301 5682 1358 5737 p.
1390 5665 1511 5723 120.

2552 1915 2580 1978 §
2608 1911 2844 1966 XXXIII.

1955 2002 2255 2058 Heinricus
2284 2018 2419 2073 ergo
2452 2004 2763 2072 postquam
2797 2016 3042 2072 regnum
3075 2001 3350 2073 obtinuit,
3385 2023 3522 2063 con-

1881 2093 2073 2148 festim
2104 2091 2344 2163 expulso
2373 2088 2628 2145 Arnoldo
2661 2087 3069 2144 Gebehardum
3101 2107 3236 2146 cum
3268 2095 3524 2153 maxime

1879 2182 2098 2238 honore
2117 2181 2175 2236 in
2193 2180 2594 2252 episcopatum
2618 2193 2790 2234 suum
2805 2177 3076 2232 restituit.
3097 2179 3522 2240 Theodericum

1880 2271 2152 2327 abbatem
2183 2269 2574 2325 confessorem
2609 2266 2720 2322 sibi
2751 2265 2943 2338 elegit,
2967 2271 3026 2322 et
3041 2271 3394 2327 monasterio
3417 2291 3523 2331 suo

1881 2360 2138 2416 restituit
2157 2359 2328 2430 eique
2349 2357 2603 2430 trigenta
2624 2372 2852 2411 marces
2873 2355 3096 2427 argenti
3119 2361 3467 2431 transmisit,
3493 2381 3526 2420 e

1880 2450 2096 2522 quibus
2121 2449 2302 2505 abbas
2318 2463 2410 2502 res
2427 2443 2765 2501 monasterii
2787 2443 3109 2517 dissipatas
3127 2452 3452 2518 opportune
3467 2457 3526 2509 et

1880 2539 2102 2596 utiliter
2130 2536 2439 2610 reparavit.

2545 2625 2574 2696 §
2603 2623 2852 2678 xxxxv.

1950 2718 2170 2775 Deinde
2198 2714 2506 2772 Heinricus
2537 2711 2752 2776 senior,
2785 2714 2842 2766 et
2872 2709 3397 2786 Heinricusjunior
3423 2735 3522 2792 ge-

1880 2808 2074 2866 nerale
2121 2804 2477 2878 colloquium
2524 2799 2829 2874 Mogontize
2867 2801 3146 2872 fecerunt,
3205 2805 3306 2860 ubi
3363 2813 3528 2880 pater

1879 2898 1999 2954 filio
2031 2900 2327 2969 sceptrum
2359 2891 2519 2965 regni
2551 2895 2608 2946 et
2637 2907 2910 2946 coronam
2943 2907 3076 2946 cum
3109 2895 3329 2951 caeteris
3359 2913 3523 2970 rega-

1876 2986 2032 3043 libus
2053 2983 2314 3051 tradidit,
2347 2983 2590 3054 ipseque
2613 2997 2674 3035 se
2704 2983 2838 3035 ante
2868 2980 3299 3051 Gebehardum,
3324 2990 3524 3058 utpote

1878 3076 2036 3133 sedis
2065 3072 2396 3148 apostolicae
2430 3070 2711 3142 legatum,
2744 3069 2803 3126 in
2833 3074 3050 3127 terram
3109 3075 3424 3144 prostravit
3469 3081 3528 3132 et

1883 3164 2137 3220 multum
2169 3165 2315 3219 ﬂens
2345 3159 2565 3221 absolvi
2598 3176 2660 3215 se
2690 3160 2761 3215 ab
2793 3163 3398 3220 excommunicatione
3423 3181 3526 3238 pe-

1883 3252 2141 3310 stulavit.
2171 3255 2330 3318 Quod
2353 3255 2451 3310 ille
2484 3256 2672 3311 facere
2704 3270 2765 3310 se
2789 3257 3095 3326 propterea
3124 3253 3336 3320 renuit,
3379 3271 3525 3326 que-

1883 3344 2040 3399 niam
2071 3344 2315 3400 timebat
2345 3362 2416 3401 ne
2437 3344 2486 3400 si
2523 3346 2668 3400 forte
2697 3359 2832 3400 eum
2863 3342 3228 3411 absolvisset,
3277 3359 3526 3416 regnum

1883 3433 1955 3488 ad
1988 3449 2122 3488 eum
2153 3433 2364 3489 iterum
2396 3434 2693 3501 transiret,
2726 3437 2783 3488 et
2814 3433 2979 3487 fieret
3035 3447 3196 3487 error
3244 3432 3530 3503 posterior

1885 3522 2047 3594 pejor
2067 3521 2257 3594 priore
2279 3523 2446 3594 (397).
2479 3525 2777 3591 Attamen,
2809 3537 2943 3575 cum
2975 3537 3090 3575 non
3121 3524 3252 3591 post
3271 3520 3526 3576 multum

1885 3611 2066 3683 Spiris
2098 3613 2360 3683 obiisset,
2381 3612 2508 3667 {ilio
2538 3613 2693 3685 apud
2751 3610 3046 3666 Pascalem
3078 3624 3290 3681 papam
3349 3609 3530 3680 impe-

1883 3703 2090 3768 trante,
2123 3701 2574 3757 ecclesiasticam
2606 3699 2971 3772 sepulturam
3001 3698 3156 3755 858
3206 3696 3530 3767 promeruit

1884 3794 2119 3861 propter
2147 3789 2630 3856 satisfactionem,
2679 3803 2857 3861 quam
2918 3789 3246 3860 prostratus
3294 3783 3526 3856 publice

1883 3894 2078 3934 coram
2102 3877 2254 3934 clero
2279 3883 2335 3933 et
2368 3879 2581 3951 populo
2599 3879 2787 3933 facere
2807 3893 2922 3932 non
2952 3873 3189 3931 erubuit
3213 3873 3383 3945 (898).

2571 3983 2834 4054 §xxxv.

1955 4075 2156 4146 Itaque
2177 4072 2523 4130 venerabilis
2538 4071 2930 4130 Theodericus
2943 4088 3076 4128 cum
3100 4067 3527 4126 monasterium

1881 4161 2231 4218 Castellense
2264 4162 2586 4231 fundasset,
2620 4161 2924 4218 basilicam
2973 4159 3260 4216 aedificare
3298 4157 3527 4231 (capis-

1882 4255 2012 4319 set),
2047 4253 2291 4308 fratrum
2316 4252 2826 4325 congregationem
2880 4249 3235 4324 collegisset,
3296 4263 3530 4304 venera-

1881 4341 2058 4397 bilem
2089 4341 2278 4396 virum
2310 4340 2688 4396 Altmannum
2723 4341 2869 4413 (899)
2901 4341 3170 4397 abbatem
3203 4337 3287 4394 eis
3310 4339 3529 4394 consti-

1881 4431 2012 4498 tuit,
2046 4434 2102 4486 et
2123 4431 2246 4503 ipse
2277 4447 2410 4486 cum
2443 4430 2568 4487 suis
2599 4431 2669 4486 ad
2693 4431 2944 4486 Domum
2975 4429 3128 4485 Petri
3151 4427 3452 4485 remeavit.

2612 4537 2851 4593 XXXVI.

1947 4628 2084 4683 Post
2112 4627 2232 4682 haec
2262 4539 2885 4684 Hartmanguixcﬁges
2918 4625 3111 4683 senior
3140 4625 3288 4697 (909)
3321 4625 3393 4680 de
3434 4625 3531 4680 Di-

1876 4716 2062 4789 lingin
2096 4717 2473 4790 regaviteum
2495 4720 2562 4771 ut
2587 4715 2646 4770 in
2661 4720 2941 4784 mentem,
2962 4715 3062 4787 qui
3101 4717 3342 4771 vocatur
3381 4711 3528 4769 Ner-

2005 4939 2098 5021 97)
2124 4948 2257 5022 Vici.
2286 4939 2538 5022 Annales
2569 4941 3212 5022 Hildesheimensesﬁad‘
3230 4939 3386 5022 anni
3402 4940 3527 5022 605,

2015 5011 2093 5076 ita
2123 5018 2372 5074 Heinrici
2394 5017 2466 5072 IV
2497 5018 2650 5088 apud
2685 5017 2997 5074 Urstisium
3023 5011 3351 5088 p._389,ubi
3383 5013 3526 5088 gui-

1877 5094 2009 5148 dem
2041 5091 2214 5164 legati
2248 5105 2458 5144 nomen
2491 5081 2646 5143 haud
2667 5081 3133 5160 exprimitur,hic
3159 5088 3352 5138 autem
3377 5081 3526 5137 Geb-

1879 5161 2313 5220 hardus'fuisse
2347 5163 2723 5213 monstratur.

1971 5235 2097 5305 898)
2126 5231 2426 5305 conradus
2453 5230 2690 5305 U_s_p_erg.
2728 5229 2798 5305 ad
2834 5247 2934 5305 an.
2953 5227 3120 5305 IHI.

1971 5297 2099 5372 899)
2128 5303 2277 5357 Aliis
2309 5301 2440 5372 Otto
2462 5297 2719 5372 dicitur.
2745 5301 2805 5372 In
2847 5299 3085 5368 antiquo
3146 5297 3526 5372 monumento

1876 5365 2221 5432 Castellensi
2251 5373 2332 5428 ita
2361 5371 2610 5443 legitur:
2643 5392 2671 5443 (ξ
2695 5365 3048 5424 Altmannus
3081 5369 3310 5443 primus
3343 5365 3526 5443 abbas

1876 5448 2056 5510 hujus
2085 5437 2615 5502 monasterii'hunc
2655 5439 2847 5496 locum
2881 5437 3142 5510 suscepit
3201 5437 3524 5510 regendum

1879 5509 2038 5583 H93,
2075 5541 2103 5565 »
2137 5519 2234 5572 ubi
2260 5524 2451 5572 tamen
2473 5512 2552 5570 nil
2574 5513 2648 5583 de
2677 5509 3060 5583 Theoderico.

1951 5579 2100 5661 (900)
2118 5589 2284 5644 Pater
2306 5585 2560 5661 Udalrici
2584 5585 2607 5661 I_
2629 5580 3091 5661 Constantiensis
3113 5579 3390 5654 episcopi.
3413 5579 3522 5638 Vid

1951 5590 2100 5714 (900)
2118 5590 2284 5644 Pater
2306 5590 2560 5668 Udalrici
2629 5590 2890 5667 Qenstanf

1881 5677 2057 5733 supra
2105 5702 2116 5716 .
2151 5677 2192 5727 ι,
2223 5662 2250 5728 §
2280 5664 2313 5715 8
2337 5665 2394 5716 et
2418 5659 2721 5734 d13qu131t..
2747 5657 2774 5726 ἓ
2801 5653 2890 5712 24.

1948 4878 2098 5075 Ξῗ9ϐἒ
2126 4877 2237 4932 Vid
2269 4877 2423 4932 infra
2451 4875 2578 4946 §36.

1971 4951 2072 5004 897
2128 4948 2257 5002 Vid.
2286 4947 2538 5002 Annales
2569 4947 2578 5000 l

2015 5022 2093 5075 ita
2123 5018 2372 5074 Heinrici
2394 5017 2466 5072 IV
2497 5035 2578 5075 an“

1877 5026 1935 5077 et
