3982 6216
132 279 244 349 Μ

1032 279 1482 346 CHRONICON
1531 275 2252 345 PETERSHUSANUM.
2281 315 2351 328 —-
2375 280 2520 346 LIB.
2569 281 2676 346 IV.

3439 279 3555 344 362

141 430 316 474 senex
345 413 658 488 presbyter
686 412 827 471 illuc
859 416 1245 472 transmissus
1279 415 1523 488 praefuit,
1550 417 1659 470 sub
1684 432 1798 486 quo
1827 415 1880 480 Α
1914 431 2033 469 rem
2067 416 2375 471 conficeret
2401 435 2411 483 ;
2442 417 2539 471 alii
2566 417 3038 472 autemdicerent
3067 415 3137 470 ad
3190 413 3371 469 altare
3415 427 3554 470 eum

141 508 320 574 etego
351 501 471 558 illic
506 505 648 558 tunc
676 514 864 569 eram,
896 507 955 558 et
979 501 1299 558 habuimus
1331 503 1645 560 foederatos
1679 507 1801 557 tam

139 590 570 650 Seafbusenses
602 595 661 646 ert
688 590 1127 655 Steinahenses,
1162 592 1258 663 qui
1312 592 1586 648 similiter
1625 607 1799 646 suum

143 695 277 736 esse
305 679 501 750 ipsum
531 678 732 734 locum
758 680 1078 744 certabant,
1110 684 1167 735 et
1197 681 1410 751 saepius
1436 685 1570 736 ante
1609 685 1796 736 vasta:

146 771 374 834 verant,
399 772 454 822 et
477 766 675 822 adhuc
707 767 1029 824 devastau‘t.
1054 768 1188 836 Sed,
1215 785 1347 824 cum
1373 770 1516 824 satis
1537 769 1800 824 ordinate

140 859 288 912 tunc
345 854 625 928 temporis
657 854 860 912 divina
885 859 942 910 et
989 855 1248 912 humana
1294 856 1374 911 ibi
1420 857 1795 923 haberentur,

141 942 457 1001 Udalricus
479 943 818 1016 episcopus,
843 943 1084 1000 credens
1104 960 1166 1001 se
1189 945 1363 1001 citius
1377 946 1653 1017 quiddam
1673 959 1797 1000 ma-

129 1032 244 1106 gni
269 1037 667 1105 patraturum.
697 1031 929 1088 dimisit
949 1049 1074 1098 nos,
1108 1037 1166 1088 et
1195 1033 1439 1089 Utonem
1481 1033 1795 1104 quemdam

139 1120 424 1178 abbatem
452 1119 532 1177 ibi
565 1119 716 1187 fecit,
742 1136 995 1192 eumque
1016 1119 1074 1176 in
1103 1122 1322 1193 quibus
1343 1121 1532 1193 potuit
1551 1120 1794 1192 adjuvit.

145 1207 264 1265 Sed
288 1208 363 1262 ad
396 1209 568 1266 breve
597 1212 825 1280 tempus
857 1209 1106 1280 praefuit,
1140 1211 1292 1266 sicut
1313 1227 1420 1266 suo
1462 1211 1588 1266 loco
1611 1209 1796 1282 stylus

141 1300 354 1356 noster
383 1297 630 1353 forsitan
661 1297 940 1354 ostendit.

865 1388 891 1454 §
921 1386 1068 1443 XIII.

208 1475 384 1530 Anno
409 1473 486 1529 ab
518 1473 811 1531 Iuearnat.
844 1479 1009 1532 Dom.
1043 1491 1256 1531 Μαιχνι
1289 1476 1443 1531 facta
1473 1480 1564 1532 est
1611 1476 1796 1531 fames

132 1560 442 1629 valida,ita
458 1567 525 1618 ut
543 1562 715 1620 multi
740 1563 984 1634 penuria
1007 1564 1272 1636 oppressi
1297 1563 1570 1636 perirent.
1585 1565 1654 1619 Et
1673 1569 1797 1620 erat

134 1649 194 1706 iu
219 1649 474 1708 basilica
503 1651 566 1706 S.
599 1651 860 1723 Gregorii
883 1651 1083 1707 tabula
1116 1651 1420 1724 principali
1469 1651 1679 1708 altario
1735 1653 1793 1707 in

133 1739 490 1841 oceideptali
521 1745 686 1811 parte
714 1739 1002 1812 opposita,
1031 1756 1328 1841 queauro
1358 1744 1682 1841 et'argento
1701 1756 1796 1840 ve-
1824 1776 1873 1841 Β

131 1833 314 1886 nuste
333 1828 526 1884 fuerat
545 1832 769 1900 operta,
794 1844 920 1898 quas
944 1828 1179 1884 nonnisi
1200 1831 1260 1883 in
1286 1828 1555 1884 maximis
1588 1828 1800 1884 festivi-

132 1915 365 1972 tatibus
383 1916 778 1988 aperiebatur.
808 1917 964 1973 Hane
980 1917 1268 1973 Bertolfus
1291 1917 1472 1974 abbas
1493 1917 1798 1988 ingruente

129 2005 340 2077 inopia
367 2004 659 2076 confringi
691 2004 848 2070 fecit,
871 2009 928 2060 et
949 2005 1074 2061 auri
1105 2005 1346 2078 quidem
1377 2005 1676 2060 inventum
1708 2009 1799 2060 est

131 2093 353 2152 habere
380 2107 570 2150 unum
602 2092 914 2160 talentum,
939 2098 1000 2150 et
1029 2098 1300 2166 quartam
1348 2098 1571 2166 partem
1629 2095 1795 2150 ferto-

136 2182 231 2237 nis
259 2182 437 2253 (940),
469 2181 692 2254 argenti
725 2181 1004 2254 quinque,
1037 2184 1132 2239 81
1153 2186 1182 2238 I
1222 2183 1406 2239 ethoc
1449 2187 1638 2238 totum
1672 2187 1792 2238 tam

137 2285 357 2324 aurum
370 2285 548 2340 quam
567 2273 877 2342 argentum
895 2275 1020 2327 erat
1033 2271 1419 2342 purissimum
1441 2278 1493 2326 et
1506 2271 1792 2343 Optimum

134 2358 228 2414 De
249 2373 396 2414 auro
414 2359 627 2431 quippe
649 2358 707 2413 in
735 2359 1039 2416 medietate
1056 2360 1269 2416 tabulae
1288 2364 1414 2416 erat
1438 2359 1587 2415 elata
1601 2360 1794 2431 imago

138 2445 426 2517 speciosa
447 2446 502 2501 S.
534 2446 631 2502 Dei
663 2446 998 2513 Genitricis,
1025 2452 1081 2503 et
1101 2447 1160 2502 in
1182 2449 1309 2518 ejus
1333 2452 1561 2518 pectore
1574 2449 1796 2518 species

133 2532 437 2590 columbae
466 2551 479 2600 ;
509 2534 828 2606 deargento
852 2551 986 2592 vero
1005 2535 1061 2590 in
1090 2534 1399 2591 latitudine
1421 2535 1632 2592 tabulis
1657 2536 1796 2590 ima-

129 2623 314 2695 gines
342 2622 742 2693 apostolorum
772 2627 832 2678 et
851 2623 1100 2680 aliorum
1131 2628 1468 2679 sanctorum
1520 2623 1794 2696 pulcher-

132 2711 290 2768 rime
323 2711 607 2770 formate.

863 2803 892 2869 §
934 2799 1080 2856 XIV.

201 2889 294 2946 Ad
360 2889 485 2945 haec
543 2889 825 2961 pradium
886 2891 1039 2962 apud
1099 2889 1278 2945 Bozze
1334 2889 1480 2960 (944)
1558 2889 1792 2945 cuidam

128 2975 482 3038 Bernhardo
515 2992 619 3048 pro
651 2975 957 3032 duodecim
989 2975 1155 3032 libris
1187 2975 1408 3047 argenti
1445 2992 1548 3048 pro
1597 2975 1792 3031 chiro-

126 3064 368 3138 grapho
399 3063 718 3120 dimissum
748 3069 856 3130 est,
889 3065 1042 3136 quod
1067 3068 1266 3136 postea
1295 3064 1593 3120 Conradus
1613 3064 1793 3120 abbas

127 3154 401 3226 Ruperto
431 3153 504 3209 de
535 3151 930 3211 Otoldiswanc
962 3154 1108 3224 (942)
1133 3157 1394 3224 tempore
1445 3153 1654 3208 iterum
1708 3154 1790 3209 ta-
1823 3138 1866 3204 C

130 3242 258 3299 mis
287 3241 578 3308 vendidit,
609 3241 711 3312 qui
743 3240 884 3297 illud
902 3257 1090 3312 usque
1121 3242 1178 3296 in
1203 3257 1459 3312 praesens
1480 3242 1758 3312 possidet.

889 3332 916 3397 §
946 3329 1059 3386 XV.

211 3421 386 3476 Anno
437 3420 510 3476 ab
543 3419 951 3475 lncarnatione
996 3424 1160 3475 Dom.
1195 3435 1454 3485 ucxxvu,
1488 3436 1621 3474 cum
1671 3421 1798 3490 jam

130 3507 440 3566 Bartolfus
469 3508 656 3564 abbas
685 3507 846 3563 senio
879 3512 1232 3578 gravaretur,
1276 3507 1538 3564 moribus
1569 3524 1800 3579 quoque

131 3598 230 3653 ita
255 3595 661 3663 insolesceret,
696 3599 761 3650 ut
790 3613 896 3652 nec
927 3595 1052 3667 ipse
1082 3596 1310 3663 faceret,
1347 3613 1450 3652 nec
1481 3595 1612 3651 aliis
1672 3613 1799 3667 per-

133 3685 414 3746 mitteret
442 3684 772 3740 necessaria
815 3683 926 3740 loci
958 3684 1279 3755 providere,
1324 3688 1379 3740 et
1401 3685 1528 3755 ja‘m
1553 3685 1799 3756 jamque

133 3770 358 3829 omnia
375 3769 551 3826 simul
580 3771 638 3825 in
665 3772 988 3828 defectione
1037 3771 1390 3839 viderentur,
1441 3772 1679 3844 quidam
1727 3773 1800 3829 de

133 3859 491 3920 senioribus
518 3865 815 3930 ceperunt
840 3876 973 3915 cum
1029 3859 1298 3916 Udalrico
1346 3861 1618 3932 episcopo
1646 3860 1798 3917 clam

133 3962 344 4020 agere,
377 3951 442 4002 ut
472 3947 719 4004 Bertolfo
751 3948 1131 4019 persuaderet
1159 3953 1449 4020 quatenus
1481 3949 1716 4005 abbatia
1738 3964 1800 4006 se

136 4037 468 4105 abdicaret,
494 4035 742 4092 etalium
766 4053 871 4108 pro
891 4053 952 4093 se
979 4036 1237 4093 ordinari
1261 4037 1624 4108 permitteret
1648 4038 1801 4110 ;ipse

136 4142 276 4182 vero
307 4123 606 4196 reliquum
627 4124 755 4180 vitae
779 4141 897 4180 suae
921 4129 1156 4196 tempus
1180 4126 1441 4197 privatus
1476 4127 1800 4198 requiesce-

138 4218 261 4281 ret;
292 4217 424 4269 erat
452 4213 614 4269 enim
632 4229 870 4270 crassus
885 4213 1084 4270 nimis.
1111 4215 1179 4270 Et
1195 4213 1469 4286 quoniam
1489 4215 1802 4288 episcopus

139 4302 434 4375 eloquens
463 4305 591 4358 erat
620 4306 678 4358 et
707 4306 1002 4371 versutus,
1026 4303 1322 4374 persuasit
1342 4319 1499 4369 eum,
1531 4305 1802 4375 quamvis

143 4390 246 4450 diu
275 4390 614 4448 reluctaret.
651 4391 752 4447 Die
801 4407 936 4462 ergo
963 4395 1188 4447 statuta
1215 4391 1450 4447 advenit
1495 4392 1802 4450 Udalricus

1912 504 2125 559 debere
2154 520 2392 575 pergere
2429 509 2484 560 et
2515 506 2731 561 ibidem
2779 521 2840 560 se
2895 505 3186 572 abdicare,
3248 503 3555 574 episcopus

1910 591 2025 646 ait:
2060 613 2087 640 ››
2114 596 2233 646 Non
2269 597 2376 658 est,
2409 593 2623 664 inquit,
2659 608 2916 656 necesse,
2943 591 3166 663 virgam
3209 589 3353 646 mihi
3401 589 3557 662 regit-

1909 679 2087 734 minis
2113 681 2368 736 reddat.»
2395 683 2558 738 Tunc
2579 699 2781 738 omnes
2797 679 3552 748 reclamaverunt,di'centes

1909 767 2017 822 hoc
2049 768 2385 824 nullatenus
2414 771 2483 824 ad
2517 786 2649 824 eum
2683 770 2993 842 pertinere.
3027 773 3174 840 Ergo
3205 767 3451 823 accessit
3480 768 3554 822 ad

1907 857 2090 912 altare
2119 863 2176 912 et
2207 857 2428 930 virgam
2452 859 2722 929 deposuit
2765 859 3035 930 desuper,
3066 857 3296 912 dicens:
3326 878 3354 906 «
3386 856 3552 922 Ecce,

1907 946 2063 1016 quod
2093 945 2191 1001 Dei
2225 951 2282 1000 et
2311 946 2483 1000 vestri
2507 946 2696 1017 gratia
2726 945 2926 1013 habui,
2961 946 3208 1015 depono,
3243 947 3301 999 et
3349 953 3554 1000 omnes

1906 1051 2007 1089 vos
2036 1051 2066 1088 a
2100 1034 2214 1089 mei
2247 1033 2580 1089 obedientia
2605 1033 2861 1089 absolvo.
2888 1033 3212 1088 nliocdicto
3233 1033 3306 1087 ad
3334 1031 3551 1090 lectum

1907 1122 2079 1178 rediit
2105 1127 2164 1179 et
2189 1123 2516 1179 Conradum
2545 1122 2913 1195 capellanum
2930 1122 3157 1194 primus
3179 1121 3372 1194 elegit.

2626 1211 2656 1281 §
2686 1211 2825 1266 xvr.

1976 1299 2128 1356 87!
2153 1299 2370 1354 Deinde
2396 1299 2609 1355 iterum
2626 1302 2948 1354 conventus
2965 1299 3035 1354 ad
3060 1297 3387 1369 capitulum
3418 1299 3554 1354 red-

1905 1387 1992 1443 iit.
2027 1387 2351 1460 Episcopus
2405 1403 2540 1442 vero
2595 1387 2856 1454 secessit,
2915 1391 2974 1441 et
3029 1385 3211 1442 libera
3267 1385 3549 1441 electione

1903 1477 2098 1533 omnis
2129 1477 2501 1550 congregatio
2530 1475 2862 1532 Conradum
2893 1475 3084 1547 elegit.
3140 1475 3443 1531 Conradus
3498 1477 3556 1530 et

1903 1565 2029 1638 ipse
2051 1570 2390 1633 secesserat,
2427 1566 2700 1637 quoniam
2737 1582 2840 1636 pro
2866 1564 3096 1636 hospite
3136 1563 3418 1618 hactenus
3469 1562 3552 1617 ibi

1904 1655 2221 1710 habitabat.
2255 1654 2550 1709 Electione
2571 1658 2766 1708 autem
2801 1657 3054 1724 peracta,
3116 1652 3440 1723 requisitus
3494 1643 3554 1706 et

1903 1744 2197 1810 inventus,
2229 1741 2492 1797 clamans
2526 1747 2584 1798 et
2613 1741 2866 1797 multum
2911 1741 3207 1796 reluctans
3270 1739 3554 1799 violenter

1906 1833 2217 1896 adductus,
2240 1835 2296 1887 et
2326 1831 2563 1886 tandem
2597 1830 2884 1886 laboriose
2907 1829 3167 1884 devictus
3188 1828 3310 1882 sedi
3333 1831 3421 1884 est
3439 1826 3550 1883 im-

1906 1920 2153 1992 positus.

2612 2006 2639 2074 ξ
2670 2003 2840 2059 xvn.

1977 2095 2113 2151 Post
2139 2111 2372 2151 menses
2403 2099 2654 2166 quatuor
2684 2091 2992 2147 Udalricus
3022 2091 3336 2164 episcopus
3394 2091 3548 2161 apud

1902 2184 2108 2240 cellam
2143 2186 2201 2240 S.
2228 2184 2420 2238 Mariis
2452 2184 2509 2238 in
2543 2182 2886 2251 Brisgonwe
2906 2179 3074 2250 (944),
3099 2194 3350 2250 quorum
3373 2177 3548 2233 etiam

1904 2273 2106 2328 habitu
2136 2273 2441 2338 enituerat,
2477 2271 2636 2336 regio
2663 2269 2866 2324 morbo
2887 2269 3222 2340 depressus,
3247 2272 3303 2322 et
3331 2265 3548 2322 violen-

1901 2366 1990 2417 ter
2021 2361 2209 2416 oculis
2225 2361 2296 2415 de
2317 2359 2500 2432 capite
2527 2359 2750 2429 ejectis,
2784 2357 3072 2412 laborioso
3095 2355 3210 2410 line
3238 2355 3550 2410 defunctus

1905 2455 2014 2515 est,
2044 2450 2132 2504 vir
2160 2449 2351 2505 officio
2383 2445 2703 2520 pontiﬁcali
2735 2444 2902 2500 valde
2952 2444 3222 2507 idoneus,
3273 2442 3323 2496 si
3355 2441 3550 2497 animo

1904 2555 2015 2594 non
2043 2538 2250 2593 fuisset
2273 2538 2414 2591 adeo
2436 2534 2779 2591 acerrimus.
2806 2537 2934 2603 Ipse
2955 2531 3109 2602 apud
3138 2528 3550 2585 S.Uda1ricum

1902 2625 2254 2682 Constantia:
2286 2624 2600 2680 canonicos
2630 2621 2886 2678 instituit
2915 2620 3083 2690 (945).
3137 2619 3362 2690 Corpus
3419 2619 3549 2688 ejus

1902 2715 2304 2771 Constantiam
2329 2713 2587 2768 delatum
2610 2711 2668 2766 iu
2691 2709 2866 2766 choro
2887 2707 3142 2764 basilicae
3157 2712 3214 2761 S.
3246 2706 3440 2762 Maria
3461 2710 3552 2762 est

1902 2803 2221 2859 honoriﬁce
2251 2803 2636 2856 tumulatum.

2599 2888 2629 2960 §
2659 2887 2856 2943 XVIII.

1977 2978 2457 3054 lgiturBertolfus
2490 2977 2669 3033 abbas
2687 2976 2838 3046 (946)
2859 2991 2986 3029 ven.
3018 2989 3151 3028 cum
3198 2971 3454 3044 primum
3486 2985 3549 3028 se

1904 3072 2185 3141 potestate
2217 3067 2564 3131 abdicasset,
2599 3065 2899 3136 aliquanto
2915 3067 3175 3134 tempore
3205 3061 3254 3116 ei
3279 3059 3547 3131 diligenti

1905 3174 2042 3212 cura
2074 3155 2534 3220 ministrabatur,
2569 3153 2777 3208 deinde
2809 3152 2992 3207 multa
3022 3149 3378 3222 negligentia
3432 3153 3547 3204 tra-

1908 3244 2329 3315 ctabatur.1pse
2351 3259 2581 3315 quoque
2603 3248 2736 3313 post
2757 3255 2972 3313 paucos
2985 3255 3170 3295 annos
3181 3253 3326 3309 pene
3344 3252 3550 3292 amens

1908 3335 2147 3390 eti‘ectus
2168 3331 2830 3404 pueriliterversabatur
2907 3372 2918 3383 .
3002 3371 3014 3384 .
3099 3371 3111 3383 .
3187 3326 3246 3381 in
3274 3326 3549 3382 extremis

1908 3428 2104 3478 autem
2133 3423 2262 3492 ejus
2292 3422 2381 3475 vix
2412 3425 2638 3475 tantum
2671 3419 2723 3474 ei
2755 3434 2965 3474 sensus
2995 3431 3336 3472 concessum
3371 3419 3462 3470 est
3486 3418 3552 3469 ut

1907 3511 2182 3566 viaticum
2215 3511 2499 3580 quaereret
2529 3512 2585 3561 et
2615 3507 2920 3577 acciperet.
2957 3505 3279 3559 Defunctus
3327 3504 3548 3568 tamen,

1907 3598 2309 3656 benevolentia
2339 3598 2584 3652 fratrum
2644 3591 3124 3653 sacerdotalibus,
3184 3594 3250 3644 ut
3278 3605 3406 3646 mos
3464 3592 3554 3644 est

1908 3687 2221 3744 abbatibus
2254 3685 2462 3749 facere,
2495 3683 2758 3748 indutus,
2781 3681 2915 3736 etin
2939 3679 3128 3748 capite
3149 3675 3552 3748 sepulcrorum

1909 3777 2189 3832 abbatum
2221 3772 2490 3843 sepultus
2514 3776 2604 3826 est
2633 3787 2767 3824 cum
2807 3769 3045 3834 honore,
3083 3767 3322 3822 absente
3353 3769 3551 3820 tamen

1909 3865 2119 3920 abbate
2149 3861 2434 3918 Conrado.

2620 3949 2650 4019 §
2694 3945 2835 4000 xxx.

1983 4042 2124 4097 Rem
2153 4039 2383 4102 miram,
2414 4052 2591 4108 quam
2610 4036 2875 4091 dicturus
2894 4047 3048 4099 sum,
3074 4030 3174 4104 qui
3192 4029 3364 4098 volet,
3423 4045 3554 4102 per-

1911 4131 2145 4204 pendat.
2181 4128 2286 4183 Per
2315 4141 2500 4181 annos
2532 4125 2746 4196 quippe
2768 4124 2886 4178 fere
2917 4119 3309 4194 septuaginta,
3343 4135 3376 4174 a
3404 4123 3552 4174 tem-

1911 4219 2153 4291 poribus
2185 4215 2407 4272 scilicet
2434 4212 2727 4269 Adelberti
2759 4211 2988 4268 abbatis
3019 4226 3205 4279 usque
3237 4209 3305 4262 ad
3339 4205 3555 4264 Bertol-

1913 4309 2060 4374 fum,
2092 4305 2291 4361 nullus
2321 4319 2522 4359 eorum
2555 4301 2659 4375 qui
2691 4301 2750 4356 in
2782 4300 2963 4356 Domo
2993 4297 3141 4353 Petri
3175 4297 3413 4352 abbates
3432 4295 3552 4351 fue-

1910 4401 2049 4451 runt
2077 4396 2298 4466 absque
2331 4397 2466 4448 nota
2496 4393 2566 4447 de
2596 4391 2706 4447 hoc
2750 4387 2960 4446 saeculo
2999 4387 3357 4460 migrarunt;
3417 4395 3554 4441 nam

141 4479 484 4554 episcopus,
513 4483 572 4535 et
603 4477 909 4535 Udalricus
930 4478 1338 4536 Zwivildensis
1359 4480 1538 4536 abbas
1553 4482 1722 4553 (943),
1746 4487 1804 4538 et
1833 4500 1880 4565 Β
1910 4484 2158 4557 quilibet
2185 4499 2388 4539 eorum
2421 4485 2520 4537 aut
2541 4496 2780 4554 peregre
2813 4478 3082 4545 moritur,
3107 4479 3209 4565 aut
3237 4474 3437 4546 aliqua
3457 4474 3557 4565 def

146 4567 395 4626 consilio
426 4569 530 4624 diu
553 4567 757 4624 habito
788 4573 1074 4624 venerunt
1103 4569 1174 4624 ad
1205 4569 1552 4640 capitulum,
1573 4575 1628 4625 et
1649 4587 1804 4626 nun-
1833 4562 1868 4565 ⁷
1915 4572 2138 4628 bilitate
2178 4577 2480 4643 correptus
2529 4569 2718 4642 periit.
2752 4567 3100 4624 Adelbertus
3151 4564 3349 4636 itaque
3401 4562 3560 4634 apud

135 4656 444 4716 tiaverunt
483 4655 890 4723 multitudini;
924 4656 1492 4728 cumqueillelibens
1517 4660 1806 4714 consenti-

144 4751 233 4802 ret
264 4751 330 4802 ut
353 4745 622 4818 privatus
642 4744 878 4814 viveret,
913 4744 1186 4801 dixerunt
1217 4746 1458 4817 quidam
1494 4751 1556 4802 ut
1588 4747 1804 4804 ibidem

218 4905 370 4975 (940)
423 4904 590 4961 Ferto
623 4903 883 4976 pecuniae
939 4905 1183 4976 species,
1246 4921 1347 4960 seu
1409 4910 1618 4976 quarta
1670 4925 1807 4979 pars

143 4991 382 5030 marem.

220 5047 370 5117 (9H)
405 5045 576 5113 Boos,
611 5045 670 5117 in
703 5061 850 5117 cap.
883 5045 1132 5117 Sulgau.

235 5048 370 5117 9H)
405 5048 576 5113 Boos,
611 5048 670 5099 in
703 5061 830 5116 cap.
883 5048 1132 5117 Sulgau.

220 5048 376 5190 (942)
404 5117 581 5190 forte
611 5116 1082 5190 Otterschwang.
1115 5119 1173 5171 in
1204 5119 1332 5172 eod.
1370 5135 1502 5189 cap.

224 5187 378 5270 (9.43).
400 5187 506 5270 Hic
532 5188 607 5270 et:
634 5205 803 5270 anno,
824 5187 1342 5270 10911153911an
1395 5187 1624 5270 ρέξίυίι
1654 5207 1810 5270 .929-

151 5260 422 5315 nasterio
442 5258 912 5326 Zwifaltensi,ex
942 5258 1127 5314 Gallia
1148 5260 1363 5325 Christ,
1396 5258 1436 5315 t.
1464 5265 1530 5315 V.
1553 5279 1608 5326 p.
1645 5264 1806 5317 1054.

149 5329 238 5387 De
270 5345 336 5386 eo
397 5327 686 5400 legendus
720 5330 779 5385 P.
803 5330 1014 5402 Sulger
1041 5331 1100 5386 in
1138 5331 1346 5387 Annal.
1381 5327 1656 5400 Zwifalt,
1687 5337 1730 5388 t.
1767 5333 1812 5401 Ι,

146 5403 571 5545 Ρ’(ξ8ἀῗιὲέ11ᾳ
597 5470 656 5545 S_.
689 5472 901 5536 Mariae.
922 5471 1096 5545 vulgo
1118 5473 1530 5545 Sanctmcrgcn
1566 5474 1810 5531 canoni-

153 5540 363 5606 corum
395 5540 754 5617 regularium
802 5540 1112 5620 collegium
1144 5553 1233 5605 est
1288 5548 1348 5606 in
1406 5540 1562 5610 Silva
1611 5546 1809 5634 Nigra.

488 5667 762 5746 Parion.
799 5672 1060 5742 CXLIII.

1917 4661 2249 4718 Buochowa
2272 4661 2465 4716 subita
2485 4664 2670 4714 morte
2691 4656 3064 4729 periit.Siggo
3081 4653 3376 4709 confracto
3389 4651 3560 4706 dorso

1911 4751 2091 4808 altero
2115 4766 2268 4805 anno
2298 4747 2682 4803 ordinationis
2715 4762 2833 4802 suae
2879 4744 3109 4798 defecit.
3143 4741 3296 4796 313
3347 4737 3561 4792 Arnol-

1913 4909 2125 4964 Vid.in
2159 4905 2608 4963 GerbertiSilvze
2640 4905 2820 4973 huius
2878 4901 3018 4956 hist.
3053 4905 3097 4954 t.
3135 4901 3176 4964 Ι,
3211 4914 3266 4968 ρ,
3329 4897 3454 4962 477,
3503 4901 3563 4953 et

1916 4980 2066 5036 Petri
2101 4979 2313 5048 Suevia
2344 4976 2583 5048 Eccles.,
2613 4993 2674 5046 p.
2719 4974 2845 5048 233.
3138 5039 3172 5048 __
3259 5036 3269 5048 ,

1989 5051 2136 5121 (945)
2165 5050 2265 5121 Est.
2294 5047 2402 5101 hoc
2433 5039 2590 5121 aliud
2614 5039 3038 5121 'eanonicorun}
3068 5039 3562 5121 collegium‘extra

1917 5108 2311 5176 Constantiam
2332 5117 2974 5190 Greuzlingondictum.
3001 5113 3180 5190 Cujus
3203 5108 3561 5190 [nodationis

1918 5193 2121 5248 charta
2150 5208 2244 5245 an.
2280 5189 2418 5244 4125
2447 5187 2584 5240 data
2601 5177 2879 5243 “habetur
2931 5185 2988 5238 in
3048 5177 3144 5239 cit.
3207 5181 3352 5237 Hist.
3384 5182 3428 5246 t,
3461 5177 3558 5246 III,

1966 5308 1976 5319 .
2013 5265 2100 5318 54.

1921 5281 2140 5405 9(ἓῖέῇ
2173 5333 2236 5405 In
2265 5327 2565 5405 Necrclog.
2597 5328 2654 5405 d.
2686 5329 2758 5405 2b
2788 5326 2946 5405 Sept.
3007 5326 3222 5380 dicitur
3261 5317 3564 5405 [irremisse

1919 5387 2039 5477 ροὶὶ
2069 5387 2452 5477 Τάβοάρτίσᾳφη
2481 5387 2646 5477 tinnis
2676 5400 2780 5468 10;
2819 5387 2973 5452 unde
3013 5387 3567 5477 annu_rr._i;lcctionis

1924 5466 2169 5534 Conradi
2205 5472 2433 5530 abbatis
2466 5466 2777 5543 discimus,
2807 5481 3012 5539 nempe
3045 5483 3096 5522 a.
3125 5468 3280 5523 H27.

3183 5663 3258 5740 ﬂ
