3982 6216
494 319 610 380 363

498 557 604 596 cus
618 557 854 613 peregre
875 541 1036 596 obiit.
1059 541 1346 597 Bertolt‘us
1367 543 1666 615 depositus
1681 560 1885 600 amens
1906 546 2143 600 effectus

499 629 725 685 defecit.
760 630 898 694 Quis
928 630 1123 685 credat
1183 631 1290 686 hoc
1343 631 1565 703 absque
1625 633 1888 690 districto
1947 633 2143 690 divino

499 721 692 774 actum
726 718 1140 788 essejudicio?
1218 763 1231 775 .
1313 764 1325 775 .
1406 763 1419 776 .

1234 809 1402 880 gxx.

574 893 760 964 Igitur
788 895 1090 950 Conradus
1122 897 1303 952 abbas
1333 897 1393 953 in
1424 898 1552 971 ipso
1576 899 1742 956 initio
1763 901 2146 972 promotionis

500 999 620 1038 sua:
657 982 830 1054 coepit
865 983 976 1039 sibi
1019 985 1262 1057 suisque
1318 989 1756 1045 successoribus
1814 995 2149 1045 construere

500 1088 652 1126 nova
679 1071 1033 1141 habitacula,
1067 1074 1389 1147 multisque
1421 1078 1784 1149 temporibus
1842 1079 2000 1150 operi
2052 1079 2145 1132 in-

499 1161 744 1227 sudans,
779 1162 1015 1216 tandem
1047 1179 1179 1218 cum
1203 1164 1408 1220 decore
1429 1167 1878 1222 consummavit.
1905 1167 1982 1221 Eo
2007 1170 2147 1221 tem-

500 1265 639 1320 pore
660 1248 986 1317 Udalricus,
1019 1252 1320 1307 secundus
1372 1254 1520 1324 (947)
1581 1256 1841 1326 ejusdem
1894 1254 2149 1310 nominis

500 1337 833 1409 episcopus,
882 1338 1266 1395 munitionem
1303 1358 1494 1408 suam,
1553 1342 1873 1397 Castellum
1932 1343 2146 1397 dictam

501 1426 712 1482 timore
744 1426 1035 1499 Rudolphi
1069 1428 1301 1484 comitis
1361 1430 1432 1486 de
1492 1431 1792 1503 Brigantia
1837 1431 2145 1497 destruxit,

503 1531 683 1587 quam
711 1516 1101 1586 praedecessor
1131 1517 1260 1587 ejus
1293 1517 1596 1575 Udalricus
1628 1519 1811 1575 multo
1842 1518 2038 1574 labore
2095 1523 2150 1574 et

503 1607 746 1675 sumptu
797 1608 1219 1669 construxerat,
1260 1611 1319 1661 et
1356 1606 1655 1678 laquearia
1691 1608 1940 1662 duarum
1967 1605 2149 1678 capel-

505 1692 694 1749 larum
727 1693 994 1748 Conrado
1027 1693 1222 1749 abbati
1282 1695 1593 1762 concessit,
1654 1712 1904 1767 quorum
1964 1711 2148 1750 unum

504 1799 644 1849 suae,
695 1781 944 1837 alterum
997 1799 1129 1838 vero
1187 1783 1418 1854 capella:
1452 1786 1508 1840 S.
1571 1785 1815 1840 Joannis
1873 1783 2147 1856 Baptista

505 1870 663 1942 affigi
695 1870 860 1936 fecit;
895 1870 1108 1926 fecerat
1138 1872 1294 1927 enim
1317 1873 1464 1929 duas
1485 1873 1740 1946 capellas
1763 1889 1939 1929 unam
1972 1889 2149 1944 super

507 1958 769 2014 alteram.

1230 2050 1432 2121 §XXL

573 2139 740 2192 Anno
771 2137 842 2191 ab
875 2136 1276 2194 Incarnatione
1307 2139 1536 2194 Domini
1569 2155 1801 2206 mcxmx,
1833 2140 1926 2194 die
1947 2156 1998 2194 IV
2021 2137 2145 2193 Kal.

505 2227 671 2292 Nov.,
699 2224 965 2280 dedicata
997 2229 1084 2281 est
1103 2226 1326 2297 capella
1356 2228 1644 2298 superior,
1668 2244 1845 2300 quam
1895 2228 2148 2282 aedifica-

501 2319 662 2370 verat
681 2314 982 2368 Conradus
1015 2314 1198 2369 abbas
1229 2313 1286 2368 in
1323 2315 1542 2369 honore
1594 2316 1651 2370 S.
1714 2315 1950 2370 Martini
1975 2319 2032 2370 et
2087 2315 2144 2370 S.

506 2400 766 2458 Oswaldi
797 2401 874 2454 M.
891 2406 948 2455 et
965 2401 1212 2457 aliorum
1228 2406 1586 2468 sanctorum,
1618 2420 1867 2474 quorum
1892 2403 2147 2475 reliquiae

505 2489 651 2544 inibi
684 2489 1059 2544 continentur
1135 2533 1146 2543 .
1233 2532 1244 2544 .
1327 2535 1338 2546 .
1416 2491 1714 2546 Dedicavit
1769 2496 1963 2548 autem
2020 2509 2147 2548 eam

510 2576 819 2634 Udalricus
851 2579 1146 2634 secundus
1177 2579 1506 2652 episcopus.

1219 2668 1437 2735 §XXIL

581 2759 748 2812 Anno
779 2757 853 2811 ab
887 2758 1174 2812 lncarnat.
1206 2759 1369 2813 Dom.
1404 2775 1675 2824 mcxxxxv,
1697 2758 2016 2815 indictione
2045 2776 2145 2827 xu,

511 2864 544 2902 x
575 2845 702 2900 Kal.
727 2845 883 2912 Dec.,
904 2844 1171 2901 dedicata
1193 2845 1416 2918 capella
1433 2847 1672 2903 interior
1694 2865 1726 2903 a
1747 2847 2150 2905 ven.Udalrico

509 2935 782 3006 episcopo
813 2934 1068 2989 secundo
1100 2935 1157 2989 in
1215 2935 1433 2992 honore
1465 2937 1522 2992 S.
1557 2936 1712 2992 Fidis
1744 2941 1802 2991 et
1851 2937 1910 2991 S.
1959 2936 2149 2991 Marias

510 3023 886 3095 Magdalenee,
906 3026 962 3076 et
974 3022 1220 3078 aliorum
1245 3028 1607 3094 sanctorum,
1623 3042 1875 3096 quorum
1891 3024 2150 3097 reliquias

509 3112 590 3167 ibi
625 3110 1013 3166 continentur.
1097 3153 1109 3166 .
1191 3154 1204 3167 .
1286 3154 1299 3167 .

1205 3203 1232 3267 §
1261 3201 1453 3256 XXIII.

580 3292 747 3344 Anno
778 3290 849 3345 ab
883 3289 1352 3346 Incarnat.Dom.
1374 3306 1609 3356 mcxxu,
1631 3290 1834 3345 indict.
1859 3307 1956 3359 v11,
1983 3306 2150 3345 reno-

507 3383 645 3434 vata
673 3382 763 3433 est
793 3377 1018 3450 capella
1065 3378 1120 3433 S.
1172 3378 1418 3434 Joannis
1465 3378 1735 3449 Baptistae
1765 3396 1798 3433 a
1857 3379 2151 3434 Gebinone

509 3467 798 3523 avunculo
831 3483 980 3532 meo,
1012 3467 1210 3522 addito
1229 3468 1280 3522 ei
1310 3467 1560 3522 oratorio
1578 3467 1635 3522 S.
1659 3466 1861 3522 Jacobi
1883 3466 2150 3538 apostoli,

509 3557 610 3629 qui
637 3557 800 3629 prius
823 3555 1119 3628 proprium
1153 3556 1360 3610 habuit
1390 3555 1592 3621 altare,
1630 3556 1784 3628 quod
1815 3555 1911 3610 ille
1927 3557 2151 3610 destru-

505 3646 608 3711 xit,
642 3650 694 3702 et
754 3646 870 3700 duo
919 3645 1172 3700 oratoria
1201 3645 1260 3699 in
1292 3661 1476 3700 unum
1533 3644 1756 3699 utiliter
1794 3645 2035 3716 redegit,
2095 3650 2152 3700 et

504 3733 806 3806 laquearia
826 3734 1103 3790 habentia
1131 3735 1437 3789 materiam
1467 3738 1522 3788 S.
1579 3732 1821 3788 Joannis
1879 3732 2148 3805 Baptistae

505 3823 794 3896 depictam
856 3841 889 3878 a
939 3823 1201 3879 Conrado
1260 3823 1470 3879 abbate
1528 3822 1879 3894 impetravit,
1965 3825 2022 3878 et
2066 3821 2146 3876 ibi

506 3913 832 3984 suspendit.
862 3912 1161 3968 Dedicavit
1189 3916 1386 3969 autem
1418 3928 1547 3966 eam
1580 3911 1887 3966 Udalricus
1919 3910 2146 3980 episco-

504 4017 615 4072 pus
637 4001 931 4057 secundus
963 4001 1054 4055 die
1085 4018 1140 4055 Ix
1172 4000 1296 4055 Kal.
1331 4001 1486 4073 Sept.
1524 4001 1580 4054 in
1614 4000 1833 4055 honore
1901 4001 2054 4055 374
2085 4000 2144 4057 S.

503 4088 744 4144 Joannis
777 4088 1072 4160 Baptistae,
1107 4093 1164 4144 et
1202 4089 1447 4145 Joannis
1500 4089 1886 4162 evangelista,
1945 4089 2144 4145 Jacobi

504 4177 700 4232 fratris
745 4178 895 4247 ejus,
952 4177 1228 4248 Philippi,
1276 4177 1517 4234 Nicolai.
1553 4179 1654 4233 Isti
1714 4184 1853 4234 sunt
1912 4178 1991 4234 ibi
2050 4195 2149 4250 pa-

506 4263 680 4318 troni.
764 4305 775 4317 .
859 4306 869 4316 .
953 4306 964 4318 .

1197 4354 1223 4418 §
1256 4352 1450 4407 XXIV.

579 4438 732 4492 [dem
767 4439 892 4508 ipse
922 4439 1144 4493 Gehino
1166 4438 1630 4509 claustrumjam
1653 4441 1875 4496 dudum
1902 4459 2142 4499 renova-

504 4530 682 4589 verat,
718 4526 775 4578 in
799 4526 1030 4580 duobus
1073 4525 1354 4581 lateribus
1413 4544 1592 4582 novas
1647 4528 1950 4586 columnas
2008 4548 2139 4586 cum
2177 4560 2220 4623 Ι)

505 4612 1007 4685 suppositionibus
1039 4629 1242 4668 earum
1274 4614 1344 4668 de
1375 4617 1598 4685 quadro
1650 4615 1841 4687 lapide
1903 4635 2142 4691 compo-

504 4701 864 4771 nendo.Ipse
894 4701 1144 4770 patravit
1175 4701 1411 4756 calicem
1470 4708 1832 4774 argenteum,
1891 4722 2142 4779 eumque

503 4807 644 4845 auro
666 4795 721 4844 et
734 4789 986 4859 gemmis
1016 4792 1261 4843 venusto
1294 4806 1464 4859 opere
1495 4791 1820 4858 decoravit;
1855 4795 1953 4847 sed
1986 4795 2144 4849 auri-

500 4879 592 4934 fex
622 4895 753 4932 cum
787 4880 1059 4949 patenam
1095 4876 1332 4931 deberet
1364 4878 1569 4945 facere,
1603 4884 1657 4934 et
1678 4879 1897 4936 multos
1919 4880 2142 4952 lapides

505 4967 673 5022 vellet
703 4967 1022 5038 imponere,
1057 4964 1294 5019 castella
1351 4971 1407 5021 et
1452 4967 1748 5023 vermiculi
1809 4968 2143 5027 nullatenus

390 5111 398 5118 ,
503 5055 727 5126 corpori
763 5059 983 5125 patente
1015 5054 1326 5124 exintegro
1357 5060 1668 5124 potuerunt
1714 5058 2026 5130 congelari,
2088 5063 2143 5114 et

503 5143 720 5213 saepius
749 5142 1063 5212 inemptum
1092 5157 1322 5213 semper
1349 5142 1568 5200 invenit
1598 5145 1912 5213 defectum,
1943 5147 2141 5219 sicque

503 5248 651 5303 opus
681 5231 782 5284 diu
814 5229 1217 5286 intermissum
1248 5236 1378 5287 est..
1459 5276 1470 5287 .
1552 5277 1564 5288 .

576 5370 896 5443 (9/47)__Baro
928 5372 998 5427 de
1023 5373 1228 5440 Castel,
1270 5375 1592 5430 monachus
1625 5381 1794 5431 antea
1820 5377 1877 5432 S.
1941 5377 2136 5443 Blasii,

505 5440 646 5514 hist.
682 5440 846 5495 Silvae
877 5443 1028 5514 Nig.,
1060 5449 1083 5498 t
1115 5444 1154 5510 l,
1216 5462 1272 5514 p.
1337 5447 1460 5500 370.
1517 5447 1829 5503 Castellum
1890 5449 1962 5503 ab
2012 5440 2139 5514 ipso

507 5462 646 5496 Πιδι.
684 5462 846 5495 οιινίθ
877 5462 1028 5514 mg,
1060 5462 1083 5498 ι
1115 5462 1154 5510 ι,
1260 5488 1272 5499 .
1337 5462 1460 5500 ὅίυ.
1517 5462 1829 5503 Castellum
1890 5462 1962 5503 ab
2012 5468 2024 5503 l
2075 5467 2136 5505 so

506 5513 764 5591 dirutum
787 5514 1161 5591 Gebehardus
1186 5516 1205 5568 Ι
1215 5462 1256 5570 ll
1282 5523 1700 5591 construxerat.
1716 5518 1992 5591 Rodoll'us
2014 5467 2136 5577 lyri-

546 5587 1166 5665 antinus_cqtlics_tiliu_s
1189 5602 1315 5665 cra_'._
1335 5587 1607 5665 Udalrici,
1633 5590 1941 5665 de_«juibus
1961 5607 2138 5665 SUpra

1197 320 1587 383 APPENDIX
1632 323 1733 382 AD
1780 321 2220 385 CHRONICON
2266 325 2681 386 HERMANNI
2725 320 3190 386 CONTRACTI.
3736 323 3826 387 364

496 454 630 520 dus,
665 452 1036 525 Meginradus
1062 457 1118 508 et
1147 453 1449 510 Lintoldus
1490 455 1755 526 depositi.
1820 457 2136 512 Thcoderi-
2164 461 2218 525 Α

2325 548 2430 603 Per
2450 547 2571 602 haec
2594 551 2856 619 tempora
2884 545 3168 618 praedium
3201 545 3356 618 apud
3389 545 3559 601 Bozze
3577 547 3827 603 venunda-

2253 641 2379 692 tum
2411 641 2501 692 est
2521 635 2859 712 xvumarcis
2886 653 2899 703 ;
2922 635 3064 690 item
3085 633 3349 706 Eilingen
3368 633 3514 705 (948)
3543 634 3727 690 datum
3763 640 3830 692 est

2253 741 2357 796 pro
2377 724 2694 780 XLmarcis.

2931 816 2959 882 §
2989 813 3206 869 XXVL.

2325 902 2435 957 Sed
2463 901 2834 974 etpresbyter
2859 902 3124 972 quidam,
3155 898 3372 972 Witigo
3403 899 3649 963 nomine,
3704 900 3827 955 ortus

2254 989 2325 1044 de
2357 989 2644 1061 Alospach
2677 989 2847 1060 (949),
2873 994 2996 1044 erat
3025 986 3211 1042 multo
3239 990 3499 1058 tempore
3551 983 3832 1057 capellanus

2253 1078 2612 1134 Trevirensis
2642 1077 3062 1148 archiepiscopi
3096 1080 3152 1131 et
3189 1073 3566 1132 Coloniensis.
3605 1073 3700 1128 Hic
3748 1074 3834 1128 fere

2254 1183 2325 1220 ιιι
2355 1183 2580 1222 marces
2609 1165 2832 1238 argenti
2881 1165 3109 1236 probati
3165 1161 3493 1219 transmisit
3533 1162 3603 1218 ad
3630 1161 3834 1218 Domum

2257 1255 2402 1310 Petri
2437 1271 2537 1326 pro
2561 1255 2715 1325 agris
2731 1253 3164 1326 comparandis,
3195 1269 3346 1324 quos
3385 1250 3501 1317 ille,
3533 1252 3664 1306 dum
3714 1250 3836 1305 vive-

2255 1348 2341 1416 ret
2373 1344 2633 1410 haberet,
2668 1349 2724 1398 et
2746 1347 2878 1415 post
2899 1359 3074 1398 suum
3097 1341 3322 1398 obitum
3347 1339 3683 1397 monasterio
3701 1339 3834 1396 relin-

2257 1436 2476 1504 queret.
2499 1432 2604 1487 Sed
2638 1437 2943 1503 argentum
2975 1435 3164 1487 totum
3195 1433 3288 1486 est
3306 1444 3637 1501 expensum,
3657 1431 3707 1483 et
3722 1425 3832 1483 nihil

2255 1537 2325 1576 ex
2343 1537 2408 1576 eo
2429 1525 2713 1591 emptum.
2737 1523 2879 1574 Cum
2897 1535 3032 1592 ergo
3052 1518 3148 1574 ille
3170 1517 3397 1574 veniret
3415 1520 3481 1572 ut
3516 1516 3647 1589 quid
3687 1518 3837 1572 actum

2256 1613 2410 1666 esset
2439 1608 2678 1675 videret,
2696 1607 2962 1664 nesciens
3011 1607 3191 1663 abbas
3221 1609 3283 1662 et
3333 1606 3539 1662 fratres
3586 1605 3696 1675 ejus
3729 1602 3834 1675 quid

2255 1701 2513 1770 agerent,
2545 1697 2925 1752 ostenderunt
2959 1695 3010 1752 ei
3067 1694 3505 1767 possessionem
3549 1689 3832 1748 monasterii

2254 1786 2407 1858 apud
2440 1784 2808 1857 Frichingen,
2841 1801 2968 1855 quae
3001 1787 3193 1838 tamen
3229 1798 3420 1854 nuper
3465 1778 3833 1853 aliquantulum

2255 1875 2325 1930 de
2338 1873 2603 1946 pecunia,
2624 1890 2751 1944 qua?
2771 1888 2874 1944 pro
2891 1871 3154 1944 Eilingen
3176 1874 3421 1943 sumpta
3440 1866 3834 1936 fuerat,dilatata

2254 1967 2397 2030 erat,
2433 1967 2489 2018 et
2519 1961 2805 2016 dederunt
2825 1960 2875 2016 ei
2905 1976 3034 2015 eam
3065 1976 3168 2032 pro
3191 1958 3447 2031 pecunia
3475 1974 3574 2013 sua
3599 1972 3706 2028 quae
3731 1969 3832 2009 con-

2256 2055 2494 2122 sumpta
2523 2050 2730 2105 fuerat.
2763 2050 2944 2112 Quam
2977 2047 3073 2103 ille
3096 2047 3365 2120 gratiﬁce
3394 2045 3702 2118 suscipiens,
3723 2057 3833 2096 con-

2257 2140 2542 2195 sentiente
2569 2141 2624 2194 et
2645 2139 2890 2208 jubente
2921 2137 3132 2192 abbate
3163 2135 3282 2191 tale
3316 2136 3554 2206 desuper
3586 2130 3830 2200 chirogra-

2257 2228 2437 2300 phum
2470 2227 2759 2282 conscribi
2785 2227 2936 2281 fecit.

2941 2314 3224 2383 §xxvn.

2328 2406 2538 2461 Notum
2559 2405 2634 2460 sit
2650 2404 2923 2460 omnibus
2945 2407 3062 2459 tam
3083 2404 3474 2474 prasentibus
3497 2413 3652 2473 quam
3667 2391 3836 2452 futuris

2257 2494 2509 2568 qualiter
2536 2511 2637 2564 ego
2700 2493 2938 2565 Witigo,
2970 2492 3070 2547 Dei
3121 2492 3316 2564 gratia
3349 2491 3645 2563 presbyter,
3687 2483 3838 2568 divina

2255 2567 2577 2654 inspirante
2594 2579 2956 2650 providentia
2970 2578 3309 2651 comparavi
3327 2577 3595 2634 allodium
3616 2571 3744 2644 apud
3756 2567 3836 2622 vil-

2257 2672 2372 2726 lam
2405 2670 2781 2742 Frichingen,
2831 2668 2892 2722 in
2943 2683 3090 2740 pago
3148 2667 3457 2740 Linzgove,
3512 2665 3567 2718 in
3618 2658 3836 2716 comitatu

2261 2759 2510 2815 Heinrici
2541 2758 2772 2813 comitis
2805 2756 2973 2828 (950),
3020 2757 3174 2811 datis
3233 2771 3340 2828 pro
3371 2771 3436 2810 eo
3474 2768 3583 2807 χχιι
3637 2745 3834 2809 mercis;

2259 2848 2450 2903 adhuc
2482 2864 2646 2913 sano,
2671 2851 2734 2902 ut
2755 2846 2946 2912 credo,
2981 2861 3124 2900 usus
3155 2843 3428 2910 consilio,
3458 2839 3587 2914 petii
3621 2836 3835 2893 abbatem

2258 2937 2629 2992 Cuonradum
2648 2933 2942 3006 simulque
2957 2933 3160 2988 fratres
3181 2928 3636 2988 Petrishusensis
3649 2919 3838 2981 coenobii

2259 3032 2317 3081 et
2345 3029 2759 3080 concesserunt
2802 3025 2895 3079 31
2916 3023 2959 3079 5
2991 3021 3136 3077 mihi
3168 3022 3229 3076 in
3282 3023 3512 3092 justum
3561 3011 3839 3073 beneﬁcium

2260 3115 2492 3181 curtim,
2527 3130 2703 3184 quam
2735 3112 2890 3167 idem
2924 3109 3355 3166 monasterium
3383 3109 3533 3182 apud
3554 3120 3670 3163 eam
3688 3099 3836 3158 villam

2183 3191 2224 3256 C
2263 3203 2544 3275 possidet,
2567 3206 2625 3257 et
2653 3217 2757 3273 ego
2781 3201 2896 3256 illis
2925 3216 3092 3255 versa
3119 3199 3240 3254 vice
3275 3198 3421 3254 alias
3452 3214 3518 3253 xx
3547 3206 3744 3250 marces
3767 3202 3834 3242 ar-

2261 3292 2416 3365 genti
2443 3308 2545 3364 pro
2576 3291 2778 3346 eodem
2805 3288 3082 3344 beneficio
3109 3286 3354 3353 contuli,
3389 3304 3456 3342 ea
3483 3282 3723 3340 videlicet
3738 3291 3835 3332 con-

2260 3380 2476 3437 ditione
2503 3384 2566 3434 ut
2587 3395 2712 3451 ego,
2747 3377 3005 3449 quandiu
3039 3376 3256 3444 vixero,
3319 3379 3621 3445 utramque
3666 3370 3834 3441 partem

2251 3470 2378 3538 jam
2411 3468 2546 3523 dicti
2581 3467 2800 3539 praedii,
2833 3471 2890 3520 et
2931 3468 3186 3537 emptam
3236 3463 3507 3519 videlicet
3550 3456 3757 3519 noviter,
3792 3452 3832 3539 et

2259 3535 2394 3613 ante
2423 3535 2706 3621 habitam,
2731 3556 2856 3610 sine
2885 3553 3006 3608 ulla
3025 3535 3481 3609 contradictione
3501 3565 3598 3622 pro
3617 3535 3832 3601 beneﬁcio

2258 3646 2610 3718 possideam,
2629 3649 2687 3700 et
2717 3645 2942 3698 fructus
2959 3643 3087 3713 ejus
3117 3642 3173 3696 in
3199 3657 3348 3696 usus
3361 3655 3542 3706 meos,
3563 3634 3831 3718 ubicunque

2256 3716 2514 3789 locorum
2549 3729 3436 3801 sim,convertam,eamdemque
3459 3724 3658 3782 curtim
3685 3716 3766 3814 uni
3787 3728 3834 3769 ει

2258 3823 2534 3879 fratribus
2563 3822 2826 3892 ejusdem
2858 3819 3126 3887 coenobii,
3150 3831 3561 3890 quemcunque
3586 3811 3826 3882 elegerint.

2255 3909 2745 3980 committam,qui
2763 3908 2902 3964 mihi
2921 3897 3834 3989 universa,quaecunqueibidemac

2259 3999 2547 4073 quisierit,
2572 3997 2818 4053 fideliter
2850 4000 3170 4052 conservet.
3219 3996 3364 4051 Cum
3389 4009 3518 4049 vero
3546 4007 3610 4047 ex
3639 3988 3732 4044 hac
3754 3982 3835 4035 vita

2257 4091 2580 4151 decessero,
2614 4086 2740 4142 volo
2759 4091 2824 4140 ut
2846 4085 3268 4141 monasterium
3293 4084 3448 4140 idem
3473 4077 3726 4138 allodium
3744 4082 3834 4164 per

2255 4176 2562 4249 petualiter
2582 4174 2894 4246 possideat,
2929 4189 2996 4228 ea
3025 4171 3293 4228 videlicet
3349 4169 3666 4227 conditione
3691 4164 3760 4249 fut,
3791 4169 3834 4209 ιιι

2255 4248 2648 4320 anniversario
2671 4261 2865 4318 obitus
2891 4260 3003 4316 mei
3026 4258 3185 4314 omni
3208 4258 3486 4329 deinceps
3507 4267 3650 4311 anno
3677 4248 3835 4341 fratres.

2253 4351 2798 4422 communiterjinde
2825 4349 3164 4421 pietantiam
3213 4347 3488 4414 habeant,
3514 4348 3624 4399 tres
3665 4329 3837 4422 scilicet

2254 4441 2498 4497 maltros
2510 4441 2579 4495 de
2601 4421 2895 4511 speltanco
2910 4438 3202 4493 frumento
3217 4436 3286 4492 ad
3302 4434 3553 4491 similam
3568 4421 3834 4485 faciendam

2254 4549 2320 4586 ex
2343 4529 2558 4601 quibus
2583 4546 2734 4583 unus
2760 4528 2992 4583 modius
3015 4525 3347 4598 specialiter
3368 4524 3468 4578 ﬁat
3483 4512 3834 4605 abbati,ettres

2253 4635 2430 4674 urnas
2451 4619 2522 4672 de
2543 4617 2696 4680 vino,
2721 4615 3026 4670 dimidiam
3045 4614 3264 4681 abbati,
3288 4615 3438 4668 duas
3457 4625 3585 4666 vero
3599 4609 3650 4661 et
3668 4607 3832 4657 semini

2251 4706 2548 4772 fratribus,
2581 4710 2638 4760 et
2666 4702 2973 4759 duodecim
2997 4703 3213 4758 solidos
3254 4719 3356 4774 pro
3381 4697 3631 4772 piscibus
3654 4697 3835 4778 coma?

2252 4795 2470 4850 randis.
2495 4771 2810 4848 Duodecim
2847 4807 3080 4864 quoque
3113 4771 3401 4862 pauperes
3454 4785 3578 4842 volo
3607 4786 3663 4837 ut
3687 4771 3833 4864 ead-i8

2252 4883 2605 4947 reﬁciantur,
2639 4885 2695 4935 et
2725 4861 3042 4950 unicuique
3074 4861 3313 4951 pauperi
3345 4875 3512 4948 panis
3541 4876 3595 4928 et
3637 4861 3831 4938 cyathus

2249 4971 2366 5026 vini
2397 4976 2453 5026 et
2483 4970 2852 5042 pulmentum
2886 4969 3074 5022 detur.
3128 4967 3188 5021 In
3223 4958 3608 5020 anniversario
3646 4957 3832 5042 ψιθίῖιξθ

2250 5060 2434 5130 patris
2465 5031 2577 5113 mei
2600 5056 2816 5129 Operti,
2838 5055 2995 5127 quod
3019 5059 3177 5110 estw
3201 5055 3281 5108 Id.
3301 5050 3512 5116 Martii,
3532 5058 3696 5104 unum
3711 5031 3831 5127 mal:

2250 5153 2406 5202 trum
2437 5145 2664 5212 similze,
2689 5149 2745 5200 et
2774 5146 2900 5200 duae
2925 5161 3084 5198 urnae
3111 5143 3251 5208 vini,
3283 5140 3411 5196 volo
3444 5143 3505 5194 ut
3527 5137 3681 5191 detur
3704 5133 3829 5182 οωῑιι

2249 5233 2685 5308 congregationi
2715 5231 3080 5306 generaliter.
3115 5228 3304 5286 Simili
3337 5229 3506 5284 modo
3552 5223 3618 5278 de
3666 5213 3828 5274 eadem

2249 5379 2321 5433 ad
2353 5394 2444 5432 an.
2475 5377 2632 5431 H32.
3543 5436 3553 5447 ο

2320 5450 2468 5520 (948)
2501 5449 2668 5520 Forte
2689 5445 2979 5520 Ailingen,
3013 5444 3068 5498 in
3103 5440 3713 5520 capitqlo_Thur1ngen.

2340 5512 2468 5589 949)
2503 5512 2876 5589 ΑΙΙειιιδρειοΙιξ
2911 5516 2968 5569 in
2999 5512 3253 5589 capitulo
3276 5512 3655 5589 Beichenaub
3702 5569 3716 5589 ι

2493 5562 3013 5645 comes
3045 5562 3362 5657 Lrinzgoviee
3389 5599 3480 5642 an.
3530 5575 3674 5646 H35,
3702 5562 3822 5627 intra

533 5695 543 5709 .
571 5671 655 5726 ιιι,
687 5655 714 5727 §
746 5656 930 5726 17-23.
962 5657 1092 5717 Vid.
1126 5657 1456 5731 Bucelinns,
1488 5655 1761 5718 chronol."
1805 5655 2134 5734 Constant",
2245 5661 2285 5720 l.
2319 5655 2414 5734 v,§
2449 5655 2510 5720 11
2535 5661 2606 5722 de
2637 5660 3051 5724 Sanctomonto
3080 5655 3311 5722 dicitur.
