3982 6216
182 357 296 431 365

1051 357 1503 428 CHRONICON
1553 355 2368 428 PETERSHUSANUM.—
2398 358 2542 426 LIB.
2587 360 2666 426 ν.

3453 363 3572 428 366

182 491 547 570 possessione
579 491 702 553 volo
732 493 856 553 fieri
896 497 955 552 in
1006 497 1364 554 universario
1415 497 1619 552 matris
1674 512 1815 552 mea:
1844 500 1898 564 Α
1931 513 2062 552 nem
2098 498 2166 550 ad
2209 496 2577 552 excolendam
2629 497 3028 569 supradictam
3080 493 3307 553 vineam
3360 481 3574 554 servire

187 585 480 653 Pecbildae,
516 585 671 658 quod
702 589 792 641 est
819 603 893 642 xv
922 585 1047 641 Kal.
1081 586 1234 658 Sept.

255 678 327 729 Ut
353 678 543 730 autem
575 673 704 730 hmo
735 673 1117 742 omnia,sicut
1138 678 1336 730 notata
1355 678 1512 742 sunt,
1546 672 1821 729 inviolata

188 767 605 830 conserventur,
637 763 845 834 adjuro
877 779 1082 820 omnes
1112 763 1213 834 qui
1263 779 1366 835 per
1413 762 1816 818 successiones

185 855 502 923 temporum
524 850 797 907 ineodem
818 851 1172 907 monasterio
1194 851 1374 906 futuri
1397 855 1558 921 sunt,
1575 868 1676 923 per
1695 867 1816 907 om-

186 939 342 996 nium
363 937 616 994 ﬁdelium
635 939 1175 1007 Remuneratorem,
1195 944 1252 995 et
1268 956 1371 1011 per
1389 956 1622 995 omnem
1642 939 1820 994 virtu-

188 1031 329 1097 tem,
359 1043 480 1099 qua
509 1027 595 1083 vel
626 1027 682 1082 in
706 1027 849 1083 ccelo
880 1027 968 1082 vel
996 1029 1052 1083 in
1076 1032 1232 1084 terra
1257 1029 1364 1083 Deo
1393 1026 1731 1092 famulatur,
1756 1030 1820 1082 ut

192 1115 388 1172 nullus
408 1117 635 1173 omnino
654 1117 742 1172 vel
765 1117 948 1172 abbas
965 1116 1050 1173 vel
1075 1116 1224 1172 alius
1240 1115 1452 1189 aliquis
1470 1117 1592 1174 haec
1610 1118 1820 1172 audeat

193 1204 428 1272 violare,
447 1210 545 1261 aut
563 1205 630 1270 si,
649 1205 801 1277 quod
821 1205 976 1260 absit
993 1207 1003 1260 l
1027 1205 1246 1271 fecerit,
1266 1204 1325 1259 in
1344 1205 1635 1260 consortio
1651 1205 1680 1260 J
1692 1205 1817 1259 udae

194 1293 489 1366 proditoris
509 1293 565 1348 in
588 1297 843 1349 extremo
855 1294 1008 1364 justi
1023 1292 1236 1365 judicii
1258 1294 1350 1348 die
1377 1295 1815 1349 condemnetur.

189 1383 384 1437 Actum
412 1385 466 1437 et
483 1381 888 1436 conﬁrmatum
906 1397 1060 1437 anno
1086 1382 1106 1435 Ι
1115 1385 1378 1437 ncarnat.
1394 1381 1816 1445 DomJucxxxv,

185 1469 242 1526 in
262 1469 560 1526 festivitate
582 1469 641 1525 S.
665 1469 927 1542 Gregorii
949 1487 1137 1542 papa,
1163 1486 1360 1526 coram
1378 1469 1604 1526 cunctis
1625 1469 1818 1524 fratri-

182 1559 307 1625 bus,
337 1574 399 1613 ac
427 1558 680 1614 testibus
720 1558 1012 1624 Heinrico,
1059 1558 1414 1626 Hermanno,
1466 1557 1817 1624 Eberhardo,

181 1644 469 1714 Luitfrido,
501 1645 784 1715 Arnoldo,
817 1647 1174 1714 Burcbardo,
1209 1645 1538 1710 Adelberto,
1573 1645 1822 1718 aliisque

179 1732 389 1788 multis.
439 1764 505 1775 —
564 1735 778 1791 Obitus
826 1735 1092 1807 ejusdem
1141 1734 1459 1808 Witigonis
1507 1735 1655 1791 Non.
1693 1735 1816 1790 Oct.

840 1822 1145 1895 §XXVHL

242 1912 345 1967 Sed
373 1915 428 1967 et
456 1910 800 1968 Gisilfridus
832 1912 910 1967 de
961 1911 1246 1983 Turingin
1280 1911 1426 1984 (954)
1449 1927 1581 1966 cum
1605 1925 1822 1982 magna

177 1999 458 2056 devotione
487 1999 753 2066 advenit,
787 2004 845 2055 et
878 2000 1121 2055 unicum
1155 1999 1366 2068 filium,
1399 1999 1636 2054 nomine
1671 1998 1820 2053 Ruo-

175 2094 413 2160 portum,
445 2088 562 2144 Deo
604 2093 659 2144 et
691 2089 750 2144 S.
785 2087 1060 2159 Gregorio
1092 2104 1285 2143 coram
1317 2087 1477 2144 omni
1510 2102 1820 2159 congrega-

174 2177 316 2233 tione
334 2178 379 2234 8
396 2179 490 2234 78
507 2193 651 2232 cum
671 2176 876 2232 multis
893 2175 1168 2249 lacrymis
1183 2175 1414 2244 obtulit,
1429 2175 1817 2246 universaque

178 2264 376 2335 praedia
390 2281 512 2338 quae
533 2265 606 2320 in
629 2269 786 2320 terra
803 2265 1128 2320 Suevorum
1147 2263 1519 2336 proprietatis
1530 2264 1664 2333 jure
1689 2279 1817 2334 pos-

182 2353 320 2407 sedit
331 2359 438 2409 tam
455 2353 618 2427 apud
633 2352 920 2424 Turingin
937 2369 1114 2424 quam
1128 2353 1281 2424 apud
1295 2353 1324 2408 J
1333 2351 1812 2422 etinbusin(952);

181 2441 366 2496 omnia
384 2442 568 2515 itaque
592 2440 950 2497 monasterio
985 2457 1054 2497 ex
1091 2440 1315 2514 integro
1349 2439 1596 2496 contulit
1621 2440 1678 2495 in
1705 2439 1814 2494 mi-

182 2529 466 2586 nisterium
497 2531 758 2586 fratrum
780 2529 894 2585 Deo
925 2529 1071 2585 inibi
1097 2529 1512 2584 famulantium
1535 2533 1812 2601 perpetuo

169 2617 295 2688 jure
309 2618 686 2690 possidenda,
705 2622 939 2690 excepta
955 2617 1220 2689 portione
1239 2617 1434 2672 fratris
1451 2617 1541 2672 sui
1560 2615 1786 2672 Geraldi
1797 2658 1809 2671 .

173 2704 398 2762 Vineam
419 2721 663 2778 quoque
689 2705 843 2777 apud
865 2704 1153 2777 Alospacb
1182 2705 1323 2761 emit
1359 2722 1475 2759 XXII
1500 2704 1735 2774 mercis,
1757 2708 1814 2760 et

167 2793 491 2851 firmissimo
522 2798 705 2869 pacto
738 2793 1060 2863 constituit,
1093 2794 1302 2850 abbate
1333 2797 1614 2865 praesente
1637 2797 1812 2865 atque

165 2884 577 2952 consentiente,
614 2887 673 2939 et
689 2883 868 2938 ommi
896 2883 1364 2955 congregatione,
1392 2886 1454 2937 ut
1479 2882 1638 2937 omni
1671 2882 1810 2937 beb-

162 2971 398 3028 domada
421 2990 525 3045 per
547 2987 744 3027 aevum
763 2971 940 3027 semel
965 2988 1078 3027 una
1104 2971 1196 3027 die
1214 2971 1397 3026 missa
1414 2988 1516 3044 pro
1533 2970 1809 3026 omnibus

160 3061 489 3131 parentibus
519 3062 663 3131 ejus
715 3059 1007 3116 defunctis
1051 3064 1404 3124 cantaretur,
1456 3063 1514 3116 et
1557 3059 1687 3131 ipsa
1716 3059 1809 3114 die

161 3149 468 3216 monachis,
493 3147 853 3223 generaliter
868 3149 938 3203 de
949 3149 1074 3219 jam
1096 3147 1253 3203 dicta
1265 3148 1431 3203 vinea
1450 3147 1650 3202 vinum
1675 3163 1806 3219 pro-

1847 1864 1896 1928 B

1927 585 2303 658 permitteret.
2336 587 2479 641 Acta
2526 589 2666 642 sunt
2716 585 2832 640 haec
2877 585 3075 641 omnia
3123 585 3574 658 inspicientibus

1929 673 2152 728 idoneis
2181 674 2452 742 testibus,
2487 673 2652 728 Patre
2700 676 2756 728 et
2807 672 2947 729 Filio
2993 677 3049 729 et
3098 674 3317 746 Spiritu
3348 680 3572 744 sancto,

1929 760 2215 833 Philippo,
2249 762 2524 835 Gregorio
2553 767 2610 817 et
2644 761 3005 818 Gebebardo.

2623 850 2652 921 §
2684 849 2874 906 XXIX.

1947 935 1953 943 ’
1997 939 2131 992 Post
2149 937 2268 992 haec
2291 938 2510 995 obortis
2534 939 2890 1010 quibusdam
2902 939 3118 1011 jurgiis
3136 940 3284 995 inter
3304 940 3575 996 abbatem

1927 1030 1982 1081 et
2003 1027 2274 1081 eumdem
2293 1026 2548 1082 Gisilfrid
2559 1045 2679 1095 um,
2697 1026 2943 1083 abstulit
2961 1027 3147 1083 filium
3171 1046 3346 1084 suum
3369 1030 3438 1085 de
3454 1046 3575 1085 mo-

1927 1113 2179 1169 nasterio
2198 1115 2321 1184 jam
2345 1114 2837 1180 monachizatum,
2871 1120 2927 1170 et
2969 1115 3323 1172 abalienavit
3357 1117 3575 1189 praedia

1926 1219 2053 1274 quae
2085 1203 2340 1270 dederat,
2393 1203 2450 1257 id
2494 1207 2582 1258 est
2619 1203 2903 1276 Turingin
2944 1209 3000 1260 et
3046 1205 3381 1260 Jetinhusin
3407 1223 3421 1275 ;
3447 1205 3574 1278 ipse

1925 1294 2121 1347 tamen
2138 1291 2195 1345 in
2221 1290 2424 1346 habitu
2441 1291 2819 1347 barbatorum
2845 1291 3186 1364 plerumque
3208 1293 3265 1348 in
3288 1299 3576 1351 monaste-

1926 1380 2012 1434 rio
2045 1379 2281 1447 mansit,
2317 1397 2382 1436 ac
2411 1397 2526 1435 non
2559 1379 2747 1436 multo
2779 1385 2912 1452 post
2941 1381 3085 1436 obiit
3123 1381 3296 1452 (954),
3329 1388 3387 1437 et
3416 1383 3572 1454 apud

1927 1469 2348 1524 monasterium
2383 1468 2654 1540 sepultus
2686 1473 2791 1525 est.
2828 1469 3012 1525 Filius
3059 1473 3253 1525 autem
3285 1471 3414 1540 ejus
3444 1473 3576 1542 post

1929 1561 2175 1612 mortem
2195 1559 2400 1628 patris,
2427 1558 2606 1613 armis
2630 1558 2886 1630 sumptis
2908 1557 3107 1629 inique
3123 1557 3460 1614 haereditate
3480 1576 3577 1631 po-

1927 1644 2074 1699 titus
2107 1650 2216 1700 est.

2641 1734 2671 1807 §
2703 1735 2863 1790 XXX.

2001 1821 2107 1876 Per
2134 1821 2290 1876 idem
2321 1827 2578 1894 tempus,
2616 1840 2749 1878 cum
2782 1823 2911 1879 Utto
2942 1824 3124 1880 abbas
3152 1824 3580 1896 Waginhusen-

1928 1909 2011 1964 sis
2041 1910 2190 1982 (955)
2221 1910 2279 1964 in
2313 1910 2617 1965 infamiam
2666 1911 2988 1978 incidisset,
3014 1912 3318 1984 depositus
3376 1918 3488 1981 est,
3520 1917 3580 1969 et

1928 1997 2144 2053 Gebino
2169 1999 2240 2053 ab
2266 1997 2535 2054 Udalrico
2557 1999 2830 2070 episcopo
2855 2001 3112 2055 secundo
3153 2017 3187 2055 a
3227 2001 3579 2056 monasterio

1926 2091 2145 2142 Domus
2177 2087 2328 2142 Petri
2352 2087 2662 2153 adductus,
2686 2092 2741 2142 et
2763 2087 2951 2142 eidem
2973 2087 3098 2142 loco
3121 2089 3300 2143 abbas
3340 2089 3578 2144 ordina-

1925 2179 2021 2230 tus
2055 2180 2161 2230 est.
2195 2178 2380 2241 Quem
2413 2192 2546 2230 cum
2579 2193 2683 2248 per
2711 2174 2934 2247 aliquot
2963 2193 3149 2231 annos
3175 2175 3379 2232 idonee
3396 2177 3577 2232 rexis-

1926 2268 2034 2333 set,
2066 2264 2380 2319 commissa
2411 2269 2500 2318 est
2529 2264 2579 2318 ei
2612 2264 2785 2319 etiam
2819 2281 2968 2320 nova
2998 2263 3161 2331 cella,
3186 2281 3312 2336 quae
3337 2271 3579 2321 vocatur

1925 2351 2232 2407 Wischina
2261 2352 2408 2423 (956)
2441 2369 2565 2424 quaa
2597 2369 2701 2424 per
2731 2351 2898 2408 illum
2941 2353 3276 2408 monasticae
3305 2353 3431 2408 vitae
3464 2355 3576 2411 ini-

1924 2439 2064 2495 tiata
2093 2444 2199 2495 est.

2535 2529 2685 2584 an
2723 2527 2753 2601 §
2782 2528 2974 2585 XXXI.

1993 2619 2178 2682 Quam
2209 2633 2342 2672 cum
2375 2621 2504 2689 post
2535 2616 2835 2688 aliquanta
2863 2621 3150 2689 tempora,
3175 2617 3436 2675 laborem
3459 2635 3576 2675 non

1919 2705 2884 2773 sulI‘erens,dimisisset,Conradus
2899 2707 3081 2762 abbas
3095 2711 3336 2779 rogatus
3359 2708 3575 2764 iterum

1922 2795 1996 2849 ab
2015 2793 2280 2849 Udalrico
2299 2794 2570 2866 episcopo
2584 2794 2894 2850 constituit
2916 2812 3021 2866 pro
3039 2812 3106 2851 eo
3121 2796 3575 2853 Waltrammum

1920 2882 2110 2937 eidem
2134 2883 2258 2937 loco
2280 2883 2573 2949 abbatem,
2599 2881 2697 2953 qui
2716 2882 2934 2938 ibidem
2985 2882 3290 2940 ecclesiam
3311 2901 3344 2940 a
3366 2884 3575 2941 funda-

1919 2971 2136 3025 mentis
2157 2973 2495 3026 construere
2516 2970 2710 3042 C(Bpit,
2739 2975 2796 3026 et
2827 2970 3016 3026 multa
3039 2977 3380 3029 ornamenta
3401 2973 3578 3029 eccle-

1920 3059 2018 3114 siae
2050 3062 2107 3113 et
2138 3058 2412 3114 utensilia
2446 3057 2774 3130 acquisivit.

2590 3147 2620 3220 §
2665 3148 2881 3203 XXXII.

161 3237 464 3308 pinaretur,
497 3242 558 3294 et
593 3236 726 3309 ipsa
754 3235 954 3302 missa,
1001 3236 1234 3308 quando
1272 3240 1624 3304 cantaretur,
1659 3239 1794 3291 noto
1835 3227 1878 3293 C
1980 3236 2244 3292 Posthaec
2260 3236 2560 3292 Conradus
2582 3237 3057 3293 abbasconduxit
3081 3239 3437 3295 monachum

163 3324 316 3397 signo
343 3331 582 3382 tantum
633 3341 750 3380 uno
802 3325 1192 3380 nuntiaretur.
1247 3325 1314 3380 Et
1354 3329 1420 3379 ut
1467 3324 1599 3396 ipsa
1635 3324 1802 3380 vinea

163 3413 370 3487 absque
399 3415 625 3470 damno
675 3411 1014 3468 monasterii
1070 3411 1250 3468 excoli
1317 3412 1622 3484 potuisset,
1666 3429 1799 3468 cum

165 3503 416 3572 quaedam
439 3506 740 3567 matrona,
775 3501 1013 3557 nomine
1041 3499 1336 3565 Truitlint,
1361 3516 1463 3572 per
1483 3501 1636 3555 idem
1660 3505 1802 3556 tem-

160 3603 264 3660 pus
285 3592 559 3658 converti,
588 3594 648 3646 et
669 3605 875 3662 agrum
899 3606 1073 3645 suum
1115 3589 1266 3661 apud
1310 3588 1628 3661 Fiscbpach
1650 3590 1800 3660 (853)

141 3679 346 3733 offerri
369 3679 676 3747 voluisset,
704 3683 762 3734 et
783 3678 935 3734 hanc
957 3679 1141 3734 abbas
1168 3677 1466 3750 suscipere
1487 3678 1798 3746 renuisset,

157 3763 312 3821 idem
333 3766 666 3824 Gisilfridus
688 3767 851 3823 dedit
869 3767 1067 3823 abbati
1088 3767 1288 3823 decem
1311 3766 1547 3834 talenta,
1577 3770 1642 3822 ut
1668 3784 1799 3822 mu-

151 3850 352 3910 lierem
378 3871 512 3912 cum
542 3870 682 3928 agro
713 3854 1058 3927 susciperet,
1089 3859 1146 3911 et
1175 3855 1442 3912 eamdem
1474 3854 1800 3927 possessio-

1909 3325 2488 3396 quemdam,nomine
2500 3327 3124 3400 Aaron,presbyterum
3139 3329 3210 3384 de
3222 3329 3566 3386 Camberch’

1910 3413 2146 3468 musice
2178 3413 2323 3468 artis
2350 3413 2801 3485 peritissimum,
2823 3416 2923 3486 qui
2952 3416 3090 3471 fecit
3110 3417 3160 3472 ei
3205 3433 3430 3488 organa
3449 3419 3565 3476 ele-

1909 3501 2273 3573 gantissima:
2308 3500 2750 3570 modulationis,
2778 3507 2835 3558 et
2869 3503 3174 3559 constituit
3198 3520 3266 3559 ea
3285 3506 3357 3560 ad
3387 3507 3561 3562 meri-

1911 3589 2147 3645 dianam
2179 3588 2410 3661 plagam
2446 3589 2711 3659 ejusdem
2743 3589 3020 3646 basilicte.
3074 3593 3201 3664 Ipse
3229 3592 3405 3647 etiam
3430 3593 3559 3662 jam

1908 3682 2041 3734 ante
2079 3678 2344 3748 ejusdem
2375 3676 2607 3750 generis
2637 3677 3098 3735 instrumentum
3125 3680 3561 3738 Constantiensi

1909 3764 2174 3821 Ecclesia:
2217 3765 2452 3833 fecerat,
2500 3769 2769 3838 patrante
2817 3765 3173 3824 Herimanno
3221 3768 3560 3826 vicedomno

1908 3860 1966 3910 et
1996 3854 2241 3911 custode
2272 3859 2414 3910 tunc
2445 3853 2721 3910 ecclesiae.

1374 3991 1714 4077 LIBER
1783 3989 2326 4105 QUINTUS.

711 4115 1000 4177 INCIPIT
1041 4116 1145 4177 DE
1187 4115 1794 4176 TRANSLATIONE
1835 4115 2068 4176 BEATI
2114 4113 2567 4175 GEBEHARDI
2611 4111 2985 4176 EPISCOPI.

925 4247 1024 4316 δι.

299 4336 441 4394 Cum
449 4337 583 4410 jam
597 4351 700 4409 per
713 4351 898 4392 annos
912 4335 1142 4391 circiter
1157 4338 1390 4392 centum
1411 4335 1799 4408 quadraginta

154 4423 288 4481 duos
308 4427 456 4499 (957)
491 4427 558 4482 B.
599 4424 952 4481 confessoris
995 4423 1213 4480 Christi
1253 4423 1579 4480 Gebebardi
1611 4441 1796 4496 quon-

155 4509 274 4568 dam
296 4513 682 4570 Constantien
693 4513 775 4568 sis
799 4511 1076 4585 episcopi,
1100 4512 1429 4567 fundatoris
1448 4529 1582 4568 vero
1605 4529 1799 4568 mona-

1909 4244 2293 4312 obliviscitur,
2348 4245 2649 4302 miraculis
2697 4245 3062 4318 illustraret;
3104 4265 3239 4306 cum
3264 4251 3390 4322 jam
3429 4250 3562 4325 ipsa

1907 4334 2169 4401 basilica,
2199 4339 2322 4390 tam
2358 4351 2425 4389 ex
2456 4335 2805 4407 antiquitate
2836 4353 3015 4408 quam
3065 4355 3135 4394 ex
3187 4340 3560 4396 fundamenti

1906 4422 2247 4494 fragilitate,
2274 4421 2534 4495 undique
2546 4439 2649 4494 per
2665 4424 2949 4480 rimarum
2972 4426 3259 4484 scissuras
3267 4430 3393 4500 jam
3404 4429 3559 4500 jam-

1906 4528 2020 4584 que
2042 4528 2245 4567 casum
2271 4512 2615 4579 minaretur,
2634 4529 2762 4569 ven.
2790 4513 2973 4571 abbas
2995 4517 3317 4584 Conradus,
3342 4517 3557 4573 adhor-

149 4601 297 4656 aterii
327 4603 484 4674 quod
508 4601 730 4658 dicitur
750 4601 971 4656 Domus
1014 4599 1190 4667 Petri,
1230 4616 1442 4672 corpus
1474 4601 1584 4656 sub
1615 4599 1795 4656 humo
1904 4600 2123 4656 tatione
2149 4599 2415 4672 Hugonis
2452 4601 2757 4657 Constant.
2803 4602 3074 4661 Ecclesiae
3115 4606 3402 4675 canonici,
3426 4621 3558 4663 eam

152 4700 298 4744 more
327 4695 710 4745 mortuorum
748 4689 1058 4760 quisceret,
1091 4693 1148 4744 et
1179 4692 1378 4744 tamen
1408 4689 1680 4743 eumdem
1711 4687 1794 4745 lo-

151 4790 272 4832 cum
301 4776 520 4833 tumuli
553 4778 688 4848 ejus
717 4778 1052 4849 frequenter
1096 4775 1288 4832 fidelis
1335 4781 1504 4845 Deus,
1551 4776 1650 4848 qui
1683 4794 1795 4833 non
1825 4783 1873 4848 D

214 4918 356 4991 (851)
388 4916 602 4991 Procul
636 4918 818 4991 dubio,
845 4917 1058 4991 nobilis
1092 4917 1213 4972 hac
1243 4916 1384 4991 olim
1419 4917 1659 4991 familia
1689 4919 1799 4976 fuit

147 4986 379 5061 In'pag'o
413 4989 845 5062 Linzgoviensi,
878 4990 936 5044 in
970 5005 1091 5115 quo.
1129 4993 1249 5044 tam
1290 4989 1586 5062 Turingen
1619 5007 1796 5061 quam

152 5057 569 5115 Jettenbausen
603 5065 661 5114 et
689 5060 969 5115 Fiscbbac
1047 5064 1160 5115 sita
1190 5065 1374 5114 erant.

152 5057 661 5136 Jetteribausen'et
689 5057 1011 5136 Fiscbbacb
1047 5060 1160 5136 sita
1190 5065 1374 5136 erant.

396 5131 1048 5214 EpdieJettenbausen,
1069 5131 1127 5214 in
1153 5129 1406 5214 capilulo
1434 5130 1792 5204 Thuringen.

396 5201 752 5285 Fisghbac‘h,
784 5202 844 5285 in
877 5199 1437 5285 capitulohltiiisgau.

243 5272 363 5342 954)
399 5273 464 5327 In
497 5273 835 5346 Necrologio
864 5279 1101 5330 notatur
1126 5274 1162 5327 6
1195 5272 1350 5328 Maii.

239 5341 364 5427 ἓξὲξ
396 5342 548 5427 Χίάο.
572 5360 750 5426 supra
778 5344 925 5426 §.12.-
1287 5415 1298 5426 .
1411 5413 1444 5427 η
1512 5414 1566 5427 ..
1641 5413 1652 5427 .
1739 5414 1750 5426 .

218 5413 366 5485 (956)
386 5413 732 5498 .Fiscbing‘a,
757 5413 1124 5498 piscinaseu
1167 5415 1361 5498 augis,
1501 5413 1797 5498 .Mariie‘in

154 5478 442 5561 Turgovia
456 5478 900 5555 monasterium,
922 5487 1093 5558 cujus
1106 5478 1293 5540 brevis
1306 5478 1551 5541 historia
1572 5485 1799 5540 sistitur

154 5565 208 5607 In
229 5552 420 5608 Gallia
441 5553 677 5609 Christ..
699 5561 742 5609 ι·
765 5557 834 5609 V-
869 5576 924 5609 οε.
961 5558 1118 5609 1027.
1149 5557 1244 5609 ubi
1281 5563 1471 5609 tamen
1499 5556 1657 5609 nulla
1687 5556 1794 5609 Ge-

152 5556 208 5631 iu
229 5556 420 5635 Gallia
441 5556 677 5638 Christ,
699 5561 742 5612 t°
765 5557 834 5624 V,
869 5576 924 5644 ρ.
961 5556 1118 5623 1027,
1149 5557 1244 5611 ubi
1281 5563 1471 5612 tamen
1499 5556 1660 5638 nulla
1687 5556 1794 5612 Ge-

154 5620 383 5693 binoms
415 5630 657 5693 mentio,
688 5631 790 5684 sed
815 5629 1246 5685 Waltrammus
1293 5645 1446 5684 nono
1491 5627 1615 5684 loco
1648 5632 1800 5684 Inter

158 5691 393 5760 abbate:
424 5691 682 5779 ponitur,
713 5699 813 5790 qui
845 5716 898 5760 ει.
924 5700 1062 5766 1138
1083 5698 1504 5776 monasterium
1525 5697 1796 5761 restitue-

1903 4705 2182 4745 renovare
2214 4706 2526 4763 aggressus
2556 4694 2760 4747 est.....

1907 4917 2000 4974 rit.
2037 4921 2202 4996 Forte
2232 4918 2326 4996 hic
2375 4918 2492 4996 vita
2549 4920 2873 4996 monastica
2930 4921 3008 4976 ibi
3059 4922 3288 4996 initiata
3316 4922 3557 4996 dicitur,

1907 4990 2060 5073 quod
2094 4989 2548 5073 consuetudines
2575 4991 3023 5073 Iiirsaugienses
3075 5010 3143 5048 ex
3167 4993 3367 5073 .Domo
3401 4989 3558 5052 Petri

1906 5060 2882 5142 per‘G‘ebinonem‘introductaesint
2905 5081 2918 5131 ;
2937 5065 3063 5134 jam
3087 5064 3240 5118 enim
3261 5065 3360 5119 diu
3379 5072 3558 5125 antea.

1905 5129 2247 5185 institutum
2279 5133 2399 5183 erat
2432 5129 2540 5183 hoc
2580 5129 2928 5192 coenobium.

1976 5202 2126 5271 (957)
2148 5205 2203 5253 S.
2228 5198 2567 5272 Gebebardo
2591 5201 2639 5254 ll
2664 5203 2817 5258 circa
2839 5223 2932 5259 an.
2955 5205 3062 5260 996
3084 5210 3334 5272 mortuo,
3357 5223 3554 5263 annus

1823 5311 1826 5314 .
1907 5270 2262 5327 centesimus
2278 5270 2766 5341 quadragesimus
2785 5279 3078 5333 secundus
3096 5270 3554 5335 annumChristi

1908 5343 2060 5421 1437¹
2074 5345 2257 5421 notat,
2282 5345 2551 5421 ettamen
2577 5342 2774 5421 prima
2798 5345 3260 5421 haecAtranslatio
3281 5355 3412 5421 post
3443 5368 3550 5408 an—

1906 5413 2060 5492 nosi
2071 5413 2442 5492 52_acondito
2461 5414 2814 5492 monasterio
2833 5416 2906 5485 (a.
2921 5417 3069 5492 983),
3092 5423 3160 5475 ad
3171 5413 3432 5492 coquead
3447 5440 3548 5480 an.

1908 5485 2047 5559 113i
2068 5485 2338 5559 refertur.
2364 5482 2627 5559 HicAvero
2662 5482 2892 5559 tantum
2940 5482 3269 5559 de'prima'
3295 5495 3545 5550 transla-

1908 5557 2061 5630 tione
2083 5556 2138 5609 S.
2166 5554 2490 5630 Gebebardi
2519 5572 2628 5630 seu
2653 5556 2721 5609 de
2762 5561 3020 5630 corporis
3059 5554 3186 5630 ejus
3217 5579 3245 5616 e
3280 5568 3435 5620 terra
3463 5567 3547 5622 le-

1906 5625 2365 5712 vationeagitur,
2390 5643 2424 5682 a
2445 5643 2561 5712 qua
2581 5627 2709 5712 ejus
2729 5625 3177 5712 cultusabsq'ue
3199 5634 3427 5712 formati
3454 5655 3547 5712 ca—

1907 5695 2273 5762 nonisatione
2295 5695 2584 5779 incepisse
2603 5695 2851 5764 videtur.
2882 5700 3013 5768 Vid.
3047 5695 3225 5780 supra
3260 5703 3300 5768 l.
3336 5723 3374 5784 ι,
3406 5709 3544 5790 μδ,
