3982 6216
132 282 249 382 aia
290 325 315 333 τ

1053 313 1497 391 CHRONICON
1540 318 2254 394 PETERSHUSANUM.
2281 361 2358 376 --
2386 321 2537 394 LIB.
2583 324 2688 395 VI.

3431 323 3544 397 374

137 441 589 523 8ilva,habebat
609 453 671 514 in
690 453 849 527 villa,
875 457 1260 517 Miminhusin
1285 460 1458 517 dicta.
1483 465 1632 534 Ergo
1654 479 1795 534 quo-
1823 465 1877 530 Α
1906 462 2024 518 sive
2054 463 2276 519 noviter
2304 464 2536 521 fuerant
2564 463 2843 522 fabricata
2861 461 2950 522 vel
2971 469 3339 540 congregata,
3364 468 3546 525 abbas

138 541 303 600 niam
321 549 594 602 nostrum
621 547 1042 604 monasterium
1063 549 1120 603 in
1139 549 1340 605 eadem
1357 549 1493 605 villa
1514 551 1794 622 praedium

141 631 418 700 habebat,
439 636 598 706 quod
621 635 672 690 ei
697 635 980 692 Geroldus
1001 637 1158 692 bona:
1184 639 1474 694 memorie
1499 640 1796 711 quondam

142 721 386 778 dederat
415 739 548 778 cum
582 740 644 779 se
665 724 794 796 ipso
821 729 878 780 et
900 724 1031 780 aliis
1056 725 1288 796 praediis
1313 727 1458 792 suis,
1484 727 1615 781 Ruti
1650 727 1798 783 scili-

137 813 254 875 cet,
288 815 347 867 et
377 811 878 868 Efkirchiswilare
909 818 1084 885 atque
1114 814 1397 884 Niwiron,
1431 816 1644 871 idcirco
1678 821 1796 870 toto

136 897 278 955 nisu
311 899 610 955 nitebatur
634 904 697 955 ut
717 905 773 955 et
793 901 902 956 hoc
925 901 1274 972 acquireret.
1306 904 1385 958 Ea
1408 904 1477 957 de
1501 919 1560 957 re
1577 904 1794 959 factum

138 991 238 1043 est
267 992 336 1042 ut
364 989 586 1054 tabula,
617 1007 745 1061 qua
778 989 837 1044 in
887 989 1193 1062 principali
1246 990 1411 1046 altari
1443 992 1502 1046 S.
1537 992 1795 1064 Gregorii

141 1092 218 1132 ex
249 1075 520 1151 orientali
548 1077 725 1134 latere
754 1084 956 1134 contra
995 1079 1238 1135 chorum
1271 1081 1539 1151 apposita
1569 1087 1710 1148 erat,
1741 1087 1795 1136 et

140 1168 278 1220 erat
300 1182 443 1220 auro
463 1171 514 1220 et
534 1167 776 1239 gemmis
792 1167 1203 1222 decentissime
1225 1174 1512 1240 cooperta,
1534 1187 1674 1225 auro
1693 1188 1796 1224 nu-

140 1253 453 1310 daretur...
479 1255 661 1327 Igitur
683 1256 790 1312 hoc
813 1274 974 1324 auro,
1004 1257 1156 1329 quod
1183 1257 1391 1328 dejam
1414 1257 1568 1313 dicta
1601 1259 1796 1314 tabula

137 1347 450 1415 sumptum
482 1348 586 1410 est,
624 1349 1028 1416 comparatum
1063 1350 1152 1401 est
1182 1346 1466 1418 praedium
1500 1348 1652 1420 apud
1687 1347 1793 1401 Mi-

135 1430 633 1503 minhusin,quod
665 1431 1087 1489 habueratillic
1110 1435 1528 1490 monasterium
1556 1435 1792 1490 S.Geor-

134 1518 500 1592 gii.Insuper
519 1521 721 1575 datum
741 1527 830 1576 est
848 1539 948 1592 pro
969 1539 1035 1578 eo
1069 1524 1354 1594 predium
1396 1525 1547 1594 quod
1582 1524 1792 1578 habui-

135 1624 272 1664 mus
295 1609 454 1680 apud
474 1609 759 1665 Asilheim
776 1611 1102 1682 (979),quod
1119 1611 1352 1666 dederat
1366 1613 1659 1682 quondam
1678 1613 1795 1668 dux

133 1697 433 1754 Bertolfus
465 1699 537 1754 de
566 1698 1048 1771 Zaringin,l'rater
1071 1699 1391 1754 Gebehardi
1415 1700 1673 1773 epis00pi
1697 1701 1790 1765 ΙΙΙ,

130 1803 241 1860 pro
273 1786 534 1859 hospitio
565 1787 849 1843 violenter
879 1788 1032 1860 apud
1066 1804 1171 1843 nos
1202 1793 1457 1860 sumpto.

461 1879 490 1945 §
529 1875 700 1931 XXII.
734 1877 807 1931 De
855 1877 1109 1932 incendio
1151 1879 1477 1933 monasterii

207 1964 396 2037 Igitur
423 1981 562 2020 cum
582 1965 708 2034 jam
742 1965 1021 2021 inusitato
1067 1966 1239 2021 modo
1285 1967 1356 2021 ab
1389 1967 1548 2021 omni
1577 1967 1791 2036 debito,

131 2054 409 2126 quamvis
433 2070 569 2109 cum
588 2053 794 2126 grandi
818 2055 1052 2122 damno,
1079 2055 1328 2111 absoluti
1354 2061 1572 2122 essent,
1596 2061 1651 2111 et
1672 2061 1792 2112 tam

129 2142 298 2201 locus
330 2160 510 2215 quam
544 2143 964 2198 monasterium
1017 2144 1236 2216 optime
1283 2144 1576 2200 excultum
1619 2149 1790 2212 esset,

131 2231 353 2288 accidit
380 2231 533 2287 sicut
563 2231 848 2302 scriptum
872 2235 994 2287 est:
1022 2255 1049 2281 ‹‹
1074 2235 1220 2287 Ante
1243 2233 1475 2289 ruinam
1513 2234 1795 2290 exaltabi-

131 2324 241 2376 tur
271 2336 370 2374 cor
397 2321 576 2388 (Prov.
607 2337 722 2385 xiv,
742 2320 853 2391 12).
891 2342 919 2369 ››
951 2321 1088 2376 Erat
1115 2322 1330 2392 quippe
1361 2322 1607 2378 radicula
1635 2323 1792 2378 inﬁr-

134 2407 346 2464 marizs
368 2406 682 2476 adherens,
703 2409 763 2463 in
787 2425 902 2480 qua
925 2409 1215 2478 caminus,
1235 2412 1475 2481 etjuxta
1493 2413 1788 2467 caminum

131 2513 212 2552 ex
242 2500 492 2566 utraque
520 2499 682 2567 parte
710 2501 1038 2553 stramenta
1070 2497 1129 2552 in
1153 2498 1367 2568 quibus
1397 2499 1601 2554 fratres
1627 2518 1788 2555 recu—

131 2585 430 2642 babant...
468 2584 548 2638 Ibi
571 2584 770 2656 itaque
792 2586 954 2657 pueri
980 2587 1316 2641 monasterii
1342 2587 1533 2658 ignem
1563 2587 1792 2643 incaute

130 2673 543 2740 accendentes,
577 2672 734 2746 ignis
773 2679 1094 2730 stramenta
1124 2676 1294 2746 juxta
1339 2675 1526 2746 posita
1558 2675 1788 2740 invasit,

129 2767 192 2819 et
219 2763 280 2818 in
313 2766 616 2818 momento
643 2766 831 2817 totum
854 2763 1108 2834 pervasit
1130 2764 1572 2828 monasterium,
1595 2765 1790 2820 basili-

125 2869 261 2910 cam
291 2867 532 2925 quoque
549 2851 609 2905 S.
628 2851 886 2924 Gregorii
909 2857 966 2906 et
985 2851 1184 2907 omnia
1205 2851 1380 2908 simul
1404 2853 1647 2908 aediﬁcia
1668 2871 1789 2909 mo-

1825 1828 1872 1892 B

1906 552 2205 608 Conradus
2234 557 2290 607 et
2342 553 2734 610 Herimannus
2789 553 2949 626 prior
3003 559 3419 627 consurgentes
3451 572 3548 612 ac-

1906 639 2212 695 cinxerunt
2240 658 2301 696 se
2331 641 2572 697 viriliter
2613 643 2684 696 ad
2721 643 3201 698 restaurationem
3244 644 3546 716 praedicta-

1906 745 2034 783 rum
2071 746 2284 784 rerum.
2319 731 2385 784 Et
2409 731 2759 800 adjuverunt
2803 747 2901 787 eos
2951 731 3154 803 reliqui
3188 732 3414 801 fratres,
3449 731 3547 787 alii

1907 816 2139 888 quidem
2175 834 2351 872 onera
2383 819 2666 889 portando
2698 835 2832 872 cum
2863 820 3266 886 exsultatione,
3292 820 3389 875 alii
3413 837 3546 876 vero

1906 906 2170 977 regiones
2201 905 2614 962 circumeundo
2645 924 2779 961 cum
2811 911 3143 962 sanctorum
3176 909 3456 980 reliquiis,
3491 914 3550 965 et

1910 994 2281 1062 petendotam
2303 995 2507 1048 divites
2526 1011 2702 1064 quam
2726 996 3098 1065 pauperiores
3121 997 3451 1052 subsidium
3474 998 3545 1052 ad

1905 1081 2387 1137 inslaurationem
2422 1082 2688 1137 incendio
2720 1084 3051 1154 consumpti
3077 1085 3434 1140 monasterii.
3465 1087 3547 1141 Ex

1904 1169 2005 1224 tali
2027 1186 2161 1241 ergo
2185 1169 2489 1224 collatione
2506 1179 2804 1241 coeperunt
2822 1172 3105 1226 aedificare
3131 1173 3402 1242 primitus
3425 1174 3548 1244 qui-

1904 1259 2036 1314 dem
2071 1258 2401 1313 habitacula
2428 1259 2676 1326 abbatis,
2708 1260 2854 1315 duas
2885 1259 3136 1331 capellas
3161 1278 3337 1316 unam
3371 1279 3550 1335 super

1904 1345 2168 1416 alteram,
2200 1347 2561 1418 superiorem
2607 1347 2843 1419 quidem
2884 1348 2940 1402 in
2974 1349 3189 1405 honore
3221 1351 3276 1404 S.
3313 1351 3550 1406 Martini

1903 1439 1960 1491 et
1988 1435 2046 1488 S.
2083 1435 2378 1502 Oswaldi;
2415 1435 2745 1490 inferiorem
2773 1453 2904 1491 vero
2935 1436 2992 1490 in
3027 1437 3243 1492 honore
3274 1439 3331 1494 S.
3359 1439 3550 1495 Marias

1905 1523 2280 1594 Magdalenae,
2315 1529 2369 1578 et
2399 1525 2455 1578 S.
2491 1524 2646 1579 Fidis
2678 1525 2818 1595 virg.
2853 1529 2910 1579 et
2958 1530 3130 1580 mart.
3163 1526 3458 1582 Dedicatio
3491 1528 3546 1583 S.

1905 1611 2061 1666 Fidis
2093 1612 2474 1683 psrseveravit
2503 1613 2654 1667 sicut
2684 1613 2846 1683 prius
2868 1619 2992 1669 erat
3021 1632 3052 1668 x
3086 1614 3207 1670 Kal.
3229 1615 3386 1681 Dec.,
3410 1633 3552 1687 quo-

1903 1699 2060 1755 niam
2095 1699 2237 1754 illud
2265 1699 2444 1755 altare
2477 1701 2770 1772 integrum
2803 1706 3096 1774 repertum
3119 1708 3226 1771 est,
3247 1708 3303 1760 et
3323 1704 3403 1759 ibi
3425 1721 3552 1778 age-

1903 1787 2120 1844 bantur
2149 1787 2345 1843 divina
2376 1789 2584 1844 officia.

2597 1924 2624 1990 §
2662 1922 2848 1979 XXIV.

1972 2054 2355 2110 Ediﬁcabant
2382 2071 2615 2127 quoque
2645 2056 2761 2111 duo
2793 2056 3114 2125 refectoria,
3147 2075 3331 2114 unum
3377 2077 3554 2133 super

1905 2143 2178 2210 alterum,
2212 2148 2268 2197 et
2297 2144 2630 2216 coquinum,
2665 2149 2724 2199 et
2745 2144 3068 2212 cellarium,
3088 2152 3143 2201 et
3159 2147 3436 2217 torcular,
3459 2165 3555 2205 ca-

1902 2231 2268 2288 lefactorium
2302 2249 2534 2304 quoque
2565 2238 2621 2288 et
2652 2233 3056 2302 inﬁrmariam,
3091 2241 3146 2290 et
3176 2237 3461 2308 capellam
3493 2239 3553 2294 S.

1903 2321 2121 2386 Marias,
2157 2321 2480 2393 capitulum
2513 2339 2748 2394 quoque
2787 2328 2961 2394 atque
3005 2325 3434 2381 dormitorium.
3470 2328 3555 2382 Ad

1901 2410 2010 2465 hoc
2061 2410 2255 2480 itaque
2307 2411 2756 2466 combusserunl
2805 2412 3022 2467 calcem
3065 2429 3278 2484 magno
3311 2419 3554 2486 sumptu

1893 2500 2066 2568 juxta
2095 2498 2392 2570 Tettingin
2428 2498 2486 2552 in
2519 2498 2684 2565 silva,
2719 2504 2775 2553 et
2802 2516 3082 2571 magnum
3106 2499 3406 2573 liquamen
3438 2519 3557 2558 ma-

1900 2604 2151 2661 gnarum
2183 2587 2437 2642 trabium
2471 2593 2522 2642 et
2556 2588 2804 2643 aliorum
2837 2587 3129 2660 lignorum
3171 2591 3554 2648 conciderunt

1901 2677 1959 2731 in
1993 2676 2139 2732 silva
2173 2677 2344 2747 juxta
2392 2675 2777 2748 Brigantium,
2814 2678 2966 2748 quod
2999 2677 3367 2734 adduxerunt
3388 2679 3550 2752 plus-

1900 2780 2077 2834 quam
2111 2762 2540 2835 quinquaginta
2562 2764 2812 2836 remiges
2833 2781 2935 2836 per
2952 2765 3134 2820 latum
3155 2770 3427 2839 stagnum
3452 2785 3550 2823 us-

1901 2867 2015 2922 que
2044 2853 2113 2906 ad
2150 2868 2276 2907 nos.
2309 2853 2658 2907 Monasteria
2689 2869 2924 2924 quoque
2955 2853 3068 2908 alia
3099 2855 3387 2910 miserunt
3415 2873 3551 2912 cum

116 2941 371 3000 nasterii
397 2941 640 2996 ﬂamma
661 2941 1094 3012 consumpsit...
1122 2942 1266 3011 (980)
1291 2941 1564 2997 Sacristia
1596 2946 1789 2997 tamen
1901 2939 2052 2994 bona
2083 2940 2381 2996 voluntate
2430 2957 2536 2995 sua
2592 2941 2765 3007 dona,
2824 2941 3270 3014 Hirsaugienses
3311 2944 3552 3016 quidem

117 3032 284 3089 886
313 3034 376 3087 et
407 3029 697 3086 librorum
729 3029 1140 3100 repositorium
1189 3029 1282 3084 vix
1330 3034 1621 3084 reservata
1653 3035 1791 3085 sunt
1899 3027 2144 3100 pallium
2178 3030 2396 3084 bonum
2449 3034 2505 3083 et
2555 3030 2796 3084 carrada
2845 3029 2983 3094 vini,
3030 3031 3101 3085 de
3133 3031 3278 3086 cella
3306 3038 3362 3086 S.
3395 3033 3550 3089 Petri

118 3137 263 3178 cum
296 3119 399 3174 his
427 3135 557 3189 quae
589 3119 753 3173 intus
784 3123 967 3173 erant.
1028 3119 1162 3174 Erat
1203 3119 1357 3174 enim
1391 3118 1583 3175 videre
1615 3120 1786 3173 mise-
1834 3191 1860 3194 v_
1899 3117 2046 3188 (984)
2073 3134 2254 3172 unum
2278 3116 2984 3186 calicem,Zwivaldenses
3007 3135 3182 3174 unam
3208 3120 3470 3177 casulam
3491 3126 3548 3177 et

117 3209 300 3267 riam.
336 3206 694 3264 Dormitoria
722 3210 844 3262 tam
882 3207 1302 3263 monachorum
1336 3224 1515 3280 quam
1545 3209 1792 3263 exterio-
1821 3191 1862 3254 Ο
1897 3205 2091 3261 albam
2122 3211 2295 3277 atque
2326 3205 2557 3270 stolam,
2591 3207 2687 3260 alii
2717 3223 2850 3262 vero
2875 3206 2991 3263 alia
3015 3209 3387 3278 munuscula,
3417 3227 3544 3282 quae

121 3315 262 3354 rum
285 3299 541 3353 fratrum
563 3301 919 3370 consumpta
941 3301 1164 3366 sunt,et
1185 3297 1354 3353 multi
1380 3296 1790 3353 miserabiliter
1897 3294 2094 3350 omnia
2123 3300 2237 3350 Deo
2268 3294 2388 3350 sint
2419 3299 2670 3366 accepta.

121 3385 440 3444 denudati.
501 3385 914 3441 Habitaculum
970 3403 1226 3458 namque
1284 3403 1572 3453 sororum,
1631 3387 1786 3458 quod
1970 3384 2115 3439 887
2147 3387 2312 3438 Anno
2339 3383 2413 3439 ab
2436 3385 2837 3439 Incarnatione
2861 3385 3090 3439 Domini
3119 3403 3310 3451 meum,
3336 3386 3538 3444 indict.

121 3476 382 3532 ﬂamma
400 3490 516 3529 nun
533 3473 950 3546 tetigit,statim
967 3479 1164 3530 tamen
1179 3492 1419 3547 prorsus
1435 3475 1787 3547 dissipatum
1899 3490 1975 3540 Ix,
2009 3473 2100 3528 die
2131 3490 2187 3528 vr
2219 3474 2355 3528 Idus
2404 3473 2562 3538 Dec.,
2587 3472 2854 3528 dedicata
2885 3477 2972 3528 est
3002 3473 3225 3544 capella
3255 3476 3312 3528 S.
3344 3475 3538 3531 Maria:

115 3570 236 3632 est,
256 3567 321 3620 et
335 3563 480 3634 ipsae
503 3578 928 3634 usquequaque
949 3563 1244 3635 dispersas.
1267 3564 1379 3620 Sed
1402 3569 1459 3620 et
1479 3564 1790 3619 monacho-
1890 3562 2060 3632 juxta
2082 3560 2463 3615 inﬁrmariam
2484 3576 2516 3614 a
2530 3560 2843 3615 venerabili
2868 3561 3221 3617 Herimanno
3239 3562 3538 3620 Constant.

115 3668 271 3709 rum
304 3650 568 3722 quidam,
606 3667 959 3723 quacunque
997 3656 1289 3725 poterant,
1324 3653 1383 3707 in
1417 3653 1788 3708 monasteriis
1896 3650 2188 3721 episcopo,
2217 3653 2483 3720 patrante
2512 3648 2719 3702 abbate
2749 3647 3078 3703 Conrado...

111 3739 479 3799 transmissi
525 3744 678 3796 sunt;
718 3742 926 3797 Actum
965 3757 1119 3797 anno
1157 3742 1230 3797 ab
1270 3743 1558 3797 Incarnat.
1622 3743 1783 3797 Dom.
1968 3739 2184 3793 Eadem
2214 3737 2306 3792 die
2335 3736 2622 3791 dedicavit
2645 3737 2798 3792 idem
2821 3737 3130 3808 episcopus
3152 3737 3544 3795 Herimannus

112 3827 661 3900 uacuaprimitus
681 3829 912 3886 condito
934 3828 1060 3902 ipso
1087 3831 1439 3886 monasterio
1471 3831 1782 3898 CLXXVII,
1895 3826 2178 3900 capellam
2233 3826 2293 3882 S.
2329 3824 2582 3891 Martini,
2634 3829 2691 3880 et
2732 3825 3058 3881 recondidit
3104 3825 3222 3880 illic
3269 3826 3546 3898 reliquias

110 3919 338 3976 indict.
389 3934 490 3987 v11,
537 3917 628 3974 die
674 3919 932 3974 secunda
969 3920 1192 3975 mensis
1240 3919 1420 3985 Junii,
1475 3923 1582 3974 hoc
1613 3925 1701 3975 est
1730 3937 1786 3974 ιν
1896 3935 2023 3989 quae
2055 3920 2111 3972 et
2139 3919 2310 3972 antea
2338 3914 2416 3969 ibi
2442 3915 2687 3969 fuerant.
2717 3915 2802 3969 Ab
2825 3914 2933 3970 hoc
2961 3914 3053 3970 die
3077 3920 3321 3987 egerunt
3350 3915 3548 3973 divina

111 4005 810 4072 Non.Junii,feriatertia
827 4008 1236 4064 sacratissimae
1254 4008 1632 4064 hebdomadas
1648 4009 1787 4063 Pen-
1895 4007 2087 4062 ofﬁcia
2115 4004 2174 4059 in
2207 4002 2544 4076 supradicta
2574 4002 2793 4074 capella
2823 4004 2880 4058 S.
2916 4002 3128 4058 Mariae.
3163 4004 3244 4059 Ad
3275 4003 3395 4058 haec
3414 4003 3547 4058 aedi-

110 4101 450 4155 tecostes...
1896 4095 2027 4150 ﬁcia
2055 4110 2374 4164 expensum
2407 4096 2498 4146 est
2527 4108 2700 4148 omne
2747 4109 2958 4148 aurum
2991 4093 3145 4164 quod
3177 4092 3548 4164 superfuerat

818 4187 845 4253 §
885 4186 1088 4241 XXIII.
1896 4182 2176 4256 emptioni
2208 4181 2404 4254 praedii
2437 4182 2590 4252 apud
2621 4181 3026 4238 Miminhusin.

187 4274 580 4347 Consumptis
609 4273 793 4347 igitur
815 4289 963 4346 pene
993 4275 1268 4331 omnibus
1300 4291 1427 4346 quae
1460 4274 1786 4346 antiquitus

1167 4426 1575 4514 INCIPIT
1639 4426 1978 4512 LIBER
2037 4423 2524 4512 SEXTUS.

1810 4597 1856 4660 D
1892 4594 2001 4648 sub
2034 4592 2244 4649 abbate
2265 4592 2550 4656 Conrado,
2580 4592 2638 4647 in
2660 4591 2857 4665 vigilia
2885 4592 3261 4648 Ascensionis
3291 4593 3546 4663 Domini,

1903 4681 2156 4737 locatum
2189 4685 2276 4736 est
2307 4681 2565 4754 primum
2590 4682 3037 4736 fundamentum
3062 4698 3216 4735 novre
3243 4685 3550 4738 structurae

904 4595 1012 4663 δι.

296 4683 408 4738 Sed
441 4687 499 4740 et
528 4689 686 4751 ante,
748 4681 856 4738 hoc
906 4687 1017 4751 est,
1070 4700 1224 4738 anno
1286 4683 1452 4738 Dom.
1501 4684 1787 4739 Incarnat.

110 4789 277 4831 κω
311 4772 714 4827 Herimannus
743 4771 1206 4828 Constantiensis
1231 4771 1540 4844 episcopus
1565 4773 1790 4827 dedica-

106 4864 201 4920 vit
234 4859 526 4934 capellam
559 4862 617 4917 S.
649 4861 893 4917 Joannis
936 4861 1207 4934 Baptistae
1241 4862 1301 4917 in
1331 4863 1679 4928 coemeterio,
1714 4881 1789 4917 v11

108 4949 253 5009 Kal.
283 4951 466 5006 Jan...

293 5029 295 5032 ⁴
563 5039 592 5104 §
629 5039 699 5093 ΙΙ.
733 5040 1068 5095 Instauratio
1099 5040 1361 5095 ecclesia.

190 5128 368 5182 Anno
390 5125 464 5181 ab
499 5130 792 5182 Incarnat.
818 5126 981 5183 Com.
1012 5145 1230 5194 meum,
1255 5128 1457 5182 indict.
1481 5146 1538 5193 x,
1561 5129 1652 5182 die
1673 5145 1788 5183 xvu

107 5215 372 5275 Kalend.
403 5215 592 5284 Junii,
626 5221 906 5289 regnante
938 5216 1228 5273 Friderico
1251 5216 1619 5290 imperatore,
1645 5234 1788 5289 prae-

107 5305 357 5364 sidente
377 5305 820 5362 Constantiensi
839 5305 1104 5362 Ecclesiae
1119 5305 1474 5362 Herimanno
1495 5307 1787 5378 episcopo,

1901 4770 2154 4827 ecclesiae
2185 4770 2442 4842 Gregorii
2478 4787 2641 4841 papa:
2692 4771 2748 4824 in
2799 4769 2924 4824 loco
2973 4769 3032 4822 S.
3069 4767 3393 4823 Gebehardi
3426 4771 3547 4840 epi-

1899 4861 2058 4932 scopi
2085 4860 2410 4914 fundatoris
2434 4859 2604 4929 primi
2630 4859 2893 4929 ejusdem
2913 4855 3187 4919 ecclesiae,
3211 4859 3267 4909 et
3292 4857 3548 4923 positum

1899 4954 1988 5005 est
2018 4950 2197 5004 limen
2227 4947 2381 5013 ostii,
2413 4947 2564 5015 quod
2598 4948 2782 5019 vergit
2813 4946 2870 5000 in
2921 4945 3267 5010 claustrum,
3302 4960 3369 4997 ex
3398 4945 3551 4998 occi-

1901 5037 2119 5093 dentali
2153 5040 2336 5108 parte,
2369 5033 2537 5088 tertio
2577 5052 2730 5090 anno
2781 5039 3094 5106 postquam
3124 5033 3429 5087 incensum
3462 5036 3554 5087 est

1900 5128 2049 5182 idem
2073 5121 2514 5178 monasterium.

1970 5216 2046 5270 Eo
2078 5219 2336 5282 tempore
2368 5210 2630 5264 Romana
2659 5208 2919 5264 Ecclesia
2945 5211 3224 5267 destituta
3253 5210 3376 5263 erat
3395 5209 3550 5260 certo

1898 5308 2139 5365 rectore,
2173 5299 2310 5372 quia
2361 5299 2476 5353 duo
2524 5315 2652 5352 eam
2705 5296 2814 5351 sibi
2867 5300 3257 5369 usurpabant,
3300 5297 3408 5351 hoc
3439 5296 3550 5358 est,

1900 5446 2053 5519 apud
2078 5443 2347 5519 rGerbert,
2385 5440 2526 5519 Hist.
2562 5440 2751 5512 Nigrae
2782 5438 2967 5503 Silva,
3000 5444 3042 5494 t.
3076 5441 3171 5505 IlI,
3205 5457 3260 5510 p.
3296 5437 3417 5491 148.

371 5445 754 5525 ᾼεεβηὴεξίῐη,
789 5448 1132 5525 ἰᾳοᾶρίῐυιο
1161 5446 1476 5525 Villingen.
1663 5520 1673 5525 Δ
1900 5446 2055 5525 apud
2076 5445 2347 5525 lGerber‘t,
2385 5445 2500 5525 His!

213 5448 325 5503 979
371 5448 754 5513 Assenheim,
789 5448 854 5511 in,
873 5448 1132 5521 capitulo
1161 5448 1475 5519 Villingen.
1900 5448 2053 5519 apud
2086 5448 2347 5506 Gerbert,
2385 5448 2526 5521 Hist.
2563 5448 2620 5494 Ν]

187 5448 458 5603 (9803953
492 5518 906 5603 Iioc‘incepdio
929 5526 985 5576 et
1007 5519 1344 5603 monasterii
1369 5520 1791 5603 restauration-e
1971 5518 2116 5589 (981)
2151 5517 2212 5569 In
2247 5514 2419 5584 Nigra
2448 5511 2620 5567 Silva.

212 5518 339 5578 980i
373 5520 458 5576 De
492 5518 608 5573 hoc
640 5519 906 5576 incendio
929 5518 985 5576 et
1007 5518 1791 5575 monasteriirestauratione

113 5589 237 5666 gait
267 5589 488 5651 notitia
523 5589 909 5656 dedicationis
941 5609 1100 5650 novae
1131 5590 1388 5647 basilica:
1432 5589 1790 5647 Petershusii
