3982 6216
437 385 557 456 375

1132 392 1529 462 APPENDIX
1573 395 1677 459 AD
1723 388 2168 461 CHRONICON
2212 389 2631 460 HERMANNI
2674 389 3137 459 CONTRACTI.

3725 385 3852 454 818

430 525 762 584 Alexander
815 530 870 582 et
921 526 1146 597 Victor;
1205 531 1520 601 imperator
1577 529 1805 586 favebat
1834 529 2071 596 Victori,
2104 530 2156 598 Α
2188 529 2446 595 recessit,
2464 532 2520 584 et
2538 527 2722 584 multa
2743 523 3851 600 monasteriainrﬁajou‘iapenagdns

434 615 761 676 Alexandro
787 614 1096 672 orientales
1127 618 1384 674 ecclesiae
1409 620 1574 690 (982).

1182 707 1211 774 §
1250 706 1344 762 ΙΙΙ.

505 797 616 846 Per
643 792 796 847 idem
828 795 1059 864 tempus
1089 794 1416 852 Fridericus
1455 796 1770 868 imperator
1799 795 2078 852 Mediola-

433 896 675 938 nensem
723 879 1015 936 civitatem
1063 883 1386 949 obsederat,
1439 886 1685 957 jamque
1741 886 1893 940 cives
1949 884 2078 954 ejus

433 985 648 1040 magna
667 968 754 1023 vis
778 969 948 1024 famis
970 971 1042 1025 ad
1064 971 1418 1027 deditionem
1444 977 1726 1044 coegerat.
1760 975 1952 1045 Itaque
1975 989 2079 1045 per

432 1058 586 1119 388
616 1057 794 1126 hujus
840 1058 1088 1114 civitatis
1136 1061 1446 1127 excidium,
1497 1062 1636 1132 quia
1681 1061 1832 1116 inter
1873 1077 2079 1117 omnes

429 1145 696 1206 civitates
729 1145 900 1201 Italiae
933 1148 1341 1217 potentissima
1371 1153 1515 1214 erat,
1547 1149 1756 1204 timore
1778 1153 2074 1220 correptis,

428 1250 632 1291 omnes
663 1234 922 1290 civitates
953 1252 1079 1307 quae
1103 1240 1272 1293 antea
1299 1242 1786 1309 repugnaverant,
1817 1237 2076 1293 infinitas

428 1323 708 1396 pecunias
739 1322 1072 1395 imperatori
1105 1341 1208 1395 pro
1238 1326 1426 1397 gratia
1455 1327 1581 1396 ejus
1604 1327 1961 1382 deferebant.
1996 1327 2075 1381 Ex

429 1411 522 1470 his
552 1427 689 1482 ergo
719 1415 775 1467 et
804 1428 872 1466 ex
894 1412 1023 1469 aliis
1051 1430 1198 1485 quas
1230 1419 1398 1470 antea
1420 1422 1475 1470 et
1497 1419 1696 1486 postea
1725 1431 2077 1486 quacunque

429 1499 762 1556 conditione
779 1501 1150 1571 acquisierat,
1171 1501 1512 1558 deliberavit
1531 1503 1791 1559 decimas
1813 1503 1937 1558 dari
1960 1520 2076 1559 mo-

430 1587 702 1644 nasteriis
733 1587 791 1642 in
838 1588 1268 1661 eleemosynam
1317 1594 1436 1646 tam
1486 1607 1587 1661 per
1635 1590 1862 1646 Italiam
1895 1607 2073 1662 quam

427 1677 869 1734 Theutonicam.
906 1677 1021 1735 Hac
1051 1678 1122 1734 de
1152 1696 1325 1734 causa
1355 1679 1531 1734 etiam
1554 1679 1722 1735 nobis
1744 1685 1880 1734 tunc
1903 1680 2074 1751 quin-

430 1781 542 1837 que
565 1782 792 1822 marcas
813 1766 1039 1823 direxit.
1072 1767 1292 1823 Dehinc
1315 1767 1598 1839 paulatim
1626 1769 1696 1823 de
1723 1769 1814 1824 die
1836 1769 1894 1822 in
1918 1768 2074 1824 diem

425 1853 729 1910 basilicam
759 1859 814 1908 S.
844 1854 1104 1927 Gregorii
1127 1857 1475 1912 exstruendo
1497 1858 1865 1924 reformatur,
1889 1856 2072 1913 Wezi-

427 1943 578 1998 done
608 1943 861 2014 quodam
892 1944 963 1998 de
992 1944 1328 2002 Constantia
1357 1962 1426 2000 ex
1457 1945 1665 2001 clerico
1688 1946 1912 2017 Opiﬁce.

498 2031 604 2087 Per
633 2031 789 2087 idem
821 2035 1054 2103 tempus
1086 2033 1410 2088 resolutum
1443 2040 1532 2090 est
1557 2034 1896 2106 praediolum
1919 2035 2073 2106 apud

425 2119 900 2192 Liutprehtisruti
923 2122 1070 2192 (983)
1092 2140 1191 2177 sex
1211 2122 1467 2186 talentis,
1491 2124 1644 2193 quod
1670 2123 1909 2178 dederat
1932 2123 2078 2177 Ruc-

423 2209 662 2281 digerus
694 2226 829 2266 cum
853 2226 1033 2264 manu
1055 2210 1159 2264 filii
1181 2211 1272 2266 sui
1297 2209 1635 2281 Egilwardi,
1661 2214 1717 2266 et
1737 2209 1961 2265 domini
1983 2210 2073 2264 sui

424 2297 669 2356 Conradi
701 2297 962 2354 advocati
994 2299 1065 2353 de
1093 2299 1307 2354 Sancto
1339 2303 1558 2354 monte.

1175 2389 1202 2454 §
1239 2389 1332 2441 ιν.

497 2474 713 2529 Eodem
736 2489 908 2539 anno,
931 2473 1041 2530 hoc
1061 2479 1150 2530 est
1172 2491 1386 2540 meum,
1414 2475 1729 2544 imperator
1749 2473 2075 2530 Fridericus

426 2562 660 2618 rediens
690 2562 760 2617 de
789 2561 1169 2618 subversione
1200 2561 1648 2618 Mediolanensis
1681 2562 1955 2629 civitatis,
1976 2563 2075 2618 ha-

422 2649 553 2706 buit
582 2648 940 2720 colloquium
974 2651 1126 2721 apud
1168 2650 1460 2705 civitatem
1495 2668 1622 2723 quae
1665 2657 1902 2706 vocatur
1930 2652 2076 2708 Tula

422 2739 595 2810 (984),
613 2738 755 2794 item
778 2737 936 2794 aliud
959 2738 1158 2804 Ulmaa,
1184 2739 1421 2794 tertium
1447 2757 1680 2812 quoque
1702 2741 2069 2798 Constantius.

423 2829 707 2898 Tuncque
730 2827 942 2883 iterum
966 2828 1318 2888 nobisdedit
1342 2829 1598 2900 quinque
1623 2829 1802 2885 libras
1824 2831 2071 2902 argenti.

423 2913 582 2972 Alias
614 2931 847 2986 quoque
876 2915 1136 2986 quinque
1166 2917 1327 2971 dedit
1349 2917 1518 2972 nobis
1539 2917 1844 2974 Heinricus
1865 2919 1983 2974 dux
2001 2919 2073 2974 de

429 3003 698 3070 Saxonia,
731 3004 831 3074 qui
861 3008 919 3058 et
945 3008 1086 3059 tunc
1106 3021 1167 3060 se
1189 3006 1482 3077 separavit
1502 3006 1574 3061 ab
1598 3024 1773 3062 uxore
1795 3024 1920 3062 sua.
1943 3009 2072 3079 Ipso

432 3107 585 3148 anno
616 3091 776 3148 dedit
806 3093 972 3150 nobis
1002 3094 1308 3150 Heinricus
1339 3095 1410 3150 de
1439 3095 1698 3151 Niwiron
1731 3096 2072 3167 praediolum

435 3181 588 3253 quod
619 3180 826 3238 habuit
851 3183 1007 3254 apud
1035 3185 1257 3239 Moss...

1185 3273 1213 3338 §
1256 3270 1318 3326 V.

592 3358 894 3412 Conradus
953 3359 1133 3413 abbas
1192 3359 1430 3415 fratrem
1479 3377 1654 3416 suum
1695 3361 1766 3416 de
1797 3361 2066 3418 Vrisberc

419 3445 568 3516 (985)
600 3447 984 3512 subtraxerat,
1020 3447 1114 3502 ubi
1146 3447 1420 3518 primitus
1447 3449 1715 3504 habitum
1746 3455 2066 3508 commuta-

415 3539 594 3602 verat,
627 3539 682 3590 et
711 3536 784 3591 ob
810 3535 932 3592 haec
960 3539 1134 3608 atque
1182 3542 1417 3609 propter
1445 3537 1590 3594 alias
1630 3555 1810 3594 noxas
1841 3541 2061 3610 ejectus

414 3627 504 3678 est
532 3624 604 3679 de
635 3624 916 3696 prioratu,
950 3641 1016 3680 ac
1053 3642 1185 3681 eum
1234 3631 1433 3697 postea
1483 3628 1668 3684 factus
1699 3633 1853 3685 esset
1879 3629 2061 3686 abbas

410 3712 566 3783 apud
600 3712 965 3780 Fischinum,
997 3718 1132 3785 post
1175 3715 1329 3771 889
1379 3715 1677 3771 modicum
1721 3717 1896 3774 etiam
1925 3719 2060 3774 inde

2185 622 2292 684 est,
2317 634 2382 673 ac
2405 622 2696 689 postremo
2715 619 2869 690 apud
2893 617 3253 691 Brigantium
3277 617 3460 674 abbas
3480 615 3851 673 constitutus

2187 710 2340 763 est...

2933 812 2962 884 §
2991 812 3085 868 v1.

2256 931 2580 999 Antequam
2604 929 2790 984 factus
2811 932 2965 983 esset
2985 927 3284 984 Conradus
3303 927 3504 996 abbas,
3527 944 3714 984 manu
3741 943 3852 984 sua

2187 1016 2422 1088 scripsit
2439 1017 2796 1072 Hexameron
2819 1015 3134 1082 Ambrosii,
3159 1021 3332 1088 atque
3355 1033 3496 1072 auro
3520 1021 3578 1071 et
3599 1021 3852 1090 argento

2186 1105 2412 1177 operuit
2443 1104 2749 1160 brachium
2807 1108 2862 1159 S.
2919 1104 3172 1176 Philippi
3205 1104 3475 1176 apostoli.
3511 1105 3849 1178 Postquam

2183 1199 2378 1248 autem
2409 1193 2596 1248 factus
2627 1198 2716 1248 est
2736 1193 2938 1261 abbas,
2962 1192 3148 1248 multa
3180 1193 3456 1265 praeclara
3480 1210 3661 1265 opera
3684 1193 3852 1262 fecit,

2184 1298 2311 1354 quae
2342 1287 2538 1337 tamen
2567 1281 2720 1353 ignis
2743 1282 3126 1352 consumpsit.
3162 1283 3371 1338 Postea
3394 1286 3592 1338 tamen
3628 1282 3854 1343 institit

2185 1370 2685 1442 quantumLpotuit
2730 1387 2832 1442 pro
2879 1371 3279 1426 restaurandis
3329 1371 3593 1425 aedificiis
3625 1366 3852 1427 et'aliis

2187 1459 2553 1514 utensilibus.
2585 1457 2796 1530 Aliqua
2824 1475 3057 1531 quoque
3078 1458 3350 1530 praediola
3374 1459 3531 1530 apud
3562 1459 3849 1516 Niuheim

2185 1564 2217 1602 a
2247 1547 2469 1602 libertis
2509 1546 2835 1601 tributariis
2896 1547 3276 1618 comparavit,
3335 1564 3402 1606 ex
3461 1547 3681 1621 quibus
3721 1554 3850 1606 tam

2186 1651 2359 1690 suum
2392 1651 2569 1707 quam
2600 1635 3045 1707 przedecessoris
3075 1634 3168 1690 sui
3207 1635 3555 1692 Theoderici
3585 1637 3852 1706 abbatis,

2184 1723 2274 1780 sui
2309 1723 2535 1795 nepotis
2583 1723 2752 1794 (986),
2801 1723 3264 1780 anniversarium
3309 1723 3590 1782 celebrari
3624 1725 3849 1786 consti-

2184 1811 2298 1866 tuit
2322 1829 2334 1867 :
2359 1811 2492 1868 etin
2517 1828 2622 1866 suo
2645 1811 2882 1883 quidem
2916 1811 3338 1882 anniversario,
3360 1813 3460 1885 qui
3485 1820 3646 1874 est...
3669 1812 3846 1886 (987),

2106 1902 2154 1966 Β
2181 1901 2380 1955 decem
2413 1899 2650 1966 solidos,
2685 1899 2742 1953 in
2775 1900 3001 1971 nepotis
3031 1916 3165 1958 vero
3199 1900 3290 1958 sui
3324 1905 3454 1960 tres
3489 1901 3718 1962 solidos
3749 1918 3845 1957 ex-

2186 1990 2355 2062 pendi
2390 1989 2661 2045 decrevit.
2695 1989 2814 2048 Sub
2864 1991 2993 2061 ejus
3043 1993 3306 2062 tempore
3336 1993 3394 2047 et
3422 1989 3641 2044 auxilio
3674 2006 3843 2050 reno-

2183 2085 2324 2134 vata:
2351 2083 2490 2133 sunt
2517 2077 2771 2133 ecclesiae
2795 2081 2851 2133 et
2871 2078 3171 2146 dedicata,
3195 2082 3251 2138 et
3271 2078 3524 2134 oratoria
3551 2078 3848 2135 aedificata

2184 2167 2337 2240 apud
2370 2166 2727 2239 Eychstettin
2750 2170 2807 2222 et
2831 2167 2984 2238 apud
3007 2167 3326 2239 Epﬁndorf,
3351 2166 3497 2240 apud
3521 2167 3846 2224 Obirwan-

2183 2254 2282 2327 gin
2314 2271 2544 2326 quoque
2575 2258 2631 2309 et
2655 2255 2809 2326 apud
2842 2254 3250 2320 Miminhusin,
3283 2255 3384 2311 sed
3419 2259 3474 2309 et
3502 2255 3656 2327 apud
3683 2255 3847 2311 Neu-

2183 2343 2338 2398 heim
2371 2346 2427 2398 et
2455 2344 2609 2414 apud
2651 2343 2918 2398 Rinhart.
2972 2343 3098 2399 Duo
3148 2360 3381 2416 quoque
3430 2342 3740 2400 thuribula
3769 2345 3844 2400 de

2182 2431 2515 2487 aurichalco
2547 2436 2604 2486 et
2633 2431 2859 2504 aliquos
2890 2432 3142 2499 codices,
3181 2433 3283 2488 sed
3327 2436 3383 2486 et
3432 2431 3750 2489 aediculam
3783 2433 3842 2489 in

2183 2520 2519 2576 novissimis
2549 2521 2620 2574 ad
2654 2521 3019 2592 reponendos
3051 2519 3234 2576 libros
3266 2519 3535 2593 patravit.

2911 2635 2940 2708 §
2981 2637 3103 2692 vn.

2249 2744 2414 2797 Auno
2446 2741 2625 2813 igitur
2653 2742 2724 2796 ab
2760 2742 3044 2798 lncarnat.
3066 2743 3232 2797 Dom.
3258 2758 3492 2810 ucnxxv,
3520 2759 3730 2801 mense
3748 2745 3844 2801 Ju-

2180 2831 2298 2898 nio,
2333 2831 2504 2901 cmpit
2532 2831 2714 2886 abbas
2745 2829 3045 2885 Conradus
3095 2830 3400 2896 infirmari,
3457 2836 3517 2886 et
3564 2848 3705 2888 cum
3737 2849 3846 2890 neu

2181 2919 2447 2974 adhibita
2473 2919 2782 2986 medicina,
2809 2936 2912 2975 nec
2929 2918 3125 2990 aliqua
3141 2920 3386 2976 causaei
3414 2919 3846 2994 adhibitapos-

2183 3012 2271 3064 set
2292 3008 2590 3080 proﬁcere,
2603 3014 2660 3063 et
2671 3010 2791 3079 jam
2793 3010 3060 3079 jamque,
3079 3007 3345 3080 quamvis
3367 3009 3611 3079 invitus,
3631 3011 3845 3084 scapis

2184 3102 2271 3153 set
2291 3097 2616 3168 desperare,
2632 3096 2792 3152 dedit
2811 3097 2980 3152 nobis
3002 3113 3180 3152 unam
3199 3097 3419 3153 stolam;
3433 3098 3582 3154 satis
3600 3099 3844 3172 bonam,

2183 3189 2240 3240 et
2260 3185 2505 3241 redemit
2524 3201 2707 3240 unum
2728 3190 3098 3257 geminatum.
3115 3190 3173 3242 et
3193 3187 3545 3244 deauratum

1997 3275 2008 3284 ’
2103 3268 2146 3334 C
2184 3290 2358 3345 quem
2372 3273 2510 3329 olim
2523 3265 2877 3329 vendiderat.
2893 3274 3836 3350 AdvooavitauoquespiscOpmn,

2173 3363 2269 3418 cui
2301 3361 2606 3418 familiaris
2639 3362 2845 3430 fuerat,
2889 3367 2948 3418 et
2993 3361 3140 3418 alios
3169 3365 3840 3436 quosqueoptimosaot

2173 3469 2309 3507 cum
2340 3453 2448 3518 eis,
2480 3457 2544 3506 ut
2573 3452 2762 3518 credo,
2795 3467 3035 3507 causam
3082 3468 3248 3508 suam
3293 3455 3854 3513 accuratelocntus

2171 3544 2259 3596 est
2275 3559 2288 3607 ;
2305 3545 2364 3595 et
2376 3539 2647 3612 migravit
2663 3557 2816 3595 anno
2832 3539 3224 3596 ordinationis
3242 3541 3834 3616 tricesimo-septimo,

2169 3629 2262 3685 die
2291 3647 2348 3685 IV
2381 3628 2503 3684 Kal.
2537 3627 2699 3698 Julii,
2732 3633 2791 3684 et
2820 3629 2947 3699 ipso
2977 3628 3073 3684 die
3104 3629 3424 3686 honoriﬁce
3449 3632 3728 3704 sepultus
3743 3640 3854 3692 est-

2159 3719 2332 3789 juxta
2358 3718 2575 3774 ostium
2609 3716 2866 3778 basilica
2894 3717 2954 3774 in
2987 3717 3316 3775 claustro...
3358 3720 3538 3791 (988).

1397 3840 1806 3946 INCIPIT
1869 3847 2179 3940 LIBER
2243 3843 2830 3932 SEPTIMUS.

1193 3967 1286 4021 il.

1178 3971 1206 4034 ξ
1247 3971 1286 4021 ι.

476 4053 630 4112 390
659 4053 822 4109 Anno
855 4055 925 4110 ab
977 4054 1383 4110 lncarnatione
1435 4055 1667 4112 Domini
1699 4073 1928 4124 MCLXIV,
1963 4057 2056 4112 die

403 4139 726 4207 Dominico,
759 4141 816 4196 id
847 4146 937 4197 est
969 4142 1031 4197 Μ
1065 4142 1188 4199 Kal.
1239 4144 1392 4198 Junii
1442 4145 1612 4215 (989),
1661 4151 2056 4202 convenerunt

403 4347 454 4385 c-
475 4261 782 4404 ($322333.
819 4264 1139 4321 Radevicus
1161 4267 1232 4321 de
1253 4266 1435 4336 gestis
1459 4266 1732 4322 Friderici
1754 4268 1896 4341 imp.
1923 4269 1964 4323 Ι.
1988 4286 2050 4336 ιι,

473 4401 624 4481 (983)
655 4401 1166 4481 L’ipperatsreuthe
1191 4406 1250 4459 in
1282 4405 1539 4481 capitulo
1564 4405 1858 4481 Lintzgeu,
1883 4427 1916 4464 a
1935 4427 2049 4481 quo

401 4469 526 4525 loco
558 4473 697 4527 adeo
725 4469 938 4530 nobilis
971 4476 1192 4530 familia
1229 4469 1439 4530 nomen
1492 4469 1770 4532 habuisse
1800 4469 2046 4536 videtur.

473 4541 621 4618 (984)
653 4545 820 4618 Teste
852 4547 1060 4601 Ottone
1095 4546 1476 4618 Frisingensi,
1509 4547 1549 4600 Ι.
1585 4565 1645 4606 ιι.
1669 4565 1718 4602 c.
1742 4551 1832 4618 26,
1857 4551 2048 4606 Fride~

2165 3969 2373 4024 fratres
2403 3967 2815 4034 communiter,
2839 3971 2897 4022 et
2913 3965 3098 4023 libera
3119 3965 3420 4034 electione,
3445 3966 3612 4026 nullo
3637 3967 3832 4030 alieno

2162 4055 2220 4110 in
2231 4060 2570 4122 teressente,
2590 4055 2894 4127 elegerunt
2907 4055 3317 4112 Gebehardum
3331 4055 3524 4112 virum
3541 4057 3834 4122 idoneum

2163 4149 2220 4199 et
2246 4143 2841 4215 irreprehensibilem,
2866 4148 2922 4198 et
2943 4144 3379 4200 constituerunt
3399 4145 3518 4200 sibi
3545 4147 3830 4220 (abbatem

2160 4268 2285 4324 erui
2309 4267 2547 4343 nequit;
2582 4268 2646 4343 in
2668 4272 2873 4343 neutro
2905 4268 3073 4343 enim
3093 4267 3358 4324 cmnobio
3390 4267 3486 4323 hic
3517 4271 3826 4343 assignato

2161 4339 2539 4412 cognomines
2561 4341 2802 4395 abbates
2821 4340 2978 4412 circa
2991 4339 3118 4412 haec
3137 4339 3823 4412 temporareperiuhtur.

2232 4409 2381 4483 (986)
2413 4411 2489 4483 De
2512 4410 2619 4464 hac
2641 4410 3146 4483 consanguinitate
3169 4409 3405 4466 aliunde
3423 4409 3540 4466 non
3565 4419 3822 4471 constat.

2161 4481 2517 4558 Theoderico
2541 4486 2764 4558 patrem
2789 4481 2971 4558 fuisse
2987 4483 3287 4558 (lunonem
3311 4483 3614 4558 comitem,
3639 4501 3824 4558 supra

2159 4552 2372 4627 lib._m,
2405 4555 2516 4627 §7_4.
2537 4553 3108 4627 vidimy_s,ince_rtum
3133 4554 3302 4623 cujus
3325 4552 3584 4627 familiae,
3611 4552 3822 4627 quam-

399 4611 558 4701 r‘icgus
585 4613 727 4694 imp.
761 4617 1228 4701 ab‘eapeditri‘one
1261 4611 1458 4696 Italica
1485 4633 1586 4701 per
1618 4611 1959 4701 Tridentum
1987 4627 2047 4701 et
2081 4615 2123 4676 D
2154 4625 2239 4701 vis
2272 4611 2583 4678 BuceJlinus
2616 4623 2672 4701 in
2703 4611 2972 4701 Chronol.
2997 4611 3297 4701 Constant.
3323 4625 3392 4701 ad
3419 4641 3514 4679 an.
3548 4611 3684 4681 1’1ί1
3706 4611 3823 4701 ’Κίν-

397 4681 720 4763 ξεὶοωτίαῄι
753 4681 1022 4743 rediit'in
1075 4681 1500 4763 Germaniam;
1523 4693 1587 4740 ut
1636 4690 1776 4743 adeo
1807 4691 1953 4745 Tula
1987 4693 2043 4747 in

397 4752 514 4808 illis
537 4757 801 4827 partibus
825 4759 1136 4827 quarenda
1153 4757 1248 4810 sit.
1266 4755 1720 4814 Videturautem
1742 4777 1869 4816 esse
1891 4763 2042 4817 Tuln

395 4839 496 4908 seu
541 4827 726 4908 Tulna
770 4827 1068 4908 inferioris
1121 4827 1368 4908 Austriac
1399 4829 1833 4908 oppidum,u_bi
1867 4835 2042 4908 etiam

394 4893 527 4951 Otto
561 4897 607 4952 II
640 4915 734 4954 an.
767 4902 872 4954 983
901 4902 1250 4953 conventum
1275 4893 1698 4956 habuit'.Juxta
1715 4903 2037 4960 Chronicon

393 4963 800 5052 prspengense
857 4974 914 5049 et
968 4967 1371 5052 “fingartese
1427 4968 1613 5052 (Hass.
1660 4973 2034 5052 quGuelpfi.

393 5051 454 5104 p.‘
485 5037 573 5105 49)
624 5037 982 5120 colloquium
1026 5037 1467 5118 constantiense
1511 5041 1664 5124 circa
1713 5037 1950 5100 festum.
1977 5048 2034 5102 S.

392 5103 702 5179 Clementis
731 5111 802 5162 23
832 5107 967 5179 Nov.
1000 5108 1110 5179 fuit
1138 5107 1426 5179 habitum,
1459 5112 1557 5166 ubi
1589 5114 1804 5170 factum
1832 5122 1922 5172 est
1949 5119 2035 5172 di-

391 5177 642 5258 vonr‘tium
678 5178 906 5258 lienrjci
945 5177 1164 5258 Leonis,
1184 5177 1450 5258 _Bavari_te
1478 5189 1537 5258 et
1563 5187 1820 5258 Saxoniae
1843 5188 2032 5258 ducis,

393 5259 426 5297 a
444 5245 781 5322 Clementia,
800 5248 1048 5322 Conradi
1071 5249 1439 5322 Zaringensis
1460 5255 1625 5312 ducis
1647 5258 1786 5322 ﬁlia,
1811 5259 1881 5314 ob
1905 5245 2035 5315 san1

392 5315 1138 5437 gzéniiiszpropinquitatem
1189 5315 1404 5395 (Οἷίίρίη
1461 5324 1677 5397 Guelﬁc.
1738 5315 1881 5384 tom.
1933 5331 2030 5396 III,

394 5386 877 5543 ῗῖιᾷδξὲῗῆίᾱθΐυιζ
903 5459 996 5543 hic
1034 5461 1288 5543 indicari
1324 5467 1651 5543 coenobium
1688 5470 2032 5543 Friensperg

392 5527 750 5604 seua-ureret
780 5530 902 5604 ard.
936 5531 1190 5599 Cisterr.,
1227 5536 1280 5588 in
1315 5536 1530 5593 ditione
1560 5539 1830 5595 Bernensi
1865 5527 2026 5598 (δαίῖ

623 5602 770 5683 ιοωό
799 5599 1022 5683 V_,‘pa_g.
1055 5591 1217 5670 938):
1254 5623 1367 5675 quo
1391 5591 1522 5663 vero
1548 5591 2030 5683 po’r’rjiie‘éxéﬁér'ii

390 5667 500 5722 iste
529 5667 772 5725 Conradi
799 5667 1025 5730 abbatis
1056 5667 1390 5746 germanus,
1425 5695 1493 5734 ex
1523 5681 1620 5734 cit.
1645 5681 1792 5737 Gall.
1817 5667 2025 5740 Christ.

2153 4695 2815 4767 burgensem‘assignet.
2859 4697 3105 4750 Conradi
3131 4695 3384 4767 (abbatis
3432 4702 3604 4767 pater
3633 4695 3820 4756 Hesso

2152 4771 2394 4821 vocatur
2418 4765 2482 4819 in
2512 4765 2848 4837 Necrologio
2877 4767 2938 4821 24
2979 4765 3166 4837 April.

2223 4838 2370 4909 (987)
2390 4838 2468 4891 Ex
2490 4837 2717 4909 omisso
2731 4836 2827 4892 hic
2843 4836 3366 4909 obitus’die,supra
3381 4836 3450 4891 in
3470 4839 3834 4909 prmfa'tions:

2152 4908 2496 4978 scriptorem
2525 4912 2659 4962 ante
2689 4907 3020 4968 Conradum
3049 4909 3165 4966 vita
3195 4907 3818 4978 functum'conjectati

2149 4995 2377 5059 sumus.
2413 4978 3013 5059 Supplendusautem
3046 4979 3139 5059 hic
3169 4978 3412 5059 est_dies
3440 4997 3494 5059 iv
3518 4978 3645 5037 Kal.
3670 4983 3815 5053 JuL,

2147 5055 2337 5126 prout
2351 5050 2678 5126 mpxinfra,
2709 5050 2848 5126 etin
2881 5050 3706 5126 Necrologioﬂetershusano.

2217 5120 2365 5198 (988)
2400 5120 3030 5198 Exindecorrigepdus
3072 5120 3161 5198 est
3189 5121 3476 5198 abbatum
3509 5124 3815 5198 catalogus

2145 5191 2300 5266 apud
2327 5191 2703 5266 Bruschium,
2726 5193 2826 5263 qui
2851 5193 3230 5250 Gebhardum
3253 5195 3376 5266 jam
3409 5210 3508 5249 an.
3535 5196 3684 5252 4059
3705 5191 3813 5254 Eh-

2145 5261 2340 5316 batem
2374 5263 2598 5318 statuit.

2213 5332 2362 5405 (989)
2395 5337 2526 5405 Haec
2555 5333 2838 5405 temporis
2868 5339 3004 5389 nota
3035 5333 3202 5403 fallit,
3230 5349 3420 5405 neque
3468 5337 3634 5394 enim
3686 5339 3809 5396 dies

2141 5402 2211 5483 18
2230 5403 2367 5483 Jun:
2402 5402 2855 5483 inDominicam
2905 5405 3200 5483 incidebat
3248 5402 3356 5460 hoc
3402 5423 3585 5483 anno,
3618 5425 3808 5483 neque

2141 5474 2365 5556 Conrad
2377 5493 2442 5529 us
2464 5479 2588 5556 tum
2607 5477 2727 5556 jam
2752 5477 2998 5556 obierat.
3024 5476 3192 5540 Unde,
3211 5478 3551 5556 ponendum
3569 5474 3811 5556 'videtur

2141 5561 2202 5598 IlI
2237 5545 2379 5598 Non.
2417 5563 2516 5599 seu
2547 5549 2582 5600 5
2613 5547 2735 5603 dies
2766 5547 2925 5616 Julii,
2964 5565 3089 5616 qua:
3123 5545 3295 5602 unica
3335 5547 3449 5602 fuit
3501 5550 3807 5612 Dominica

2142 5565 2202 5598 Ill
2237 5565 2379 5598 non.
2417 5565 2516 5599 seu
2547 5565 2582 5600 ξ)
2613 5565 2735 5603 (nos
2766 5565 2925 5616 dum,
3006 5565 3089 5602 ua:
3123 5565 3295 5602 unica
3335 5565 3449 5602 Iun
3501 5565 3803 5612 uommxca

2139 5632 2172 5668 a
2195 5621 2376 5690 morte
2404 5617 2649 5690 Conradi
2702 5636 2886 5690 usque
2937 5565 3005 5674 agi
3039 5637 3093 5684 xi
3125 5617 3287 5687 Julii,
3342 5635 3461 5690 qua
3493 5624 3803 5684 ordinatus

2138 5690 2228 5742 est
2257 5686 2659 5744 Gebehardus.
