3982 6216
208 389 329 462 Μ

1093 389 1542 458 CHRONI‘CON
1581 388 2298 459 PETERSHUSANUM.
2330 427 2407 443 —
2438 394 2585 460 LIB.
2629 394 2762 462 VII.

3508 394 3627 460 8'78

215 525 576 590 mouisset
592 523 1092 602 regulariteronm
1119 543 1333 601 magna
1386 527 1674 584 libertate.
1739 526 1873 599 Epi-
1903 526 1959 592 Α
1988 542 2055 582 ex
2081 529 2305 601 integro
2329 531 2625 604 reciperet.
2659 532 2787 589 Haec
2819 531 3016 588 omnia
3046 531 3251 589 tandiu
3284 532 3625 606 importuna

219 636 691 694 soopasquoque
716 618 1415 675 Heremannusordinavit
1435 633 1716 673 eumeum
1742 634 1870 672 ma-

223 711 380 769 ximo
400 711 622 767 honore
645 709 706 764 in
720 707 1123 764 Translatione
1145 707 1526 774 S.Benodicti’,
1543 706 1872 763 astantibus

224 804 282 857 et
311 798 638 856 faventibus
668 814 805 853 cum
837 796 996 852 omni
1022 795 1320 852 alacritate
1378 795 1651 851 omnibus
1698 812 1870 850 cano-

220 889 372 946 nicis
391 889 698 944 Constant.
729 885 986 942 ecclesias
1013 902 1145 940 cum
1179 884 1366 940 multa
1397 884 1596 956 plebe.
1632 885 1871 939 Factum

219 983 314 1034 est
333 994 469 1050 ergo
492 992 774 1048 magnum
797 975 1102 1046 gaudium,
1125 975 1252 1029 laus
1276 978 1332 1028 et
1349 973 1673 1046 tripudium
1691 973 1747 1027 in
1770 972 1874 1028 illa

224 1067 323 1122 die
352 1067 423 1121 de
449 1065 548 1120 tali
580 1081 873 1120 consensu
905 1063 1174 1128 fratrum,
1210 1061 1349 1134 quia
1379 1078 1445 1116 eo
1503 1066 1763 1133 tempore
1813 1060 1869 1114 in

231 1155 370 1213 aliis
399 1153 764 1210 monasteriis
796 1169 1010 1224 magna
1031 1151 1374 1223 disceptatio
1405 1150 1875 1222 interplernsque

233 1243 615 1301 versabatur:
649 1248 705 1296 et
732 1241 860 1296 ideo
893 1256 1247 1313 magnopere
1279 1239 1448 1294 nobis
1507 1239 1872 1310 congratula-

232 1333 470 1396 bantur,
505 1330 656 1403 quod
686 1329 1146 1384 nullus‘omnino
1164 1345 1232 1384 ex
1253 1327 1420 1383 nobis
1435 1344 1539 1382 nec
1563 1329 1748 1398 major
1769 1344 1873 1383 nec

231 1421 430 1477 minor
457 1437 490 1474 a
519 1419 740 1475 caeteris
765 1417 1159 1490 discrepabat.

1007 1532 1110 1601 §Il

296 1643 467 1698 Anno
489 1642 560 1696 ab
593 1641 880 1696 incarnat.
903 1640 1072 1696 Dom.
1094 1656 1312 1695 unum
1344 1639 1689 1709 Rudulphus
1747 1655 1875 1694 mo-

224 1731 456 1788 nachus
479 1734 681 1786 noster
695 1729 998 1801 presbyter
1027 1745 1100 1784 ex
1123 1727 1434 1783 collatione
1464 1727 1723 1782 ﬁdelium
1769 1745 1875 1783 suo

225 1825 438 1893 rogatu
471 1817 908 1890 aliquantulum
941 1817 1197 1888 pecuniae
1229 1817 1299 1871 ad
1359 1833 1506 1888 Opus
1537 1815 1874 1872 monasterii

224 1907 499 1974 contulit,
534 1913 596 1964 et
617 1907 800 1963 etiam.
817 1905 1118 1961 brachium
1143 1906 1320 1961 unius
1343 1905 1548 1960 militis
1569 1922 1636 1960 ex
1658 1904 1879 1975 legione
1910 1893 1956 1960 Β

224 1999 617 2056 Thebaeorum
644 1999 988 2067 martyrum,
1011 1994 1303 2050 sociorum
1338 1999 1394 2049 S.
1426 1995 1700 2061 Mauritii,
1735 2009 1876 2049 auro

229 2093 288 2143 et
307 2090 552 2157 argento
574 2089 750 2156 atque
765 2083 1062 2155 lapidibus
1082 2083 1518 2140 decoravit.Hoc
1536 2083 1728 2154 itaque
1751 2083 1878 2138 bra-

226 2175 431 2232 chium
455 2171 707 2229 contulit
736 2172 1086 2228 manasterio
1119 2177 1318 2227 nostro
1349 2173 1754 2227 Heremannus
1781 2188 1876 2226 se-

229 2263 364 2319 nior
384 2261 806 2334 deHirzisegge
823 2260 990 2332 (990),
1024 2261 1178 2332 quod
1214 2261 1453 2332 quidem
1505 2261 1628 2332 ipse
1677 2260 1877 2332 acqui-

237 2350 726 2423 sierataquodam
751 2348 1059 2421 praeposito
1084 2354 1222 2403 noto
1245 2348 1353 2403 sibi
1368 2347 1876 2419 Agaunensisloci,

240 2441 478 2512 quando
501 2439 621 2511 ipse
652 2439 722 2494 de
747 2438 910 2492 Italia
939 2453 1186 2509 pergens
1209 2437 1480 2492 eumdem
1514 2436 1708 2492 locum
1759 2453 1882 2509 per-

239 2527 530 2585 tmnsivit.
565 2527 754 2583 ladem
787 2525 1133 2598 Rudolphus
1162 2529 1304 2580 tunc
1325 2525 1604 2597 temporis
1635 2527 1882 2582 redemit

233 2616 420 2673 etiam
439 2614 672 2671 calicem
705 2617 950 2681 bonum,
983 2629 1159 2686 quem
1186 2615 1485 2669 Conradus
1539 2615 1720 2670 abbas
1753 2616 1880 2687 jam

229 2705 462 2762 dudum
491 2704 853 2760 vendiderat.

299 2797 472 2850 Anno
503 2810 712 2849 MCLXIV
743 2792 1045 2848 Conradus
1077 2792 1258 2848 abbas
1317 2791 1648 2848 melioravit
1697 2797 1881 2850 rotam

227 2884 291 2940 S.
315 2882 602 2955 Gregorii,
630 2887 687 2937 et
717 2881 851 2936 Otto
880 2881 1178 2953 presbyter
1208 2881 1514 2937 brachium
1537 2881 1595 2935 S.
1629 2881 1881 2954 Philippi

225 2971 507 3046 apostoli,
531 2971 630 3026 ubi
663 2970 1025 3026 confractum
1053 2970 1260 3037 fuerat,
1295 2970 1661 3025 instauravit.

985 3085 1130 3152 §III.

298 3197 416 3253 Nec
445 3195 637 3250 adhuc
667 3193 738 3248 de
771 3192 1051 3248 memoria
1097 3192 1291 3248 dilecti
1343 3193 1573 3248 abbatis
1629 3195 1878 3250 Conradi

1981 618 2706 676 exactioneetmultimoda
2737 621 3122 694 promissione
3164 622 3371 695 exegit,
3407 637 3625 694 quous-

1981 723 2093 778 que
2123 709 2530 779 supradictum
2563 711 2830 766 abbatem
2854 711 2963 767 sibi
2992 716 3047 766 et
3069 713 3274 766 fratres
3297 711 3627 766 consentire

1981 797 2295 868 persuasit,
2330 803 2387 853 et
2417 799 2615 854 decem
2648 800 2885 871 quidem
2948 799 3168 854 talenta
3227 815 3288 854 se
3345 799 3622 854 daturum

1981 887 2313 956 spopondit,
2365 903 2682 958 eorumque
2713 887 2974 960 aliquam
3026 893 3250 960 partem
3308 887 3489 956 dedit,
3526 887 3628 943 ali-

1981 989 2157 1044 quam
2190 992 2322 1029 vero
2354 976 2544 1031 adhuc
2575 977 2830 1040 retinuit,
2857 978 3284 1048 possessionem
3305 992 3437 1031 vero
3471 976 3625 1048 apud

1981 1062 2424 1133 Rinisgimunde
2446 1066 2554 1120 sibi
2590 1065 2922 1136 contiguam
2958 1066 3012 1118 in
3047 1083 3215 1120 suam
3278 1070 3624 1136 potestatem

1981 1154 2484 1225 coutraxit.Super
2514 1154 2605 1208 his
2637 1155 2910 1208 omnibus
2941 1171 3076 1224 ergo
3101 1154 3212 1209 tale
3254 1153 3624 1226 privilegium

1982 1241 2268 1295 conscribi
2307 1243 2456 1308 fecit,
2492 1243 2665 1313 idque
2697 1259 2802 1297 suo
2828 1242 3019 1312 sigillo
3052 1243 3400 1298 obfirmavit.

2054 1330 2116 1383 In
2149 1331 2383 1385 nomine
2414 1337 2625 1385 sanctae
2658 1330 2978 1395 Trinitatis,
3015 1331 3202 1386 Patris
3248 1331 3514 1388 videlicet
3571 1335 3629 1386 et

1986 1416 2112 1471 Filii
2145 1423 2198 1472 et
2230 1419 2482 1490 Spiritus
2515 1421 2719 1474 sancti.

2055 1506 2170 1576 Ego
2206 1507 2546 1580 Rudolphus
2577 1525 2771 1563 comes
2804 1510 2872 1562 de
2904 1507 3345 1562 Rammisberch
3422 1512 3626 1563 notum

1984 1593 2130 1651 facio
2163 1597 2437 1652 omnibus
2470 1598 2617 1652 scire
2648 1596 2998 1663 volentibus,
3059 1601 3175 1651 tam
3237 1595 3629 1668 praesentibus

1985 1699 2162 1754 quam
2195 1689 2250 1738 et
2282 1685 2510 1750 futuris,
2548 1685 2795 1757 qualiter
2823 1702 2948 1757 ego,
2983 1685 3176 1740 divina
3192 1686 3414 1740 favente
3435 1686 3631 1758 provi-

1983 1771 2198 1838 dentia,
2225 1775 2368 1844 εαξρὶ
2393 1790 2562 1845 agere
2594 1791 2730 1829 cum
2765 1774 3252 1829 abbateConrado
3276 1779 3332 1828 et
3347 1774 3630 1829 fratribus

1987 1859 2252 1930 ejusdem
2287 1862 2622 1917 monasterii
2657 1864 2714 1917 S.
2750 1863 3007 1934 Gregorii
3025 1880 3209 1934 papae,
3236 1863 3392 1933 quod
3419 1863 3634 1918 dicitur

1989 1948 2378 2018 Petrishusin,
2433 1955 2498 2005 ut
2550 1951 2699 2005 mihi
2759 1953 3142 2006 concederent
3171 1949 3285 2004 tale
3345 1951 3628 2022 praedium

1988 2037 2159 2108 quale
2191 2037 2379 2092 visum
2415 2043 2502 2093 est
2533 2040 2688 2094 idem
2723 2039 3147 2093 monasterium
3180 2037 3394 2092 habere
3422 2039 3483 2092 in
3506 2038 3632 2093 loco

1988 2127 2327 2197 quidicitur
2357 2128 2839 2199 Rinisgimunde;
2890 2127 3028 2197 quia
3085 2127 3284 2181 eadem
3336 2126 3634 2197 possessio

1989 2217 2130 2270 mihi
2155 2216 2344 2271 vicina
2375 2221 2463 2271 est
2493 2221 2548 2271 et
2578 2221 2908 2288 opportuna
2945 2215 3016 2270 ad
3050 2214 3260 2270 alenda
3292 2229 3520 2286 pecora,
3575 2219 3634 2270 et

1989 2306 2258 2361 homines
2287 2305 2397 2360 mei
2431 2322 2544 2360 non
2577 2305 2844 2359 valebant
2873 2305 3133 2358 devitare'
3159 2304 3300 2374 quin
3357 2308 3632 2359 nocerent

1990 2394 2109 2461 eis;
2137 2399 2194 2448 et
2222 2394 2329 2448 hoc
2344 2393 2486 2448 mihi
2509 2393 2696 2447 visum
2714 2398 2802 2447 est
2824 2391 3054 2456 melius,
3076 2396 3140 2446 ut
3160 2408 3264 2464 ego
3286 2391 3632 2464 Rudolphus

1993 2483 2188 2537 darem
2222 2483 2417 2537 abbati
2450 2482 2714 2538 Conrado
2735 2483 2888 2537 392
2921 2481 2990 2536 de
3021 2479 3386 2536 Petrishusin
3417 2485 3473 2534 et
3514 2481 3634 2536 fra-

1991 2571 2180 2626 tribus
2204 2572 2470 2643 ejusdem
2499 2570 2837 2626 monasterii
2889 2569 3088 2624 decem
3129 2567 3368 2633 talenta,
3417 2571 3474 2623 et
3520 2568 3633 2640 ipsi

1993 2659 2136 2715 mihi
2167 2661 2548 2715 concederent
2572 2660 2697 2729 jam
2715 2657 2938 2712 dictum
2959 2655 3240 2728 praedium
3263 2656 3418 2728 apud
3443 2655 3633 2712 Binis-

1990 2749 2271 2821 gimunde
2295 2765 2382 2815 ;ea
2394 2748 2726 2803 conditione
2748 2752 2812 2802 ut
2829 2746 3041 2818 ipsi,ob
3063 2746 3401 2801 memoriam
3426 2750 3633 2801 etnon-

1992 2838 2384 2892 ﬁrmationem
2399 2837 2432 2891 h
2444 2838 2578 2907 ujus
2593 2836 2768 2908 pacti,
2785 2834 3249 2890 anniversarium
3267 2834 3472 2888 matris
3495 2849 3633 2890 meae

1988 2925 2302 2981 Adelheide
2325 2942 2459 2980 cum
2478 2926 2758 2980 fratribus
2781 2925 2906 2980 suis
2927 2927 3280 2978 annotarent
3305 2922 3634 2979 et'cel‘eb'ra—

1990 3021 2137 3084 rent,
2163 3021 2218 3070 et
2249 3031 2353 3088 ego
2385 3016 2513 3087 ipsa
2540 3015 2633 3070 die
2662 3015 2730 3070 de
2755 3031 2880 3069 meo
2913 3013 3161 3068 facerem
3205 3011 3512 3084 prapiuare
3547 3012 3634 3067 vi-

1991 3122 2131 3160 num
2165 3106 2443 3160 fratribus
2475 3104 2723 3176 singulis
2778 3102 2970 3168 annis,
3017 3102 3207 3174 quoad
3259 3101 3536 3169 viverem,
3579 3111 3639 3158 et

1990 3194 2097 3249 hoc
2125 3212 2227 3266 pro
2249 3195 2468 3249 tributo
2494 3199 2550 3250 et
2595 3193 2877 3248 memoria
2927 3191 3233 3263 praesentis
3261 3190 3635 3246 conditionis.

221 3283 750 3349 conticescam,sed
765 3282 1028 3353 quedam
1046 3281 1117 3337 de
1142 3283 1268 3351 ejus
1287 3281 1879 3340 industriamemoriaa
1909 3258 1952 3324 C
1991 3284 2127 3338 Post
2158 3284 2379 3338 obitum
2406 3290 2601 3338 autem
2638 3300 2834 3337 meum
2860 3281 3057 3336 nullus
3080 3279 3318 3336 omnino
3337 3279 3631 3335 haeredum

218 3373 482 3430 tradam.
505 3373 639 3426 Erat
667 3371 822 3426 enim
855 3371 1076 3443 peritus
1110 3371 1360 3425 metricae
1393 3376 1450 3426 et
1471 3373 1618 3428 39]
1642 3373 1880 3428 musicae

221 3463 472 3527 artium,
497 3460 704 3532 optimi
723 3459 964 3531 ingenii,
988 3475 1196 3516 serena
1211 3475 1372 3525 voce,
1403 3460 1656 3516 atfabilis
1713 3461 1881 3516 collo-

218 3551 392 3623 quio,
425 3549 758 3605 veneranda
781 3547 1014 3616 canitie,
1051 3548 1353 3603 modestus
1386 3549 1648 3604 moribus
1678 3553 1734 3604 et
1755 3567 1880 3605 ver-

218 3640 345 3696 bis.
367 3637 553 3694 Multa
571 3635 1242 3708 aedificaveratpraaclara
1264 3653 1389 3708 quae
1420 3637 1574 3710 ignis
1602 3655 1878 3695 consum-

223 3732 450 3800 pserat.

973 3817 1002 3883 §
1035 3816 1125 3869 Iv.

298 3907 385 3959 Eo
416 3907 674 3975 tempore
704 3902 1066 3976 Rudolphus
1085 3920 1284 3960 comes
1317 3905 1388 3959 de
1435 3904 1876 3962 Rammisberch

207 3993 376 4066 (991)
409 3991 552 4049 emit
579 3993 892 4048 aConrado
922 3993 992 4047 de
1023 3993 1236 4048 Sancto
1287 3997 1484 4048 monte
1543 3993 1872 4060 castellum,

205 4083 384 4157 quod
406 4085 645 4138 vocatur
674 4082 950 4154 Rinegge,
985 4082 1142 4154 quod
1174 4081 1271 4137 ille
1304 4081 1588 4136 habuerat
1618 4082 1676 4138 in
1700 4083 1874 4140 bene-

204 4172 497 4232 ﬁciuma
523 4170 950 4228 Constantiensi
984 4169 1258 4226 Ecclesia.
1295 4169 1559 4243 Cumque
1588 4171 1696 4226 hoc
1717 4171 1870 4228 idem

201 4259 534 4322 castellum
567 4259 862 4324 incoleret,
894 4258 1092 4330 ibique
1111 4261 1391 4324 maneret,
1415 4260 1686 4332 cognovit
1715 4262 1870 4332 quod

201 4348 649 4407 monasterium
671 4347 1018 4420 S.Gregorii,
1054 4348 1208 4418 quod
1238 4347 1596 4404 Petrishusin
1610 4356 1868 4417 vocatur,

198 4439 297 4495 ibi
330 4438 396 4492 in
427 4437 690 4509 proximo
714 4437 1145 4509 possessionem
1161 4436 1399 4492 haberet
1421 4454 1548 4508 quae
1567 4437 1679 4493 sibi
1706 4437 1871 4494 valde

199 4530 552 4599 opportuna
581 4529 772 4593 esset;
796 4529 852 4580 et
881 4525 1060 4597 erepit
1093 4540 1264 4597 agere
1295 4542 1429 4581 cum
1464 4527 1673 4582 abbate
1719 4528 1869 4583 Con.-

1992 3390 2253 3428 meorum
2270 3372 2735 3443 qualemcunque
2759 3375 3103 3443 potestatem
3118 3370 3329 3424 habeat
3351 3370 3406 3423 in
3431 3369 3633 3424 eadem

1993 3462 2378 3534 possessione,
2411 3462 2498 3517 vel
2523 3461 2579 3515 in
2612 3460 2888 3515 omnibus
2919 3475 3044 3529 quae
3076 3463 3212 3512 tunc
3242 3457 3480 3512 inventa
3511 3458 3633 3512 fue-

1991 3551 2110 3605 rint
2141 3551 2199 3604 in
2227 3566 2314 3614 ea,
2348 3551 2538 3604 tamin
2557 3548 2880 3620 pecudibus
2908 3561 3085 3618 quam
3105 3546 3163 3600 in
3187 3545 3318 3601 aliis
3342 3545 3632 3617 suppelle-

1989 3639 2226 3695 ctilibus
2246 3640 2331 3695 vel
2357 3640 2411 3693 in
2445 3637 2839 3710 qualicunque
2871 3634 3201 3690 substantia
3235 3652 3247 3700 ;
3298 3633 3400 3688 sed
3450 3635 3634 3690 abbas

1989 3727 2089 3798 qui
2105 3733 2243 3782 tunc
2262 3727 2436 3782 fuerit
2458 3726 2776 3798 praesidens
2801 3722 3156 3779 monasterio
3173 3720 3631 3791 Petrishusensi,

1985 3821 2042 3871 et
2064 3816 2270 3871 fratres
2294 3816 2559 3886 ejusdem
2580 3814 2713 3880 loci,
2738 3829 2805 3868 ex
2822 3813 3046 3883 integro
3061 3814 3252 3866 totum
3268 3811 3491 3882 absque
3513 3811 3634 3867 ulla

1985 3903 2441 3960 contradictione
2472 3902 2831 3974 possideant,
2853 3917 2954 3972 pro
2973 3899 3234 3954 remedio
3253 3899 3462 3953 animm
3487 3915 3629 3956 mete

1983 3998 2041 4047 et
2071 3993 2276 4048 matris
2307 4009 2446 4048 meae
2477 3996 2534 4046 et
2565 3990 2827 4044 omnium
2863 3991 3169 4060 parentum
3218 4003 3504 4044 meorum.
3563 3989 3633 4044 Et

1983 4079 2868 4154 egoRudolphustestamentum
2884 4077 3038 4133 istud
3057 4075 3343 4132 conscribi
3363 4078 3629 4150 praecepi;

1982 4187 2050 4226 ea
2081 4169 2305 4225 scilicet
2337 4170 2558 4225 ratione
2591 4174 2654 4222 ut
2686 4167 2883 4223 nullus
2901 4183 2965 4226 ex
2998 4167 3330 4223 haeredibus
3353 4167 3500 4222 meis
3519 4167 3632 4223 hoc

1983 4259 2201 4316 factum
2236 4275 2429 4315 meum
2463 4259 2799 4330 infringere,
2833 4257 2918 4312 vel
2953 4257 3261 4328 praedictos
3315 4255 3523 4312 fratres
3570 4255 3629 4314 in

1980 4347 2195 4420 praedio
2219 4348 2330 4403 isto
2361 4347 2686 4420 inquietare
2716 4346 2926 4400 audeat
2956 4351 3088 4418 post
3135 4345 3360 4400 obitum
3411 4361 3628 4401 meum.

1981 4442 2190 4492 Actum
2225 4454 2376 4492 anno
2418 4438 2708 4491 Incarnat.
2738 4435 2903 4490 Dom.
2930 4451 3170 4503 meum,
3203 4438 3485 4506 regnante
3508 4433 3631 4491 Fri-

1979 4526 2172 4582 derico
2203 4526 2574 4597 imperatore,
2598 4525 2956 4580 Herimanno
2979 4524 3282 4580 Constant.
3330 4524 3628 4596 episcopo,

197 4617 386 4684 rado,
412 4618 710 4687 quatenus
731 4614 935 4669 eadem
956 4614 1412 4686 possessio,un
1424 4619 1661 4669 vocatur
1683 4615 1870 4672 Binis-
1899 4625 1946 4690 Β
1978 4619 2086 4670 sub
2107 4615 2316 4670 abbate
2343 4613 2633 4669 Conrado.
2657 4617 2722 4668 Et
2741 4630 2847 4685 ego
2880 4613 3261 4669 Gebehardus
3324 4613 3634 4685 presbyter

197 4703 524 4781 gimunde,
545 4703 672 4759 sibi
703 4719 806 4775 pro
837 4703 1085 4774 pecunia
1109 4703 1526 4758 concederetur
1555 4720 1742 4776 usque
1793 4705 1865 4760 ad

194 4793 398 4850 ﬁnem
426 4791 555 4847 vita:
581 4809 727 4857 sum,
751 4794 817 4846 ut
846 4791 924 4846 ibi
961 4791 1190 4864 peculia
1218 4792 1504 4848 enutriret
1559 4796 1616 4847 et
1662 4793 1868 4850 exinde

196 4880 438 4956 pabula
451 4885 509 4937 et
540 4897 761 4952 pascua
773 4880 990 4936 habere
1012 4881 1320 4952 potuisset,
1348 4885 1597 4953 postque
1615 4886 1866 4938 mortem

197 4970 408 5043 ipsius
435 4973 562 5024 tam
593 4969 786 5041 ipsam
805 4967 1266 5041 possessionem,
1299 4985 1478 5040 quam
1512 4970 1718 5025 omnia.
1741 4987 1880 5042 quas

197 5064 355 5115 tunc
385 5057 533 5115 inibi
564 5055 987 5124 invenirentur,
1020 5057 1239 5130 absque
1263 5055 1382 5113 ulla
1409 5059 1868 5116 contradictione

299 5245 439 5313 990)
458 5243 594 5300 Vid.
628 5243 734 5299 lib.
769 5261 834 5311 ιι,
863 5243 1008 5311 θη.

298 5317 400 5373 99!
453 5314 1124 5398 Bud’plphusyom‘es‘de
1151 5315 1672 5398 Ramesherginter
1690 5319 1866 5397 testes

206 5385 913 5512 subscripsitin‘gemino
941 5385 1262 5457 diplomate
1293 5385 1541 5442 Conradi
1591 5387 1664 5442 Ill
1719 5387 1861 5459 imp.

206 5479 300 5515 an.
333 5463 488 5515 HM-
508 5462 572 5515 εἰ.
595 5457 652 5512 il
710 5460 746 5510 2
773 5457 925 5515 apud
955 5458 1226 5515 Berraott
1247 5461 1391 5514 tom.
1429 5459 1496 5515 II.
1518 5475 1649 5515 nae.
1696 5460 1790 5514 .65
1809 5463 1867 5514 et

206 5479 300 5519 an.
333 5463 488 5545 1141-
595 5463 746 5538 1142
773 5463 925 5550 apud
955 5463 1226 5583 Hoerrgott
1247 5463 1391 5514 tom.
1429 5463 1496 5525 II,
1517 5475 1649 5531 pag.
1696 5463 1790 5514 .65
1809 5463 1861 5514 et

205 5537 340 5605 168;
377 5538 526 5590 item
559 5548 620 5584 in
649 5527 1068 5608 ali_o_l'r1derici
1132 5544 1273 5608 ,_an.
1527 5535 1637 5608 etc.
1695 5530 1861 5600 Apud

198 5598 471 5667 Crusium
498 5621 559 5676 p.
592 5598 904 5676 1n,_lib._v,
938 5601 1168 5676 c.5,_ad
1196 5616 1291 5676 an.
1318 5602 1457 5656 1359
1517 5602 1708 5657 adhuc
1746 5598 1866 5656 _no-

197 5687 366 5743 tatur;
383 5678 466 5737 ali
478 5669 562 5732 (is
591 5669 946 5741 Ruddphus
959 5672 1036 5729 de
1055 5671 1396 5744 Ramsblrg.

1976 4703 2184 4775 scripsi
2208 4703 2315 4758 hoc
2349 4703 2715 4775 privilegium
2749 4719 2900 4758 anno
2916 4703 3104 4774 primo
3143 4701 3467 4757 Gebehardi
3518 4702 3626 4757 ab-

1979 4793 2154 4848 batis.
2183 4793 2385 4848 Testes
2419 4792 2596 4863 hujus
2620 4791 2862 4847 actionis
2893 4808 3036 4846 uxor
3067 4806 3195 4845 mea
3227 4789 3521 4846 Elisabeth
3570 4794 3630 4846 et

1977 4882 2187 4936 fratrer
2225 4897 2389 4936 meus
2445 4879 2756 4944 Arnoldus,
2818 4878 3160 4950 Rudolphus
3217 4877 3288 4932 de
3341 4877 3625 4949 Gutingin

1976 4971 2146 5042 (992),
2178 4969 2512 5024 Adilbertus
2535 4985 2729 5025 comes
2759 4969 2931 5040 (993),
2961 4970 3253 5037 Rupertus
3299 4965 3371 5019 de
3411 4964 3621 5020 Turin-

1975 5058 2097 5131 gin,
2117 5057 2450 5112 Adilbertus
2476 5058 2778 5130 presbyter
2809 5057 2880 5112 de
2908 5054 3066 5122 Tale,
3119 5051 3322 5107 Diemo
3369 5052 3442 5107 de
3497 5051 3622 5107 Bri-

2046 5242 2199 5313 (992)
2227 5239 2679 5313 Gutingenolim
2711 5241 3011 5313 Turgoviaa
3032 5242 3312 5313 castrum,
3333 5253 3366 5290 a
3386 5251 3503 5313 quo
3525 5249 3626 5313 no.

1975 5305 2106 5368 men
2134 5305 2339 5369 habuit
2359 5305 2572 5366 nobilis
2596 5305 2911 5380 familiaﬁx
2934 5331 3048 5383 qua
3066 5305 3623 5383 Heinricusthobilis

1975 5385 2172 5441 senior
2202 5385 2272 5440 de
2303 5383 2593 5455 Gutingen
2626 5377 2886 5455 chartam
2921 5377 3080 5438 dedit
3115 5399 3208 5437 an.
3258 5377 3618 5455 1251mm!-

1975 5474 2152 5512 aoo'rr
2185 5457 2250 5512 N.
2278 5455 2420 5523 414).
2455 5449 2515 5509 In
2541 5454 2763 5509 Necrol.
2799 5455 2868 5507 ω
2902 5455 3320 5508 Maii‘oceurrit
3367 5449 3621 5523 Diethal-

1976 5545 2109 5583 mus
2141 5530 2209 5584 de
2242 5521 2558 5597 Giltingen,
2621 5525 2775 5580 haud
2808 5525 2983 5597 dubie
3038 5525 3304 5597 ejusdem
3359 5521 3614 5597 familiae.

2048 5601 2197 5670 (993)
2228 5600 2377 5654 Num
2411 5595 2501 5654 hic
2531 5596 3030 5670 lorteAdelhertus
3053 5611 3250 5650 comes
3281 5595 3338 5649 in
3367 5595 3620 5650 Winter-

1974 5668 2114 5726 thur
2145 5672 2476 5744 efKiburg,
2509 5671 2580 5727 de
2612 5686 2727 5741 quo
2759 5668 2796 5724 l.
2831 5686 2867 5735 1,
2903 5670 2930 5741 ἕ
2957 5671 3010 5722 8.
