3982 6216
137 345 239 417 381
1017 411 1020 414 .
1162 347 1398 416 LIBER
1441 349 1544 416 DE
1585 351 1970 418 MENSURA
2012 350 2508 416 ASTROLABII.
3417 354 3532 418 38!

135 483 266 560 psit,
307 497 610 570 quemque
637 479 876 570 hiq’una
901 499 1034 541 cum
1066 484 1466 570 prtet‘ationea
1495 485 1606 569 col.
1632 487 1941 570 38lusque
1963 485 2035 540 ad
2055 485 2463 570 390‘excusum
2486 484 2686 570 habes.
2722 484 2836 569 Nec
2857 481 3013 570 hunc
3035 483 3530 570 librumpriorem

137 555 254 614 esse
275 555 468 628 aliquo
491 555 678 614 altero
698 557 965 628 ejusdem
987 555 1218 628 generis
1239 575 1304 612 ac
1318 557 1562 625 ordinis,
1589 555 1963 613 manifestum
1986 561 2152 611 estex
2176 556 2268 611 bis
2287 557 2477 611 verbis
2501 556 2837 622 Hermanni,
2863 557 3078 628 quibus
3092 555 3362 614 eumdem
3387 577 3524 616 con-

136 629 309 686 cludit
325 632 496 698 :Quas
516 633 706 702 autem
726 636 1021 702 quantasve
1043 630 1306 684 utilzlates
1332 646 1515 684 omnes
1538 635 1858 702 praeturam
1881 629 2115 702 habeant
2132 631 2594 702 lmensurutiones,
2644 630 2892 683 libellum
2915 629 3260 701 Astrolapsus
3315 633 3534 702 legenti,

142 708 190 757 et
210 703 482 770 ingenium
508 702 567 756 in
597 700 912 771 hujusmodi
939 717 1126 754 rerum
1159 717 1262 755 usu
1291 700 1618 756 exercitanti
1646 703 1786 756 alias
1815 701 1965 756 debet
1991 701 2286 769 noli/iriiri.

211 772 469 845 Secundo
500 770 741 842 scripsit
771 772 1151 845 Hermannus‘
1171 774 1242 828 De
1271 773 1633 827 utillitatibus
1653 772 1946 845 Astrolabii
1966 771 2130 845 libros
2156 773 2218 845 Il,
2244 788 2392 845 quos
2410 770 2766 825 Trithemius
2790 772 2906 845 sub
2924 772 3126 826 eadem
3151 772 3532 845 inscriptione

138 841 257 898 loco
277 844 446 898 citato
464 841 746 908 recenset,
772 842 880 898 etsi
903 861 1017 898 non
1041 841 1152 898 nisi
1175 860 1348 898 unum
1369 860 1497 898 esse
1521 845 1694 899 dicat.
1721 842 1993 914 quocirca
2023 843 2143 896 viro
2169 843 2338 896 docto
2360 841 2520 914 litem
2546 843 3070 914 nonimovebimus.
3098 845 3261 899 Certe
3296 841 3364 900 ex
3396 863 3528 900 mox

140 915 397 971 adductis
420 915 610 983 ipsius
634 914 952 976 Hermanni
981 931 1046 969 ex
1070 915 1216 969 libro
1263 917 1335 969 De
1372 931 1628 969 mensura
1660 913 1972 976 Ast’rolabii,
1995 913 2186 968 verbis
2209 915 2300 967 vix
2325 913 2479 966 aliud
2509 913 2850 968 concludas.
2877 914 2999 968 Non
3023 915 3178 970 enim
3207 917 3276 970 ad
3303 918 3534 983 libellos,

137 986 233 1042 sed
261 985 548 1049 libellum,
581 987 966 1056 Astrolapsus,,
1005 986 1062 1040 id
1094 991 1181 1041 est
1212 987 1283 1040 De
1312 987 1642 1041 utilitatibus
1673 984 2283 1045 Astrolabii,lectorem
2312 1001 2483 1038 suum
2509 985 2772 1057 remittit.
2795 985 2905 1038 .\'ec
2941 1003 3044 1040 nos
3069 985 3242 1040 aliam
3266 989 3527 1057 partitio-

137 1073 266 1113 nem
286 1057 777 1118 instituissemus,
807 1057 916 1111 nisi
941 1057 1122 1112 codex
1145 1057 1433 1113 Petrensis
1455 1073 1583 1112 eam
1609 1057 1774 1112 nobis
1795 1061 2048 1110 mentem
2070 1057 2386 1124 iniecisset.
2427 1058 2571 1111 Cum
2609 1056 2765 1110 enim
2789 1074 2856 1110 ea
2879 1074 3006 1126 quae
3029 1063 3207 1127 caput
3228 1056 3290 1112 2i
3329 1076 3531 1114 conse-

146 1133 422 1200 quuntur,
452 1145 584 1183 cum
624 1129 1084 1199 praecedentibus
1115 1127 1276 1200 nulla
1304 1129 1525 1184 ratione
1555 1128 1911 1183 cohaererent
1941 1145 1954 1192 ',
1992 1129 2048 1180 in
2082 1128 2279 1200 codice
2308 1133 2499 1200 tamen
2526 1127 2737 1200 eadem
2772 1129 2971 1200 omnia
3004 1145 3177 1182 manu
3213 1137 3447 1184 exarata
3479 1135 3537 1186 et

147 1198 460 1271 conjuucta
488 1198 697 1265 essent,
731 1200 1024 1271 integrum
1048 1199 1217 1254 nobis
1235 1216 1364 1254 esse
1395 1217 1506 1256 non
1543 1200 1878 1271 putavimus
1901 1216 1968 1254 ea
1987 1200 2112 1271 sine
2155 1198 2320 1271 titulo
2345 1198 2472 1271 novi
2500 1198 2627 1271 libri
2653 1198 2943 1264 exhibere,
2976 1199 3094 1253 sive
3122 1217 3188 1254 ea
3208 1201 3381 1256 etiam
3407 1203 3541 1256 Her-

151 1270 346 1326 manni
365 1269 483 1342 sive
507 1269 901 1342 cujuscunque
916 1270 1156 1326 alterius
1174 1277 1388 1326 essent.
1414 1269 1698 1334 Qua'dcre
1725 1270 2098 1342 fortelmelius
2121 1269 2217 1323 alii
2245 1269 2589 1332 censebunt,
2616 1269 2672 1342 in
2698 1286 2948 1342 quorum
2974 1287 3184 1326 manus
3209 1271 3376 1342 plura
3400 1273 3537 1327 Iler-

150 1340 486 1397 mannianni
509 1339 890 1413 op’erislma'nu
916 1348 1149 1397 exarata
1169 1341 1724 1413 exemplaincident.
1746 1341 1923 1413 Nobis
1942 1341 1998 1394 in
2023 1341 2362 1413 reobscura
2391 1347 2448 1393 et
2485 1339 2754 1413 perplexa
2790 1340 2851 1413 id
2872 1339 3542 1398 sectandum—videbatur

149 1413 296 1484 quod
328 1411 560 1484 planius
581 1418 636 1467 et
664 1412 880 1468 clarius
906 1418 1079 1468 esset.
1127 1414 1272 1468 Nam
1309 1411 1482 1468 verba
1528 1412 1844 1468 Hermanni
1888 1412 2205 1484 admodum
2236 1413 2486 1484 obstant.
2535 1411 2733 1484 Potuit
2764 1411 2918 1484 enim
2952 1413 3062 1467 sub
3104 1414 3276 1468 finem
3311 1414 3442 1469 libri
3468 1416 3542 1469 De

141 1482 393 1556 mensura
422 1485 725 1556 Astrolabii
747 1485 1110 1556 propositum
1144 1483 1356 1540 habere
1388 1502 1500 1556 non
1534 1485 1646 1539 nisi
1677 1500 1862 1538 unum
1896 1482 2566 1556 libellumlAstrolapsus
2590 1483 2896 1556 condendi,
2921 1500 3093 1554 quem
3117 1489 3311 1539 tamen
3342 1490 3544 1556 postea

141 1554 495 1610 incressente
526 1554 770 1610 materia
793 1554 893 1611 aut
925 1555 1056 1610 aliis
1081 1573 1150 1611 ex
1178 1556 1372 1611 causis
1405 1555 1582 1611 altero
1638 1555 1959 1621 adauxerit,
2020 1555 2174 1625 quod
2240 1555 2573 1625 frequenter
2633 1555 2972 1609 auctoribus
3004 1556 3231 1610 accidit.
3269 1554 3434 1611 Forte
3464 1555 3538 1610 li-

139 1625 265 1682 belli
294 1626 484 1698 hujus
512 1627 753 1682 secundi
786 1627 1054 1700 epilogus
1085 1627 1328 1683 certiora
1361 1644 1465 1682 nos
1497 1627 1814 1691 docuisset,
1849 1626 1961 1682 nisi
1993 1643 2027 1680 a
2057 1626 2275 1691 codice,
2312 1626 2632 1692 nescimus,
2675 1642 2790 1697 quo
2821 1643 2984 1692 casu,
3037 1626 3273 1683 avulsus
3303 1627 3538 1684 fuisset.

137 1908 751 2018 HERMANNI
790 1907 1396 2020 PlUEFATIO
1436 1909 1550 2018 IN
1588 1908 2020 2018 LIBRUM
2054 1909 2202 2016 DE
2249 1905 2791 2018 MENSURA
2834 1907 3540 2020 ASTROLABH.

199 2113 595 2170 Hanmamms
607 2112 817 2170 Christi
833 2131 1155 2187 pauperum
1168 2113 1506 2186 peripsima,
1522 2118 1578 2169 et
1595 2112 1780 2184 philo-
1813 2114 1866 2181 Α
1897 2113 2102 2168 borum
2128 2112 2559 2183 compositioni,
2583 2112 2682 2167 sed
2707 2111 2986 2167 intricataa
3002 2114 3079 2168 rei
3095 2115 3338 2170 studens
3359 2116 3541 2188 expli-

137 2202 339 2275 sophiae
364 2202 658 2266 tironum,
683 2203 883 2272 asello,
907 2204 1026 2259 imo
1047 2203 1276 2272 limace,
1295 2203 1520 2259 tardior
1541 2202 1782 2268 assecla,
1898 2201 2131 2256 cationi.
2165 2203 2225 2256 In
2259 2218 2376 2272 qua
2408 2217 2467 2255 re
2500 2201 2546 2255 si
2581 2201 2717 2272 quid
2752 2200 2983 2256 indocta
3007 2201 3384 2274 obsequentis
3405 2221 3542 2277 pec-

138 2290 196 2347 Β.
239 2307 338 2348 suo
367 2292 582 2364 jugem
616 2291 674 2346 in
707 2290 951 2347 Domino
983 2291 1252 2348 salutem.

207 2379 343 2436 Cum
365 2379 698 2452 aplurimis
715 2396 867 2451 saepe
883 2380 1091 2436 amicis
1112 2397 1350 2453 rogarer
1363 2384 1426 2435 ut
1447 2395 1782 2448 mensuram

141 2467 439 2524 astrolabii
471 2485 594 2539 qua
632 2469 790 2540 apud
841 2473 1134 2525 nostrates
1173 2469 1417 2524 confusa
1456 2474 1514 2524 et
1533 2468 1662 2524 ideo
1682 2468 1783 2523 ob-

141 2573 306 2613 scura
331 2560 398 2613 et
429 2557 646 2629 passim
697 2557 966 2613 mutilata
1013 2558 1330 2622 invenitur,
1380 2557 1632 2612 lucidius
1664 2556 1784 2628 ple-

137 2646 382 2720 niusque
411 2646 668 2701 scribere
681 2650 992 2713 tentarem,
1014 2645 1189 2718 idque
1210 2647 1498 2701 hactenus
1517 2650 1640 2700 tum
1663 2661 1786 2715 pro-

136 2733 682 2806 pterinscientiam,
713 2738 840 2789 tum
881 2735 1056 2790 etiam
1102 2738 1338 2806 propter
1369 2733 1783 2806 pedissequam

137 2822 264 2879 heul
289 2823 439 2878 mihi
469 2821 824 2878 familiarem
845 2823 1130 2879 desidiam
1155 2824 1786 2894 subterfugerem,tan-

132 2910 310 2968 dema
339 2912 429 2968 tui
474 2911 859 2983 potissimum
908 2911 1189 2967 instantia
1242 2912 1579 2984 perpulsus,
1615 2913 1787 2982 prout

129 2999 329 3056 inertia
350 3000 710 3071 desidiaque
752 3000 1121 3070 permittente
1159 2999 1343 3072 potui,
1387 3001 1487 3054 diu
1531 2999 1784 3070 seposito

130 3105 282 3146 more
300 3086 693 3145 mendacium
709 3087 1004 3143 fabrorum
1019 3089 1176 3160 operi
1201 3088 1674 3144 cunctabundam
1693 3087 1788 3142 de-

129 3193 216 3235 ses
243 3194 491 3234 manum
525 3175 816 3250 applicui,
847 3194 962 3233 non
987 3176 1191 3250 lepori,
1225 3194 1339 3232 non
1370 3175 1622 3250 eleganti
1651 3191 1782 3231 ver-

1899 2289 2047 2345 cavit
2080 2289 2404 2356 temeritas,
2437 2289 2689 2360 benigna
2721 2289 3054 2359 jubentium
3097 2291 3417 2366 amicorum
3452 2294 3542 2350 in-

1898 2377 2136 2448 dulgeat
2160 2377 2439 2444 cbaritas,
2462 2381 2771 2450 totumque
2793 2395 2899 2433 suo
2924 2379 3118 2450 potius
3149 2379 3423 2438 delictum
3447 2400 3537 2440 as-

1895 2466 2080 2522 cribat
2110 2466 2329 2532 studio,
2358 2483 2484 2538 quae
2518 2465 2794 2522 imbecilli
2826 2471 2946 2522 tam
2987 2484 3158 2540 grave
3189 2485 3304 2525 non
3338 2487 3542 2543 peper-

1894 2555 1971 2611 cit
2001 2573 2150 2610 onus
2182 2556 2479 2626 imponere
2511 2556 2704 2611 dorso.

1965 2645 2050 2699 Tu
2084 2643 2282 2715 igitur,
2314 2648 2375 2698 tu
2410 2644 2604 2699 anime
2635 2644 2734 2710 mi,
2772 2647 3069 2716 utcunque
3096 2645 3194 2700 alii
3219 2647 3544 2704 feranthtec

1894 2748 2025 2787 mea
2054 2733 2268 2804 scripta
2298 2733 2577 2805 legentes,
2611 2736 2928 2804 gratanter,
2965 2739 3029 2789 ut
3065 2735 3319 2790 amicum
3355 2737 3541 2806 decet,

1894 2822 2423 2893 quomodocunque
2453 2821 2806 2893 descriptam
2839 2822 3166 2894 simplicem
3204 2825 3430 2894 praefati
3461 2826 3544 2883 in-

1895 2911 2207 2966 strumenti
2233 2910 2426 2982 accipe
2450 2927 2787 2966 mensuram
2815 2929 2828 2977 ;
2851 2916 2933 2980 ut,
2950 2912 3066 2967 site
3081 2915 3457 2984 postmodum
3472 2917 3542 2972 de

1894 3000 2022 3069 ejus
2049 2999 2269 3054 ratione
2291 2998 2487 3070 aliqua
2507 3016 2830 3071 cognovero
2858 3017 3216 3072 permovere,
3260 3020 3327 3059 ea
3347 3009 3541 3061 tecum

1894 3087 2126 3153 alacris,
2158 3092 2504 3160 suppetente
2535 3087 2680 3144 alias
2709 3089 2846 3157 otio,
2900 3106 3002 3162 pro
3052 3108 3225 3163 posse
3268 3093 3540 3150 studeam

1895 3175 2199 3249 vestigare.

1179 3328 1582 3418 INCIPIT
1649 3328 1990 3416 LIBER
2054 3331 2498 3418 PRIMUS.

679 3495 910 3552 CAPUT
949 3496 1258 3553 PRIMUM.

132 3620 408 3689 Quomodo
446 3619 656 3676 circuli
703 3621 1126 3691 aequinoctialis,
1175 3622 1491 3678 colurorum
1535 3623 1791 3678 solstitio-

373 3706 615 3764 rumque
643 3692 700 3746 in
733 3691 1028 3748 astrolabio
1068 3693 1386 3749 inveniendi
1413 3695 1545 3748 sint.

198 3850 263 3906 In
305 3851 608 3906 metienda
644 3851 828 3924 igitur
846 3851 1245 3910 subtilissimae
1268 3853 1623 3910 inventionis
1650 3853 1782 3909 Pto-

125 3938 316 3996 lom‘aai
360 3939 747 4006 Walzachora,
778 3941 836 3996 id
895 3945 1003 4008 est,
1063 3940 1240 4013 plana
1296 3941 1545 4014 sphaera,
1607 3959 1785 4014 quam

124 4029 504 4086 Astrolabium
535 4028 880 4097 vocitamus,
914 4034 1033 4086 tres
1057 4031 1315 4102 primum
1338 4030 1589 4087 circulos
1621 4031 1786 4087 inve-

125 4116 248 4172 nire
259 4117 582 4184 debemus,
597 4133 847 4188 quorum
867 4117 1124 4174 medium
1146 4118 1662 4190 quiequinoctialis
1681 4137 1787 4176 caa-

123 4205 284 4263 lestis
311 4205 723 4280 (protenditur
742 4205 898 4261 enim
919 4223 1022 4276 per
1041 4206 1274 4263 Libram
1295 4211 1354 4262 et
1373 4207 1691 4279 Arientem)
1716 4225 1787 4264 ne

125 4295 456 4352 maximum
479 4296 774 4352 duntaxat
791 4295 1126 4367 prmpediat,
1150 4296 1221 4350 ad
1243 4295 1477 4351 libitum
1497 4297 1783 4352 moderari

127 4384 395 4441 convenit
417 4401 432 4440 :
463 4397 652 4456 quem
674 4387 870 4439 centro
892 4400 926 4438 a
945 4382 1260 4456 diligenter
1271 4384 1785 4457 circumscriptum

123 4469 181 4526 in
218 4477 487 4544 quatuor
535 4488 705 4544 aequa
735 4471 1008 4543 partiaris
1040 4472 1280 4546 punctis
1312 4473 1341 4528 b
1369 4489 1398 4528 c
1425 4473 1459 4528 d
1490 4489 1538 4539 e,
1566 4483 1620 4529 et
1650 4475 1728 4530 sit
1759 4476 1788 4530 b

126 4561 406 4619 orientale
439 4563 738 4634 punctum
769 4577 804 4615 a
831 4561 1126 4630 sinistris;
1159 4577 1188 4616 c
1217 4560 1354 4616 huic
1385 4561 1723 4634 oppositum
1756 4581 1789 4620 a

123 4649 342 4706 dextris
367 4647 750 4707 occidentale
773 4667 787 4718 ;
809 4648 844 4704 d
866 4649 1112 4706 inferius
1135 4649 1622 4722 septentrionale;
1644 4668 1673 4707 e
1695 4669 1789 4708 su-

122 4737 319 4810 perius
351 4736 792 4796 meridianum.

187 4826 438 4893 Dehinc,
465 4825 743 4899 apposita
762 4825 985 4899 regula,
1009 4843 1111 4899 per
1132 4827 1162 4882 b
1202 4845 1237 4882 a
1255 4844 1285 4883 ε
1322 4833 1542 4900 puncta
1568 4827 1783 4885 lineam

119 4918 338 4972 rectam
362 4933 399 4970 a
421 4915 550 4970 fine
568 4914 641 4970 ad
664 4915 841 4971 finem
864 4915 1076 4971 tabulae
1101 4916 1424 4987 perducito,
1466 4917 1520 4972 id
1565 4921 1678 4984 est,
1710 4919 1783 4974 ab

120 5001 354 5060 Oriente
377 5005 444 5059 in
480 5001 857 5059 Occidentem
887 5021 899 5058 :
926 5004 1184 5076 itemque
1206 5021 1308 5076 per
1329 5006 1367 5060 ιλ
1396 5022 1430 5060 a
1450 5021 1496 5075 e,
1533 5005 1592 5062 id
1613 5010 1724 5074 est,
1757 5023 1791 5062 a

119 5091 547 5164 Septentrione
568 5092 627 5147 in
650 5092 974 5164 Meridiem,
998 5092 1241 5149 alteram
1262 5093 1500 5150 lineam.
1526 5096 1682 5159 Quas
1701 5095 1789 5150 vi-

121 5179 548 5238 delicetlineas
564 5181 917 5251 quadrifarie
934 5181 1220 5238 circulum
1234 5183 1560 5240 dividentes
1576 5185 1790 5241 Arabes

122 5269 351 5325 Alcotan
387 5267 746 5338 nominant;
778 5287 907 5336 nos,
941 5271 1190 5327 Coluros.

195 5357 298 5413 [lis
327 5355 520 5412 lineis
567 5355 759 5429 itaque
802 5359 1008 5431 positis
1062 5375 1546 5432 unumquemque
1588 5361 1791 5416 circuli

127 5446 537 5517 quadrantem
563 5444 617 5501 in
639 5447 708 5502 90
726 5465 920 5520 aequas
943 5452 1140 5522 partes
1163 5447 1373 5517 divido,
1402 5454 1459 5504 et
1497 5465 1566 5504 ex
1608 5449 1700 5505 his
1722 5453 1791 5506 24

127 5550 196 5590 ex
237 5539 508 5606 utroque
557 5531 729 5592 latere
772 5555 818 5605 ε,
856 5555 1061 5595 versus
1101 5537 1136 5592 (Ι
1173 5536 1392 5594 scilicet
1435 5540 1492 5592 et
1533 5554 1580 5605 e,
1613 5539 1790 5596 debes

128 5622 417 5696 accipere.
449 5621 571 5678 Sed
601 5627 664 5679 ut
683 5623 788 5682 hoc
809 5627 1038 5685 facilius
1061 5629 1181 5695 tiat,
1206 5626 1562 5698 quadrantes
1585 5627 1789 5701 singu-

1820 3498 1867 3563 B
1897 3495 1986 3552 los
2016 3497 2074 3552 in
2106 3497 2219 3551 tria
2249 3496 2458 3565 divide,
2491 3502 2556 3552 ut
2589 3498 2810 3554 scilicet
2859 3517 3226 3573 unaquaeque
3274 3505 3446 3561 tertia
3474 3507 3546 3561 3O

1902 3589 2095 3657 partes
2115 3586 2340 3657 capiat;
2364 3590 2422 3642 et
2460 3587 2607 3642 duas
2642 3588 2843 3642 tertias
2881 3605 2911 3642 e
2939 3589 3244 3662 contiguas
3274 3591 3330 3646 in
3360 3594 3396 3647 5
3420 3594 3542 3649 sin-

1899 3673 2068 3745 gulas
2099 3675 2335 3746 partire,
2359 3691 2839 3746 unamquamque
2861 3677 3175 3748 quinarum
3200 3681 3452 3752 partium
3478 3683 3546 3738 16

1899 3763 1970 3818 de
2003 3763 2073 3817 90
2104 3763 2369 3835 partibus
2403 3762 2848 3835 subintelligens
2879 3765 3170 3822 claudere.

1971 3852 2048 3906 Ex
2077 3852 2170 3906 his
2202 3851 2461 3923 quinque
2493 3851 2779 3924 partibus,
2813 3854 2843 3908 ἅ
2894 3853 3168 3926 utrinque
3207 3856 3363 3914 circa
3391 3875 3420 3914 c
3449 3877 3536 3916 se-

1899 3957 2089 4008 cerne,
2121 3945 2178 3996 et
2208 3941 2440 4014 punctis
2497 3939 2770 4012 superius
2798 3944 2842 4012 f,
2895 3943 3144 4000 inferius
3191 3964 3227 4016 g
3266 3947 3542 4007 inscribe.

1895 4029 2104 4100 Sicque
2145 4030 2296 4084 inter
2325 4047 2353 4085 c
2381 4034 2438 4084 et
2473 4032 2517 4100 Γ,
2561 4029 2814 4102 itemque
2845 4031 2999 4086 inter
3025 4048 3055 4088 ε
3083 4037 3140 4090 et
3165 4053 3218 4107 g,
3248 4037 3318 4091 24
3348 4042 3543 4110 partes

1897 4119 1968 4174 de
1996 4119 2065 4173 9O
2093 4117 2352 4173 inclusas
2393 4117 2622 4174 noveris
2661 4135 2809 4176 esse.
2854 4121 3058 4177 Postea
3093 4123 3152 4179 in
3193 4131 3459 4197 punctae
3486 4134 3545 4186 et

1893 4211 1938 4278 /,
1969 4205 2080 4272 vel,
2114 4207 2162 4261 si
2194 4205 2402 4274 mavis,
2430 4207 2465 4261 (ἰ
2493 4211 2548 4262 et
2566 4226 2620 4278 g,
2667 4209 2856 4280 posita
2899 4209 3116 4283 regula,
3167 4213 3298 4270 vide
3345 4216 3403 4272 in
3425 4233 3542 4290 quo

1897 4295 2022 4351 loco
2044 4295 2281 4361 lineam,
2301 4296 2374 4351 ab
2395 4295 2614 4354 oriente
2635 4296 2694 4352 in
2731 4298 3090 4355 occidentem
3132 4318 3234 4373 per
3255 4304 3288 4360 b
3328 4322 3362 4360 a
3381 4322 3410 4360 c
3430 4307 3541 4363 du-

1895 4389 2072 4450 ctam,
2102 4389 2265 4440 extra
2311 4385 2600 4442 circulum
2650 4391 2874 4460 tangat,
2931 4388 3130 4461 ibique
3179 4397 3317 4449 nota
3367 4394 3398 4450 b
3427 4395 3539 4453 im-

1897 4489 2122 4545 pressa,
2154 4473 2355 4530 circini
2387 4476 2564 4547 pedes
2593 4475 2650 4530 in
2684 4493 2719 4532 a
2763 4481 2820 4532 et
2866 4478 2901 4532 h
2936 4477 3118 4551 ﬁgito,
3167 4485 3226 4536 et
3273 4481 3541 4543 latiorem

1895 4562 2123 4618 solstitii
2151 4564 2406 4619 hiemalis
2435 4563 2715 4620 circulam
2746 4570 2944 4621 centro
2977 4584 3037 4634 a,
3083 4571 3140 4624 et
3170 4561 3473 4630 intervallo
3505 4575 3542 4632 h

1897 4651 2340 4708 circumducito.
2375 4654 2517 4708 Item
2566 4652 2624 4708 in
2675 4659 2892 4726 puncta
2932 4671 2961 4711 e
3008 4660 3066 4711 et
3106 4675 3160 4727 g,
3194 4659 3311 4715 sive
3339 4660 3374 4716 ά
3401 4667 3458 4718 et
3492 4667 3542 4736 f,

1898 4739 2160 4813 regulam
2188 4757 2391 4812 pones,
2425 4745 2480 4796 et
2511 4741 2610 4796 ubi
2642 4742 2854 4799 lineam
2880 4745 3217 4816 praedictam
3251 4748 3281 4803 ὁ
3310 4766 3343 4804 a
3369 4754 3544 4808 ctan-

1898 4829 2002 4901 git,
2035 4834 2231 4886 notam
2265 4833 2286 4885 i
2323 4831 2593 4903 infigens,
2645 4831 3053 4900 nihilominus,
3104 4834 3216 4890 fixo
3265 4836 3322 4891 in
3371 4855 3404 4892 a
3434 4845 3494 4895 et
3520 4847 3545 4898 ἰ

1899 4918 2136 4987 circino,
2172 4919 2488 4974 minimum
2516 4921 2692 4975 aestivi
2710 4921 2932 4977 solstitii
2961 4920 3244 4978 circulum
3277 4931 3476 4983 centro
3505 4948 3538 4986 a

1900 5007 2198 5063 circinato.

2537 5097 2776 5154 CAPUT
2828 5100 2895 5154 II.

2429 5186 2506 5239 De
2541 5186 3003 5244 almucantarath.

1970 5274 2074 5329 His
2098 5271 2332 5327 circulis
2361 5272 2444 5326 ita
2477 5273 2746 5341 inventis,
2777 5278 3168 5349 quodcunque
3188 5277 3370 5334 clima
3401 5296 3539 5340 con-

1903 5363 2146 5419 stituere
2195 5360 2360 5427 velis,
2393 5362 2523 5432 ejus
2555 5352 2809 5417 climatis
2861 5363 3190 5424 altitudinis
3247 5373 3392 5441 quot
3422 5371 3543 5434 sint

1901 5451 2120 5525 gradus
2149 5451 2296 5515 vide,
2331 5455 2528 5523 utpote
2555 5451 2727 5522 primi
2761 5451 3013 5508 climatis
3053 5456 3139 5523 15,
3174 5460 3416 5516 secundi
3446 5465 3538 5539 23,

1900 5539 2052 5594 tertii
2087 5541 2174 5607 30,
2201 5540 2389 5610 quarti
2415 5540 2504 5606 36,
2527 5539 2714 5612 quinti
2763 5541 2850 5608 41,
2896 5543 3038 5595 sexti
3063 5545 3150 5606 45,
3184 5547 3418 5618 septimi
3449 5555 3537 5627 48,

1901 5630 1971 5684 Et
2000 5631 2084 5682 tot
2113 5635 2308 5702 partes
2337 5629 2407 5686 de
2437 5630 2525 5698 90,
2561 5646 2594 5686 a
2624 5647 2652 5686 c
2673 5647 2877 5687 versus
2907 5647 2954 5698 e,
2984 5647 3219 5689 secerne
3246 5653 3258 5703 ;
3284 5637 3540 5717 itemque
