3982 6216
445 346 566 420 388

1245 353 1661 422 HERMANNI
1705 347 2145 418 CONTBACTI
2188 351 2604 426 AUGIENSIS
2650 358 3027 429 MONACHI.

3727 349 3854 436 861'

446 500 519 558 ab
550 497 814 574 opposito
845 516 878 555 a
909 498 938 554 b
986 513 1188 555 versus
1219 501 1500 570 punctum
1532 499 1566 554 (ἰ
1611 498 1851 554 totidem
1880 516 1892 568 ;
1923 499 2082 554 verbi
2115 488 2168 554 Α
2200 493 2257 547 in
2293 499 2412 550 tres
2443 496 2682 564 divides,
2717 502 2774 554 et
2803 499 2911 555 erit
2945 499 3316 574 Magnaque
3338 507 3474 578 pars
3499 499 3608 573 30;
3637 495 3851 578 posteii

443 591 651 666 gratia,
681 591 728 646 si
761 593 1050 653 nostrum,
1083 586 1140 642 id
1173 593 1259 643 est
1317 588 1634 660 septimum
1686 588 1863 645 clima
1890 589 2084 646 volue-

440 682 520 739 ris
555 681 765 747 metiri,
801 697 965 734 sume
997 697 1029 734 a
1059 695 1087 734 c
1114 696 1314 734 versus
1345 696 1374 735 e
1403 681 1470 734 48
1502 683 1691 752 partes
1709 680 1777 736 de
1797 681 1888 745 90,
1912 697 2083 752 supe-

437 772 620 828 riores
642 769 908 825 videlicet
932 770 1021 833 24,
1047 786 1148 840 per
1168 786 1314 840 quas
1343 769 1594 825 circulor
1617 770 1940 836 inveneras,
1970 770 2075 824 du-

435 859 699 933 plicatus,
731 875 945 929 easque
981 862 1112 913 nota
1144 859 1174 912 k
1211 859 1390 912 finito.
1441 859 1580 914 Item
1639 876 1672 914 a
1722 860 1750 914 Ι)
1793 876 1997 914 versus
2025 859 2078 926 d,

433 950 826 1013 tantumdem,
847 946 901 1001 id
928 951 1014 1002 est
1038 948 1104 1000 48
1136 952 1329 1017 partes
1352 951 1488 1002 nota
1516 949 1533 1002 ι
1573 947 1878 1011 secernito,
1904 951 1968 1002 ut
1996 946 2077 1000 vi-

432 1037 642 1094 delicet
675 1038 900 1106 integra
928 1035 1127 1090 circuli
1161 1037 1440 1091 medietas
1473 1055 1505 1092 a
1536 1038 1566 1091 k
1598 1038 1665 1091 ad
1699 1037 1733 1090 (ἰ
1769 1039 1786 1091 l
1820 1035 2077 1092 invenia-

428 1131 544 1182 tur.
580 1127 785 1181 Postea
817 1125 1202 1196 bemicyclum
1235 1143 1267 1179 a
1296 1127 1327 1180 k
1358 1143 1459 1196 per
1488 1143 1516 1180 c
1545 1131 1600 1180 et
1633 1129 1662 1182 ὁ
1689 1128 1758 1181 ad
1781 1127 1814 1181 (ἰ
1846 1128 1863 1180 l
1891 1142 2077 1197 usque

429 1217 501 1273 ad
555 1217 596 1283 ι,
657 1215 715 1270 in
771 1216 806 1266 6
865 1215 1101 1286 partire,
1159 1232 1637 1286 unamquamque
1697 1221 1918 1270 sextam
1951 1215 2076 1268 in6

428 1305 631 1360 itidem
666 1302 966 1375 impressis
992 1305 1221 1373 punctis
1247 1304 1482 1374 partire,
1515 1305 1700 1359 ethoc
1725 1306 1872 1358 facto
1898 1304 2072 1358 habe-

426 1395 502 1451 tis
534 1394 617 1449 ak
652 1409 836 1463 usque
868 1393 937 1446 ad
973 1393 990 1445 ι
1023 1392 1325 1447 intervalla
1345 1394 1433 1458 36,
1457 1391 1690 1464 singula
1713 1394 1922 1464 quinas
1947 1409 2076 1464 par-

425 1487 514 1539 tes
535 1483 606 1538 de
636 1482 739 1536 360
769 1481 948 1536 totius
980 1481 1180 1536 circuli
1213 1481 1478 1552 partibus
1510 1481 1976 1552 complcctentia.

495 1570 711 1628 Deinde
738 1569 999 1642 regulam
1035 1570 1091 1624 in
1123 1587 1151 1624 ε
1181 1574 1236 1624 et
1265 1570 1295 1623 k
1328 1575 1542 1642 puncta
1572 1587 1816 1642 ponens,
1850 1570 2064 1626 vide'in

424 1679 538 1734 quo
558 1660 684 1715 loco
706 1663 907 1730 tangat
941 1659 1155 1714 lineam
1182 1659 1567 1714 meridianam
1601 1677 1702 1731 per
1724 1659 1758 1714 ἀ
1777 1678 1810 1714 α
1839 1676 1868 1715 e
1897 1660 2068 1730 longe

423 1755 585 1807 extra
610 1747 948 1804 circulosin
982 1747 1096 1802 alia
1146 1747 1366 1810 tabula,
1419 1766 1594 1816 supra
1639 1766 1814 1820 quam
1848 1748 2064 1804 walza-

423 1839 598 1895 cbora
627 1837 920 1891 metienda
953 1835 1206 1906 ponitur,
1259 1835 1684 1907 prolongatam,
1732 1838 1928 1908 ibique
1959 1855 2067 1891 no—
2108 1857 2153 1921 Β

421 1931 544 1984 tam
575 1925 763 1981 scribe
791 1941 866 1990 m,
918 1925 1139 1995 sicque,
1192 1941 1306 1978 non
1353 1929 1510 1979 mota
1559 1924 1717 1991 hinc,
1766 1925 1822 1980 id
1855 1931 1944 1980 est
1973 1927 2007 1980 d
2040 1943 2069 1980 c

419 2019 638 2089 puncto
662 2013 882 2085 regula,
906 2013 977 2068 ad
1002 2013 1236 2085 singula
1258 2029 1359 2083 per
1385 2014 1671 2082 ordinem,
1697 2031 1812 2086 quo
1836 2032 1869 2069 a
1889 2016 1921 2069 k
1942 2016 2012 2070 ad
2047 2016 2065 2069 ι

417 2106 637 2161 feceras
658 2107 894 2174 puncta,
918 2103 1184 2157 eamdem
1210 2100 1470 2173 regulam
1495 2103 1735 2173 ponitio,
1769 2108 1824 2158 et
1847 2103 1918 2158 ad
1948 2104 2066 2158 sin-

417 2193 586 2267 gulas
624 2193 943 2264 positiones
965 2191 1260 2262 praefatam
1281 2191 1316 2244 ἁ
1346 2208 1378 2244 a
1410 2208 1438 2245 ε
1458 2190 1694 2258 lineam,
1720 2197 1834 2247 uta
1859 2193 2063 2263 regula

416 2287 708 2354 tangatur,
743 2283 962 2345 notato,
997 2280 1179 2333 donec
1214 2278 1406 2334 tricies
1437 2282 1494 2333 et
1523 2279 1710 2334 sexies
1749 2279 1879 2350 ipsa
1909 2281 2063 2336 linea

2198 583 2343 640 duas
2366 590 2580 658 partes,
2605 586 2661 642 id
2686 591 2775 644 est
2787 589 2855 643 60
2883 588 2941 644 in
2963 591 2998 645 5
3015 588 3256 656 divides,
3282 593 3338 649 et
3352 592 3848 668 eritunaquasque

2195 690 2331 744 pars
2363 678 2466 743 12;
2501 676 2706 732 deinde
2738 677 2884 734 duas
2915 683 3130 750 partes,
3165 681 3220 736 id
3271 687 3360 737 est
3397 683 3463 737 24
3504 681 3762 754 auferes,
3793 688 3851 742 et

2193 766 2334 818 tunc
2363 765 2432 818 36
2463 767 2868 822 remanebunt.

2265 853 2324 906 In
2359 855 2566 925 quinto
2601 861 2794 910 autem
2829 856 3010 928 [rogita
3041 858 3294 929 reperies
3323 875 3336 914 :
3387 860 3663 916 eumdem
3697 875 3844 935 qua-

2192 941 2456 998 drantem
2480 945 2536 998 in
2565 949 2683 1000 tres
2707 946 2952 1014 divides,
2972 951 3029 1001 et
3060 951 3261 1018 postea
3296 947 3464 1015 duas,
3496 948 3554 1004 id
3580 954 3670 1005 est
3689 950 3763 1004 60
3783 949 3844 1007 in

2189 1045 2306 1094 sex,
2329 1035 2383 1085 et
2409 1032 2516 1086 erit
2537 1050 2900 1106 unaquaeque
2924 1035 3218 1090 denarius.
3245 1037 3407 1091 Tunc
3427 1037 3588 1094 duas
3608 1039 3847 1096 auferes

2189 1124 2403 1188 partes.
2437 1120 2492 1174 id
2527 1126 2617 1176 est
2643 1124 2734 1188 20,
2768 1129 2822 1177 et
2855 1125 3244 1178 remanebunt
3269 1126 3355 1179 40.
3399 1127 3462 1180 In
3487 1133 3653 1182 sexto
3679 1128 3847 1184 doni-

2186 1223 2299 1279 que
2326 1210 2394 1262 45
2425 1209 2618 1264 taliter
2649 1212 2906 1267 invenies
2933 1231 2944 1266 :
2989 1214 3256 1268 eumdem
3310 1214 3701 1285 quadrantem
3737 1232 3848 1289 per

2185 1296 2442 1351 medium
2479 1298 2720 1365 divides,
2757 1304 2812 1353 et
2844 1318 3208 1372 unaquaeque
3260 1319 3396 1374 pars
3428 1303 3538 1358 erit
3570 1305 3661 1373 45,
3699 1323 3841 1361 nam

2184 1386 2273 1440 bis
2306 1388 2372 1441 45
2402 1388 2471 1440 90
2504 1389 2740 1444 faciunt.
2777 1389 2856 1445 De
2888 1391 3136 1461 septimo
3158 1390 3393 1448 climate
3415 1394 3838 1466 superiusjam

2183 1475 2404 1530 dictum
2443 1481 2548 1532 est.

2817 1603 3046 1659 CAPUT
3088 1604 3183 1659 Ill.

2514 1692 2588 1746 De
2618 1693 2781 1747 lineis
2812 1693 3074 1748 horarum
3120 1695 3482 1750 inveniendis.

2257 1833 2371 1888 Hoc
2395 1835 2564 1889 modo
2583 1835 2852 1905 perfectis
2878 1833 3343 1891 almucantarath
3375 1837 3832 1912 campilogram-

2183 1921 2296 1977 mis
2315 1923 2569 1992 spatium
2605 1923 2784 1978 trium
2823 1923 3095 1995 primitus
3125 1917 3413 1981 dictorum
3445 1925 3830 1999 circulorum,

2177 2012 2330 2082 quod
2365 2012 2516 2066 infra
2539 2011 2793 2083 primum
2817 2011 3284 2069 almucantarath
3301 2031 3369 2070 ex
3386 2021 3580 2086 partes
3600 2018 3830 2076 scilicet

2173 2099 2228 2168 ά,
2262 2099 2317 2153 id
2346 2103 2435 2155 est
2456 2100 2918 2171 septentrionali,
2958 2107 3241 2172 remanet,
3267 2107 3338 2158 12
3362 2104 3636 2160 horarum
3659 2107 3826 2165 loch-

2171 2187 2315 2242 tioni
2337 2187 2639 2259 inqualiter
2662 2188 2936 2244 distribui
2969 2190 3078 2245 hoc
3108 2192 3282 2248 modo
3330 2193 3516 2249 debet.
3543 2193 3716 2251 Initio
3735 2197 3842 2253 ab

2172 2275 2297 2347 ipso
2321 2276 2784 2332 almucantaratb
2818 2294 2851 2332 a
2881 2283 3045 2348 parte
3073 2297 3101 2334 c
3132 2285 3389 2351 sumpto,
3422 2282 3675 2354 spatium
3703 2291 3836 2340 cu;

417 2375 621 2426 notata
662 2368 722 2423 in
766 2385 792 2423 c
819 2371 876 2422 et
909 2368 927 2421 ι
967 2370 1182 2438 puncta
1227 2366 1488 2438 regulam
1523 2373 1881 2438 ponas,et,ut
1910 2383 2060 2438 smpe
2162 2365 2383 2436 jusque
2413 2367 2591 2419 trium
2616 2365 2970 2421 circulorum
3003 2385 3191 2440 usque
3211 2369 3283 2424 ad
3309 2369 3824 2437 lineamdae,su

417 2460 634 2514 dictam
648 2455 910 2529 regulam
925 2460 1143 2525 tangat,
1160 2455 1530 2525 trigesimum
1547 2462 1774 2511 sextum
1796 2457 2055 2529 signum,

415 2546 476 2602 id
515 2550 606 2602 est
634 2563 692 2611 η,
741 2544 939 2598 facias.
983 2544 1105 2606 Quo
1159 2544 1308 2598 facto
1359 2545 1617 2615 spatium
1668 2545 1853 2608 lineae,
1901 2547 2054 2618 quod

413 2635 566 2691 inter
594 2651 650 2689 m
678 2637 734 2688 et
763 2651 799 2687 n
831 2633 1182 2698 continetur,
1217 2637 1452 2703 accepto
1485 2633 1700 2689 circino
1729 2634 1787 2688 in
1815 2635 1930 2690 duo
1967 2636 2054 2690 di-

412 2723 566 2790 vide,
588 2722 724 2778 etin
747 2722 1056 2777 medietate
1087 2726 1286 2777 centro
1307 2723 1418 2778 ﬁxo
1439 2723 1850 2796 hemicyclum,
1878 2742 2052 2795 quem

411 2811 892 2867 Almucantarath
931 2811 1144 2866 Arabes
1185 2817 1412 2877 vocant,
1443 2813 1597 2867 inter
1639 2817 1759 2868 tres
1803 2813 2055 2868 circulos

411 2916 516 2974 per
545 2899 575 2954 b
605 2915 643 2953 η
671 2916 700 2953 c
730 2899 976 2955 inﬂecte.
1014 2900 1155 2955 Item
1189 2900 1456 2971 spatium
1491 2900 1675 2964 lineas,
1715 2903 2055 2973 quod'inter

411 2988 742 3062 proximum
765 2989 1000 3060 signum
1025 2989 1096 3044 ab
1117 3007 1172 3044 m
1203 2994 1258 3045 et
1281 2989 1609 3060 proximum
1634 2991 1704 3046 ab
1745 3009 1778 3045 η
1803 2992 2055 3063 comple-

411 3077 610 3141 ctitur,
633 3075 692 3131 in
715 3077 830 3131 duo
852 3077 1097 3142 divides,
1123 3082 1198 3143 et,
1241 3083 1504 3134 centrum
1527 3080 1584 3133 in
1628 3079 1820 3136 medio
1845 3080 2048 3152 ﬁgens,

409 3165 874 3222 alterumitidem
899 3165 1285 3238 hemicyclum
1309 3168 1598 3222 curvabis.
1631 3169 1840 3222 Eodem
1875 3171 2049 3224 modo

408 3253 584 3326 spatii
616 3253 782 3308 lineae
814 3252 966 3308 inter
994 3254 1232 3308 tertium
1279 3256 1350 3309 ab
1401 3272 1472 3320 m,
1518 3260 1574 3310 et
1622 3256 1856 3311 tertium
1907 3259 1978 3311 ab
2013 3276 2049 3312 η

407 3342 645 3414 signum
668 3341 900 3396 inventa
925 3342 1254 3407 medietate,
1281 3343 1516 3398 tertium
1536 3344 1922 3416 hemicyclum
1950 3348 2047 3401 de-

406 3431 509 3487 bes
534 3432 836 3486 incurvare
853 3449 865 3498 ;
883 3431 1082 3503 sicque
1096 3431 1410 3486 ordinatim
1428 3432 2045 3504 persingulaejusderr.

405 3507 568 3575 lineas
591 3519 759 3591 signa
777 3518 1023 3574 interius
1043 3519 1316 3591 utrinque
1340 3520 1738 3592 progrediens,
1767 3521 2048 3592 spatium-

405 3615 518 3680 que
548 3607 701 3679 quod
731 3606 884 3663 inter
926 3608 1052 3680 ipsa
1103 3608 1436 3662 continetur
1483 3607 1540 3662 in
1593 3609 1707 3663 duo
1758 3608 2045 3677 dividens,

368 3729 371 3742 ι
402 3703 557 3754 nunc
583 3695 958 3769 semiplenos,
983 3713 1138 3752 nunc
1158 3697 1415 3768 integros
1439 3696 1687 3753 circulos
1709 3697 2043 3765 circinabis,

401 3787 604 3851 donec,
629 3786 698 3840 ad
725 3784 983 3840 medium
1009 3783 1310 3857 signorum
1336 3785 1696 3856 perveniens,
1722 3787 2041 3842 octodecim

401 3874 797 3932 orbiculorum
829 3873 1307 3930 Almucantarath
1332 3875 1770 3930 consummabis
1797 3893 1810 3941 ;
1845 3874 2045 3948 sicque

401 3965 474 4021 ab
500 3981 560 4032 n,
590 3963 646 4018 id
677 3967 768 4019 est
798 3981 831 4018 a
851 3963 1040 4035 primo
1063 3963 1530 4018 almucantarath
1554 3980 1743 4035 usque
1767 3963 1838 4018 ad
1868 3965 2042 4019 medii

399 4053 640 4110 orbiculi
666 4057 955 4118 centrum,
985 4053 1057 4105 90
1077 4054 1295 4125 gradus
1329 4056 1769 4124 computantur,
1796 4069 1899 4124 per
1920 4053 2040 4108 sin-

398 4141 538 4216 gula
559 4141 778 4197 scilicet
815 4140 1469 4212 campilogrammorum
1515 4139 1815 4196 intervalla
1846 4142 2042 4213 quinis

398 4231 680 4306 gradibus
710 4229 1088 4284 enumeratis.

470 4319 557 4371 Ab
587 4317 714 4388 ipso
734 4333 868 4371 vero
901 4334 939 4370 n
979 4327 1166 4387 usque
1197 4318 1266 4372 ad
1302 4317 1561 4372 medium
1603 4322 1867 4372 centrum
1893 4337 1926 4373 a
1957 4324 2041 4374 tot

397 4405 616 4479 gradus
648 4405 704 4458 in
757 4406 1088 4476 inoquoque
1119 4405 1349 4458 climate
1380 4404 1622 4475 reperis,
1653 4411 1793 4476 quot
1823 4408 2041 4478 gradus

397 4493 576 4550 habet
605 4492 852 4554 altitudo
896 4493 1083 4563 ipsius
1131 4492 1386 4547 climatis
1437 4495 1593 4563 quod
1646 4496 2035 4566 mensurabis,

396 4585 601 4655 utpote
627 4581 684 4636 in
718 4581 987 4646 septimo,
1021 4581 1188 4651 cujus
1219 4597 1375 4636 nunc
1419 4597 1705 4637 mensura:
1748 4585 2045 4656 exemplar
2075 4606 2120 4670 D

395 4669 675 4743 expressi,
707 4671 794 4725 Iri.
832 4669 893 4724 In
920 4670 1110 4741 primo
1143 4673 1338 4724 autem
1389 4669 1620 4725 climate
1675 4672 1738 4726 15
1771 4673 1852 4727 sic
1885 4673 2039 4730 inve-

395 4762 523 4819 nies
548 4777 560 4818 :
587 4759 780 4816 divide
820 4759 1204 4832 quadrantem
1239 4759 1296 4812 in
1331 4763 1446 4813 tres
1495 4763 1686 4830 partes
1717 4766 1774 4816 et
1807 4764 2038 4818 tertiam

394 4850 695 4924 partemin
719 4850 888 4905 duas.
910 4847 1075 4902 Tunc
1101 4850 1347 4918 utraque
1371 4864 1502 4919 pars
1525 4849 1783 4905 continet
1806 4850 1861 4904 in
1889 4868 1950 4907 se
1974 4853 2042 4906 15

393 4941 633 5014 gradus.
660 4940 721 4996 In
747 4937 1005 4994 secundo
1044 4941 1242 4996 autem
1283 4935 1518 4992 climate
1555 4939 1621 4992 24
1649 4940 1727 4994 ita
1749 4941 2036 5011 reperies:

393 5029 584 5086 divide
605 5029 963 5101 quadrantes
985 5025 1044 5079 in
1073 5029 1190 5079 tres
1236 5030 1449 5096 partes,
1491 5031 1546 5080 et
1577 5032 1778 5098 postea
1805 5028 2039 5083 tertiam

393 5124 618 5192 partem
649 5134 717 5172 ex
747 5113 1035 5186 almagrip
1061 5113 1119 5168 in
1150 5117 1184 5169 5
1213 5114 1423 5179 divide,
1456 5119 1512 5169 et
1540 5117 1862 5172 continebit
1894 5135 2037 5171 una-

394 5223 640 5280 quaeque
662 5203 1135 5280 pai‘syenarium.
1173 5203 1376 5258 Postea
1410 5203 1675 5276 quintam
1709 5212 1938 5277 partem
1972 5223 2039 5261 ex

394 5294 680 5365 almagrip
703 5291 1135 5359 semocriorem,
1159 5292 1423 5348 videlicet
1453 5293 1750 5348 senarium
1784 5296 2034 5362 auferes,

393 5381 451 5437 et
471 5380 962 5436 remanebunt2-i.
993 5382 1240 5436 lntertio
1283 5399 1415 5437 vero
1463 5381 1696 5438 climate
1738 5384 1912 5438 39ita
1943 5401 2037 5438 re-

393 5469 618 5543 peries:
643 5469 1029 5532 Quadrantem
1074 5470 1294 5526 scilicet
1313 5472 1384 5524 90
1413 5489 1446 5525 a
1475 5487 1503 5525 c
1543 5471 1600 5524 in
1639 5476 1755 5527 tres
1787 5472 2034 5538 divides,

394 5558 582 5614 et‘eri't
603 5576 964 5631 unaquaque
987 5578 1121 5633 pars
1141 5562 1228 5614 30.
1261 5563 1317 5615 ln
1344 5565 1551 5631 quarto
1574 5564 1770 5615 autem
1803 5560 2035 5617 climate

391 5647 462 5705 38
491 5648 684 5706 taliter
714 5650 964 5726 reperies
993 5668 1005 5706 :
1043 5652 1253 5707 iterum
1288 5650 1695 5721 quadrantem,
1743 5650 1795 5704 id
1827 5656 1912 5706 est
1941 5651 2030 5718 90,

2169 2453 2646 2509 antemeridianis
2661 2454 2818 2510 horis
2841 2455 3138 2527 aequaliter
3154 2457 3484 2530 dispertire.
3505 2459 3814 2530 Similiter,

2169 2543 2240 2598 ab
2264 2543 2391 2614 ipsa
2413 2543 2446 2597 d
2467 2561 2501 2598 a
2519 2561 2550 2598 ε
2572 2543 2726 2598 linea
2746 2561 2932 2616 usque
2953 2546 3024 2600 ad
3065 2546 3530 2604 almucanta'rath
3560 2561 3633 2604 ex
3654 2555 3818 2621 parte

2169 2632 2217 2696 ὁ,
2278 2648 2418 2686 sena
2474 2632 2531 2686 in
2579 2632 2830 2704 singulis
2878 2632 3114 2689 circulis
3173 2634 3421 2692 metiens
3478 2635 3813 2708 intervalla,

2167 2721 2643 2794 postmeridianis
2665 2721 2828 2776 horis
2860 2723 3191 2793 deputabis.

2238 2811 2440 2865 Postea
2471 2811 2690 2882 accepti
2722 2809 2923 2865 circini
2957 2819 3143 2866 unum
3176 2813 3383 2884 pedem
3442 2815 3547 2871 tali
3595 2817 3814 2874 irrl'oco

2165 2900 2341 2971 ﬁgere
2363 2900 2558 2966 debes,
2584 2903 2649 2953 ut
2679 2898 2826 2954 alter
2850 2899 2961 2953 tria
2983 2904 3218 2969 puncta,
3255 2902 3455 2973 primae
3478 2904 3633 2961 hera:
3656 2906 3814 2963 limi-

2162 2992 2279 3043 tem
2311 2987 2368 3041 in
2402 2987 2666 3058 singulis
2700 2986 2922 3042 scilicet
2969 2987 3205 3045 circulis
3255 2990 3586 3063 signantia,
3625 2996 3839 3067 possit?

2163 3076 2467 3148 attingere,
2496 3082 2554 3131 et
2591 3077 2672 3131 ita
2730 3075 3064 3133 circinando
3120 3078 3355 3135 finalem
3399 3082 3614 3153 prima!
3655 3084 3836 3141 hort

2166 3165 2381 3221 lineam
2406 3165 2557 3221 inter
2578 3166 2738 3236 ipsos
2759 3169 2878 3222 tres
2899 3165 3149 3222 circulos
3172 3169 3463 3237 curvabis,
3483 3172 3812 3245 eodemque

2166 3255 2338 3310 modo
2356 3271 2456 3326 per
2477 3253 2742 3326 singulas
2762 3253 2937 3308 horas
2958 3253 3178 3310 faciens
3205 3273 3359 3312 nunc
3385 3260 3804 3330 contrahendo,

2160 3357 2315 3398 nunc
2333 3342 2656 3408 dilatando,
2676 3343 2733 3396 in
2757 3333 3120 3414 diversisque
3141 3343 3284 3400 locis
3303 3345 3617 3415 circinum,
3634 3355 3808 3422 prout

2158 3437 2508 3505 punctorum
2531 3431 2741 3503 positio
2763 3431 3227 3504 poscit,ﬁgendo,
3247 3433 3618 3507 singularum
3641 3437 3807 3494 hora-

2159 3538 2290 3576 rum
2314 3519 2517 3575 ﬁnales
2539 3519 2724 3575 lineas
2747 3519 3059 3576 circinabis
3085 3537 3098 3588 ;
3122 3521 3324 3593 sicque
3362 3523 3619 3597 singulis
3643 3527 3804 3584 boris

2158 3614 2473 3664 nascentur
2490 3607 2793 3663 intervalla
2813 3608 2883 3662 ad
2903 3608 3236 3665 interiorem
3255 3611 3810 3681 quidem-circulum

2155 3696 2554 3765 contractiora,
2579 3697 2648 3751 ad
2671 3695 3011 3751 exteriorem
3047 3699 3180 3752 vero
3214 3696 3444 3768 latiora,
3485 3707 3615 3773 quae
3645 3703 3804 3761 vide-

2154 3786 2290 3841 licet
2306 3785 2436 3857 ipsa
2455 3783 2926 3856 septentrionalis
2946 3785 2980 3839 d
3001 3803 3034 3839 a
3055 3801 3084 3840 e
3105 3785 3159 3839 in
3182 3787 3373 3843 medio
3390 3786 3612 3846 limitat
3626 3789 3803 3850 linea.

2155 3876 2396 3931 Talibus
2427 3875 2508 3929 ita
2538 3873 2832 3928 mensuris
2870 3876 2927 3928 et
2975 3873 3376 3947 perigraphiis‘
3415 3881 3806 3950 quaternas"!

2154 3964 2374 4021 scilicet
2405 3963 2707 4019 climatum
2733 3961 2967 4018 tabulas
2997 3964 3295 4037 insignito.

2787 4104 3019 4161 CAPUT
3057 4105 3153 4161 Ill.

2603 4195 2899 4266 Descriptio
2946 4195 3346 4251 Alhanc‘abuth.

2173 4330 2176 4334 '
2223 4317 2438 4374 Deinde
2468 4315 2798 4384 volvel'lum,
2831 4335 2933 4374 seu
2965 4323 3105 4385 rete,
3142 4319 3297 4391 quod
3342 4321 3558 4379 Arabes
3589 4321 3802 4381 Athan:

2149 4407 2345 4463 cabuth
2362 4407 2895 4476 nominant,crebra
2907 4409 3284 4479 percussione
3296 4411 3802 4482 perfor‘atum,hoc

2151 4497 2322 4552 modo
2353 4495 2462 4552 erit
2490 4495 2871 4551 metiendum.
2904 4495 3222 4568 Dcscriptis
3273 4495 3464 4571 primo
3505 4501 3566 4555 in
3597 4503 3804 4559 tabula
3833 4513 3838 4518 '

2152 4585 2660 4657 ejusaliquantum
2693 4584 2990 4656 spissiore,
3016 4599 3197 4656 quam
3231 4584 3349 4642 sint
3370 4581 3804 4660 subpositai'rc-

2150 4675 2285 4730 tulze
2317 4673 2461 4741 aliae,
2493 4689 2616 4744 quas
2658 4677 2773 4729 tres
2823 4677 2960 4729 sunt
3001 4675 3270 4743 numero,
3318 4669 3511 4733 tribus
3561 4669 3838 4738 circulis"

2150 4764 2413 4835 ejusdem
2443 4761 2809 4834 quantitatis,
2833 4763 3004 4834 cujus
3026 4767 3084 4818 et
3100 4765 3802 4837 supra‘aequinoctialivi-

2151 4852 2378 4916 delicet,
2403 4849 2642 4906 hiemali
2677 4855 2851 4922 atque
2881 4851 3077 4908 aestivo
3107 4849 3546 4924 solstitialibus,
3568 4855 3806 4915 θοᾶθῶ-

2149 4945 2263 5013 que
2285 4941 2455 4996 modo
2495 4956 2629 4995 cum
2667 4938 2840 4996 lineis
2876 4941 3071 5008 rectis,
3114 4957 3262 5014 quas
3291 4929 3534 5000 Cbluros
3564 4945 3712 5015 dixi,
3743 4949 3807 5005 in

2150 5035 2400 5102 quatuor
2429 5043 2614 5101 aequa,
2645 5031 2710 5084 ut
2755 5045 2955 5101 supra,
3002 5030 3225 5098 divisis,
3278 5027 3558 5088 Colurum
3611 5033 3808 5094 unum

2148 5133 2350 5175 versus
2373 5117 2673 5173 meridiem
2695 5134 2728 5172 a
2753 5117 3148 5189 septentrione
3171 5117 3484 5186 directum,
3509 5139 3545 5178 a
3574 5121 3806 5196 puncto

2149 5208 2248 5262 ubi
2272 5208 2536 5262 aestivum
2575 5205 2856 5260 minimus
2893 5206 2952 5260 in
2977 5206 3092 5262 fine
3125 5213 3304 5276 secat,
3335 5223 3526 5282 usque
3548 5211 3621 5268 ad
3647 5229 3806 5287 pun-

2148 5301 2303 5351 ctum
2342 5295 2435 5350 ubi
2460 5312 2526 5349 ex
2547 5295 2810 5366 opposito
2835 5295 3092 5351 maximo
3112 5296 3385 5370 jungitur
3410 5297 3654 5358 hiemali
3685 5302 3808 5359 εῖτ-³
3831 5317 3835 5319 ‘

2146 5385 2298 5450 culo,
2333 5385 2388 5438 in
2422 5385 2536 5438 duo
2568 5383 2780 5448 divide,
2811 5386 2869 5438 et
2898 5388 3095 5441 centro
3127 5385 3188 5440 in
3219 5386 3412 5442 medio
3463 5381 3576 5444 fixo’
3609 5387 3800 5447 zodia-

2145 5488 2270 5527 cum
2300 5469 2606 5537 circulum,
2631 5469 2687 5523 in
2716 5486 2830 5541 quo
2859 5475 2982 5526 tota
3005 5471 3185 5544 hujus
3223 5473 3366 5530 artis
3383 5471 3659 5532 consistit
3677 5465 3802 5534 effi-

2145 5561 2379 5627 cacitas,
2397 5559 2476 5614 ita
2497 5558 2910 5614 circumscribe
2931 5565 2996 5615 ut
3020 5561 3330 5618 minimum
3352 5568 3542 5620 totdm
3565 5557 3721 5625 infra
3737 5565 3800 5625 se

2146 5647 2450 5705 continens
2475 5645 2755 5702 circulum
2781 5661 2848 5702 ex
2871 5665 2987 5704 una
3009 5649 3058 5705 ei
3087 5651 3500 5725 conjungatur,
3520 5651 3588 5711 ex
3609 5659 3795 5728 oppo-
