3982 6216
143 333 262 422 ἔιΩὲ

143 556 426 628 diumque
457 554 752 611 circulum
784 555 1132 622 altrinsecus
1162 555 1339 612 simul
1364 561 1420 611 et
1442 557 1621 612 alium
1643 555 1803 611 colu-

145 661 282 701 rum
313 645 384 700 ad
415 644 652 717 singula
673 649 889 717 puncta
913 647 1246 710 intersecat,
1283 649 1455 716 atque
1486 661 1588 716 per
1616 645 1804 715 ipsius

150 732 335 789 coluri
350 732 562 789 lineam
576 732 638 788 in
653 732 1126 805 binahemisphaa
1136 733 1238 799 ria,
1257 734 1356 788 sed
1378 749 1492 788 non
1507 731 1806 803 aequaliter

148 821 466 894 dividatur;
510 823 625 894 ipsi
677 838 909 894 quoque
956 838 1275 896 congruam
1321 821 1711 886 latitudinem,
1745 821 1804 874 in

143 927 260 984 qua
306 911 546 967 nomina
592 911 898 966 duodecim
950 911 1276 983 signorum,
1308 914 1366 965 et
1413 909 1804 980 quarumdam

144 987 454 1070 stellarum
477 999 721 1055 inscribi
744 1000 990 1080 possint,
1015 999 1085 1055 ad
1112 999 1344 1054 libitum
1369 999 1580 1054 tribue.
1605 997 1807 1070 Spatia

143 1104 281 1156 vero
301 1092 362 1144 et
380 1087 511 1156 loca
524 1088 786 1160 ipsorum
810 1088 1117 1144 duodecim
1138 1087 1442 1162 signorum
1465 1086 1576 1142 hoc
1609 1086 1801 1142 modo.

812 1219 1047 1277 CAPUT
1080 1223 1146 1275 V.

481 1332 564 1383 De
584 1330 773 1400 spatii:
798 1330 1086 1398 signorum
1115 1328 1481 1383 inveniendis.

237 1442 562 1520 Manimum
615 1443 854 1498 tertium
916 1442 1270 1498 circulorum
1330 1443 1388 1498 in
1450 1445 1515 1498 12
1568 1444 1805 1516 partire,

146 1548 639 1604 unumquemque
670 1532 890 1588 scilicet
922 1533 1310 1604 quadrantem
1336 1533 1393 1588 in
1427 1532 1556 1589 tria.
1587 1533 1806 1588 Dehinc

141 1619 412 1700 regulam
443 1624 662 1678 rectam
687 1620 759 1675 ad
789 1618 1056 1694 singulas
1086 1620 1154 1674 42
1184 1624 1396 1692 partes,
1439 1625 1494 1675 et
1525 1621 1595 1689 ad
1629 1620 1805 1676 trium

141 1707 501 1786 circulorum
552 1713 819 1766 centrum
879 1709 1100 1782 ponito,
1151 1713 1208 1765 et
1247 1709 1580 1776 Zodiacum,
1630 1726 1805 1782 quem

138 1783 367 1874 feceras
382 1797 700 1874 circulum,
721 1796 817 1856 ubi
837 1797 909 1872 ad
931 1796 1196 1872 singulas
1217 1797 1536 1870 positiones
1558 1815 1591 1864 a
1608 1797 1808 1870 regula

136 1874 429 1968 tangitur,
461 1885 637 1944 lineis
685 1889 897 1955 secato,
949 1891 1004 1940 et
1036 1885 1115 1941 ita
1147 1886 1213 1940 42
1251 1886 1310 1940 in
1341 1901 1408 1940 eo
1459 1886 1664 1956 spatia,
1707 1887 1807 1941 sed

137 1992 259 2046 non
283 1974 539 2048 aequalia
566 1975 825 2030 efﬁciens
855 1975 915 2028 in
950 1975 1195 2030 minoris
1223 1973 1618 2045 hemisphaerii
1652 1975 1810 2032 senis

139 2064 356 2138 spatiis
388 2080 533 2126 sena
558 2061 728 2134 signa
767 2063 837 2120 ab
870 2061 1060 2118 Ariete
1104 2079 1292 2134 usque
1338 2062 1573 2120 Libram
1610 2067 1811 2119 contra

142 2138 442 2233 mundum
487 2168 522 2226 ᾳ
552 2152 788 2206 dextera
814 2150 1038 2222 scilicet
1066 2151 1123 2205 in
1165 2151 1468 2206 sinistram
1520 2151 1805 2206 ordinato.

140 2241 212 2297 In
244 2240 493 2320 majoris
525 2257 756 2312 quoque
785 2239 1026 2294 totidem
1079 2239 1286 2311 spatiis
1339 2238 1453 2294 alia
1500 2241 1742 2295 totidem
1777 2257 1810 2314 a

148 2330 333 2384 Libra
360 2345 546 2402 usque
577 2329 645 2383 ad
678 2328 933 2384 Arietem
975 2327 1162 2399 signa.
1207 2327 1418 2399 Sicque
1448 2327 1519 2382 ab
1551 2328 1806 2398 aequino-

149 2417 323 2496 ctiali
355 2416 563 2472 circulo
593 2433 778 2488 usque
797 2417 868 2472 ad
915 2415 1182 2470 aestivum
1215 2415 1398 2482 Aries,
1428 2417 1680 2482 Taurus,
1701 2417 1810 2471 Ge-

148 2505 314 2578 mini
335 2505 760 2577 protenduntur
784 2523 798 2573 ;
821 2505 1069 2575 indeque
1091 2522 1325 2559 rursum
1349 2505 1420 2559 ad
1442 2505 1810 2576 aequinoctia-

143 2595 278 2666 lem
302 2593 518 2649 Cancer
537 2610 668 2648 cum
689 2593 875 2649 Leone
896 2597 952 2648 et
971 2593 1208 2664 Virgine
1228 2591 1602 2649 reclinantur.
1640 2595 1807 2649 Porro

139 2685 292 2740 inde
328 2683 399 2738 ad
434 2681 740 2738 hiemalem
795 2681 978 2748 Libra,
1025 2681 1300 2754 Scorpius
1346 2682 1809 2754 Sagittariusque

137 2774 516 2844 devergunt;
548 2774 607 2826 et
635 2770 771 2825 inde
800 2769 1004 2824 itidem
1036 2771 1106 2846 ad
1131 2769 1596 2842 mquinoctialem
1619 2770 1810 2841 Capri-

135 2846 368 2930 cornus
392 2877 526 2916 cum
548 2859 805 2932 Aquario
835 2863 892 2928 et
919 2858 1183 2914 Piscibus
1216 2863 1547 2931 resurgunt.
1582 2859 1644 2913 In
1669 2876 1806 2915 con-

129 2936 170 3007 ti
195 2951 289 3008 nio
322 2935 562 3023 quoque
590 2948 882 3024 Sagittarii
902 2952 958 3004 et
979 2947 1310 3018 Capricorni
1329 2947 1568 3020 quidam
1591 2949 1804 3020 promi-

127 3046 248 3116 net
296 3037 637 3100 denticulus
683 3036 887 3100 Almeri
933 3036 1192 3103 Arabice,
1239 3036 1296 3091 1d
1346 3041 1454 3104 est,
1505 3038 1809 3093 calculator

126 3129 462 3195 vocitatus.

1192 327 1426 398 LIBER
1471 335 1570 397 DE
1615 335 1992 399 MENSURA
2038 335 2526 398 ASTROLABII.

142 467 258 524 sita
295 483 401 538 per
439 464 798 526 diametrum
838 470 1000 540 parte
1039 467 1294 523 maximo
1333 468 1644 536 adunetur,
1687 484 1800 522 me-
1829 470 1883 534 Α

3435 335 3556 404 386

2558 467 2788 523 CAPUT
2830 469 2914 523 Vl.

2387 556 2456 610 De
2485 558 2748 625 positione
2776 558 3076 611 stellarum.

1985 643 2099 698 Hoc
2133 643 2302 697 modo
2323 642 2554 697 zodiaco
2578 645 2826 714 perfecto
2850 651 3052 701 acutos
3069 646 3378 704 clnviculos
3397 667 3557 721 spar-

1914 731 2026 786 sim
2058 732 2232 786 certis
2263 731 2320 785 in
2370 731 2514 786 locis
2544 731 2602 785 in
2653 733 3059 788 Alhancabuth
3112 735 3273 805 ﬁxos,
3307 754 3556 808 quorum

1914 821 2186 876 acumina
2219 819 2679 876 clarissimarum
2713 824 3101 893 quarumdam
3130 825 3430 882 stellarum
3474 827 3559 884 vi-

1914 925 2036 964 cem
2051 909 2383 974 tenent,hac
2399 909 2614 963 ratione
2630 912 2927 981 ponendos
2945 913 3556 974 docentastronomici.

1914 1000 2355 1070 Quamcumque
2385 1014 2521 1070 erga
2561 998 2787 1054 stellam
2835 1000 2894 1054 in
2943 1017 3008 1055 eo
3053 1001 3239 1058 locare
3286 1003 3559 1076 volueris,

1914 1087 2100 1160 prius,
2125 1086 2181 1140 in
2196 1087 2409 1158 pagina
2423 1086 2771 1158 subscripta,
2792 1093 2994 1143 contra
3011 1107 3182 1161 quem
3200 1093 3446 1164 gradum
3463 1110 3562 1150 cu-

1908 1176 2242 1246 juscunque
2268 1175 2333 1228 v12
2355 1174 2654 1246 signorum
2681 1177 2880 1231 eadem
2906 1179 3038 1248 poni
3067 1179 3291 1246 debeat,
3316 1181 3481 1252 vide;
3507 1187 3563 1240 et

1915 1263 1970 1317 in
1995 1263 2266 1316 eumdem
2281 1264 2527 1334 gradum
2543 1269 2715 1334 atque
2731 1263 2787 1318 in
2807 1265 2983 1321 trium
2998 1267 3271 1322 caelorum
3293 1275 3561 1326 centrum

1915 1349 2177 1423 regulam
2193 1367 2435 1422 ponens,
2461 1352 2712 1406 mediam
2728 1354 2990 1422 ejusdem
3015 1355 3294 1410 denticuli
3315 1373 3416 1414 seu
3433 1357 3565 1414 stel-

1915 1438 1984 1494 lae
2013 1438 2226 1494 lineam
2259 1439 2462 1512 dirige,
2498 1446 2808 1511 postquam
2833 1443 2903 1497 ab
2932 1460 2996 1500 eo
3021 1445 3206 1516 gradu
3230 1463 3344 1517 quo
3380 1447 3563 1512 maxi-

1918 1543 2048 1584 mus
2079 1544 2113 1581 a
2143 1526 2343 1600 regula
2365 1527 2618 1583 circulus
2639 1529 3008 1600 tangitur,tot
3029 1532 3247 1602 gradus
3269 1533 3328 1588 in
3359 1535 3564 1594 eodem

1919 1615 2169 1671 maxime
2211 1616 2446 1683 circulo,
2483 1617 2580 1688 qui
2616 1618 2671 1670 in
2703 1619 2808 1673 360
2837 1619 3059 1676 divisus
3089 1626 3197 1690 est,
3233 1622 3566 1695 iterumque

1917 1721 2162 1770 numera
2191 1709 2332 1775 quot
2363 1704 2548 1759 eidem
2603 1705 2779 1760 stellae
2812 1709 2867 1760 in
2918 1709 3120 1764 eadem
3169 1711 3452 1782 ascriptos
3483 1712 3566 1768 vi-

1917 1792 2072 1847 deris
2101 1793 2335 1864 pagina,
2361 1798 2417 1846 et
2448 1792 2543 1846 ubi
2577 1810 2854 1850 numerus
2883 1795 3007 1867 ipse
3038 1798 3310 1869 utrinque
3344 1799 3564 1865 linitur,

1917 1881 1994 1935 ibi
2020 1880 2368 1936 altrinsecus
2384 1881 2642 1952 regulam
2667 1898 2833 1952 pone,
2855 1889 3028 1956 atque
3048 1886 3145 1940 ubi
3169 1886 3343 1942 stellae
3359 1887 3512 1944 linea
3534 1905 3568 1944 a

1919 1969 2118 2041 regula
2132 1969 2495 2041 tangitur,ibi
2514 1987 2757 2024 acumen
2773 1974 3152 2042 porrectionis
3169 1976 3296 2046 ejus
3310 1977 3568 2034 abscidae

1919 2065 2049 2113 tur:
2077 2059 2142 2112 V.
2169 2058 2232 2112 G.
2258 2059 2540 2112 Alramech
2563 2059 2618 2111 in
2639 2077 2782 2113 zona
2802 2060 2993 2114 Bootis
3015 2063 3187 2116 fixam
3214 2065 3400 2134 posita
3417 2066 3473 2119 in
3490 2066 3567 2118 vi-

1918 2148 2134 2203 cesimo
2147 2151 2352 2217 quarto
2368 2148 2504 2218 grad
2518 2165 2549 2200 u
2569 2147 2767 2212 Libraa,
2783 2153 2837 2201 et
2850 2149 2906 2202 in
2923 2155 3118 2204 centro
3135 2152 3312 2206 trium
3329 2153 3568 2208 circulo-

1918 2253 2048 2290 rum
2069 2235 2270 2306 regula
2287 2234 2553 2303 lineabis,
2570 2240 2623 2290 et
2642 2237 2712 2290 ab
2728 2253 2791 2290 eo
2806 2237 2986 2308 gradu
3009 2238 3066 2292 in
3082 2241 3333 2296 maximo
3352 2241 3567 2298 circulo

1915 2325 1986 2378 65
2013 2324 2234 2396 gradus
2265 2324 2536 2394 utrinque
2577 2341 2913 2392 numerans,
2964 2327 3060 2380 ubi
3113 2327 3236 2398 ipse
3285 2345 3566 2387 numerus

1918 2413 2295 2478 terminatur,
2315 2413 2593 2483 apposita
2619 2413 2818 2484 regula
2851 2431 3093 2470 acumen
3132 2420 3422 2474 Alramech
3438 2421 3571 2490 jux-

1920 2506 1976 2556 ta
2001 2517 2128 2556 eam
2153 2502 2327 2556 finem
2361 2501 2656 2556 sortiatur.

1988 2590 2199 2645 Eodem
2235 2591 2428 2655 modo,
2454 2591 2625 2660 juxta
2650 2607 2926 2647 numeros
2955 2591 3012 2647 in
3046 2593 3170 2665 ipsa
3201 2597 3414 2668 pagina
3447 2599 3568 2653 sin-

1915 2678 2070 2749 gulis
2099 2677 2284 2733 stellis
2306 2678 2609 2749 ascriptos,
2634 2682 2764 2750 post
2782 2679 3086 2737 Alramech
3109 2683 3165 2737 in
3187 2684 3313 2756 ipso
3334 2686 3568 2745 zodiaco

1916 2768 2076 2837 Efeca
2136 2767 2345 2834 album,
2397 2767 2668 2834 Althahzr,
2737 2769 2928 2837 Del/in,
2990 2772 3239 2842 lat/eras
3284 2773 3566 2832 locentur.

1918 2858 1976 2912 In
2011 2855 2248 2927 parvulo
2275 2855 2489 2912 circulo
2512 2856 2663 2912 circa
2688 2861 2951 2913 centrum
2986 2861 3055 2914 ad
3103 2861 3210 2917 hoc
3233 2864 3403 2934 juxta
3441 2865 3571 2939 pla-

1914 2945 2094 3000 citum
2145 2944 2545 2999 circumducto
2597 2947 2864 3016 Benenas,
2921 2949 3092 3019 Wega,
3148 2953 3338 3022 Altn’f,
3385 2953 3566 3025 Algol,

1915 3033 2204 3097 Albucoch,
2237 3035 2470 3104 Egregez.
2500 3038 2555 3089 et
2584 3036 2856 3090 Alrucuba
2899 3038 3259 3094 ordinentur.
3303 3043 3364 3096 In
3407 3049 3572 3115 parte

1913 3140 2045 3178 vero
2065 3122 2452 3192 aequinoctiali
2473 3123 2673 3177 circuli
2688 3141 2721 3179 a
2734 3126 2965 3196 regione
2979 3127 3153 3182 Tauri
3170 3145 3352 3200 usque
3365 3132 3434 3186 ad
3450 3132 3515 3187 Vi
3525 3151 3571 3187 r-

215 3219 301 3274 Ad
326 3220 528 3290 partes
553 3231 688 3270 vero
719 3214 836 3272 sive
855 3213 1072 3286 gradus
1104 3213 1365 3284 ipsorum
1407 3214 1708 3287 signorum
1747 3215 1806 3270 in
1839 3202 1882 3268 C
1921 3211 2215 3284 ginem,ad
2231 3211 2337 3265 hoc
2352 3211 3568 3289 nihilominusrelictaAldebaram,Algenze,

131 3295 375 3364 declive
390 3304 661 3376 ejusdem
691 3301 908 3376 zodiaci
952 3301 1130 3357 latere
1154 3302 1571 3358 discernendos
1605 3303 1807 3374 praefa-

134 3401 232 3470 ῳ,
259 3396 332 3470 12
348 3381 593 3460 maximi
616 3389 815 3446 circuli
832 3395 1024 3461 partes
1043 3389 1099 3443 in
1114 3389 1314 3458 6,item
1335 3389 1598 3462 singulas
1614 3396 1811 3463 partes

136 3467 395 3568 partire,
429 3485 488 3536 et
519 3480 590 3534 ad
640 3478 904 3551 singulas
957 3477 1298 3568 partitiones
1338 3478 1700 3552 ipsas,atque
1738 3479 1808 3534 ad

135 3566 327 3630 trium
361 3569 715 3626 circulorum
745 3571 1008 3622 centrum
1040 3566 1325 3639 regulam,
1361 3568 1457 3622 ubi
1491 3585 1811 3640 supra,po-

140 3679 326 3732 nens,
360 3665 419 3716 et
446 3659 749 3730 zodiacum
781 3656 1087 3724 circulum,
1120 3656 1216 3710 ubi
1251 3673 1283 3709 a
1304 3656 1506 3730 regula
1528 3657 1805 3729 tangitur,

139 3733 408 3830 signans
437 3733 498 3800 in
526 3745 776 3818 singulis
805 3745 874 3802 42
895 3745 1077 3817 signis
1109 3761 1268 3812 sena,
1304 3745 1360 3798 in
1402 3749 1521 3800 toto
1555 3762 1686 3800 vero
1717 3763 1809 3800 zo-

137 3827 326 3910 diaco
357 3837 430 3890 72
461 3835 670 3891 efﬁcies
723 3831 1042 3901 intervalla,
1077 3831 1309 3904 singula
1347 3833 1561 3905 quinos
1606 3834 1676 3888 de
1709 3834 1814 3888 360

137 3913 337 3986 totius
372 3911 575 3980 circuli
600 3922 880 3996 gradibus
910 3920 1378 3993 complectentis.

1917 3302 2248 3369 Algomeiza,
2273 3300 2532 3354 Aldiraan
2564 3311 2615 3356 et
2635 3302 3061 3358 Calladorazeda
3104 3309 3432 3362 statuantur.

1991 3390 2053 3443 In
2086 3389 2340 3443 maximo
2372 3393 2566 3443 autem
2617 3389 2852 3446 hiemali
2892 3392 3131 3461 circulo,
3163 3395 3261 3465 qui
3296 3397 3366 3450 ad
3415 3397 3570 3453 hunc

1918 3477 2116 3531 itidem
2145 3494 2316 3532 usum
2364 3479 2434 3532 ab
2466 3478 2721 3546 Aquario
2767 3497 2953 3550 usque
2983 3481 3054 3535 ad
3097 3482 3476 3553 Sagittarium
3508 3488 3567 3541 in

1919 3565 2192 3621 extremis
2223 3564 2445 3620 volvelli
2480 3566 2743 3621 terminis
2776 3567 3145 3638 relinquitur,
3179 3572 3563 3643 Denebalgedz',

1919 3655 2314 3718 Benebcaitox,
2358 3656 2741 3721 Patancaitox,
2777 3657 2951 3726 Rigel,
3002 3657 3255 3724 Alhabor,
3305 3661 3568 3733 Alhurab,

1919 3741 2228 3798 Alchz'mech
2257 3747 2315 3796 et
2346 3741 2726 3813 Calbalagrah,
2755 3745 3023 3814 quamvis
3055 3763 3170 3800 non
3198 3749 3340 3804 adeo
3371 3750 3568 3820 utiles,

1921 3834 2122 3902 utpote
2138 3830 2194 3886 in
2213 3831 2597 3900 Austrojuxta
2614 3830 2972 3888 horizontem
2987 3833 3238 3892 dimerse
3256 3843 3570 3910 ponantur,

1923 3926 1989 3976 ut
2010 3921 2248 3975 brszfata
2279 3919 2491 3992 pagina
2521 3919 2722 3974 subter
2747 3921 3000 3994 ascripta
3027 3923 3211 3980 docet.

447 4049 536 4102 24.
825 4047 912 4102 65.
1066 4045 1257 4100 Libra.
1579 4044 1907 4102 Alramech.

335 4121 408 4176 16
436 4119 528 4173 vel
562 4119 628 4172 15
828 4117 914 4171 71.
1063 4115 1358 4186 Scorpius.
1571 4115 1760 4172 Elfeca
1787 4117 1876 4174 vel
1900 4117 2114 4176 Mimir.

444 4191 537 4244 24.
825 4189 915 4242 57.
1061 4185 1429 4258 Sagittarius.
1567 4186 1840 4258 Albaum.

788 4311 795 4318 .
1059 4257 1360 4338 Scerpius.
1552 4257 1784 4338 Allahir
1813 4259 1901 4317 vel
1930 4260 2185 4318 Abiatra.

816 4330 905 4406 59.
1054 4327 1464 4406 Capricornus.
1548 4327 1816 4406 Delphin.
2485 4328 2548 4406 in
2581 4330 2764 4406 cauda
2793 4332 3146 4406 Capricorni.

430 4401 523 4458 20.
814 4401 904 4455 65.
1049 4399 1361 4470 Aquarius.
1552 4399 1790 4456 Alférat.
2487 4400 2548 4456 In
2582 4401 2820 4470 Pegaso.

355 4477 430 4532 12
455 4472 545 4529 vel
579 4474 665 4528 18.
810 4474 900 4526 21.
1049 4471 1296 4542 Taurus.
1551 4471 1823 4542 Alhapid.
2484 4472 2546 4526 In
2579 4471 2738 4528 Telo.

445 4546 536 4602 29.
817 4543 906 4616 73.
1054 4541 1459 4616 Capricornus.
1548 4541 1723 4616 Alrif.
2478 4543 2539 4616 l_n
2572 4548 2784 4616 Cygno.

484 4617 534 4686 1.
817 4615 906 4686 72.
1054 4611 1460 4686 Capricornus.
1546 4613 1748 4686 Wega.
2483 4613 2545 4686 In
2579 4611 2744 4686 Lyra.

453 4685 538 4741 18.
810 4685 897 4740 74.
1049 4683 1238 4737 Libra.
1545 4683 1827 4740 Benenaz.
2480 4685 2540 4738 In
2569 4683 2841 4743 Témone.

445 4757 538 4814 25.
811 4756 898 4830 με.
1044 4754 1341 4830 Scorpius.
1535 4755 1918 4830 CalbaIagrat.
2471 4756 2533 4810 In
2558 4758 2893 4830 Scorpione.

483 4832 538 4884 8.
806 4826 894 4880 39.
1046 4826 1237 4880 Libra.
1536 4825 1891 4882 Alchiméch.

451 4901 538 4955 18.
801 4897 863 4954 61
876 4938 888 4950 .
1037 4895 1231 4968 Virgo.
1532 4897 1813 4968 Algurali.

475 4974 539 5042 2.
588 5040 634 5042 Α
800 4968 888 5042 ββ.
1036 4967 1267 5042 Cancer.
1524 4967 2158 5042 AlhaboriMangamal.
2264 5039 2277 5042 _
2465 4967 2528 5042 in
2560 4969 2843 5042 Piscibus.

389 5045 426 5098 8
456 5041 544 5098 vel
576 5040 664 5094 13.
743 5110 748 5111 ί
796 5037 884 5111 39.
951 5109 974 5111 μ
1034 5037 1281 5111 Gemini.
1529 5039 1694 5111 Rigel
1723 5037 1986 5108 Alicime',
2018 5039 2302 5096 cillancol.
2465 5039 2526 5091 In
2558 5040 2741 5095 Libra.

362 5113 431 5170 21
468 5111 555 5168 vel
585 5111 676 5164 20.
727 5110 762 5163 6
793 5109 880 5164 vel
911 5109 1000 5165 35.
1033 5109 1219 5164 Aries.

473 5185 566 5238 20.
802 5181 891 5235 36.
1039 5180 1254 5236 Pisces.

508 5257 563 5312 8.
713 5251 782 5306 49
808 5251 896 5308 vel
925 5254 1013 5308 35.
1035 5251 1345 5322 Aquarius.

355 5329 433 5384 27
464 5324 553 5384 vel
580 5324 674 5380 26.
715 5323 788 5378 69
814 5323 899 5381 vel
928 5326 1018 5380 61.
1041 5324 1285 5378 Taurus.

1532 5111 1668 5164 Pam
1678 5115 1916 5166 meator.

1534 5181 1939 5238 Denencaitox.

1535 5247 1874 5320 Lididenopi
1898 5253 1987 5309 vel
2019 5247 2392 5320 Denebalgidi

1535 5323 1865 5396 Anabagedi
1896 5323 2360 5396 velAldebaran.

2472 5179 2535 5233 In
2568 5179 2834 5240 Piscibus

2471 5250 2529 5303 In
2561 5250 2930 5322 Capricorno.

373 5397 378 5402 ’
453 5395 542 5466 48.
808 5395 898 5451 55.
1049 5391 1295 5466 Gemini.
1537 5391 1799 5466 Melanis

1943 5394 2214 5466 Algenxe.

347 5471 420 5528 17
448 5467 542 5526 vel
570 5468 660 5523 12.
804 5467 894 5522 56.
1043 5465 1278 5521 Cancer.
1535 5465 1830 5522 Malerixe.

484 5541 541 5597 6.
805 5537 890 5610 52.
1038 5537 1173 5610 Leo.
1538 5536 1748 5610 Algoze
1774 5535 1864 5594 vel
1888 5535 2240 5608 Algomeiza.

454 5613 543 5670 18.
792 5609 884 5668 61.
1033 5608 1160 5666 Leo.
1535 5605 1799 5666 Aldiran.
1967 5605 1990 5608 ⁷
2481 5605 2542 5664 In
2577 5607 2782 5667 Leone.

445 5683 536 5758 ιο.
804 5679 892 5744 74.
1039 5683 1285 5745 Taurus.
1525 5679 1780 5744 Caldata.
1810 5677 2065 5760 Zelapes.
2455 5678 2522 5740 In
2551 5679 2759 5744 Leone.
