3982 6216
413 369 529 436 387

727 503 780 557 3.
1052 504 1141 556 74.
1302 503 1552 556 Gemini.
1779 500 1982 557 Algon.

702 545 782 629 ιὸξ
949 573 1018 625 66
1052 545 1141 626 {vel
1166 573 1220 626 5.
1295 545 1422 628 (es:

687 715 777 778 26,
1035 715 1128 768 72.
1277 717 1511 769 Cancer.

1240 367 1657 430 HERMANNI
1705 356 2146 430 CONTItAC'I‘l
2190 365 2608 430 AUGIENSIS
2654 360 3037 429 MONACHI.

1777 570 2170 627 Halhazhoch.

3706 355 3828 424 388

2712 499 2818 554 Pes
2850 497 3035 570 dextri
3065 490 3452 570 Sagittatoris.

2704 570 2952 696 Sinistter
2967 568 3265 652 humerus
3290 568 3546 640 Sagitta-

2898 657 3033 698 oris.

1793 712 2106 769 Alrucuba.
2177 713 2444 786 Egregez.

477 832 599 919 Iloc
630 862 802 918 modo
832 861 1238 917 Alhancabuth
1271 866 1678 917 mensuratum
1701 865 1912 932 totum,
1935 861 2064 916 ubi-
2096 866 2148 931 Α
2178 861 2754 918 diebusanni360vel
2779 863 2815 916 5
2828 860 3022 934 potius
3040 859 3230 916 adhuc
3264 859 3479 915 additis
3495 858 3832 915 dividatur:

408 967 639 1024 cunque
663 955 844 1015 vacat,
870 950 1178 1022 diligenter
1209 951 1388 1006 facias
1434 951 1712 1023 perforari
1757 955 1813 1004 et
1851 966 2056 1022 perpo-

408 1041 523 1108 liri,
559 1043 712 1094 recto
742 1046 936 1093 tamen
965 1039 1199 1094 zodiaco
1228 1044 1285 1094 et
1311 1041 1572 1111 partibus
1603 1039 1848 1095 aliorum
1873 1038 2056 1094 circu-

407 1129 614 1194 lerum,
649 1144 796 1200 quos
828 1127 966 1194 dixi,
1000 1144 1130 1182 cum
1155 1128 1343 1184 stellis
1366 1128 1510 1193 suis,
1536 1133 1591 1182 et
1611 1128 1863 1199 quadam
1888 1143 2058 1199 regu-

407 1219 460 1272 la
479 1233 580 1290 per
599 1217 793 1272 Pisces
810 1221 867 1272 et
885 1216 1180 1288 Virginem
1222 1217 1549 1272 secundum
1588 1215 1766 1271 alium
1792 1215 2057 1271 colurum

406 1307 601 1372 ducta,
635 1322 762 1376 quae
795 1305 954 1376 ipsos
973 1305 1243 1359 videlicet
1263 1322 1396 1360 cum
1421 1305 1610 1360 medio
1634 1305 1812 1359 centri
1841 1304 2057 1360 circulo

405 1393 594 1466 possit
623 1393 919 1448 continere
951 1393 1021 1448 ad
1045 1394 1174 1463 ejus
1196 1393 1410 1448 relictis
1433 1392 1812 1458 soliditatem,
1840 1397 1902 1446 ut
1924 1409 2057 1447 cum

407 1481 578 1538 alicui
613 1481 1048 1554 superpositum
1080 1481 1298 1536 elimati
1331 1498 1432 1553 per
1461 1498 1647 1546 axem,
1671 1497 1844 1552 quem
1876 1481 2058 1535 Alchf-

407 1571 493 1627 tob
504 1574 730 1636 vocant,
751 1569 970 1625 circum
988 1568 1665 1641 volviturapparentibus
1679 1584 1781 1640 per
1792 1573 2058 1640 apertum

407 1657 633 1714 cunctis
663 1657 926 1728 ejusdem
959 1656 1216 1712 climatis
1231 1656 1598 1729 perigraphis
1611 1661 1793 1727 ortus,
1815 1673 2060 1711 occasus

406 1745 903 1816 exaltationesque
951 1744 1254 1816 signorum
1301 1748 1359 1798 et
1420 1743 1744 1810 stellarum,
1795 1743 2058 1814 ratioque

405 1836 683 1890 horarum
714 1833 937 1906 liquido
971 1832 1316 1899 declaretur,
1353 1832 1506 1887 sicut
1538 1849 1640 1904 per
1669 1832 1857 1903 ipsius
1893 1835 2057 1886 ortus

411 1924 567 1990 [cod.,
599 1922 765 1992 ortis]
797 1921 1214 1993 experientiam
1245 1924 1297 1976 et
1339 1938 1514 1976 usum
1555 1921 1862 1976 manifeste
1909 1920 2057 1975 scire

407 2012 740 2069 volentibus
771 2010 1146 2082 approbatur.

1036 2124 1264 2179 CAPUT
1290 2123 1411 2179 VII.

875 2215 949 2268 De
975 2215 1274 2284 partitione
1304 2212 1576 2268 Umbonis.

478 2324 595 2379 Hoc
625 2323 703 2376 ita
743 2321 994 2393 perfecto
1059 2321 1371 2385 Umbonem,
1415 2319 1514 2388 qui
1562 2317 1752 2390 ipsam
1811 2321 2055 2374 matrem

406 2411 804 2469 Walzacoram
852 2408 1238 2474 circumdare,
1282 2411 1339 2461 et
1387 2410 1599 2461 cuncta
1628 2405 1926 2460 climatum
1968 2410 2052 2461 ta-

408 2498 599 2560 bulas,
631 2497 951 2568 ipsumque
983 2495 1418 2566 superpositum
1451 2494 1857 2550 Alhancabuth
1889 2495 2059 2550 debet

407 2584 884 2649 circumcludere,
918 2584 1108 2655 primo
1140 2584 1198 2638 in
1225 2588 1479 2654 quatuor
1495 2599 1679 2654 aequa,
1709 2589 1772 2638 ut
1793 2583 2059 2639 videlicet

408 2673 664 2747 praefatis
694 2672 996 2726 conveniat
1025 2669 1261 2736 coluris,
1311 2670 1522 2725 divide.
1573 2669 1791 2726 Dehinc
1841 2686 2057 2725 unum-

409 2763 681 2836 quodque
695 2765 1034 2832 quartorum
1057 2760 1114 2814 in
1139 2760 1270 2823 tria,
1290 2765 1346 2814 et
1366 2759 1575 2814 horum
1595 2759 2059 2831 unumquodque

410 2853 466 2907 in
491 2867 632 2907 sena
655 2849 893 2922 partire,
919 2854 984 2903 ut
1003 2848 1270 2904 videlicet
1298 2853 1454 2903 totus
1478 2848 1757 2904 Umbonis
1779 2847 2058 2904 circuitus

407 2940 578 2996 lineis
610 2937 784 2994 rectis
815 2937 1093 2992 distincta
1123 2939 1195 2990 72
1224 2936 1385 3008 paria
1406 2937 1700 2992 contineat
1729 2936 2052 3005 intervalla,

409 3034 465 3086 et
486 3028 947 3099 unumquodque
968 3026 1176 3080 borum
1203 3024 1643 3081 intervallorum
1665 3024 1930 3091 interius,
1955 3025 2054 3080 ubi

409 3117 748 3190 prominens
779 3117 836 3170 in
869 3114 1308 3170 Halhancabuth
1333 3119 1388 3168 at
1417 3113 1828 3185 Almeritingit,
1852 3114 1908 3167 in
1933 3113 2057 3184 qui-

411 3223 518 3262 nos
547 3205 738 3261 adhuc
754 3205 971 3277 gradus
993 3203 1279 3269 discerne,
1304 3207 1366 3256 ut
1385 3201 1670 3256 circuiens
1691 3201 1910 3256 Almeri
1932 3201 2051 3256 die-

406 3312 537 3350 rum
560 3299 617 3350 et
647 3294 924 3349 horarum
947 3290 1344 3362 longitudines
1376 3289 1562 3362 possit
1590 3294 1942 3361 computare.

1019 3403 1249 3460 CAPUT
1279 3404 1428 3459 VIII.

535 3498 608 3552 De
631 3497 930 3566 partitione
948 3495 1252 3564 signorum,
1287 3494 1560 3547 mensium
1590 3501 1639 3547 et
1673 3491 1912 3546 dierum.

2085 2231 2132 2296 B

2170 953 2325 1023 quod
2358 951 2467 1007 hoc
2500 952 2672 1006 modo
2703 949 2937 1006 facilius
2968 949 3178 1006 facies:
3212 949 3296 1004 Ab
3319 965 3434 1004 uno
3461 947 3666 1004 circuli
3690 963 3838 1020 qua-

2168 1040 2372 1095 drante
2429 1040 2716 1095 decimam
2775 1043 3033 1094 octavam
3094 1043 3311 1109 partem
3378 1036 3640 1104 seclude,
3720 1035 3836 1091 hac

2167 1133 2404 1200 excepta
2442 1129 2732 1201 reliquum
2764 1132 2950 1183 totum
2983 1127 3292 1182 circuitum
3323 1126 3382 1180 in
3420 1127 3508 1194 12,
3540 1129 3599 1181 et
3615 1141 3835 1181 unam-

2168 1233 2462 1288 quamque
2484 1217 2890 1273 duodecimam
2913 1217 2972 1271 in
2997 1231 3168 1272 senas
3189 1214 3378 1270 divide
3390 1218 3605 1286 partes,
3620 1214 3834 1286 sicque

2170 1321 2386 1361 anuum
2397 1310 2576 1372 erata,
2591 1323 2767 1377 quam
2791 1304 3138 1369 secluseras,
3153 1304 3304 1376 quad
3314 1302 3498 1359 rantis
3520 1305 3708 1374 parte,
3723 1303 3830 1359 de-

2169 1395 2381 1449 cimam
2405 1399 2665 1448 octavam
2689 1394 2749 1448 in
2782 1396 2901 1447 toto
2945 1391 3164 1448 circulo
3193 1393 3265 1448 70
3291 1391 3406 1447 tria
3443 1391 3702 1462 reperies
3735 1391 3828 1447 in-

2167 1482 2426 1551 tervalla,
2458 1483 2673 1554 quibus
2705 1481 2955 1554 siugulis
2979 1482 3037 1535 in
3075 1482 3111 1536 5
3142 1480 3376 1553 partitis
3405 1479 3589 1536 habes
3627 1467 3853 1536 circa?

2168 1570 2292 1626 lum
2325 1587 2428 1642 per
2455 1572 2560 1626 365
2592 1571 2715 1626 dies
2737 1569 3012 1625 divisum.

2239 1661 2403 1714 Tunc
2475 1657 2801 1714 autumnali
2876 1656 3241 1729 aequinoctio,
3311 1657 3466 1729 quod
3555 1655 3825 1712 moderni

2167 1747 2357 1820 primo
2409 1749 2594 1821 gradu
2666 1747 2905 1813 Arietis,
2967 1747 3025 1802 id
3074 1749 3196 1815 est,
3254 1744 3323 1800 15
3398 1743 3523 1800 Kal.
3602 1743 3823 1816 Aprilis

2168 1837 2578 1893 ascribendum
2602 1836 2866 1902 credunt,
2899 1834 3184 1907 incipiens
3217 1835 3280 1888 15
3313 1833 3438 1890 dies
3469 1837 3606 1906 post
3635 1833 3824 1906 equi-

2167 1925 2450 1991 noctium,
2501 1925 2557 1980 id
2589 1929 2696 1992 est,
2730 1928 2861 1996 post
2899 1923 3112 1979 lineam
3162 1920 3581 1978 occidentalem
3613 1921 3673 1976 in
3707 1936 3824 1994 qua

2164 2016 2414 2071 Arietem
2437 2013 2747 2079 inchoasti,
2766 2011 2972 2068 Martio
2996 2011 3181 2067 mensi
3196 2009 3822 2082 tribue,deindeAprili

2163 2105 2253 2172 30,
2286 2103 2436 2158 Maio
2465 2103 2555 2170 31,
2583 2101 2760 2158 Junio
2780 2102 2870 2168 30,
2893 2100 3048 2156 Julio
3065 2101 3427 2172 31,Augusto
3453 2099 3820 2171 31,Septem-

2165 2192 2251 2248 bri
2283 2192 2372 2258 30,
2405 2190 2637 2246 Octobri
2669 2191 2758 2258 31,
2791 2189 3100 2245 Novembri
3131 2189 3223 2254 30,
3271 2187 3549 2243 Decenbri
3575 2187 3666 2254 31,
3710 2187 3812 2243 Ja~

2168 2279 2372 2334 nuario
2404 2280 2492 2344 31,
2510 2278 2820 2333 Februario
2841 2279 2911 2332 28
2933 2276 3204 2333 etMartio
3218 2291 3405 2347 usque
3425 2275 3494 2330 ad
3513 2274 3819 2347 praefatam

2165 2366 2495 2439 aequinoctii
2527 2365 2778 2422 vernalis
2805 2365 3019 2421 lineam
3061 2364 3128 2419 47
3158 2365 3467 2436 deputans,
3519 2363 3818 2436 integrum

2166 2457 2303 2513 anni
2335 2455 2622 2512 currentis
2647 2455 2955 2511 circuitum
2995 2453 3337 2526 complebis,
3381 2452 3618 2508 duabus
3649 2451 3818 2508 lineis

2165 2545 2412 2601 circulos
2446 2543 2864 2617 quadrifariam
2896 2541 3304 2614 partientibus,
3336 2539 3560 2598 scilicet
3579 2545 3820 2613 quater-

2166 2651 2272 2690 nos
2305 2635 2440 2689 anni
2463 2632 2759 2700 articulos,
2792 2631 2929 2686 bina
2949 2630 3241 2702 siquidem
3274 2629 3628 2701 equinoctia
3656 2634 3712 2685 et
3731 2634 3815 2685 to-

2162 2723 2343 2778 tidem
2367 2721 2618 2778 solstitia
2637 2718 3146 2776 intersecantibns.

2235 2810 2441 2866 Adhuc
2471 2810 2625 2881 quod
2651 2810 2761 2864 sub
2794 2809 2900 2863 hoc
2916 2811 3178 2863 remanet
3193 2811 3388 2862 centro
3410 2805 3683 2862 citimum
3705 2805 3818 2862 cir-

2165 2899 2432 2955 culorum
2450 2896 2842 2963 intervallum,
2867 2896 2946 2951 ita
2963 2896 3021 2950 in
3035 2909 3388 2966 unoquoque
3399 2910 3605 2950 mense
3622 2893 3826 2950 distic-

2164 3005 2299 3060 gue,
2325 2992 2389 3042 ut
2409 2989 2622 3058 quinos
2645 2986 2788 3056 dies,
2812 2984 2900 3040 vel
2922 2985 3076 3056 quod
3096 2983 3402 3056 expeditus
3424 2987 3663 3055 propter
3681 2983 3822 3039 heb-

2165 3077 2447 3132 domadas
2509 3075 2760 3142 videtur,
2807 3077 3080 3146 septenos
3128 3071 3322 3144 potius
3357 3077 3816 3128 connumeratos

2163 3165 2334 3220 lineis
2364 3164 2712 3236 distinguas,
2737 3160 3178 3218 remanentibus
3199 3159 3248 3215 si
3275 3159 3374 3232 qui
3396 3159 3590 3216 adhuc
3612 3177 3811 3232 super.

2162 3257 2302 3310 sunt
2323 3253 2394 3307 de
2415 3269 2616 3308 mense
2636 3251 2861 3306 diebus.
2886 3249 2988 3304 His
3001 3255 3196 3305 autem
3214 3248 3296 3302 ita
3311 3248 3604 3320 perfectis,
3628 3251 3811 3305 totam

2163 3357 2500 3396 mensuram
2514 3339 2887 3396 instrumenti
2900 3338 3078 3409 hujus
3095 3337 3165 3392 ad
3179 3337 3636 3392 astronomicam
3653 3337 3812 3392 vide-

2162 3429 2293 3485 licet
2323 3429 2785 3501 horologicamve
2813 3426 3182 3499 disciplinam
3228 3423 3621 3496 pertinentem
3648 3439 3812 3481 com-

2160 3518 2374 3590 pletam
2405 3534 2534 3573 esse
2585 3516 2894 3572 laetaberis.
2949 3515 3059 3570 Sed
3116 3513 3308 3569 adhuc
3357 3514 3430 3569 de
3486 3513 3814 3585 quadram}

476 3604 676 3659 Restat
704 3601 928 3674 postica
956 3599 1290 3654 walzacorae
1311 3598 1584 3671 planities
1609 3597 1901 3653 metienda
1921 3614 2044 3653 om-
2079 3593 2121 3660 C
2163 3607 2619 3673 mensuratione,
2639 3605 2741 3676 qui
2761 3604 2915 3660 intra
2937 3602 3220 3658 circulum
3243 3602 3471 3658 dierum
3494 3601 3648 3658 inter
3667 3601 3822 3658 occi-

405 3693 577 3748 nibus
602 3691 822 3746 zodiaci
854 3689 1158 3762 gradibus,
1194 3688 1402 3760 signis,
1429 3688 1730 3743 mensibus
1761 3691 1818 3742 et
1847 3687 2054 3742 diebus

403 3781 538 3838 anni
562 3779 953 3852 insignienda.
987 3778 1168 3848 Cujus
1199 3781 1487 3832 extremos
1519 3774 1790 3841 circulos,
1823 3774 1882 3829 in
1915 3776 1946 3829 4
1971 3774 2056 3829 iti-

402 3871 534 3926 dem
565 3885 731 3940 aequa
759 3867 933 3922 rectis
963 3865 1133 3922 lineis
1175 3882 1277 3938 per
1307 3870 1570 3921 centrum
1615 3863 1807 3919 ductis
1839 3863 2056 3920 divisos

402 3960 600 4014 eadem
632 3973 749 4028 qua
769 3961 824 4012 et
845 3955 1185 4028 praedictum
1205 3953 1529 4010 Umbonem
1552 3969 1830 4008 mensura
1847 3952 2054 4007 distin-

401 4049 639 4119 guas,ut
662 4044 924 4100 videlicet
959 4043 1368 4115 unusquisque
1388 4043 1684 4113 quadrans
1711 4039 1968 4113 primum
1993 4039 2052 4095 in

400 4137 533 4201 tria,
567 4139 623 4190 et
654 4133 754 4188 illa
784 4133 841 4187 in
873 4148 1038 4198 sena,
1067 4131 1125 4186 id
1156 4137 1244 4186 est
1275 4133 1342 4186 18
1374 4130 1699 4198 intervalla,
1732 4134 1889 4185 totus
1920 4146 2053 4185 vero

405 4223 646 4280 circuito
667 4221 724 4275 in
744 4223 814 4274 72
835 4221 1057 4274 divisus
1081 4220 1175 4286 sit,
1195 4223 1250 4273 et
1269 4219 1734 4289 unumquodque
1752 4217 1959 4272 horum
1995 4217 2052 4270 in

409 4312 622 4382 quinos
641 4308 935 4362 dividatur
953 4307 1194 4376 gradus,
1218 4305 1315 4376 qui
1339 4305 1514 4360 simul
1535 4306 1641 4359 360
1657 4305 2051 4376 complebunt.

405 4397 526 4454 Sub
547 4395 636 4450 his
664 4411 796 4450 vero
822 4394 1154 4464 proximum
1188 4392 1541 4448 circulorum
1567 4391 1934 4448 intervallum
1959 4393 2057 4448 tri-

406 4486 517 4540 bus
538 4483 596 4537 in
627 4498 979 4553 unoquoque
1014 4480 1337 4552 quadrante
1368 4480 1551 4552 signis
1581 4481 1976 4552 dispertiatur,
1999 4484 2057 4536 et

406 4588 608 4628 eorum
638 4568 936 4625 vocabulis
971 4569 1345 4638 inscribatur,
1379 4586 1411 4623 a
1435 4568 1588 4624 linea
1612 4568 1874 4624 videlicet
1904 4568 2052 4624 occi-

407 4657 646 4724 dentali,
679 4659 736 4713 id
770 4662 858 4714 est
880 4658 1133 4723 dextera,
1166 4673 1356 4728 usque
1395 4657 1466 4713 ad
1497 4673 1792 4713 summam
1825 4662 2051 4712 austra-

406 4748 541 4815 lem,
562 4747 655 4804 cui
676 4745 1178 4819 suspendicularis
1195 4747 1559 4802 incatenatur
1578 4744 1832 4801 circulus
1853 4749 2055 4801 contra

407 4837 694 4894 mundum
722 4835 906 4901 Aries,
939 4837 1185 4902 Taurus,
1216 4834 1464 4890 Gemini.
1503 4833 1728 4888 Abhinc
1763 4851 1948 4904 usque
1978 4834 2051 4888 ad

403 4925 764 4993 orientalem,
799 4925 855 4978 id
889 4929 976 4979 est
1008 4923 1330 4991 sinistram,
1359 4925 1597 4987 Cancer,
1632 4923 1743 4978 Leo
1776 4927 1832 4977 et
1851 4922 2045 4993 Virgo.
2084 4958 2126 5021 Β

406 5016 542 5071 Inde
561 5031 746 5086 usque
760 5013 830 5068 ad
847 5012 1025 5066 imam
1042 5011 1554 5083 septentrionalem
1573 5010 1758 5071 Libra,
1775 5010 2049 5081 Scorpius

403 5110 460 5160 et
489 5101 856 5175 Sagittarius.
883 5101 950 5154 Et
975 5100 1182 5155 dehinc
1215 5099 1284 5154 ad
1310 5097 1723 5154 occidentalem
1757 5097 2051 5169 Capricor-

404 5210 536 5260 nus,
568 5190 863 5262 Aquarius
893 5196 950 5244 et
981 5189 1173 5244 Pisces
1205 5191 1565 5243 revertantur
1605 5203 1618 5251 ;
1651 5190 1708 5240 et
1739 5186 2052 5257 unicuique

404 5281 571 5354 signo
601 5279 788 5335 sexies
818 5278 1002 5350 quini,
1037 5277 1094 5331 id
1126 5281 1236 5344 est,
1260 5277 1330 5330 3O
1350 5276 1419 5330 de
1442 5274 1732 5346 praedictis
1756 5275 1859 5330 160
1875 5273 2052 5330 totius

403 5367 605 5426 circuli
634 5366 915 5440 gradibus
945 5366 1315 5439 deputentur.

473 5457 596 5514 Sub
618 5456 726 5513 hoc
749 5455 888 5511 item
923 5453 1080 5509 aliud
1111 5452 1458 5509 circulorum
1494 5450 1864 5506 intervallum
1896 5467 2054 5506 men-

407 5547 570 5602 sibus
601 5543 931 5609 duodecim,
965 5559 997 5597 a
1025 5543 1213 5596 medio
1248 5541 1362 5596 fere
1385 5540 1687 5610 signoruni
1709 5541 1780 5594 ad
1799 5557 1858 5594 se
1882 5540 2051 5611 perti-

408 5633 671 5690 neutium
685 5629 1855 5698 inchoantibus,distribuatur,corumque
1869 5629 2051 5683 nomi-

406 5721 580 5794 nibus
606 5718 979 5795 insigniatur.
1001 5717 1074 5782 Et
1094 5718 1203 5778 sub
1221 5715 1483 5777 hooitem
1503 5711 1873 5775 intervallum
1891 5713 2050 5778 aliud

2163 3695 2453 3751 dentalem
2487 3699 2543 3750 et
2559 3691 3072 3766 septentrionalem
3091 3691 3308 3746 lineam
3330 3707 3534 3746 versus
3555 3691 3820 3746 medium

2162 3783 2483 3856 Aquarium
2557 3783 2781 3838 locatus
2838 3781 2909 3836 ad
2985 3778 3333 3853 geomtricas
3419 3779 3824 3835 dimensiones

2165 3873 2516 3929 utilissimus
2545 3871 2815 3944 pertinet,
2860 3867 3112 3942 paucula
3157 3868 3407 3924 scribere
3457 3883 3576 3924 non
3623 3868 3826 3940 pigere

2163 3962 2352 4017 debet.

2810 4081 3041 4138 CAPUT
3067 4080 3158 4137 IX.

2783 4172 2859 4227 De
2887 4170 3168 4242 quadrato.

2236 4295 2512 4359 Quartam
2534 4304 2671 4360 ergo
2700 4286 2918 4360 praefati
2939 4287 3167 4343 dierum
3188 4283 3389 4341 circuli
3417 4287 3645 4357 partem
3666 4283 3822 4341 inter

2165 4380 2441 4455 praedicta
2480 4375 2896 4434 occidentalem
2927 4379 2985 4431 et
3029 4372 3547 4446 septentrionalem
3588 4373 3820 4429 litteras

2162 4470 2223 4525 in
2254 4471 2369 4524 duo
2401 4467 2593 4522 divide
2622 4483 2634 4531 ;
2667 4469 2725 4520 et
2752 4467 2968 4536 puncto
2989 4463 3048 4518 in
3077 4463 3266 4533 medio
3285 4463 3435 4519 facto
3465 4461 3644 4518 aliam
3673 4477 3820 4534 quo-

2163 4575 2277 4631 que
2307 4560 2575 4629 quartam
2607 4553 2758 4608 inter
2793 4551 3303 4624 septentrionalem
3343 4555 3400 4606 et
3418 4551 3742 4607 australem
3760 4554 3822 4606 et

2163 4649 2302 4702 item
2325 4644 2501 4700 aliam
2533 4643 2684 4697 inter
2715 4639 3228 4713 septentrionalem
3255 4644 3312 4696 et
3330 4637 3677 4695 orientalem
3753 4636 3818 4694 in

2162 4739 2277 4792 duo
2309 4734 2509 4789 itidem
2559 4730 2913 4802 dispertiens
2964 4729 3308 4784 medietates
3355 4727 3588 4799 punctis
3620 4726 3650 4781 ὁ
3680 4731 3741 4782 et
3766 4741 3818 4796 ο,

2163 4822 2466 4880 secernito.
2499 4820 2682 4885 Tunc,
2715 4819 2982 4890 apposita
3025 4816 3229 4889 regula
3270 4816 3330 4870 in
3361 4819 3578 4887 puncta
3607 4832 3643 4870 a
3672 4819 3732 4870 et
3762 4813 3817 4882 ὸ,

2162 4912 2379 4968 lineam
2432 4913 2647 4965 rectam
2682 4908 2754 4963 ab
2805 4906 3147 4962 occidentali
3202 4905 3358 4960 linea
3411 4904 3470 4958 in
3529 4921 3564 4958 a
3607 4903 3817 4975 dirige.

2159 5003 2300 5057 Item
2335 5001 2393 5054 in
2421 5017 2452 5053 a
2483 5003 2539 5054 et
2567 5015 2595 5051 ε
2622 4995 2882 5068 regulam
2903 5010 3147 5066 ponens,
3179 4993 3356 5049 aliam
3387 4991 3604 5047 lineam
3641 5009 3675 5046 a
3721 5006 3817 5048 se-

2159 5087 2532 5163 ptentrionali
2551 5088 2606 5141 in
2625 5085 2962 5152 adeducito,
2979 5089 3036 5139 et
3056 5083 3236 5139 habes
3249 5083 3398 5153 quad
3409 5085 3599 5137 ratum
3620 5079 3818 5136 ortho-

2159 5195 2377 5252 gonum
2405 5175 2829 5247 aequilaterum,
2865 5173 3034 5243 cujus
3065 5187 3220 5226 unus
3237 5167 3488 5241 angulus
3507 5168 3566 5223 in
3589 5185 3643 5237 a,
3665 5166 3817 5225 alter

2160 5267 2462 5340 oppositus
2492 5281 2593 5338 per
2638 5264 2954 5335 diagonum
2986 5261 3044 5315 in
3088 5264 3327 5315 centro:
3364 5256 3574 5329 reliqui
3621 5257 3720 5312 cui
3749 5257 3812 5313 in

2157 5357 2328 5412 lineis
2349 5351 2689 5410 occidentali
2719 5356 2775 5407 et
2795 5347 3235 5422 septentrionali
3263 5346 3620 5402 limitantur.

2169 5513 2172 5516 ἢ
2231 5443 2416 5516 Hujus
2444 5441 2560 5497 duo
2588 5439 2771 5496 latera
2802 5437 3084 5510 angulum
3116 5437 3178 5490 in
3199 5452 3234 5490 a
3264 5432 3698 5501 facientia,data
3725 5432 3811 5492 eis

2158 5535 2228 5591 ad
2263 5533 2496 5588 libitum
2519 5528 2847 5595 latiludine,
2882 5527 2941 5582 in
2973 5524 3278 5582 duodecim
3314 5520 3568 5595 aequales
3614 5526 3813 5597 partes

2159 5616 2696 5687 divide,etinterius
2721 5617 2870 5672 duas
2909 5630 2978 5670 ex
3015 5613 3108 5669 his
3129 5612 3519 5685 complectens
3546 5610 3606 5668 in
3665 5628 3812 5670 sena

2158 5709 2395 5790 partire,
2429 5709 2720 5806 quatenus
2750 5720 2930 5783 super
2983 5705 3251 5766 currente
3295 5699 3558 5779 Alhidaa,
3603 5701 3663 5762 id
3693 5705 3808 5786 est,
