3982 6216
179 316 294 420 :89

1097 317 1200 385 ne
1242 316 1801 388 U'l‘lLl'l‘A'l‘IBUS
1845 317 2338 386 ASTROLABII.
2373 264 2447 368 -ὲ
2479 317 2626 385 LIB.
2674 321 2721 385 ι.

3493 321 3611 390 390

161 439 164 442 ’
192 455 447 526 quadam
467 452 688 528 regula
707 470 843 511 cum
859 455 1089 510 duabus
1107 455 1302 526 pinnis
1320 457 1527 512 erectis
1549 457 1618 512 ad
1641 460 1854 511 rectam
1886 458 1940 523 Α
1971 472 2172 511 omnes
2200 461 2521 528 praetexam:
2555 458 2804 514 habeant
2834 456 3322 527 mensurationes,
3369 461 3613 516 libellum

196 542 405 600 lineam
420 543 1156 616 perforatis,quotalateris
1170 545 1322 616 quad
1331 545 1435 600 rati
1450 561 1585 616 pars
1599 545 1858 617 designe-

1972 546 2323 616 Astrolapsus
2353 545 2583 616 legenti,
2621 550 2677 600 et
2706 547 3007 616 ingenium
3040 547 3096 602 in
3132 546 3473 618 hujusmodi
3519 565 3613 603 re-

197 635 296 688 tur
314 632 501 705 possit
521 634 1000 705 apparere.Quas
1017 636 1213 688 autem
1236 637 1557 705 quantasve
1579 631 1858 688 utilitates
1969 649 2098 688 rum
2132 650 2240 689 usu
2275 633 2630 700 exercitanti,
2665 633 2809 689 alias
2840 633 3011 688 debet
3039 635 3346 691 notiticari.

2403 801 2820 810 ..ξ-..ἀμὴ-

909 905 1881 1009 ΕΒΒΜΔΝΝῙ
1953 909 2914 1009 οοιπτκΑστι

1535 1130 1862 1186 MONACHI
1902 1129 2280 1186 AUGIENSIS

606 1329 826 1452 DE
913 1327 2100 1453 UTILITATIBUS
2190 1328 3217 1453 ASTROLABII

1592 1584 1902 1672 LIBRI
1962 1584 2248 1672 DUO.

577 1787 741 1844 Eruit
772 1805 842 1844 ex
873 1804 984 1845 ms.
1013 1788 1140 1843 cod.
1170 1786 1530 1843 celeberrimi
1563 1787 1901 1843 monasterii
1934 1787 1990 1842 S.
2025 1788 2178 1842 Petri
2209 1787 2532 1848 Salisburg.
2572 1789 2629 1843 P.
2667 1791 2996 1846 Bernardus
3030 1791 3250 1848 Pezius.

1309 1859 1630 1929 (Thesaurus
1659 1860 1912 1914 Anecdot.
1946 1861 2144 1913 noviss.
2182 1859 2276 1924 IIl,
2313 1875 2373 1926 ιι,
2401 1859 2545 1928 107.)

1490 2143 1680 2200 LIBRI
1719 2145 1924 2200 PRIMI
1965 2144 2340 2200 CAPITULA.

198 2244 247 2302 Ι.
290 2244 369 2300 De
396 2241 743 2298 utilitatibus
761 2241 1069 2296 astrolabii.

201 2316 283 2371 II.
329 2315 626 2384 Descriptio
648 2312 767 2384 ejus
783 2313 1295 2384 perigraphiarum.

210 2385 316 2442 Ill.
361 2385 436 2441 Da
461 2383 762 2455 colligendo
789 2385 946 2455 signa
965 2391 1016 2438 et
1034 2384 1213 2451 gradu
1231 2384 1382 2440 solis.

214 2456 319 2514 ιν.
362 2457 433 2512 De
450 2454 773 2510 inveniendo
801 2454 1003 2510 nadair
1027 2455 1180 2510 solis.

216 2527 293 2582 V.
340 2527 411 2582 De
437 2525 784 2596 concipienda
812 2526 945 2582 solis
973 2525 1286 2590 altitudine,
1319 2534 1370 2580 et
1399 2528 1559 2581 certis
1587 2527 1740 2582 horis
1765 2525 1899 2582 diei.

212 2597 312 2654 VI.
355 2599 430 2653 De
455 2597 746 2653 altitudine
773 2597 1081 2662 stellarum,
1113 2601 1163 2651 et
1194 2597 1342 2652 horis
1370 2601 1672 2652 nocturnis.

209 2669 339 2725 VII.
380 2669 454 2724 De
481 2669 830 2724 distinctione
857 2669 1118 2723 horarum
1143 2683 1243 2738 per
1269 2672 1505 2738 quatuor
1528 2670 1740 2739 plagas.

217 2741 398 2822 XIII;
414 2741 490 2795 De
519 2741 668 2822 horis
698 2739 1191 2822 wquinoctialibus,
1222 2747 1274 2794 et
1301 2739 1692 2822 ian'ualibus.

213 2813 314 2883 IX.
357 2812 436 2867 De
457 2811 710 2883 partibus
738 2810 1392 2883 ianualiumborarum
1419 2810 1552 2866 diei.

210 2882 283 2940 X.
329 2887 414 2938 De
436 2881 690 2954 partibus
720 2881 1083 2954 ianualium
1110 2881 1372 2954 horarum
1399 2884 1588 2938 noctis.

212 2955 315 3010 XI.
358 2953 445 3009 De
463 2954 786 3025 indaganda
807 2953 1110 3024 quantitate
1132 2954 1278 3008 orbis
1306 2953 1435 3008 diei.

216 3025 345 3082 XII.
386 3027 462 3082 De
491 3028 798 3097 quantitate
827 3025 973 3080 orbis
1000 3025 1278 3097 nocturni.

214 3097 367 3155 XIII.
413 3095 549 3166 Quot
576 3098 690 3152 sint
708 3097 852 3151 hora
881 3095 1279 3166 teqninoctialis
1309 3095 1426 3150 diei
1452 3104 1503 3151 et
1531 3096 1720 3151 noctis.

218 3168 364 3241 XIV.
406 3169 482 3225 De
509 3167 861 3241 percipienda
888 3167 1173 3241 vicinitate
1197 3181 1438 3224 aurora.

215 3240 336 3312 XV.
377 3242 453 3296 De
472 3237 823 3312 percipiendo
851 3238 1089 3312 quolibet
1115 3246 1351 3308 tempore
1377 3239 1637 3310 cujusque
1662 3237 1814 3307 signi
1838 3242 2018 3294 ortum
2043 3246 2094 3294 et
2115 3253 2380 3294 occasum.

216 3311 370 3382 XVI.
415 3309 599 3382 ln'quo
622 3309 790 3382 signa
817 3311 925 3364 sint
942 3309 1152 3382 stellae.

220 3381 400 3439 XVII.
442 3379 521 3438 De
546 3381 825 3438 vocabulis
853 3381 1138 3436 stellarum
1169 3379 1418 3436 Arabicis
1438 3387 1489 3434 et
1518 3381 1744 3434 Latinis.

217 3454 425 3510 XVIII.
467 3455 539 3509 De
563 3453 896 3508 discretione
919 3452 1218 3516 climatum,
1250 3459 1302 3506 et
1330 3467 1519 3506 eorum
1539 3450 1871 3506 invenienda
1892 3451 2201 3506 latitudine.

211 3526 364 3583 XIX.
407 3527 480 3582 De
506 3526 783 3581 divisione
811 3523 958 3578 orbis
974 3539 1083 3648 fer
1105 3527 1308 3593 septem
1334 3523 1580 3589 climata,
1612 3531 1663 3578 et
1694 3524 1872 3577 initiis
1894 3531 1945 3578 et
1975 3525 2226 3579 terminis
2256 3539 2464 3579 eorum.

217 3598 342 3648 XX.
388 3598 450 3648 Ut
464 3598 604 3648 scias
634 3597 687 3648 si
714 3597 880 3648 restat
909 3610 970 3648 ve
1018 3595 1258 3648 praeterit
1283 3593 1562 3648 meridies.

217 3598 342 3653 XX.
388 3598 450 3654 Ut
464 3598 604 3652 scias
634 3597 687 3651 si
714 3597 880 3666 restat
909 3593 993 3666 vel
1014 3595 1258 3666 praeterit
1283 3593 1562 3666 meridies.

211 3667 364 3725 XXI.
407 3669 478 3724 De
506 3665 851 3724 inveniendis
881 3667 941 3720 in
961 3665 1120 3721 darsa
1149 3665 1437 3720 astrolabii
1455 3665 1625 3719 horis.

1510 3827 1830 3913 LIBER
1888 3827 2355 3914 PRIMUS.

751 3979 985 4035 CAPUT
1026 3978 1334 4035 PRIMUM.

651 4071 727 4128 De
756 4070 1096 4125 utilitatibus
1127 4067 1434 4125 astrolabii.

286 4161 638 4232 Quicunque
689 4159 1093 4215 astronomicae
1139 4157 1410 4230 peritiam
1461 4153 1786 4228 disciplinae
1817 4159 1874 4210 et

207 4248 542 4306 cmlestium
590 4247 954 4320 sphsrarum
993 4244 1612 4319 geometricaliumque
1641 4261 1873 4300 mensu-

206 4354 415 4396 rarum
466 4336 736 4393 altiorem
767 4335 1070 4392 scientiam
1104 4334 1367 4407 diligenti
1396 4333 1654 4390 veritatis
1683 4333 1874 4405 inqui-

208 4427 433 4484 sitione
463 4425 640 4482 altius
671 4423 871 4480 rimari
903 4428 1168 4491 conatur,
1217 4427 1273 4478 et
1304 4421 1663 4478 certissimus
1693 4422 1872 4477 horo-

205 4513 508 4588 logiorum
540 4511 937 4586 quorumlibet
991 4512 1294 4568 climatum
1324 4511 1597 4578 rationes,
1631 4515 1688 4566 et
1717 4527 1871 4583 qua:-

208 4603 363 4662 Iibet
393 4605 467 4660 ad
498 4603 621 4658 haec
669 4601 1042 4676 pertinentia,
1098 4600 1430 4657 industrius
1469 4599 1874 4656 discriminare

208 4693 451 4761 nititur,
483 4693 636 4747 hanc
667 4691 1046 4757 walzacoram,
1078 4690 1136 4745 id
1170 4694 1277 4757 est,
1310 4689 1542 4761 planam
1583 4688 1872 4760 sphaeram

204 4779 518 4838 Ptolomaii
550 4796 653 4836 seu
689 4778 1082 4851 astrolapsum
1115 4777 1313 4833 solerti
1344 4775 1714 4848 indagatione
1745 4792 1871 4848 per-

201 4870 418 4945 quirat
473 4873 531 4925 et
569 4869 779 4936 discat,
812 4872 870 4923 et
927 4866 1309 4939 perquisitam
1341 4864 1528 4920 tenaci
1580 4865 1872 4920 memoria:

191 4959 466 5016 ﬁrmiter
496 4957 888 5022 commendet,
920 4957 1003 5010 ita
1031 4959 1116 5025 ut,
1141 4971 1273 5010 cum
1297 4953 1590 5026 quaslibet
1620 4953 1874 5025 perigra-

204 5047 389 5121 phias
409 5046 879 5119 partitionesque
910 5042 1358 5114 anaglypherias
1385 5041 1443 5097 in
1462 5058 1528 5097 ea
1549 5041 1798 5112 scriptas
1819 5047 1878 5097 et

206 5135 545 5209 insculptas
579 5130 1208 5208 cognoverit,singulas
1237 5131 1582 5187 nominatim
1607 5131 1872 5186 retineat.

206 5225 360 5283 Nam
375 5225 425 5283 si
448 5225 662 5282 horum
681 5221 950 5294 diligenti
966 5220 1334 5277 discussione
1354 5237 1648 5276 summam
1663 5219 1879 5292 ample-

209 5316 411 5385 ctitur,
445 5319 503 5372 et
539 5311 756 5370 celebri
788 5309 1129 5366 intentionis
1167 5311 1418 5383 jugitate
1449 5309 1542 5365 his
1572 5309 1874 5364 studiosus

209 5408 420 5478 utitur,
454 5403 780 5460 maximam
807 5417 877 5455 ex
905 5399 1017 5454 hoc
1071 5397 1302 5470 colliget
1342 5397 1675 5467 utilitatem,
1729 5403 1786 5453 et
1815 5398 1875 5453 in

211 5493 628 5554 astronomicis
683 5495 745 5548 et
795 5485 1162 5564 geometricis
1184 5487 1398 5547 studiis
1427 5487 1703 5547 subtilem
1738 5503 1876 5564 pro-

210 5586 587 5652 funditatem.

1901 3981 1948 4044 Β
2050 3977 2307 4032 Inveniet
2329 3980 2525 4033 autem
2551 3993 2652 4049 per
2680 3993 2831 4046 eam,
2855 3981 3178 4036 secundum
3213 3981 3510 4054 sphaerion
3534 4000 3632 4040 vo-

1982 4065 2293 4121 lubilitatis
2332 4064 2660 4133 circuitum,
2722 4071 2908 4122 certos
2953 4072 3116 4126 ortus
3144 4074 3200 4125 et
3231 4087 3476 4128 occasus
3506 4089 3633 4128 om-

1983 4155 2149 4211 nium
2181 4155 2438 4211 siderum
2468 4154 2720 4226 singulis
2749 4156 3083 4229 quibusque
3120 4158 3301 4228 horis,
3329 4164 3384 4216 et
3414 4165 3634 4234 quotus

1985 4244 2262 4309 decanus,
2310 4246 2605 4315 quotaque
2644 4261 2782 4315 pars
2838 4246 3155 4317 cujuslibet
3211 4247 3364 4321 signi
3395 4250 3634 4306 oriendo

1983 4336 2336 4405 emergatur,
2369 4337 2468 4387 aut
2508 4333 2821 4389 occidendo
2853 4334 3244 4408 demergatur,
3293 4341 3351 4392 et
3381 4354 3483 4410 per
3503 4339 3634 4394 uni-

1981 4438 2180 4478 versas
2209 4421 2335 4476 caeli
2362 4421 2627 4494 regiones
2659 4426 2852 4478 motus
2883 4424 3163 4494 siderum,
3185 4428 3242 4480 et
3261 4425 3412 4482 situs
3442 4427 3637 4500 signo-

1984 4527 2139 4577 rum,
2171 4515 2228 4565 et
2253 4511 2471 4582 gradus
2511 4510 2669 4579 solis,
2703 4516 2761 4567 et
2809 4511 3176 4569 altitudinem
3203 4515 3332 4585 ejus
3359 4516 3633 4572 diurnam

1984 4616 2085 4656 seu
2110 4603 2494 4668 menstruam,
2537 4605 2594 4655 et
2623 4605 2766 4671 qnot
2821 4601 3035 4657 terreni
3078 4603 3236 4658 orbis
3288 4603 3479 4659 stadia
3501 4621 3635 4676 per-

1986 4692 2154 4753 meet,
2188 4687 2458 4744 similiter
2482 4694 2540 4744 et
2561 4689 2865 4745 stellarum
2889 4692 3134 4746 ﬁxarum
3159 4691 3328 4764 signa
3357 4697 3428 4748 etv
3444 4692 3640 4749 altitu-

1984 4777 2152 4833 dines
2168 4795 2180 4832 :
2197 4777 2267 4832 ad
2291 4776 2411 4832 haec
2434 4778 2693 4832 noctium
2716 4783 2773 4833 et
2793 4779 3019 4834 dierum
3043 4779 3218 4835 horas
3250 4779 3633 4847 certissimus,

1983 4865 2280 4921 naturales
2311 4867 2429 4921 sive
2459 4865 2810 4932 artificiales,
2850 4883 2983 4922 cum
3017 4868 3352 4940 augmentis
3381 4873 3437 4923 et
3457 4868 3634 4923 detri-

1986 4955 2220 5010 mentis.
2255 4956 2509 5019 Quarum
2570 4955 2822 5026 cognitio
2868 4973 3043 5026 quam
3106 4957 3435 5013 necessaria
3466 4957 3543 5012 sit
3574 4956 3636 5010 in

1985 5043 2200 5097 divinis
2233 5041 2593 5105 ministeriis,
2627 5059 2805 5112 quam
2857 5043 2929 5097 ad
2978 5045 3410 5100 exercitandum
3447 5045 3634 5112 utilis,

1985 5137 2042 5188 et
2063 5131 2130 5185 ad
2157 5129 2490 5203 exacuanda
2510 5135 2566 5183 et
2595 5130 2760 5184 irrita
2782 5130 3044 5186 iacienda
3069 5131 3332 5187 falsidica
3361 5149 3638 5203 quorum-

1987 5221 2118 5276 dam
2147 5224 2203 5273 et
2228 5215 2771 5289 pseudohorologia,
2805 5217 3062 5288 prudens
3093 5219 3327 5274 animus
3349 5221 3636 5285 scire,im-

1987 5308 2246 5380 prudens
2269 5303 2718 5375 discerepotest.
2747 5305 2813 5359 Et
2830 5304 2998 5359 initia
3017 5307 3334 5374 mensium,
3366 5307 3640 5363 mutatio-

1989 5411 2207 5468 nesque
2237 5391 2669 5464 horologiorum
2701 5397 2760 5447 et
2813 5391 3141 5460 climatum,
3171 5398 3230 5449 et
3263 5395 3334 5450 ad
3367 5393 3638 5451 sciendos

1986 5501 2240 5541 canones
2275 5479 2594 5548 Ptolomaei,
2645 5479 2760 5538 alia
2787 5481 2965 5539 etiam
3019 5481 3479 5556 quamplurima,
3509 5500 3638 5559 qua

1985 5573 2082 5630 hic
2109 5570 2452 5649 prowmiare
2472 5569 2836 5644 superﬂuum
2867 5575 2976 5644 est,
3001 5587 3135 5629 eum
3164 5571 3225 5630 in
3257 5573 3639 5648 sequentibus
