3982 6216
424 275 538 340 391

1244 273 1660 336 HERMANNI
1705 271 2146 336 CONTBACTI
2193 268 2613 337 AUGIENSIS
2659 267 3037 336 MONAGHI.

422 404 851 480 competentius
873 405 1169 474 pateﬁant.
1203 405 1361 461 Unde
1376 423 1490 461 non
1523 410 1750 462 tantum
1784 405 2075 461 laetabitur
2101 407 2155 473 Α
2187 407 2472 462 currendo
2506 423 2605 478 per
2626 405 2995 462 latitudinem
3017 402 3272 462 exterius
3295 384 3780 478 ampliuspateant.

423 501 627 561 lector,
661 497 948 567 quantum
982 493 1310 548 mirabitur.
1346 494 1455 548 Sed
1479 494 1637 548 omni
1674 495 1805 550 nisu
1841 495 2078 550 nomine

2193 498 2445 561 Quarum
2482 495 2674 553 media
2702 502 2788 550 est
2816 494 2969 550 linea
2997 492 3318 566 diagonalis
3350 493 3615 563 Meridiei,
3640 497 3783 568 cuius

422 582 841 655 subsequentia
861 586 917 636 et
945 581 1058 638 alia
1081 582 1416 652 subscripta
1433 583 1778 653 inquirat,et
1798 583 2082 655 inquisita
2190 580 3190 654 exutriusquepsrtibussimulcum
3208 580 3639 653 ipeageminatis
3654 585 3782 642 senis

421 671 483 727 in
535 671 734 726 arcula
767 671 957 724 cordis
1000 669 1265 724 tenacius
1300 670 1562 740 retineat,
1585 675 1726 725 tunc
1761 672 1885 727 sine
1918 689 2079 726 scru-

422 759 560 830 pulo
583 759 780 830 aliquo
830 757 1005 828 plana
1035 758 1141 813 erit
1189 759 1280 813 via
1310 759 1380 814 ad
1424 759 1841 814 inveniendum
1875 765 2078 832 prasta-

422 855 574 902 xata.

491 936 594 990 His
627 935 705 990 ita
727 933 1044 1005 praelibatis
1078 951 1192 989 non
1225 935 1458 1008 pigritia
1485 937 1816 1000 exterritus,
1849 936 1919 990 de
1949 937 2076 1006 ejus

416 1023 804 1096 perigraphiis
847 1023 1297 1078 architectonica
1352 1041 1451 1079 seu
1483 1025 1824 1079 mechanica
1854 1025 2077 1080 ratione

415 1111 790 1183 comparatis,
832 1127 1154 1182 eorumque
1196 1111 1556 1180 nominibus,
1592 1130 1663 1168 ne
1704 1113 1891 1168 multa
1931 1112 2073 1167 scri-

416 1201 604 1255 bendo
626 1198 939 1267 offendam,
963 1200 1372 1271 compendiose
1395 1200 1608 1266 dicam,
1633 1206 1688 1256 et
1707 1205 1768 1256 ut
1785 1201 2073 1256 maturius

415 1288 708 1361 promissa
740 1287 1036 1358 impleam.

1074 1375 1322 1438 CAPUT.
1349 1377 1414 1431 II.

823 1464 1122 1534 Descriptio
1147 1465 1656 1535 perigraphz'arum.

485 1552 583 1607 Est
615 1551 849 1623 quidem
881 1551 1249 1607 walzachora
1296 1552 1496 1608 tabula
1526 1554 1594 1608 ad
1649 1553 1774 1608 cceli
1807 1553 2068 1609 rotundi-

415 1645 593 1695 tatem
620 1641 1002 1707 conformata,
1027 1641 1198 1710 cujus
1221 1645 1466 1712 utraque
1498 1641 1838 1712 superficies
1859 1639 2066 1712 aequali

411 1729 736 1798 spatiorum
772 1728 1084 1784 interstitio
1115 1729 1463 1801 quadriﬁdis
1494 1730 1567 1784 ab
1596 1729 1724 1802 ipso
1741 1735 1936 1785 centro
1967 1747 2068 1802 per

413 1817 766 1872 diametrum
803 1817 948 1871 fusis
969 1817 1384 1873 lineationibus
1415 1818 1629 1889 partita
1658 1823 1765 1884 est,
1793 1819 1850 1874 id
1881 1823 2070 1874 estco—

411 1907 570 1972 luris,
605 1906 703 1976 qui
737 1911 856 1959 tam
917 1907 988 1960 ab
1018 1905 1307 1971 orientali,
1361 1923 1539 1978 quam
1573 1925 1606 1962 a
1628 1906 2066 1978 septentrionali

408 1995 619 2049 vertice
659 1994 718 2048 in
765 1994 993 2049 diversa
1025 1995 1256 2049 deducti
1287 2001 1604 2067 quaternas
1658 1996 1716 2050 in
1757 2001 1951 2067 partes
1977 2012 2066 2050 1.0-

409 2084 628 2138 dz’acum
660 2083 1038 2148 dividunt,ita
1065 2088 1129 2138 ut
1152 2102 1305 2138 unus
1330 2101 1430 2156 per
1457 2085 1708 2140 Arietem
1736 2089 1792 2140 et
1814 2085 2066 2152 Libram,

410 2172 554 2227 alter
579 2189 680 2244 per
701 2172 987 2227 Cancrum
1012 2178 1069 2227 et
1091 2173 1503 2244 Capricornum
1538 2175 2065 2244 permeent.lpsum

411 2278 478 2314 au
491 2267 606 2316 tem
631 2266 898 2316 centrum
922 2261 1128 2315 harum
1148 2263 1456 2330 trajectum
1478 2261 2066 2316 secationelincarum

409 2367 440 2402 a
479 2349 671 2403 littera
701 2349 1063 2419 designatur.
1099 2350 1356 2412 Quarum
1391 2350 1676 2404 linearum
1712 2349 2008 2404 sinistram
2039 2351 2067 2404 b

411 2438 750 2491 adnotatam
811 2437 1116 2498 Almarerh.
1169 2438 1224 2490 id
1271 2443 1376 2504 est,
1429 2437 1767 2492 orientalem
1826 2439 1897 2492 ab
1939 2443 2066 2492 ortu

412 2525 671 2579 siderum
705 2530 761 2579 et
791 2525 928 2593 diei,
975 2525 1273 2580 dexteram
1327 2532 1544 2590 autem,
1582 2527 1677 2580 ubi
1727 2529 2066 2582 estcAlma-

409 2615 553 2684 grip,
574 2612 631 2666 id
664 2617 771 2677 est,
805 2612 1226 2668 occidentalem
1248 2621 1318 2668 ab
1350 2631 1557 2669 occasu
1592 2615 1850 2669 siderum
1876 2619 1931 2670 et
1954 2613 2067 2670 diei

411 2700 724 2772 appellant,
759 2705 814 2756 et
844 2705 932 2756 est
964 2700 1062 2756 illa
1094 2719 1220 2773 quas
1243 2703 1479 2757 ducitur
1509 2705 1579 2757 de
1604 2703 1835 2758 Oriente
1855 2704 1927 2758 ad
1962 2703 2067 2759 Oc-

410 2791 720 2854 cidentem,
757 2806 933 2860 quam
992 2790 1166 2844 etiam
1225 2791 1433 2846 solaris
1484 2791 1750 2862 designat
1780 2793 1978 2848 radius
2010 2791 2068 2847 in

410 2878 601 2948 primo
632 2883 782 2944 ortu,
818 2882 920 2931 aut
953 2879 1161 2933 umbra
1207 2879 1536 2951 gnomonis.
1571 2881 1940 2952 Superiorem
1967 2899 2068 2936 au-

410 2972 550 3033 tem,
582 2967 672 3021 cui
706 2965 740 3020 ἀ
771 2966 1102 3032 ascribitur,
1131 2970 1490 3031 Walmzene,
1513 2969 1569 3022 id
1601 2969 1928 3033 est,lineam
1953 2985 2070 3026 me-

412 3054 722 3120 ridianam,
756 3071 821 3108 eo
853 3056 1005 3124 quod
1039 3054 1147 3121 sol,
1180 3055 1310 3127 ipsa
1332 3057 1697 3111 ascendendo
1724 3062 2063 3125 attacta,sex

2191 671 2495 726 duodecim
2521 671 2796 726 horarum
2826 673 2981 724 meta
3010 669 3403 735 constituitur,
3436 673 3490 724 et
3519 669 3783 742 impressis

2190 759 2526 814 nominibus
2548 757 2791 831 singulae
2816 759 3186 822 denotantur,
3208 761 3264 812 et
3285 757 3401 812 hac
3431 758 3654 814 nomina
3673 765 3784 815 sunt

2187 848 2420 904 illorum
2442 847 2708 915 Arabica,
2741 863 2869 918 quae
2891 845 3103 902 subtus
3117 845 3282 899 vides
3309 844 3582 917 inscripta
3606 846 3784 902 formu-

2187 936 2275 992 las.
2311 938 2568 1001 Quarum
2600 935 2751 990 linea
2787 936 3021 990 dextera
3049 932 3548 1000 antemetidianas,
3580 934 3784 991 sinistra

2186 1031 2379 1081 autem
2413 1024 2901 1098 postmeridianas
2920 1023 3098 1079 horas
3127 1025 3298 1077 cauta
3321 1021 3653 1078 discretione
3673 1022 3785 1078 insi-

2185 1119 2342 1186 gnat,
2376 1119 2432 1168 et
2458 1113 2764 1184 diligenter
2793 1110 3210 1166 inhaerentibus
3241 1110 3532 1166 obtutibus
3561 1110 3784 1167 adhibito

2183 1202 2506 1275 horoscopo
2540 1202 2920 1256 demonstrat.

2469 1291 2571 1345 XII
3298 1287 3340 1342 Ι.
3382 1286 3536 1341 hora.

2351 1378 2690 1434 Ethesiefer.
3299 1372 3559 1429 Eiewiul.

2486 1465 2576 1521 ΧΙ.
3399 1462 3466 1517 II.

2374 1553 2688 1609 Aldimata.
3295 1549 3553 1605 Athenis.

2490 1647 2558 1696 X.
3372 1638 3468 1694 III.

2357 1730 2689 1786 Albansira.
3275 1726 3558 1782 Atheziza.

2469 1821 2556 1875 IX.
3366 1814 3456 1870 IV.

2388 1908 2654 1962 Ethezea.
3276 1905 3543 1960 Arrabea.

2445 1996 2592 2050 VIII.
3383 1992 3450 2046 V.

2347 2084 2688 2141 Bthemima.
3257 2079 3554 2135 Alcamiza.

2448 2173 2569 2227 VII.
3360 2168 3452 2225 VI.

2379 2261 2650 2317 Escebea.
3222 2255 3629 2314 Escendelisza.

2249 2353 2310 2407 In
2337 2349 2622 2422 superiori
2649 2351 2844 2403 autem
2863 2345 3194 2402 medietatis
3215 2347 3458 2419 regione
3476 2342 3775 2418 hemicyclos

2177 2445 2233 2496 et
2258 2441 2514 2510 integros
2536 2437 2709 2491 etiam
2737 2434 3028 2492 orbiculos
3060 2434 3380 2490 artificiosa
3401 2433 3667 2488 industria
3683 2445 3779 2488 ma-

2179 2527 2395 2585 chinati
2428 2529 2585 2592 sunt,
2619 2540 2766 2596 quos
2796 2523 2998 2578 dicunt
3029 2522 3540 2590 Omucantarathﬁd
3569 2526 3649 2580 est
3670 2535 3775 2593 pro-

2178 2613 2600 2690 gressionarios
2630 2611 2789 2678 solis,
2823 2611 2924 2683 qui
2955 2611 3247 2684 frequenti
3269 2610 3598 2669 circuitione
3615 2613 3776 2668 οἱπερ
3883 2663 3887 2671 ⁴

2178 2708 2283 2762 bra
2313 2703 2650 2767 retorsione,
2683 2700 2784 2756 alii
2817 2701 3210 2768 extructiones,
3243 2700 3343 2756 alii
3391 2697 3773 2760 contractiores,

2179 2801 2334 2850 certa
2365 2797 2419 2848 et
2451 2791 2779 2848 necessaria
2809 2788 3094 2848 locatione
3120 2789 3568 2854 coronantur,in
3598 2785 3775 2860 quibus

2180 2899 2392 2955 magna
2423 2879 2794 2936 instrumenti
2819 2877 2998 2950 hujus
3016 2877 3289 2934 consistit
3309 2876 3640 2936 efficaciam
3658 2889 3777 2946 quo-

2179 2989 2308 3026 rum
2338 2967 2657 3025 intervallis
2683 2967 2901 3039 gradus
2932 2982 3214 3024 ascensus
3247 2971 3306 3022 et
3335 2967 3637 3022 descensus
3664 2959 3776 3017 solis

2178 3059 2375 3115 diurni
2395 3062 2450 3113 et
2462 3055 2744 3112 menstrui
2761 3055 3054 3127 geminato
3072 3054 3130 3110 in
3145 3056 3457 3126 utriusque
3474 3052 3713 3125 partibus
3725 3048 3778 3102 ω

412 3141 694 3197 dimensis
726 3142 882 3197 horis
919 3142 1221 3198 meridiem
1245 3144 1536 3209 efficiat,et
1561 3146 1966 3200 descendendo
1989 3147 2058 3200 ad
2092 3129 2133 3195 Ο
2175 3147 2618 3222 permetiuntur.
2644 3145 2793 3199 Sunt
2823 3159 2959 3215 ergo
2992 3143 3047 3197 in
3076 3143 3184 3198 hac
3216 3144 3540 3199 walzaoora
3569 3138 3775 3214 quinde-

415 3247 685 3285 occasum
721 3230 1578 3302 vergereincipiat.lnferiorem
1617 3235 1940 3299 autem,ubi
1975 3239 2062 3289 est

413 3336 459 3387 ε,
501 3317 876 3384 Cathezenuel,
930 3319 986 3372 id
1021 3324 1108 3374 est
1166 3318 1378 3374 lineam
1425 3321 1772 3390 sequalitatis
1821 3321 1907 3376 vel
1942 3339 2060 3378 me-

413 3406 716 3461 diatricem
749 3407 1008 3478 sphaerae,
1043 3411 1092 3461 et
1129 3411 1217 3462 est
1248 3407 1348 3460 illa
1378 3425 1504 3478 quas
1537 3427 1568 3462 a
1601 3409 1837 3464 Meridie
1859 3411 1928 3464 ad
1962 3411 2060 3467 Se-

414 3493 800 3567 ptentrionem
864 3497 1250 3566 protenditur,
1303 3514 1477 3567 quam
1539 3498 1740 3552 radius
1781 3499 1941 3564 solis,
1974 3500 2060 3556 vel

414 3584 624 3638 umbra
653 3584 963 3656 gnomonis
994 3584 1407 3652 solstitialis,in
1440 3587 1662 3657 tropico
1693 3588 1888 3642 tEStiVO
1916 3588 2066 3643 desi-

413 3677 575 3745 gnat,
597 3672 656 3726 in
688 3673 858 3742 cujus
889 3674 1081 3728 antica
1114 3673 1352 3746 planitie
1399 3675 1577 3728 trifidi
1610 3675 1826 3730 zodiaci
1853 3678 2063 3732 inscri-

414 3762 634 3815 buntur
655 3761 878 3827 circuli,
915 3778 1166 3832 quorum
1202 3779 1385 3816 unum
1419 3762 1809 3833 aequinoctiali
1843 3766 2062 3822 ratione

415 3849 607 3904 medio
657 3849 999 3904 collocatum
1033 3867 1242 3906 cursus
1281 3850 1492 3906 Arietis
1523 3857 1579 3906 et
1613 3852 1785 3905 Librae
1815 3853 1940 3908 sine
1965 3854 2062 3908 de-

413 3936 666 3992 viatione
694 3941 874 3992 notat.
899 3938 1005 4001 Qui
1055 3939 1232 3996 etiam
1285 3941 1690 4010 aequinoctiali:
1733 3942 1964 4010 dicitur,
1996 3959 2062 3998 eo

417 4025 571 4096 quod
603 4025 683 4080 ibi
706 4025 830 4097 pari
860 4029 1336 4099 compensatione
1365 4028 1514 4086 lucis
1541 4029 1846 4102 noctisque
1875 4032 2068 4102 spatia

419 4112 817 4170 dimetiantur.
844 4114 1067 4170 Dicitur
1088 4120 1144 4170 et
1162 4117 1460 4187 cclipticus.
1476 4118 1622 4173 Nam
1644 4119 1784 4174 dum
1808 4119 1955 4176 inibi
1977 4121 2064 4176 sol

419 4199 675 4271 lunaque
703 4201 922 4272 pariter
951 4209 1179 4272 coeunt,
1216 4205 1461 4276 quilibet
1482 4221 1684 4262 eorum
1713 4224 1948 4264 necesse
1978 4213 2068 4265 est

422 4292 487 4342 ut
515 4287 778 4360 eclipsim
810 4291 1086 4364 patiatur.

493 4380 573 4432 Ex
594 4377 825 4435 duobus
855 4383 1050 4442 autem
1099 4379 1504 4434 terminalibus
1539 4397 1719 4436 unum
1753 4385 1943 4441 cernis
1975 4386 2064 4443 in~

2171 3238 2283 3293 cim
2308 3234 2798 3305 orbiculi,quibus
2821 3231 3071 3305 singulis
3094 3232 3532 3306 sexquipertitis
3557 3231 3621 3285 90
3648 3242 3774 3285 com-

2171 3327 2364 3400 pletur
2396 3340 2695 3390 numerus,
2728 3322 2786 3376 id
2819 3325 2906 3377 est
2936 3321 3236 3393 quadrans
3267 3321 3450 3402 totius
3471 3309 3775 3382 circuli.Qui

2175 3422 2367 3470 tamen
2391 3410 2634 3468 orbiculi
2665 3408 2844 3466 simul
2879 3425 3014 3464 cum
3044 3425 3289 3465 numero
3311 3409 3627 3465 secundum
3645 3405 3776 3459 horo-

2173 3503 2458 3575 logiorum
2485 3498 2841 3554 mutationes
2871 3513 2973 3567 pro
2995 3495 3110 3552 situ
3143 3495 3405 3551 locorum
3431 3499 3486 3550 et
3513 3492 3772 3548 climatum

2172 3599 2272 3646 aut
2304 3591 2665 3659 majorantur
2687 3591 2787 3642 aut
2807 3584 3176 3652 minuuntur,
3211 3585 3370 3657 quod
3393 3582 3536 3638 alias
3563 3577 3776 3640 lucidius

2171 3679 2430 3736 clarebit.
2465 3678 2644 3747 Cujus
2662 3677 2720 3730 in
2743 3673 3015 3729 extremis
3037 3678 3313 3729 coronata
3332 3666 3776 3742 Iabrisgyratione

2174 3768 2512 3842 prominens
2546 3765 2722 3819 umbo
2753 3761 2939 3818 tenaci
2972 3760 3265 3816 soliditate
3315 3759 3590 3832 afﬁgitur,
3634 3765 3775 3826 quem

2172 3859 2376 3913 dicunt
2405 3855 2689 3922 Alnogz’za,
2719 3851 2819 3922 qui
2860 3851 2918 3905 in
2945 3848 3131 3904 altum
3164 3853 3466 3922 porrectus
3494 3844 3774 3902 eminentes

2171 3945 2418 4001 aliorum
2443 3942 2748 3998 climatum
2767 3937 2996 3995 tabulas
3016 3938 3077 3992 in
3105 3953 3166 3993 se
3187 3935 3559 4008 suscipiendo
3579 3927 3775 3989 conclu-

2172 4035 2276 4090 dit.
2307 4033 2392 4087 Ad
2449 4047 2596 4103 quas
2655 4027 3067 4100 concipiendas
3115 4026 3278 4082 frons
3310 4025 3438 4096 ejus
3470 4037 3634 4096 parvo
3660 4023 3777 4072 tere-

2175 4126 2374 4179 bratur
2402 4119 2706 4185 foramine,
2765 4117 2859 4173 cui
2889 4120 3061 4172 acuta
3101 4113 3442 4170 tabularum
3496 4108 3780 4182 inﬁguntur

2174 4209 2466 4283 capitula:
2526 4207 2690 4273 Quod
2727 4207 2988 4262 foramen
3024 4204 3362 4261 meridiane
3403 4198 3696 4273 respondet
3715 4208 3782 4248 re-

2173 4299 2342 4372 gulaa.
2363 4299 2540 4368 Cujus
2562 4294 2886 4352 crassitudo
2929 4309 3048 4349 non
3087 4291 3262 4348 altius
3301 4289 3592 4349 extollitur
3634 4293 3782 4356 quam

2173 4386 2508 4444 tabularum
2539 4383 2852 4456 capacitas.

325 4457 332 4464 ’
422 4463 690 4520 feriorem
712 4465 996 4521 circulum
1037 4468 1094 4521 in
1127 4467 1380 4522 confinio
1412 4468 1595 4522 centri
1625 4469 2067 4541 circumactum,
2098 4497 2143 4560 Ι)
2245 4475 2464 4532 Dehinc
2535 4474 2664 4544 ejus
2720 4470 2941 4527 extanti
2988 4469 3218 4526 laterali
3272 4467 3488 4524 vertice
3532 4460 3780 4560 perfer!“

425 4552 546 4623 qui,
579 4552 832 4609 naturali
861 4555 1161 4609 observata
1179 4552 1418 4619 ratione,
1444 4559 1728 4624 quantum
1760 4564 1956 4616 centro
1980 4568 2070 4619 est

423 4640 685 4707 vicinior,
739 4645 965 4696 tantum
1019 4641 1468 4696 circumactione
1525 4646 1913 4714 contractior;
1972 4651 2071 4720 qui

427 4727 678 4783 circulus
702 4728 930 4784 Cameri
956 4729 1192 4797 tropicus
1210 4729 1430 4783 aestivus
1452 4729 1686 4786 dicitur:
1712 4733 1768 4788 in
1799 4737 2071 4794 extremis

425 4816 635 4871 tabulas
665 4816 825 4872 horis
850 4815 1116 4870 dilatiore
1171 4815 1546 4874 circulatione
1593 4820 1845 4878 circulus
1874 4824 2069 4896 Capri-

427 4903 608 4968 corni,
639 4903 697 4957 id
731 4907 839 4970 est,
871 4904 1114 4971 tropica:
1147 4903 1400 4958 hiemalis
1421 4904 1778 4964 inscribitur.
1811 4911 2069 4974 Quorum

424 4989 859 5061 inscriptiones,
892 4989 962 5044 ad
1004 4989 1189 5046 instar
1218 4988 1467 5046 caelestis
1489 4994 1726 5065 sphaera
1759 4998 2069 5070 collocatae,

428 5078 691 5146 signiferi
724 5076 1094 5132 latitudinem
1109 5077 1312 5133 circuli
1343 5079 1734 5148 includunt,et
1753 5085 1896 5142 solis
1913 5094 2071 5147 caete-

428 5180 746 5234 rorumque
805 5163 1168 5235 planetarum
1228 5168 1496 5227 cursibus
1544 5170 1790 5230 limitem
1823 5184 2048 5246 ponunt

429 5251 587 5308 Inter
615 5267 762 5321 quos
802 5256 1089 5309 extremos
1121 5255 1288 5318 orbes
1336 5257 1397 5313 in
1428 5258 1598 5332 plaga
1627 5264 2069 5333 septentrionali

433 5345 744 5404 artiﬁciosa
799 5349 1039 5408 rationis
1090 5352 1374 5424 positione
1428 5357 1802 5427 hototallasab,
1853 5360 1910 5417 id
1959 5370 2065 5434 est,

435 5434 632 5498 breves
653 5434 922 5495 horarum
943 5439 1102 5497 lineae
1123 5461 1284 5516 inqua
1306 5444 1740 5502 intervallorum
1760 5451 2070 5521 partitione

435 5522 820 5596 instruuntur,
845 5527 925 5586 ita
956 5535 1020 5590 ut
1064 5530 1320 5592 interiori
1375 5535 1648 5610 angustia
1677 5540 1930 5598 extracta
1961 5542 2066 5600 de-

2177 4561 2686 4637 suspendiculares
2724 4560 3058 4615 inferuntur
3096 4555 3432 4623 circuli,vel
3455 4552 3631 4625 magis
3653 4549 3781 4604 ince-

2181 4657 2474 4710 tenantur.
2507 4648 2727 4713 Quibus
2749 4647 3172 4703 cohaerentibus
3203 4643 3594 4716 quandolibet,
3616 4637 3681 4694 ad
3707 4648 3781 4688 ιι-

2179 4743 2343 4798 dium
2375 4739 2514 4796 solis
2554 4737 2991 4810 percipiendum
3045 4735 3417 4801 sublevatur;
3448 4731 3608 4802 cujus
3634 4724 3780 4782 etiam

2179 4828 2490 4902 epiphania
2537 4842 2774 4882 summa
2825 4824 3134 4896 diligenter
3182 4822 3359 4896 polita
3416 4818 3676 4877 dividitur
3699 4816 3782 4883 per

2177 4924 2372 4992 partes
2394 4922 2727 4988 tetragonas
2751 4914 3016 4987 partibus
3034 4913 3139 4968 360
3158 4911 3404 4982 aequatis
3424 4924 3525 4982 per
3542 4903 3783 4978 quian

2179 5007 2389 5080 pertita
2419 5003 2758 5071 intervalla;
2792 5003 2995 5074 quae,si
3028 5000 3227 5057 subtili
3258 4999 3658 5055 discernuntur
3672 5000 3780 5060 per-

2177 5095 2400 5159 titione,
2419 5094 2490 5149 ad
2504 5091 2861 5164 multiplices
2879 5091 3168 5164 pertinent
3181 5087 3782 5154 utilitates,exquarum

2178 5185 2466 5256 impressa
2497 5181 2736 5246 ratione,
2769 5181 2922 5252 quod
2954 5179 3314 5252 praecipuum
3355 5180 3464 5239 est,
3493 5164 3781 5256 certissima

2177 5253 2474 5328 naturales
2523 5270 2783 5326 noctium
2827 5274 2883 5325 et
2933 5268 3159 5324 dierum
3191 5264 3611 5338 cognoscuntur

2178 5377 2309 5417 cum
2335 5357 2669 5432 augmentis
2699 5362 2755 5414 et
2801 5356 3290 5424 detrimentis,.ut
3342 5353 3404 5410 in
3433 5340 3781 5422 aequent")!!!

2177 5449 2370 5523 aptius
2402 5446 2826 5503 admonebitur.
3704 5518 3713 5525 ι
3772 5524 3775 5525 ν

2247 5537 2476 5596 Eisdem
2517 5535 2691 5593 etiam
2741 5533 3125 5610 perigraphiie
3157 5536 3369 5592 caeteris
3390 5524 3680 5587 exercetur
3699 5518 3778 5576 tes
