3982 6216
115 216 221 281 393

1195 220 1296 280 DE
1343 215 1894 283 UTILITATIBUS
1940 220 2427 284 ASTROLABII.

3396 224 3516 286 394

117 348 1435 425 bulaa,quorumlibetsintclimatum,quamvis
1461 352 1756 424 paulisper
1786 355 1833 419 Α
1871 352 2072 425 plagas
2106 354 2354 425 propriis
2387 356 2704 421 distantiis,
2751 356 2834 411 vel
2885 373 2985 428 per
3040 356 3517 427 quinquepertita

118 455 210 511 pro
232 438 496 495 locorum
520 443 580 494 et
599 439 901 497 climatum
928 440 1250 496 mutatione
1272 441 1381 513 ipsi
1406 440 1763 496 almucanta-

120 527 238 583 rath
267 527 679 584 varientur.De
709 546 827 600 qua
866 528 1137 586 varietate
1166 535 1324 585 certa
1348 529 1496 586 ratio
1526 529 1764 585 dabitur

125 616 180 671 in
209 634 310 674 suo
338 616 721 682 1000.0uibus
752 618 972 674 tabulis
1002 618 1330 691 supersidet
1358 618 1757 683 Alhancabuth,

125 705 179 761 id
207 709 293 761 est
311 704 582 763 versatile
611 704 1110 778 volvellum,quod
1144 705 1403 762 manuali
1437 706 1763 762 versatione

123 795 188 850 ad
235 794 749 851 demonstrandam
782 795 1031 852 caelestis
1073 796 1312 867 sphaerae
1332 794 1757 853 volubilitatem

118 887 166 939 et
195 882 261 938 ad
292 883 855 940 demonstrationem
887 883 1162 943 horarum
1191 883 1385 939 volvit.
1447 884 1593 939 Nam
1625 883 1756 954 ejus

118 972 538 1028 versationibus
568 977 626 1028 et
655 973 937 1045 gradibus
958 972 1325 1045 solis,eisque
1350 971 1757 1044 respondenti-

120 1062 226 1117 bus
248 1060 597 1133 horoscopis
622 1076 725 1133 per
753 1065 952 1132 partes
998 1061 1265 1134 signiferi
1324 1060 1524 1116 circuli
1583 1060 1758 1116 certis

120 1148 259 1205 locis
286 1148 609 1221 designatis
638 1148 1016 1205 lucidissima;
1050 1150 1328 1205 horarum
1377 1148 1758 1221 proprietates

127 1236 427 1309 pateﬁunt,
455 1241 511 1292 et
541 1236 925 1309 correptiones
955 1242 1012 1292 et
1058 1236 1386 1292 crescentia:
1416 1236 1677 1293 noctium
1704 1241 1761 1291 et

124 1325 344 1381 dierum
376 1325 709 1395 probantur.
744 1327 846 1382 Est
874 1325 1033 1381 enim
1072 1324 1217 1381 illud
1245 1329 1515 1382 excavata
1545 1325 1760 1381 machi-

122 1415 346 1470 natione
374 1413 735 1487 insculptum
767 1415 1092 1471 secundum
1123 1413 1435 1470 interstitia
1450 1414 1758 1486 praedicto-

116 1520 237 1559 rum
270 1503 626 1559 circulorum
656 1509 715 1561 et
743 1504 1091 1577 positionem
1133 1503 1434 1559 stellarum
1486 1503 1753 1570 lixarum,

116 1609 209 1665 per
237 1609 390 1664 quas
418 1592 574 1648 horae
606 1593 793 1649 noctis
824 1593 1272 1666 dignoscuntur.
1308 1593 1458 1648 Sunt
1488 1595 1641 1647 certe
1696 1590 1755 1646 in

110 1682 228 1754 ipso
259 1685 381 1738 tres
411 1680 637 1746 circuli,
671 1698 922 1754 quorum
948 1680 1190 1737 interior
1218 1681 1276 1735 in
1319 1681 1466 1736 duos
1497 1680 1755 1752 hemicy-

113 1769 222 1826 clos
268 1787 375 1842 per
429 1770 783 1826 diametrum
840 1770 1088 1842 partitus
1140 1774 1250 1835 est,
1309 1769 1525 1840 quibus
1557 1767 1755 1823 lineali

110 1858 391 1916 divisione
422 1859 667 1915 sextatis
696 1859 855 1915 senis
887 1859 1070 1931 signis
1100 1859 1408 1915 duodecim
1450 1858 1755 1931 signorum

112 1965 391 2005 numerus
410 1947 699 2003 redditur.
734 1950 856 2014 Quo
882 1947 1248 2020 superposito
1278 1946 1615 2019 impellente
1636 1961 1759 2001 vero

112 2037 328 2093 satione
356 2036 587 2092 videbis
600 2037 853 2092 Arietem
871 2042 928 2092 et
945 2036 1178 2091 Libram
1198 2036 1455 2092 medium
1468 2035 1751 2091 circulum

114 2125 395 2181 Cancrum
417 2129 476 2181 et
501 2124 920 2197 Capricornum
953 2124 1290 2181 terminales
1320 2125 1606 2180 currendo
1649 2124 1754 2180 de-

114 2220 305 2271 notare
338 2212 909 2269 circulos.Estetiam
926 2213 1011 2269 ita
1041 2212 1384 2269 naturaliter
1401 2212 1755 2283 dispositum

113 2303 258 2358 utin
290 2300 734 2375 septentrionali
760 2306 930 2374 parte
961 2301 1401 2369 sublimetur,in
1431 2302 1759 2357 meridiana

114 2398 312 2448 autem
342 2391 414 2445 ad
468 2391 719 2447 conﬁnia
780 2391 1125 2447 inferiorum
1184 2392 1576 2463 demergatur.
1609 2390 1755 2445 Nam

112 2480 343 2536 arctius
377 2479 852 2552 hemisphaerium
872 2480 944 2535 ab
968 2478 1152 2535 Ariete
1170 2479 1486 2546 initiatum,
1519 2480 1626 2535 etsi
1650 2478 1757 2533 mi-

110 2587 313 2626 norum
349 2569 711 2641 correptione
749 2569 1074 2642 spatiorum
1132 2572 1497 2643 contractum
1546 2572 1655 2633 est,
1688 2568 1758 2622 de

106 2664 293 2719 tamen
318 2657 628 2717 dilatando
660 2675 763 2732 per
792 2676 970 2714 verna
990 2658 1259 2714 ascendit
1282 2657 1471 2730 signa,
1505 2662 1561 2714 et
1594 2673 1759 2713 sum-

103 2764 191 2804 mo
219 2748 452 2805 Cancro
493 2747 684 2820 posita
713 2746 1008 2803 solstitiali
1040 2746 1195 2802 linea
1223 2748 1553 2802 denotatur.
1616 2746 1760 2802 Hinc

97 2838 295 2894 eadem
330 2835 686 2893 circuitione
717 2835 842 2892 dies
873 2835 1272 2892 contrahendo
1293 2852 1399 2908 per
1446 2835 1644 2891 aestiva
1672 2835 1759 2889 di-

95 2926 380 2999 grediens
412 2924 585 2998 signa
612 2924 674 2979 in
733 2923 1124 2996 equinoctiali
1173 2924 1525 2979 terminatur
1574 2924 1758 2979 Libra.

89 3016 133 3069 Α
161 3014 341 3071 Libra
379 3014 580 3084 majus
609 3012 1072 3085 bemispherium
1104 3012 1402 3069 initiatum
1434 3017 1492 3068 et
1521 3011 1763 3067 dilatata

1872 440 2175 497 intervalla
2208 460 2309 515 per
2340 462 2478 499 sena
2506 444 2828 500 distributa:
2866 445 3073 517 signis,
3132 462 3259 516 qua:
3318 445 3518 501 omnia

1874 531 1999 585 visu
2052 532 2245 602 potius
2277 532 2451 605 quam
2483 534 2641 590 dictu
2674 534 3028 607 deprehendi
3060 540 3322 606 possunt.
3358 590 3366 597 ,
3394 571 3399 575 η

1942 619 2200 676 Habetur
2228 622 2405 677 etiam
2436 623 2514 679 ibi
2548 622 2837 692 Alhz’dada,
2882 625 2941 680 id
2997 628 3087 680 est
3141 622 3513 692 verticulum,

1871 707 2025 777 quod
2058 726 2162 763 nos
2194 710 2424 765 radium
2457 711 2647 767 dicere
2680 728 3018 783 possumus,
3042 712 3197 783 quod
3236 712 3308 768 ad
3329 711 3516 767 instar

1869 795 2080 867 regulas
2112 801 2416 855 extensum
2449 800 2864 873 superponitur
2923 800 3154 856 tabulae.
3214 800 3393 872 Cujus
3454 801 3513 856 in

1869 883 2160 956 capitibus
2192 886 2337 941 binae
2368 893 2507 943 sunt
2536 893 2738 944 erectae
2779 889 2989 961 pinnae,
3041 906 3168 961 quae
3229 889 3297 943 ad
3357 888 3511 945 acci-

1870 972 2149 1043 piendum
2182 975 2322 1030 solis
2354 977 2584 1032 radium
2616 981 2673 1032 et
2703 977 3005 1032 stellarum
3040 979 3418 1044 ﬁxarum,seu
3441 979 3510 1034 ad

1866 1063 2365 1133 geometricalium
2399 1065 2703 1120 scientiam
2750 1083 3161 1122 mensurarum
3221 1066 3331 1121 sibi
3389 1083 3508 1123 res-

1868 1151 2183 1221 pondentia
2207 1152 2346 1207 bina
2377 1151 2593 1208 habent
2624 1155 2931 1221 foramina,
2964 1154 3120 1226 quod
3169 1157 3327 1210 tactu
3375 1172 3508 1210 cum

1866 1242 2192 1309 torquetur,
2223 1240 2304 1295 itu
2338 1244 2393 1296 et
2418 1242 2608 1297 reditu
2632 1242 3005 1298 altitudinem
3056 1241 3197 1298 solis
3254 1242 3511 1313 providis

1868 1327 2229 1383 demonstrat
2260 1330 2582 1386 obtutibus.

1938 1417 2039 1470 Est
2064 1417 2239 1472 etiam
2270 1419 2533 1485 Alchz‘tob,
2566 1419 2623 1475 id
2661 1425 2749 1476 est
2804 1421 2985 1475 vectis
3046 1421 3354 1490 rotundus,
3410 1419 3511 1491 qui

1867 1503 1978 1574 ipsi
1999 1504 2348 1561 Walzacorae
2375 1507 2433 1561 in
2466 1508 2657 1563 medio
2687 1509 2988 1580 perforatae
3017 1509 3089 1564 ad
3112 1508 3514 1581 constringen-

1868 1592 2009 1646 dum
2042 1592 2344 1649 climatum
2377 1596 2609 1652 tabulas
2636 1596 3027 1670 inﬁgitur.Cui
3050 1596 3110 1652 in
3131 1613 3365 1653 summo
3390 1613 3513 1667 per-

1867 1680 2050 1736 forato
2081 1681 2225 1737 alter
2254 1699 2473 1739 cuneus
2504 1688 2560 1739 et
2590 1690 2753 1757 parte
2783 1684 3183 1740 Alhancabuth
3215 1689 3512 1740 tranverse

1868 1769 2165 1837 inseritur,
2199 1787 2372 1842 quem
2401 1774 2639 1843 Alfcraz,
2676 1773 2732 1827 id
2765 1777 2854 1828 est
2876 1773 3424 1839 caballum,dicunt,
3446 1789 3512 1828 eo

1866 1858 2021 1928 quod
2045 1860 2235 1913 instar
2263 1859 2471 1914 caballi
2504 1861 2788 1915 formatus
2820 1860 2916 1915 sit.
2951 1860 3229 1926 Etiam,ut
3258 1860 3512 1916 lucidius

1865 1945 2043 2017 quivi,
2098 1948 2227 2018 ejus
2284 1947 2687 2019 perigraphias
2771 1948 3181 2021 compendiose
3239 1948 3510 2020 explicui,

1867 2040 2106 2106 excepto
2138 2053 2254 2091 uno
2276 2041 2600 2107 tetragono,
2624 2038 2695 2092 de
2726 2054 2841 2109 quo
2864 2040 2924 2092 in
2962 2037 3085 2092 loco
3133 2053 3241 2091 suo
3274 2036 3511 2091 uberius

1866 2124 2222 2180 dicam..Sed
2256 2126 2374 2180 bzec
2405 2142 2498 2181 res
2556 2127 2726 2181 tectis
2774 2125 3186 2181 innexionibus
3242 2125 3513 2180 intricata

1865 2216 1955 2268 est
1978 2229 2104 2279 ;ncc
2134 2214 2409 2269 omnibus
2439 2214 2509 2269 ad
2543 2213 2989 2286 intelligendum
3020 2212 3513 2284 cnodabilis,praa-

1866 2306 1956 2357 ter
1984 2318 2082 2357 eos
2112 2302 2208 2374 qui
2245 2303 2506 2358 usualem
2540 2303 2759 2359 habent
2788 2303 2845 2357 in
2876 2301 2970 2357 his
3015 2302 3507 2358 exercitationem.

1866 2390 1924 2445 Si
1955 2394 2088 2461 quis
2118 2395 2312 2447 autem
2345 2392 2499 2447 dicta
2530 2396 2630 2447 aut
2659 2391 2905 2447 dicenda
2932 2406 3141 2461 parum
3171 2406 3239 2445 ex
3278 2389 3512 2461 scriptis

1871 2478 2233 2547 intellexerit,
2268 2480 2457 2552 ipsam
2475 2496 2596 2535 rem
2630 2480 2854 2552 probet,
2889 2482 2946 2533 et
2978 2477 3181 2550 procul
3213 2478 3393 2533 dubio
3424 2494 3512 2533 re-

1870 2568 2052 2640 periet
2093 2568 2238 2624 satis
2267 2568 2577 2641 diligenter
2619 2568 2820 2624 omnia
2868 2566 3025 2622 dicta
3065 2583 3211 2623 esse.
3266 2566 3370 2622 His
3434 2566 3518 2622 ita

1870 2658 2204 2729 prataxatis
2228 2662 2361 2713 vota
2386 2656 2788 2729 persolvendo,
2834 2656 3084 2728 qualiter
3123 2654 3245 2710 haec
3299 2655 3515 2711 exerci-

1868 2749 2083 2813 temus,
2117 2745 2329 2811 dicam,
2361 2751 2418 2802 et
2478 2746 2537 2801 in
2570 2746 2774 2818 primis
2808 2746 2879 2801 de
2907 2744 3309 2801 artiﬁcialibus
3356 2744 3518 2800 horis

1872 2834 1987 2889 diei
2018 2838 2075 2890 et
2106 2834 2313 2891 noctis.

2505 2922 2737 2978 CAPUT
2778 2924 2874 2978 IlI.

2155 3013 2233 3069 De
2252 3013 2560 3082 colligendo
2588 3015 2745 3083 signa
2774 3016 2826 3067 et
2855 3011 3038 3081 gradu
3068 3013 3219 3068 satis.

90 3101 445 3160 circuitione
476 3101 824 3173 depressum
856 3100 1230 3157 autumnales
1248 3101 1613 3173 corripiendo
1637 3099 1761 3155 dies
1792 3084 1835 3151 C
1947 3103 2005 3155 Si
2036 3101 2363 3157 certissime
2388 3100 2563 3157 horas
2594 3100 2890 3156 naturales
2913 3099 3374 3156 siveartiﬁciales
3399 3101 3514 3157 diei

88 3191 155 3247 ad
187 3190 547 3266 Capricorni
580 3187 895 3247 solstitium
935 3190 1248 3262 perveniet.
1306 3190 1450 3246 Hinc
1507 3188 1760 3246 brumali

88 3280 450 3337 circuitione
482 3278 555 3333 ad
591 3277 808 3333 Arietis
841 3278 1075 3351 signum
1106 3278 1421 3345 reducitur,
1480 3279 1538 3333 in
1589 3279 1759 3349 cujus

86 3366 286 3426 circuli
320 3367 624 3424 lateribus
651 3368 740 3439 [in
771 3384 975 3437 marg.,
1007 3367 1095 3423 vel
1131 3366 1450 3439 laterculis]
1495 3365 1760 3439 diligenti

88 3458 415 3530 partitione
480 3455 787 3528 signorum
844 3460 1038 3528 partes
1097 3454 1561 3529 distinguuntur.
1612 3455 1758 3510 Nam

89 3545 577 3619 unumquodque
608 3544 845 3616 signum
877 3545 1368 3617 quinquepertitis
1400 3543 1763 3601 discurnitur

87 3622 678 3705 intervallis,quibus
700 3632 900 3705 quinis
929 3634 1068 3690 data
1095 3650 1238 3689 sena
1260 3633 1639 3690 tricenarium
1669 3634 1764 3688 de-

101 3721 479 3788 nominant;
519 3726 575 3776 et
601 3722 684 3777 sic
715 3739 818 3793 per
873 3722 1138 3778 ordinem
1186 3722 1616 3795 progredientia
1669 3738 1763 3778 zo-

81 3811 241 3867 diaci
271 3808 618 3881 adimplent
648 3827 982 3867 numerum.
1018 3812 1081 3866 In
1112 3828 1227 3883 quo
1259 3812 1435 3868 etiam
1469 3811 1623 3866 acuti
1648 3829 1779 3887 ma-~

95 3898 327 3956 chinati
356 3902 513 3955 sunt
544 3898 955 3971 denticuli,qui
980 3899 1153 3956 certis
1193 3900 1251 3955 in
1308 3899 1453 3956 locis
1504 3899 1768 3956 collocati

92 3985 303 4043 stellas
334 3986 637 4041 adnotant
667 3986 832 4053 ﬁxas,
876 4003 978 4058 per
1010 4003 1178 4058 ,quas
1237 3988 1423 4043 noctis
1469 3973 1767 4060 cognosci-

93 4091 229 4130 mus
250 4075 472 4142 horas,
503 4091 633 4146 qua;
655 4074 905 4148 propriis
934 4075 1111 4130 etiam
1144 4076 1477 4132 nominibus
1504 4077 1772 4133 Arabicis

88 4161 371 4239 inscripti
404 4168 576 4237 sunt.
611 4163 671 4218 In
706 4164 874 4234 cujus
896 4163 1251 4220 rotunditate
1278 4164 1364 4220 vel
1397 4165 1771 4222 rotunditatis

90 4248 282 4310 fronte
316 4256 575 4309 exstans
604 4256 694 4307 est
745 4251 1076 4309 denticulus
1132 4270 1309 4325 super
1352 4254 1770 4327 Capricornum

87 4342 349 4413 positus,
387 4346 457 4398 et
488 4332 561 4396 ad
588 4340 784 4412 ipsum
816 4341 1133 4398 umbonem
1171 4346 1490 4413 porrectus,
1522 4359 1622 4415 qui
1654 4342 1769 4398 cal-

87 4430 353 4488 culando
385 4445 700 4488 summam
740 4430 968 4485 numeri
1016 4430 1077 4485 in
1134 4430 1449 4503 epiphania
1494 4432 1771 4488 umbonis

81 4520 261 4591 positi
297 4517 623 4577 naturales
652 4517 1021 4574 discriminat
1049 4518 1243 4576 horas.
1275 4519 1378 4576 Cui
1411 4520 1625 4576 dicitur
1669 4521 1759 4578 al-

80 4610 247 4677 meri,
272 4609 338 4665 id
374 4611 479 4664 est
508 4606 830 4675 caculator,
861 4611 919 4663 et
956 4606 1103 4663 illud
1152 4608 1557 4665 halbancabuth
1587 4610 1759 4667 desu-

82 4711 189 4769 per
221 4697 505 4772 positum
537 4695 741 4752 tabula
771 4695 1186 4752 involutionem
1218 4697 1491 4771 contegit.

148 4787 289 4843 Jam
318 4802 474 4842 vero
516 4784 710 4840 antica
739 4784 1031 4857 descripta
1058 4784 1297 4857 planitie
1355 4786 1425 4842 ad
1482 4788 1763 4859 posticam

78 4877 343 4932 vertitur
368 4873 599 4947 stylus,
633 4873 691 4929 in
723 4890 840 4946 qua
865 4873 1167 4947 signorum
1201 4880 1258 4932 et
1305 4876 1595 4931 mensium
1658 4876 1764 4931 ha—

76 4964 300 5021 bentur
335 4962 595 5020 notitiaz.
629 4962 778 5017 Nam
811 4961 870 5017 in
902 4962 1279 5019 interioribus
1310 4964 1542 5020 circulis
1599 4970 1770 5020 cauta

76 5051 1307 5125 discretione,singulismensibus,proprii
1325 5052 1607 5125 subcripti
1630 5058 1771 5109 sunt

74 5143 225 5221 dies.
254 5143 512 5209 Quibus
533 5140 839 5197 mensibus
869 5140 1040 5213 signa
1069 5141 1319 5214 singulis
1349 5141 1659 5199 attinentia
1704 5142 1770 5197 1i-

71 5231 235 5287 neali
291 5229 606 5287 divisione
677 5230 1048 5303 superposita
1096 5235 1252 5286 sunt.
1289 5232 1353 5287 In
1385 5230 1770 5288 exterioribus

75 5318 266 5389 labris
294 5316 534 5376 tabulae
554 5322 755 5390 partes
783 5318 1003 5376 zodiaci
1021 5336 1125 5392 per
1140 5320 1397 5392 quadras
1419 5321 1775 5377 denotantur

1868 3193 1926 3246 et
1956 3190 2143 3245 noctis
2176 3190 2344 3262 cupis
2374 3190 2522 3246 scire
2554 3193 2780 3262 oportet
2810 3190 2865 3244 in
2899 3188 3106 3261 primis
3138 3194 3201 3244 ut
3244 3190 3397 3245 scias
3452 3191 3509 3246 in

1869 3296 1983 3351 quo
2014 3280 2181 3350 signo
2212 3280 2290 3335 sit
2311 3279 2394 3335 sol
2420 3285 2477 3335 et
2496 3281 2554 3334 in
2579 3284 2753 3351 quoto
2781 3280 2999 3334 decano
3031 3281 3134 3333 aut
3153 3279 3335 3351 gradu
3359 3280 3513 3351 ejus-

1868 3369 2012 3424 dem.
2030 3368 2206 3440 signi.
2241 3368 2358 3423 Hoc
2389 3367 2626 3439 quidem
2658 3367 2767 3423 ctsi
2798 3366 3225 3438 multiplicibus
3260 3366 3512 3424 calcula-

1868 3456 2095 3512 tionum
2130 3456 2455 3511 rationibus
2487 3458 2632 3511 scire
2663 3472 2866 3526 queas,
2899 3460 3097 3509 tamen
3139 3455 3426 3511 absolutis
3455 3474 3525 3513 ex

1870 3545 1980 3600 hac
2022 3545 2211 3617 ﬁgura
2264 3544 2522 3601 maxima
2569 3542 2809 3599 solertia
2875 3542 3166 3613 acquisita
3204 3557 3522 3613 cognosces

1872 3650 2049 3705 quam
2082 3633 2176 3688 hic
2217 3633 2588 3687 subscribere
2619 3648 2734 3687 non
2766 3631 3028 3702 ineptum
3089 3633 3351 3698 autumo,
3384 3632 3527 3687 dum

1871 3723 2036 3779 locus
2067 3726 2124 3777 et
2155 3722 2301 3777 ratio
2333 3720 2610 3793 postulat,
2647 3724 2705 3775 et
2734 3719 2815 3774 ita
2843 3719 2901 3774 in
2933 3718 3182 3774 Arabico
3214 3718 3525 3776 habeatur.

1876 3813 2062 3867 Habet
2090 3809 2246 3864 enim
2276 3809 2397 3864 haec
2428 3810 2617 3881 ﬁgura
2646 3809 2705 3862 in
2738 3807 2918 3863 latere
2950 3824 3067 3861 uno
3090 3807 3331 3863 nomina
3358 3824 3523 3864 men-

1877 3901 2032 3956 sium
2066 3898 2461 3973 praetitulata;
2494 3896 2671 3953 altero
2702 3914 2836 3952 vere
2863 3896 3041 3951 latere
3067 3896 3192 3951 dies
3225 3896 3519 3952 mensium
3622 3892 3641 3903 ’

1877 4006 1980 4062 per
2009 3972 2357 4053 numerum;
2403 3987 2599 4042 media
2646 3986 2705 4041 in
2739 3984 3046 4057 superﬁcie
3101 3984 3280 4041 totius
3328 3984 3534 4041 circuli
3612 3972 3625 3983 χ

1877 4077 2095 4134 zodiaci
2126 4076 2296 4149 signa
2325 4092 2461 4131 cum
2493 4074 2773 4147 gradibus
2806 4074 3079 4146 partium.
3114 4077 3182 4128 Et
3239 4074 3381 4130 dum
3438 4074 3527 4130 vis

1878 4184 1982 4240 per
2010 4166 2161 4222 hanc
2193 4165 2340 4221 scire
2368 4164 2607 4237 signum
2639 4169 2696 4219 et
2727 4164 2975 4236 gradum
3007 4161 3148 4219 solis
3172 4163 3229 4217 in
3274 4162 3537 4235 quolibet

1880 4256 1992 4322 die,
2026 4254 2332 4311 considera
2363 4254 2421 4308 in
2456 4258 2705 4325 utroque
2738 4251 2916 4308 latere
2960 4255 3305 4323 praesentem
3368 4268 3533 4310 men-

1881 4348 2090 4412 sem,et
2119 4343 2385 4414 ejusdem
2405 4342 2626 4398 mensis
2646 4345 2992 4414 praesentem
3020 4339 3257 4408 diem,et
3280 4341 3359 4396 ita
3380 4341 3536 4397 binis

1799 4453 1847 4518 D
1880 4432 2230 4490 altrinsecus
2269 4432 2444 4488 lineis
2478 4430 2770 4504 ingredire
2830 4447 3017 4503 usque
3066 4430 3136 4486 ad
3183 4430 3534 4502 proselidem

1880 4520 2220 4595 angularem
2235 4523 2505 4594 (1000),et
2521 4525 2766 4592 quotum
2784 4520 2927 4575 inibi
2950 4520 3200 4592 reperies
3222 4536 3535 4577 numerum

1871 4612 2123 4683 desuper
2152 4610 2212 4665 in
2242 4610 2444 4666 eadem
2479 4609 2631 4665 linea
2662 4608 3028 4665 considerato
3060 4608 3250 4680 signo,
3302 4608 3427 4681 ipse
3446 4611 3537 4665 est

1871 4700 2089 4773 gradus
2120 4698 2261 4759 solis
2292 4716 2468 4772 quem
2501 4699 2770 4766 requiris.

1943 4789 2003 4843 Si
2035 4788 2121 4844 vis
2150 4789 2318 4844 aliter
2347 4788 2514 4856 scire,
2548 4787 2860 4843 transactis
2943 4785 3171 4851 diebus,
3232 4784 3537 4855 praesentis

1876 4878 2097 4934 mensis
2120 4876 2406 4949 quotlibet
2436 4875 3015 4947 fuerint,adjicia315
3044 4891 3152 4946 per
3173 4889 3320 4944 quos
3354 4870 3537 4926 simul

1878 4964 2152 5023 collectos
2185 4970 2525 5035 computare
2558 4965 2804 5035 incipies
2836 4981 2869 5017 a
2896 4962 3088 5035 primo
3130 4962 3317 5035 gradu
3378 4958 3534 5033 signi

1879 5053 2223 5129 pertinentis
2256 5053 2326 5107 ad
2358 5052 2556 5124 ipsum
2598 5068 2858 5106 mensem
2892 5067 2995 5122 per
3055 5049 3539 5122 quinquepertita

1880 5141 2207 5208 intervalla,
2237 5145 2295 5196 ct
2327 5140 2425 5194 ubi
2456 5139 2801 5206 defecerint,
2851 5154 2956 5209 pse
2986 5142 3074 5192 est
3104 5138 3326 5209 gradus
3365 5136 3531 5201 solis,

1882 5250 2057 5306 quem
2090 5230 2328 5304 quaeris,
2351 5226 2508 5283 verbi
2538 5227 2758 5300 gratia:
2786 5227 2912 5297 jam
2944 5225 3191 5297 peractis
3218 5227 3290 5279 20
3319 5224 3533 5279 diebus

1885 5320 2105 5394 Aprilis
2138 5320 2206 5375 ad
2206 5317 2380 5390 jicias
2408 5316 2560 5383 t5,et
2581 5312 2972 5387 computando
2995 5311 3220 5371 collecti
3242 5314 3414 5369 erunt
3434 5311 3535 5381 35.,

148 5506 355 5582 (1000)
391 5498 617 5563 Glossa
646 5506 778 5572 vet.,
812 5500 866 5559 id
896 5510 977 5562 est
1003 5522 1022 5559 .-
1053 5501 1440 5577 occurrentem,
1474 5500 1633 5581 quasi
1657 5500 2047 5563 comalientem
2076 5502 2126 5558 et
2154 5495 2565 5571 respondentem
2597 5495 2704 5554 illi.

434 5628 708 5697 Pareat.
748 5631 1008 5702 CXLIII.

3130 5622 3209 5703 t3
