3982 6216
105 364 220 433 391
284 328 287 331 ‘

1099 368 1200 431 DE
1244 366 1883 433 UTILITITATIBUS
1928 369 2421 437 ASTROLABII.

3400 376 3520 444 398

107 504 207 561 Est
236 519 446 577 nempe
475 501 690 560 eadem
720 506 780 560 et
798 519 906 576 par
923 504 1168 560 versatio
1189 502 1501 560 orientium
1531 507 1587 557 et
1617 503 1765 558 occi-
1798 505 1842 570 Α
1920 505 2150 562 diurris
2180 508 2970 580 peractisofﬁcis,confestim
2999 513 3267 587 ﬂagranti
3300 513 3513 588 indaga

106 592 372 649 dentium
402 608 506 665 per
562 592 928 648 horizontem
977 593 1225 649 cmlestis
1274 592 1535 664 sphaerae,
1568 595 1632 647 ut
1661 608 1764 664 per
1868 593 2023 649 tione
2051 596 2352 653 stellarum
2408 599 2655 655 lixarum
2704 600 3045 658 altitudines
3075 602 3511 659 nocturnalium

107 681 498 754 astrolapsum
528 682 767 753 probari
825 687 1034 754 potest.
1067 682 1290 745 Quibus
1344 681 1616 747 inventis,
1650 680 1758 734 im-

104 787 373 844 pressam
388 771 741 826 notationem
761 770 875 826 diei
908 775 963 825 et
978 771 1161 826 noctis
1173 770 1483 842 diligenter
1504 771 1755 841 impone.

1869 682 2144 740 horarum
2175 686 2398 744 indices
2428 690 2703 760 providus
2730 691 3091 764 lioroscopus
3131 694 3391 749 advisere
3411 695 3517 749 de-

1868 775 1990 829 bes.
2012 776 2155 831 Nam
2172 778 2321 832 sicut
2335 795 2435 849 per
2456 778 2701 834 solarem
2730 780 3100 836 altitudinem
3118 781 3339 837 diurnae
3362 783 3515 839 inve-

101 861 254 916 Nam
288 860 498 915 harum
520 865 689 915 cauta
709 859 1216 915 administralione
1237 859 1351 914 alia
1375 858 1572 914 omnia
1594 858 1760 914 facile
1867 863 2110 919 niuntur
2136 867 2310 935 horm,
2339 869 2421 923 sic
2453 886 2555 940 per
2586 869 2889 925 stellarum
2922 871 3167 925 lixarum
3217 876 3512 927 nocturnae

100 950 408 1021 patebunt.

765 1038 997 1094 CAPUT
1034 1038 1099 1091 V.

98 1130 177 1183 De
206 1129 562 1200 concipeinda
590 1129 721 1183 solis
769 1127 1066 1183 altitudine
1103 1132 1155 1183 et
1185 1129 1396 1182 cateris
1443 1127 1591 1181 horis
1621 1127 1767 1201 diei.-

174 1218 403 1274 Dehinc
432 1218 480 1273 si
508 1218 597 1273 vis
624 1217 770 1273 scire
808 1221 996 1272 certas
1026 1216 1199 1271 horas
1219 1216 1355 1283 dici,
1390 1217 1565 1271 debes
1596 1215 1752 1269 inve-

98 1294 233 1363 nire
255 1307 627 1363 altitudinem
658 1306 820 1372 solis,
854 1322 1032 1378 quam
1085 1304 1325 1361 Arabico
1358 1307 1755 1375 Erufanzazent

95 1396 421 1470 appellant,
476 1395 735 1468 qualibet
761 1395 905 1451 hora
960 1393 1234 1450 volueris.
1271 1394 1532 1449 Dicimus
1559 1399 1750 1449 autem

90 1486 470 1541 altitudinem
527 1484 674 1541 solis
730 1500 968 1540 cursum
1025 1484 1175 1553 ejus,
1217 1500 1318 1555 per
1348 1499 1521 1554 quem
1568 1484 1691 1554 ipse
1721 1501 1754 1537 a

92 1575 286 1648 primo
316 1591 426 1631 suo
457 1578 590 1629 ortu
628 1572 909 1646 paulatim
941 1572 1110 1644 quasi
1145 1589 1248 1643 per
1278 1573 1498 1643 gradus
1530 1572 1752 1643 impetu

91 1665 303 1721 mundi
359 1667 746 1719 contraeunte
791 1680 826 1717 a
880 1667 1034 1717 terra
1080 1661 1353 1716 recedens
1409 1660 1479 1715 ad
1549 1660 1755 1716 altiora

85 1754 467 1811 ascendendo
527 1752 718 1825 spatia
746 1750 894 1818 coeli,
924 1750 1012 1806 vel
1064 1749 1471 1805 descendendo
1502 1749 1573 1804 ad
1607 1748 1752 1805 infe-

1864 951 2175 1009 eliciuntur
2200 955 2373 1011 horae.

1935 1048 2053 1097 Hoc
2083 1044 2141 1099 in
2165 1046 2287 1099 loco
2306 1047 2579 1100 admonet
2595 1047 2741 1101 ratio
2773 1047 2993 1119 aliquid
3012 1049 3201 1104 dicere
3232 1067 3357 1121 qua:
3372 1050 3507 1117 sint,

1865 1132 1963 1187 ubi
1995 1134 2133 1200 sint,
2170 1141 2311 1206 quot
2340 1135 2475 1202 sint,
2511 1139 2565 1191 et
2591 1136 2661 1189 de
2708 1136 3052 1192 formatione
3083 1155 3183 1193 seu
3216 1138 3512 1195 vocabulis

1862 1224 2198 1277 earumdem
2222 1223 2874 1291 interserere.Sed,dum
2897 1225 2990 1280 hic
3022 1227 3284 1282 brevitati
3316 1229 3511 1284 stude-

1862 1315 1975 1377 tur,
2019 1330 2089 1367 nc
2118 1313 2296 1367 nimio
2348 1313 2511 1367 hiatu
2543 1313 2811 1384 abigatur
2855 1315 3121 1382 intentio,
3156 1316 3215 1371 in
3248 1308 3514 1389 sequenti

1861 1406 2077 1472 quanto
2108 1402 2551 1472 competentius,
2586 1406 2748 1457 tanto
2780 1402 3020 1458 uberius
3052 1404 3160 1458 hoc
3192 1405 3515 1462 declarabi-

1862 1494 1957 1544 tur
1987 1490 2129 1559 [vide
2161 1490 2286 1555 inf.,
2340 1506 2464 1560 cap.
2502 1490 2608 1557 17}.
2643 1491 3025 1546 Altitudinem
3078 1496 3272 1547 autem
3308 1496 3508 1563 cujus-

1862 1579 2004 1633 libet
2027 1578 2203 1633 stella:
2262 1579 2459 1633 taliter
2497 1580 2764 1650 exquire:
2818 1580 3116 1636 sublevato
3174 1582 3513 1655 Astrolapsu

1862 1670 2088 1721 tantum
2123 1668 2316 1738 ipsum
2352 1666 2639 1721 Alhidada
2682 1670 3004 1739 coaptando
3037 1674 3330 1741 torqueas,
3363 1688 3511 1742 quo—

1862 1755 2125 1827 adusque
2148 1754 2467 1826 quamlibet
2487 1756 2787 1811 stellarum
2812 1759 3058 1812 lixarum
3076 1764 3213 1813 tunc
3236 1776 3515 1831 apparen-

81 1845 245 1900 l'iora
275 1842 561 1916 procedit.
585 1842 732 1898 Nam
757 1840 950 1896 adhuc
977 1840 1119 1894 dum
1151 1838 1465 1894 summitas
1505 1840 1632 1907 ejus
1662 1838 1756 1892 Vix
1784 1872 1829 1937 Β
1865 1845 2008 1899 tium
2030 1844 2156 1897 etin
2178 1843 2503 1915 astrolapsu
2524 1844 2960 1915 designatarum
2989 1851 3145 1901 certa
3163 1847 3337 1903 unius
3360 1848 3511 1904 oculi

80 1933 157 1989 ab
189 1933 498 1989 horizonte
527 1930 806 2003 procedit,
858 1928 904 1985 si
946 1928 1338 2000 astrolapsum
1385 1926 1748 1995 adhibueris,

77 2021 309 2078 videbis
325 2019 650 2076 insidiante
672 2018 954 2073 Alhidada
974 2017 1139 2071 lineae
1165 2015 1430 2071 orientali
1453 2015 1751 2070 inevitabi-

77 2111 218 2166 liter
255 2110 494 2165 radium
528 2106 673 2163 solis
692 2106 863 2162 ambo
894 2107 1023 2177 ejus
1053 2104 1342 2160 foramina
1373 2104 1745 2175 perlustrare,

79 2201 221 2256 hinc
241 2196 623 2255 ascendendo
683 2195 888 2251 altiora
913 2194 1152 2249 visitare
1173 2197 1229 2248 et
1258 2210 1443 2265 usque
1479 2194 1549 2247 ad
1575 2192 1746 2248 meri-

78 2289 326 2345 dianam
374 2284 680 2359 pervenire
704 2283 941 2349 lineam,
998 2283 1403 2338 descendendo
1441 2280 1745 2337 ’ineadem

77 2382 256 2433 ortus
277 2376 372 2432 sui
404 2375 556 2430 linea
584 2373 949 2429 occumbere.

160 2468 358 2532 Quota
390 2467 577 2518 autem
606 2462 684 2518 sit
714 2460 854 2517 solis
884 2460 1133 2517 altitudo
1173 2459 1437 2531 qualibet
1466 2460 1628 2526 hora,
1664 2459 1745 2514 sic

75 2553 480 2628 inquisitione
493 2552 835 2624 procedente
853 2550 1130 2606 invenies.
1145 2552 1390 2621 Accepto
1419 2548 1745 2620 astrolapsu

74 2643 378 2703 intentius
402 2644 580 2698 temet
599 2655 827 2712 oppone
856 2638 989 2704 soli,
1010 2638 1090 2692 ita
1118 2642 1180 2693 ut
1199 2636 1436 2692 sinister
1463 2637 1745 2692 humerus

72 2736 185 2793 soli
207 2734 293 2790 sit
325 2732 621 2802 objectus,
654 2730 899 2801 ipseque
930 2726 1295 2798 astrolapsus
1326 2727 1396 2781 de
1436 2743 1614 2781 manu
1646 2730 1746 2780 tua

67 2823 490 2899 suspendatur
513 2820 749 2875 dextera
789 2834 957 2873 versa
986 2816 1057 2872 ad
1080 2821 1134 2871 te
1157 2817 1285 2886 ejus
1316 2814 1535 2886 postica
1566 2814 1747 2885 plani-

60 2917 161 2981 tie,
196 2918 259 2970 et
289 2912 501 2984 ipsum
530 2907 817 2964 Alhidada
845 2904 1183 2978 diligentius
1206 2904 1391 2959 oculis
1413 2902 1554 2958 solis
1585 2903 1744 2959 obla-

58 3009 187 3061 tum
212 3001 436 3058 crebra
466 2997 751 3069 vertigine
800 2999 1073 3067 torqueas
1103 2993 1220 3050 itus
1250 2998 1305 3048 et
1328 2993 1566 3057 reditus,
1600 3010 1741 3063 quo-

1864 1932 2218 2003 inspectionc
2250 1950 2350 2003 per
2380 1933 2552 1987 ambo
2607 1932 3017 2003 contempleris
3049 1935 3357 1991 foramina.
3387 1939 3512 2004 Qua

1858 2021 1981 2075 visa
2001 2022 2049 2091 ej
2063 2038 2246 2092 usque
2264 2021 2571 2076 altitudine
2587 2021 3019 2076 demonstrante
3036 2022 3510 2079 Alhidadaadno-

1859 2114 1977 2164 tata
2007 2111 2272 2165 eamdem
2304 2109 2676 2164 altitudinem
2712 2110 2865 2163 inter
2895 2109 3379 2165 Almucantarath
3413 2129 3507 2166 co-

1859 2215 2043 2269 aequa,
2078 2198 2134 2253 in
2186 2200 2314 2270 ipsa
2345 2203 2504 2269 parte
2552 2198 2609 2252 in
2661 2215 2778 2269 qua
2818 2198 3089 2269 accepisti
3123 2198 3373 2255 stellam.
3406 2200 3509 2256 Cui

1860 2287 2153 2343 altitudini
2196 2288 2252 2341 in
2294 2286 2770 2342 Almucantarath
2805 2291 2979 2359 caput
3034 2288 3298 2357 ejusdem
3331 2288 3508 2344 stellas

1858 2393 2206 2449 superpone,
2232 2382 2287 2432 et
2316 2375 2620 2431 considera
2666 2392 2843 2447 quam
2885 2376 3089 2431 horam
3118 2378 3337 2448 gradus
3369 2378 3510 2433 solis

1857 2468 2236 2529 demonstret,
2271 2464 2411 2536 quia
2457 2466 2584 2536 ipsa
2629 2469 2718 2518 est
2756 2480 2934 2537 quam
2993 2465 3225 2535 quaeris.
3261 2466 3370 2521 Sed
3399 2466 3510 2523 hoc

1858 2558 2119 2619 observa,
2154 2559 2216 2609 ut
2256 2570 2357 2626 per
2388 2554 2593 2609 nadair
2614 2552 2755 2608 solis
2787 2552 2963 2608 horas
2987 2552 3121 2619 diei,
3157 2571 3260 2626 per
3290 2555 3508 2626 gradus

1857 2645 1997 2700 solis
2016 2644 2187 2698 horas
2219 2643 2407 2698 noctis
2436 2643 2647 2697 discas.

2484 2732 2718 2787 CAPUT
2747 2732 2865 2786 VII.

1998 2825 2072 2877 De
2099 2823 2450 2877 distinctione
2472 2820 2733 2875 horarum
2758 2837 2860 2891 per
2884 2826 3116 2891 quatuor
3142 2823 3357 2893 plagas.

1926 2914 2183 2977 Quatuor
2229 2913 2368 2965 sunt
2396 2909 2577 2981 plaga:
2605 2908 2831 2974 mundi,
2862 2926 3111 2981 quarum
3145 2927 3261 2965 una
3285 2911 3507 2967 scilicet

1855 2999 2267 3071 septentrionis
2301 3015 2603 3069 nunquam
2633 2998 2849 3053 nostris
2869 2998 2927 3052 in
2960 2997 3104 3055 locis
3135 2999 3339 3071 recipit
3359 2999 3417 3055 in
3441 3016 3503 3056 se

60 3094 344 3163 adusque
390 3086 536 3143 solis
591 3084 793 3141 radius
837 3084 1007 3140 ambo
1066 3080 1404 3137 normaliter
1433 3080 1747 3151 perlustrat
1855 3090 2058 3145 solem.
2124 3088 2341 3143 Idcirco
2391 3104 2493 3159 per
2534 3085 2677 3142 alias
2734 3093 2872 3155 tres,
2912 3088 2969 3143 id
3014 3093 3103 3143 est
3132 3088 3498 3157 orientalem,

63 3178 395 3238 foramina.
429 3176 554 3240 Quo
609 3173 735 3229 viso
787 3172 1095 3245 diligenter
1145 3171 1361 3227 mentis
1390 3176 1446 3224 et
1478 3170 1737 3241 corporis

1854 3177 2261 3243 meridianam,
2301 3175 2858 3247 occidentalemque,
2892 3191 3020 3246 qua:
3048 3176 3369 3233 admittunt
3399 3194 3497 3233 so-

59 3237 506 3326 inhaerentibus
536 3261 859 3325 obtutibus,
894 3237 1012 3315 lida
1042 3259 1413 3314 adnotatione
1444 3259 1515 3312 ab
1547 3237 1735 3313 orien-
1767 3237 1808 3303 Ο
1847 3267 1981 3333 lem,
2018 3237 2324 3320 duodecim
2348 3237 2781 3319 distribuuntur
2810 3237 2983 3331 ιιότέε,
3020 3265 3336 3337 unicuique
3358 3282 3499 3337 qua-

58 3359 163 3417 tali
186 3358 365 3414 linea
395 3370 499 3427 per
518 3349 993 3426 quinquepertita
1015 3344 1318 3403 intervalla
1347 3347 1739 3418 computando

57 3448 351 3519 designes
382 3454 904 3511 numerum,quem
930 3437 1242 3493 summitas
1272 3435 1568 3490 Alhidadze
1592 3436 1648 3488 in
1679 3436 1740 3489 10

56 3537 317 3593 denotat
351 3531 641 3604 partibus.
674 3528 1134 3597 Quotuscunque
1154 3542 1286 3581 vero
1308 3529 1397 3580 est
1429 3540 1732 3591 numerus,

54 3630 181 3682 tota
218 3626 322 3680 est
356 3620 604 3676 altitudo
639 3616 799 3673 solis.

119 3717 266 3779 Quo
288 3708 543 3764 ﬁdeliter
564 3708 867 3763 observato
889 3709 945 3761 et
973 3703 1266 3759 memoriae
1302 3703 1728 3768 commendato,

47 3808 227 3861 verte
262 3797 523 3853 anticam
545 3794 845 3868 planitiem
894 3792 1254 3863 astrolapsus
1277 3792 1348 3847 ad
1383 3795 1457 3857 te,
1492 3791 1729 3845 eodem-

48 3910 165 3965 que
191 3901 532 3946 numerum
556 3884 613 3939 in
636 3882 941 3939 altitudine
962 3881 1101 3936 solis
1131 3879 1559 3952 deprehensum
1581 3879 1734 3934 inter

48 3981 223 4054 ipsos
247 3972 703 4047 sesquipertitos
716 3969 989 4026 adinveni
1010 3969 1203 4024 sic.Da
1216 3967 1532 4039 unicuique
1554 3966 1730 4022 inter-

47 4069 209 4125 vallo
243 4068 305 4133 6,
343 4081 377 4119 a
407 4062 597 4135 primo
652 4059 941 4132 incipiens
972 4056 1475 4125 Almucantarath,
1510 4056 1732 4127 quoad-

52 4172 256 4231 usque
320 4155 631 4223 acceptum
681 4147 937 4220 reperias
983 4162 1312 4212 numerum,
1366 4145 1411 4199 si
1464 4150 1553 4200 est
1600 4150 1732 4199 ante

54 4244 407 4307 meridiem,
441 4241 502 4295 in
535 4237 802 4295 orientali
833 4241 1025 4308 parte;
1052 4235 1100 4291 si
1134 4240 1265 4307 post
1312 4235 1637 4300 meridiem,
1673 4235 1729 4289 in

51 4329 424 4393 occidentali
448 4332 637 4402 parte.
654 4329 777 4392 Quo
802 4325 1030 4379 invento
1052 4325 1235 4395 gradu
1258 4322 1477 4378 solisin
1510 4322 1733 4378 Alban-

49 4422 283 4481 cahuth
320 4416 677 4491 insignitum
700 4429 1028 4486 superpone
1041 4412 1139 4467 alti
1152 4410 1338 4466 tudini
1360 4410 1734 4475 solis,ctinl‘e-

48 4514 195 4569 riori
224 4508 473 4581 regione
502 4503 868 4561 considerato
891 4501 1097 4557 nadair
1117 4500 1379 4567 solis,cui
1404 4500 1733 4571 supersidet

45 4603 240 4666 home,
275 4597 415 4669 ipsa
443 4598 532 4651 est
562 4608 820 4666 praesens
838 4591 980 4646 hora
1002 4607 1176 4662 quam
1209 4588 1735 4662 qumris.Similiter
1767 4607 1811 4671 Ι)

46 4687 332 4765 singulis
372 4682 741 4757 quibuslibet
770 4680 933 4735 horis
961 4680 1074 4735 diei
1118 4679 1377 4751 experire
1430 4677 1731 4732 veritatem

48 4782 174 4847 sive
216 4792 329 4851 per
362 4773 630 4830 aistivum
661 4770 780 4827 sive
828 4784 932 4841 per
966 4768 1281 4824 hibernum
1307 4771 1545 4838 tempus
1575 4765 1739 4822 nulla

48 4863 317 4940 ancipiti
359 4862 589 4919 ratione
636 4857 1116 4914 intervacillante.
1165 4856 1282 4911 Hoc
1314 4854 1739 4940 dignissimum

47 4961 124 5017 ad
159 4935 466 5014 diurnum
490 4950 774 5007 horarum
801 4946 1215 5003 celebrandum
1237 4935 1585 5010 ofﬁcﬂ'im,et
1614 4960 1742 5015 per-

46 5046 332 5104 nimium
348 5041 421 5096 ad
445 5037 758 5097 scientiam
779 5035 1011 5090 videtur
1031 5032 1422 5106 utile,quanto
1452 5029 1747 5103 gratiuset

46 5118 381 5195 decentius
399 5131 617 5184 cuncta
638 5135 775 5181 tunc
795 5124 1137 5197 procedunt,
1169 5123 1312 5177 dum
1340 5138 1475 5177 cum
1508 5137 1746 5176 summa

42 5219 398 5283 reverentia
428 5216 649 5274 debitis
679 5213 841 5268 horis
860 5214 969 5269 sub
1000 5210 1354 5283 regulajusti
1381 5208 1741 5281 Judicis,qui

42 5318 113 5371 in
142 5309 325 5370 nullo
345 5306 471 5363 vult
490 5302 620 5360 falli
642 5301 1071 5357 vicissitudinis
1092 5298 1739 5365 obumbraculo,Domi-

47 5405 191 5460 nica
222 5394 573 5456 ministeria
602 5390 1014 5447 convenienter
1044 5392 1423 5460 peraguntur.

738 5478 970 5535 CAPUT
991 5476 1080 5532 Vl.

300 5578 380 5633 De
409 5568 717 5629 altitudine
738 5569 1024 5625 stellarum
1054 5573 1105 5623 et
1139 5567 1284 5622 horis
1312 5564 1502 5619 noctis.

132 5670 247 5730 His
273 5667 360 5726 ita
390 5677 541 5721 cura
579 5657 884 5730 acquisitis
916 5662 974 5715 et
1003 5673 1105 5730 per
1155 5653 1515 5713 certissimae
1563 5651 1736 5713 horas

1850 3361 1998 3411 tuor.
2033 3356 2179 3410 Nam
2228 3358 2315 3408 ter
2345 3357 2596 3425 quatuor
2639 3353 2946 3408 duodecim
3006 3354 3277 3409 reddunt.
3312 3355 3498 3411 Datur

1848 3444 2115 3500 orientali
2141 3444 2323 3516 plaga
2354 3445 2433 3497 12
2461 3444 2494 3497 3
2517 3444 2577 3505 4;
2605 3442 2940 3496 meridianae
2961 3442 2996 3495 5
3023 3443 3058 3495 6
3086 3445 3119 3495 7
3144 3446 3205 3510 8;
3225 3443 3494 3499 occiden-

1844 3534 1946 3589 tali
1977 3535 2011 3587 9
2042 3534 2109 3587 10
2147 3536 2199 3587 ll
2230 3532 2316 3587 42.
2359 3532 2437 3585 Ex
2468 3530 2683 3601 quibus
2725 3530 2887 3585 horis
2918 3531 3044 3585 dua:
3094 3547 3326 3601 semper
3354 3539 3495 3589 sunt

1845 3625 1953 3679 sub
1984 3640 2102 3677 uno
2161 3636 2406 3677 numero
2457 3618 2545 3674 vel
2595 3636 2892 3684 mensura,
2940 3620 3195 3691 exceptis
3250 3623 3413 3674 sexta
3440 3626 3502 3677 et

1841 3711 2205 3767 duodecima.
2231 3711 2377 3763 Nam
2408 3708 2560 3762 sicut
2581 3712 2741 3762 sexta
2772 3712 3009 3779 propter
3035 3724 3335 3762 summum
3352 3708 3495 3765 solis

1842 3815 2175 3864 ascensum,
2207 3798 2288 3852 ita
2339 3801 2395 3852 et
2424 3796 2772 3851 duodecima
2819 3801 3054 3867 propter
3095 3796 3365 3851 infimum
3389 3798 3495 3853 de-

1842 3906 2119 3946 scensum
2151 3890 2450 3959 nequeunt
2478 3886 2700 3941 caeteris
2722 3902 2966 3941 numero
2982 3885 3063 3940 vel
3099 3904 3377 3942 mensura
3399 3905 3494 3943 co-

1844 3978 2080 4050 aequari.
2106 3978 2250 4032 Nam
2277 3974 2506 4031 sextain
2523 3992 2756 4030 summo
2781 3973 3020 4046 ponitur
3041 3993 3053 4043 ;
3072 3979 3124 4031 et
3138 3976 3342 4049 quinta
3361 3993 3495 4033 cum

1844 4067 2113 4140 septima,
2150 4068 2359 4137 quarta
2389 4081 2523 4119 cum
2557 4069 2776 4132 octava,
2817 4064 2989 4120 tertia
3037 4082 3169 4121 cum
3196 4083 3370 4135 nona,
3404 4082 3493 4123 se-

1843 4157 2034 4213 cunda
2055 4172 2189 4211 cum
2223 4154 2469 4218 decima,
2492 4153 2680 4225 prima
2693 4170 2826 4208 cum
2851 4154 3164 4211 undecima
3188 4173 3493 4213 mensura-

1845 4252 1970 4309 tur;
2008 4246 2268 4300 remanet
2300 4242 2722 4297 duodecimain
2756 4258 2961 4297 occasu
2997 4246 3209 4315 posita.

2732 4890 3126 5090 λ
3201 5066 3213 5079 ,

2545 4910 2732 5030 vis

2577 5046 2739 5149 διδ

2574 5180 2735 5277 914

2592 5302 2674 5404 101
2715 5332 2749 5383 3

2106 5469 2399 5527 lldesinit
2414 5476 2547 5520 cum
2606 5457 2630 5511 1
2661 5423 2677 5527 \
2720 5458 2755 5509 2
2777 5453 2996 5511 desinit
3024 5452 3214 5524 prima

2052 4884 3281 5325 ﬂ
2254 4910 3154 5171 μαψ-ς-

2577 5046 2739 5149 8ὶ5
3201 5066 3213 5079 ‘

2574 5180 2735 5325 9114

2015 5325 3306 5455 Ι--κᾞ--έ-έ-λ

2037 5200 2189 5327 ί,-

2592 5327 2674 5404 10]
2715 5332 2749 5383 3

2106 5469 2547 5527 lldesinitcum
2606 5423 2677 5527 1‘
2720 5453 2996 5511 2desinit
3024 5452 3214 5524 prima
3270 5327 3307 5647 )

2612 5546 2692 5649 iel
2769 5580 2867 5637 hic
2896 5574 3117 5645 incipit.
