3964 6206
113 368 218 428 401

1209 368 1308 429 DE
1354 363 1907 433 UTILITATIBUS
1952 368 2444 432 ASTROLABII.

115 506 203 557 est
221 501 718 574 superdecimum
740 504 1004 558 octavum
1027 502 1502 559 Almucantarath
1521 519 1586 557 ex
1610 506 1770 575 parte
1799 506 1853 571 Α
1883 504 1945 559 In
1979 506 2162 560 cauda
2192 504 2521 575 Capricorni
2554 510 2641 561 est
2669 506 2937 579 Delphin,
2972 524 3098 580 quae
3131 513 3220 564 est
3248 508 3307 563 in
3339 512 3523 565 astro-

118 589 433 662 Almagrip,
464 605 600 645 ecce
631 606 863 646 aurora.

751 752 976 809 CAPUT
1018 752 1132 808 XV.

121 860 191 914 De
214 858 563 930 percipiendo
587 859 833 930 quolibet
863 862 1100 929 tempore
1127 860 1386 931 cujusque
1402 860 1553 928 signi
1572 867 1695 914 ortu
1717 861 1765 912 et

832 944 1043 985 occasu.

187 1061 454 1128 Qualibet
481 1061 629 1118 hora
658 1062 772 1117 diei
791 1062 838 1118 si
863 1061 1116 1118 volueris
1141 1063 1288 1118 scire
1319 1063 1472 1135 quod
1506 1063 1763 1136 signum,

114 1151 203 1208 vel
237 1156 421 1223 quota
446 1167 605 1223 pars,
628 1150 719 1207 vel
750 1150 922 1207 stella
948 1151 1173 1207 oriatur
1203 1150 1287 1207 vel
1320 1152 1767 1223 occidat,accipe

121 1238 496 1295 altitudinem
527 1238 684 1307 solis,
716 1256 895 1312 super
923 1256 1101 1312 quam
1152 1241 1485 1296 transmitte
1514 1241 1761 1313 gradum

123 1326 354 1393 solis,in
373 1325 632 1398 qualibet
643 1325 815 1399 plaga
835 1326 931 1383 sit.
957 1328 1081 1393 Quo
1099 1327 1268 1393 facto,
1289 1327 1594 1383 considera
1607 1330 1760 1399 quod

121 1415 358 1487 signum
374 1414 755 1487 ejusdemque
772 1414 924 1487 signi
938 1420 1117 1487 quota
1137 1431 1271 1487 pars
1283 1415 1370 1471 vel
1393 1415 1559 1471 stella
1573 1416 1762 1488 primo

112 1503 595 1559 Almucantaratb
619 1503 1154 1576 supersideat,illud
1178 1504 1458 1559 nimirum
1472 1505 1685 1573 oritur;
1708 1516 1765 1560 et

116 1592 270 1665 quod
301 1591 511 1648 ultimo
540 1590 1043 1660 Almucantarath,
1100 1590 1242 1647 illud
1276 1592 1492 1665 quippe
1532 1594 1760 1660 occidit,

115 1682 268 1754 quod
298 1686 389 1737 est
416 1683 452 1734 7
483 1681 554 1736 ab
587 1680 835 1737 Oriente.
860 1681 929 1737 Et
949 1681 1102 1753 quod
1128 1681 1343 1737 lineam
1376 1681 1761 1739 meridianam

113 1770 403 1842 designat,
434 1769 633 1841 ipsum
666 1769 927 1824 medium
959 1768 1169 1825 coelum
1211 1785 1387 1841 super
1415 1770 1673 1843 terramf;
1707 1776 1764 1826 et

112 1858 268 1931 quod
293 1856 833 1930 septentrionalem,
852 1858 1112 1914 medium
1135 1857 1345 1914 coelum
1369 1858 1520 1915 infra
1544 1863 1760 1916 terram
1793 1872 1839 1937 Β

112 1952 379 2019 occupat.
406 1951 495 2002 Ita
509 1945 778 2002 faciendo
798 1962 1113 2020 cognosces
1135 1948 1284 2004 situs
1305 1951 1362 2003 et
1391 1953 1587 2005 motus
1613 1949 1763 2004 side-

111 2053 241 2092 rum
278 2037 406 2092 sine
435 2034 845 2107 ambiguitate.

175 2125 270 2181 Sic
327 2140 564 2197 quoque
616 2128 785 2180 nocte
840 2123 1100 2198 colligas.
1137 2126 1345 2198 Accipe
1388 2126 1757 2182 altitudinem

114 2214 432 2286 cujuslibet
464 2211 644 2269 stella:
674 2214 733 2268 in
766 2213 1758 2287 astrolapsu,scriptae,cujusaltitu-

112 2304 228 2359 dini
258 2319 531 2375 suppone
561 2307 736 2375 caput
765 2303 1029 2373 ejusdem
1063 2302 1327 2369 stellze,et
1359 2304 1756 2360 considerali-

112 2409 247 2448 neas
268 2390 749 2464 plagarum.Nam
765 2392 903 2463 ipsae
925 2390 1493 2463 demonstrantquod
1518 2394 1753 2465 quieris.

720 2534 953 2591 CAPUT
991 2535 1132 2590 XVI.

555 2627 613 2679 In
642 2640 748 2696 quo
775 2626 930 2694 signa
966 2626 1079 2679 sint
1108 2624 1304 2680 stellce.

171 2759 314 2815 Cum
356 2757 442 2813 vis
474 2758 621 2815 scire
648 2757 710 2813 in
743 2774 857 2830 quo
879 2757 1045 2831 signo
1076 2759 1152 2813 sit
1182 2758 1453 2830 quaelibet
1476 2759 1751 2815 horarum

104 2846 279 2913 stella,
304 2847 489 2917 cujus
510 2846 747 2919 signum
771 2848 1006 2919 quaeris,
1037 2848 1161 2917 ejus
1183 2853 1359 2919 caput
1379 2846 1545 2903 lineae
1577 2848 1751 2903 meri-

100 2936 275 2993 dianae
306 2940 770 3008 superpones,et
801 2936 954 3007 quod
989 2935 1223 3008 signum
1258 2936 1368 3009 ipsi
1401 2936 1749 3008 supersidet,

99 3026 150 3080 in
174 3027 279 3082 hoc
307 3024 603 3080 consistit
634 3024 764 3096 ipsa
793 3022 978 3079 stella.
1002 3023 1145 3079 Nam
1181 3025 1332 3096 quod
1362 3024 1574 3081 lineam
1599 3026 1751 3081 desi-

98 3120 247 3186 gnat,
279 3114 565 3172 eamdem
601 3112 829 3168 stellam
861 3100 1124 3185 Occupat.

701 3272 931 3328 CAPUT
970 3273 1139 3328 XVII.

232 3383 304 3437 De
331 3379 629 3436 vocabulis
658 3379 943 3434 stellarum
973 3382 1188 3436 Latinis
1242 3385 1292 3436 et
1327 3382 1601 3438 Arabicis.

167 3517 267 3571 Hic
296 3515 473 3571 locus
502 3517 560 3568 et
588 3513 736 3569 ratio
769 3513 1024 3585 postulat
1054 3514 1343 3586 promissa
1365 3515 1603 3583 solvere,
1638 3515 1748 3572 sci-

103 3604 225 3662 licet
249 3609 313 3659 ut
343 3604 423 3657 de
472 3600 658 3657 stellis
692 3602 971 3659 horarum
1002 3603 1215 3671 dicam,
1253 3609 1442 3675 quota:
1476 3604 1612 3671 sint,
1647 3605 1748 3659 ubi

101 3694 218 3749 sint
246 3697 305 3747 et
333 3692 409 3746 de
443 3690 740 3745 vocabulis
759 3695 817 3745 et
843 3692 1293 3747 formationibus
1315 3694 1749 3749 earumdem.ln

93 3786 347 3837 Temone
378 3778 625 3848 majoris
656 3778 936 3847 Plaustri,
981 3781 1134 3852 quod
1157 3782 1234 3836 ita
1266 3781 1552 3837 formatur
1570 3770 1737 3855 παν.

98 3875 181 3927 est
211 3886 331 3924 una
362 3867 646 3922 horarum
677 3868 867 3934 stella,
902 3886 1027 3942 quae
1060 3870 1302 3926 Arabice
1333 3870 1547 3925 dicitur
1579 3876 1751 3929 Bene-

99 3977 222 4024 ηαξ,
255 3955 491 4014 scilicet
520 3955 710 4026 prima
739 3958 797 4012 in
821 3952 1172 4025 Temone,‘et
1195 3963 1283 4015 est
1313 3959 1372 4014 in
1396 3959 1752 4033 astrolapsu-

100 4053 228 4105 Post
283 4060 467 4118 quam
529 4050 620 4099 est
664 4046 969 4115 Almarech,
1006 4047 1063 4102 id
1123 4054 1211 4102 est
1275 4046 1615 4119 artophylax
1644 4049 1741 4121 τις

99 4138 229 4193 tatis
260 4133 434 4191 stella
498 4133 833 4203 praelucida.
892 4136 1048 4191 Hanc
1082 4137 1349 4207 sequitur
1403 4152 1615 4192 corona
1663 4137 1744 4191 ita

96 4226 336 4283 formata
378 4213 675 4318 :gcujus
703 4224 759 4278 in
793 4226 983 4281 medio
1005 4230 1094 4281 est
1116 4224 1749 4298 stellalucidior,quam

100 4314 292 4370 dicunt
321 4314 581 4377 Μὶἧηιιν,
616 4314 699 4367 vel
733 4316 936 4385 Elfeca.
968 4317 1069 4370 Est
1099 4321 1155 4371 et
1197 4315 1253 4369 in
1294 4316 1427 4370 Lira
1455 4314 1569 4370 alia
1606 4315 1751 4371 luci-

99 4411 219 4468 dior
245 4413 330 4470 sic
384 4413 641 4470 formata
668 4396 764 4469 f4-
786 4420 960 4476 quam
993 4402 1195 4458 dicunt
1226 4402 1545 4475 .4twogaha.
1626 4404 1759 4462 Post

109 4516 279 4571 quam
303 4506 395 4558 est
414 4499 725 4559 Archeitus,
747 4493 833 4550 vel
867 4494 1017 4564 Alrif
1066 4489 1157 4552 «ἧι
1195 4494 1282 4549 vel
1315 4494 1395 4549 ita
1429 4483 1525 4571 οξ»
1552 4536 1564 4560 ,
1588 4498 1645 4548 et
1675 4499 1765 4550 est

1877 592 2044 665 lapsu
2078 593 2210 649 talis
2267 594 2334 665 εξ
2406 625 2425 644 .
2480 600 2595 661 ,est
2629 596 2989 652 Denehcaito:
3032 639 3044 663 ,
3087 602 3142 652 et
3186 602 3390 666 Panta,
3462 597 3520 652 id

1877 684 2442 740 estcaudaetventer
2471 684 2780 755 cujusdam
2821 684 3116 751 animalis,
3143 702 3268 757 qua
3303 690 3405 741 aut
3429 702 3521 741 ra-

1878 788 1939 825 ro
1967 775 2402 845 autnumquam
2420 774 2477 828 in
2500 773 2717 828 nostris
2741 772 3080 831 climatibus
3101 777 3443 842 cernuntur,
3468 777 3527 829 et

1877 861 2109 915 suntita
2167 862 2214 929 ζ.
2267 903 2280 929 ,
2302 868 2393 917 est
2433 863 2577 930 Viget
2609 866 2666 916 et
2697 862 2989 917 Alhaborr.
3027 863 3175 927 Quid
3207 866 3404 918 autem
3435 861 3525 917 di-

1875 964 2003 1002 cam
2035 950 2105 1003 de
2135 949 2248 1016 his,
2284 952 2423 1005 dum
2452 968 2485 1005 a
2514 951 2684 1005 nobis
2717 951 2957 1006 minime
2979 950 3249 1006 videntur
3268 951 3295 1005 ?
3315 952 3418 1007 Est
3436 951 3526 1006 Al-

1876 1039 2119 1104 gomeim
2148 1040 2459 1105 Aldirnam,
2493 1040 2564 1094 de
2599 1039 2814 1110 quibus
2844 1040 2999 1095 varie
3032 1043 3363 1108 autumant,
3392 1039 3523 1095 ideo

1875 1126 2042 1195 quasi
2076 1126 2320 1181 dubium
2350 1126 2747 1199 praetermitto.
2812 1115 2816 1118 ⁴

1944 1215 2093 1269 Sunt
2123 1220 2328 1286 praeter
2354 1216 2461 1271 has
2487 1216 2613 1271 dua:
2659 1217 3119 1286 Gunamalgurab,
3150 1218 3402 1282 Atbazal,
3433 1218 3522 1275 vel

1873 1302 2151 1359 Alhz’mech
2168 1304 2225 1358 in
2240 1304 2545 1371 Centauro,
2562 1303 2777 1375 quibus
2790 1304 3039 1360 Chaldaei
3054 1306 3199 1361 satis
3213 1306 3283 1361 ad
3301 1306 3521 1362 discer-

1873 1392 2096 1448 nendas
2126 1393 2300 1449 horas
2327 1396 2594 1459 utuntur,
2620 1410 2655 1448 a
2681 1392 2849 1448 nobis
2879 1398 3074 1448 autem
3107 1395 3407 1451 rarissime
3436 1396 3522 1451 vi-

1872 1480 2102 1546 dentur,
2131 1486 2187 1535 et
2208 1482 2348 1537 dum
2373 1482 2642 1537 videntur
2662 1481 2892 1536 duabus
2914 1482 3221 1538 auttribus
3241 1481 3402 1539 horis
3424 1500 3520 1556 ap-

1874 1574 2098 1639 parent.
2112 1568 2251 1623 Aliae
2267 1569 2547 1642 quamplu
2558 1570 2694 1624 rinae
2706 1569 2999 1626 habentur
3010 1571 3081 1625 ad
3100 1571 3519 1628 discernendae

1872 1656 2067 1723 horas,
2100 1674 2247 1728 quas
2275 1658 2446 1714 modo
2478 1657 2683 1723 silebo,
2717 1674 2782 1713 eo
2826 1659 2979 1730 quod
3012 1658 3095 1714 eis
3126 1677 3243 1716 non
3293 1659 3518 1732 indige-

1874 1760 2026 1813 mus,
2061 1746 2109 1801 si
2143 1750 2487 1818 praetaxatas
2520 1748 2665 1802 bene
2697 1748 3124 1819 cognoscimus.

2465 1889 2693 1946 CAPUT
2723 1890 2917 1946 XVIII.

1873 1978 1945 2032 De
1969 1976 2325 2049 descriptione
2351 1979 2672 2102 climatunzia
2689 1981 2740 2031 et
2768 1993 2954 2033 eorum
2985 1979 3311 2033 invenienda
3332 1952 3518 2035 latitu-

2651 2063 2760 2101 me.

2651 2063 2760 2101 tne.

1938 2190 2041 2245 Hic
2073 2191 2265 2245 danda
2285 2195 2372 2245 est
2395 2190 2539 2244 ratio
2569 2193 2626 2245 et
2644 2188 2961 2244 utilissima
2988 2193 3044 2243 et
3065 2189 3231 2245 Valde
3255 2206 3517 2248 necessa-

1867 2279 1975 2343 ria,
2007 2282 2063 2333 et
2093 2280 2139 2334 si
2166 2279 2293 2349 ejus
2324 2294 2528 2349 expers
2572 2278 2769 2341 fueris,
2821 2276 3064 2332 minime
3114 2278 3185 2332 ad
3236 2278 3514 2336 horarum

1865 2368 2168 2423 scientiam
2228 2366 2548 2438 pervenies.
2583 2366 2684 2420 Est
2734 2365 2950 2438 quippe
3006 2365 3307 2421 sciendum
3367 2384 3514 2439 quo-

1865 2457 2036 2511 modo
2068 2455 2421 2510 mutationes
2452 2454 2780 2520 climatum,
2812 2452 2898 2507 vel
2931 2453 2990 2507 in
3018 2470 3133 2524 quo
3155 2458 3219 2508 tu
3241 2454 3340 2510 sis.
3366 2455 3515 2511 Nam

1863 2544 2015 2599 sicut
2037 2547 2270 2617 propter
2290 2543 2469 2598 situm
2490 2546 2653 2597 terrae
2678 2558 2791 2597 non
2817 2541 2971 2596 idem
2993 2541 3266 2597 meridies
3311 2543 3375 2599 fit
3387 2544 3516 2599 ubi-

1861 2649 1993 2705 que,
2026 2633 2106 2687 ita
2135 2632 2339 2687 eadem
2371 2629 2672 2703 horologia
2697 2646 2826 2686 esse
2840 2631 3313 2702 nequeunt.Sunt
3353 2632 3510 2688 enim

1861 2722 2076 2777 secund
2087 2738 2118 2775 u
2130 2737 2185 2775 m
2208 2726 2373 2775 terra:
2387 2720 2735 2792 positionem
2751 2718 3197 2776 etdiscretiones
3210 2718 3514 2778 climatum

1863 2810 2143 2864 mutanda
2164 2807 2482 2879 horologia,
2507 2808 2577 2862 de
2601 2824 2852 2879 quorum
2876 2807 3302 2864 mutationibus
3325 2809 3514 2865 Ptolo-

1861 2915 2042 2953 maeus
2070 2902 2127 2953 et
2156 2895 2566 2951 Eratosthenes
2597 2896 2740 2951 satis
2762 2894 2952 2951 lucide
2970 2900 3242 2951 tractant.
3270 2898 3517 2955 Marcia-

1860 3003 1971 3042 nus
2003 3002 2235 3058 quoque
2267 3001 2379 3039 non
2407 2984 2599 3040 solum
2622 2984 2692 3040 de
2717 2984 3143 3040 mutationibus
3175 2984 3510 3055 climatum,

1860 3076 1960 3131 sed
1993 3075 2168 3130 etiam
2201 3076 2271 3129 de
2310 3072 2678 3145 singulorum
2703 3072 2940 3128 meridie
2969 3076 3024 3128 et
3049 3072 3364 3130 altitudine
3408 3091 3513 3131 seu

1860 3164 2020 3220 horis
2036 3162 2540 3234 tequinoctialibus
2559 3162 2703 3217 satis
2725 3162 2976 3233 expedit.
3001 3162 3183 3234 Cujus
3200 3162 3512 3219 scientiam

1777 3236 1819 3302 Ε
1857 3257 1913 3309 et
1940 3251 2244 3308 Arabicam
2276 3268 2390 3306 non
2422 3255 2510 3306 est
2538 3249 2745 3306 inutile
2776 3250 3050 3306 scribere.

1928 3340 2317 3397 Discretiones
2347 3339 2648 3395 climatum
2684 3343 2741 3395 et
2784 3339 3144 3395 mutationes
3174 3339 3512 3414 horologio-

1858 3448 1988 3486 rum
2020 3446 2119 3501 per
2142 3430 2312 3485 istam
2336 3428 2684 3484 sententiam
2709 3427 2901 3484 taliter
2923 3428 3070 3483 scire
3092 3429 3331 3501 poteris.
3358 3430 3510 3488 Dum

1858 3518 2068 3592 quaeris
2099 3518 2155 3572 in
2192 3534 2307 3589 quo
2340 3517 2575 3572 climate
2607 3517 2715 3582 sis,
2772 3515 2855 3570 vel
2891 3532 3006 3586 quo
3062 3516 3364 3589 horologio
3423 3520 3513 3575 uti

1858 3609 2070 3664 debeas
2100 3604 2351 3677 singulis
2382 3604 2441 3659 in
2472 3603 2613 3658 locis
2660 3604 2717 3657 in
2755 3604 2961 3658 Martio
2994 3620 3215 3673 mense,
3255 3620 3388 3659 cum
3422 3606 3511 3662 sol

1859 3698 1938 3754 sit
1965 3697 2025 3751 in
2059 3695 2246 3766 primo
2275 3692 2461 3766 gradu
2505 3691 2734 3757 Arietis,
2766 3691 2853 3746 vel
2903 3692 2962 3745 in
2990 3691 3339 3763 Septembri,
3374 3709 3513 3750 cum

1859 3784 1945 3842 sol
1970 3784 2047 3839 sit
2069 3783 2124 3836 in
2148 3782 2335 3853 primo
2353 3781 2536 3853 gradu
2564 3780 2766 3845 Librae,
2787 3779 2924 3851 quia
2943 3782 3081 3833 tunc
3103 3779 3355 3851 mquales
3371 3785 3515 3837 sunt

1859 3874 1985 3930 dies
2016 3872 2275 3942 ipsorum
2310 3868 2625 3934 mensium,
2649 3868 2953 3923 considera
2970 3867 3215 3923 ubilibet
3235 3873 3415 3939 quota
3437 3869 3520 3927 sit

1862 3961 2113 4019 altitudo
2144 3958 2285 4015 solis
2320 3958 2376 4013 in
2403 3957 2661 4021 meridie,
2677 3961 2735 4011 et
2754 3959 3038 4029 quantum
3055 3954 3251 4012 minus
3274 3956 3405 4012 sita
3421 3958 3516 4028 90,

1863 4056 1921 4107 et
1973 4052 2189 4122 quotus
2246 4062 2530 4102 numerus
2598 4048 2704 4112 est,
2782 4044 2883 4117 qui
2943 4043 3139 4099 minus
3194 4048 3285 4101 est
3338 4062 3372 4101 a
3417 4046 3516 4114 90,

1867 4144 1988 4196 tota
2016 4142 2102 4194 est
2134 4136 2375 4191 altiiuclo
2406 4133 2594 4207 ipsius
2627 4132 2880 4189 climatis
2912 4133 2970 4187 in
3015 4149 3131 4205 quo
3161 4150 3242 4190 es.
3276 4134 3346 4189 Et
3375 4137 3517 4191 tunc

1866 4227 2172 4285 considera
2200 4226 2256 4280 in
2308 4241 2426 4297 qua
2482 4221 2812 4279 tabularum
2875 4221 3196 4293 inscriptus
3251 4222 3327 4278 sit
3357 4223 3515 4281 idem

1868 4331 2170 4382 numerus,
2205 4314 2304 4386 qui
2337 4314 2499 4369 deest
2528 4328 2561 4367 a
2599 4312 2950 4385 perfectione
2977 4311 3069 4365 90.
3121 4311 3266 4367 Nam
3300 4311 3515 4369 subtus

1867 4402 2345 4462 Almucantarath
2369 4401 2569 4473 scripti
2588 4398 3032 4464 suntmeridies,
3046 4400 3368 4455 secundum
3388 4399 3520 4458 lati-

1870 4494 2132 4549 tudinem
2165 4490 2490 4555 climatum,
2523 4495 2579 4546 et
2609 4495 2874 4562 quotum,
2905 4488 2994 4544 vel
3016 4488 3077 4544 in
3100 4504 3216 4560 qua
3238 4489 3513 4561 reperies,

103 4554 158 4644 in
474 4554 538 4643 In
568 4554 789 4656 Auriga
819 4583 945 4638 duae
977 4554 1116 4637 sunt
1147 4554 1739 4668 lucidioresfllieureb,
1772 4604 1819 4668 D
1850 4596 2045 4656 ipsum
2074 4584 2162 4637 est
2192 4579 2368 4635 clima
2389 4581 2446 4633 in
2479 4596 2594 4651 quo
2623 4554 2706 4645 es,
2737 4584 2792 4635 et
2819 4554 3092 4668 meridies
3115 4554 3245 4668 ejus
3269 4554 3519 4651 ipsaque

98 4680 335 4746 Atroech,
360 4680 419 4735 id
454 4683 548 4734 est
571 4675 886 4739 Humerus,
915 4677 972 4729 et
995 4671 1171 4742 Rigel,
1204 4672 1258 4727 id
1286 4678 1375 4728 est
1404 4690 1504 4747 pes
1531 4670 1565 4736 ἶ
1592 4663 1742 4745 ἷ,νθΙ
1772 4663 1809 4668 —
1855 4671 2076 4737 tabula,
2099 4687 2225 4741 quae
2257 4686 2569 4725 numerum
2602 4668 2965 4734 continet,ad
3001 4666 3156 4723 idem
3180 4666 3356 4723 clima
3378 4684 3516 4739 per-

97 4764 174 4820 ita
312 4775 399 4823 est
436 4766 720 4837 Pegasus,
753 4762 813 4815 in
835 4776 951 4832 quo
981 4759 1233 4815 habetur
1269 4778 1387 4817 una
1425 4762 1560 4818 talis
1605 4762 1693 4833 ιι
1732 4813 1744 4835 ,

98 4869 264 4925 quam
301 4856 519 4911 dicunt
554 4853 790 4920 Alferaz.
822 4848 1024 4903 Telum
1057 4853 1145 4904 est
1173 4849 1255 4905 ita
1284 4854 1304 4928 ξ
1356 4852 1524 4918 cujus
1548 4856 1603 4910 in
1638 4873 1749 4913 me.

98 4942 187 4998 dio
216 4948 303 5000 est
334 4961 484 5009 una,
518 4956 694 5014 quam
726 4938 931 4993 dicunt
953 4938 1212 4994 Alliadib.
1247 4940 1307 4994 In
1330 4939 1524 5012 Cygno
1555 4950 1751 5001 autem

99 5033 290 5087 medio
321 5034 451 5087 ima
482 5035 594 5096 est,
626 5044 803 5100 quam
838 5026 1047 5082 dicunt
1101 5028 1299 5082 Alceir.
1348 5029 1409 5083 In
1443 5032 1634 5089 Tauro
1665 5039 1754 5090 est

100 5136 213 5174 una
242 5120 323 5174 ita
355 5118 615 5176 lucidior
648 5110 744 5197 ξς
767 5134 803 5168 ο
848 5159 861 5183 ,
900 5133 1073 5187 quam
1099 5117 1299 5172 dicunt
1330 5119 1672 5177 Aldebaram.
1692 5124 1752 5177 In

100 5208 359 5264 Geminis
392 5206 697 5263 habentur
720 5209 845 5263 dum
865 5205 1129 5261 Alhaioch
1158 5205 1419 5278 Algeuze,
1451 5211 1507 5264 id
1531 5216 1621 5266 est
1650 5211 1755 5266 hu-

102 5312 297 5350 merus
329 5299 389 5349 et
420 5296 603 5365 Riget,
630 5295 684 5348 id
717 5301 803 5350 est
826 5311 947 5367 pes.
986 5296 1045 5349 In
1080 5295 1263 5351 Leone
1286 5297 1416 5352 duae
1445 5298 1753 5365 Aldiranai,

106 5384 156 5438 id
179 5390 268 5439 est
290 5385 458 5438 frons
512 5385 535 5448 ζ
583 5387 627 5450 ζ.
663 5381 768 5438 Illa
797 5383 1014 5440 scilicet
1034 5388 1123 5440 est
1148 5384 1340 5441 minor
1360 5390 1416 5442 et
1437 5386 1758 5454 inferior,et

106 5471 492 5536 Calbalaceda,
528 5469 584 5525 id
614 5475 703 5526 est
725 5488 822 5528 cor
843 5473 1108 5545 superior
1154 5476 1212 5528 et
1240 5472 1455 5530 lucida.
1491 5474 1553 5529 In
1586 5472 1773 5532 Scor-'

108 5560 317 5632 pionne
379 5558 747 5630 Calbalagraf
802 5564 964 5639 οζξηι
1004 5627 1026 5638 ﬂ
1050 5565 1105 5620 id
1139 5566 1229 5618 est
1271 5579 1370 5619 cor
1404 5564 1754 5637 Scorpionis.

107 5639 164 5696 ιη
196 5643 462 5717 Aquario
494 5641 743 5701 habetur
766 5665 903 5720 una,
930 5662 1109 5729 quam
1143 5642 1349 5702 dicunt
1375 5643 1754 5725 Peuebalgedi.

1855 4763 2020 4817 tinet.
2054 4761 2224 4815 Per8
2275 4759 2527 4831 reperies
2588 4757 2927 4813 altitudines
2979 4755 3306 4811 climatum.
3368 4756 3517 4815 Nam

1860 4849 2077 4906 additis
2102 4851 2135 4903 8
2166 4847 2237 4901 ad
2276 4848 2356 4911 15,
2387 4851 2558 4902 erunt
2587 4846 2693 4914 23;
2729 4863 2855 4917 quae
2887 4848 2980 4899 est
2998 4843 3243 4898 altitudo
3274 4844 3521 4899 secundi

1862 4938 2134 4994 climatis.
2155 4936 2300 4990 Hinc
2323 4936 2647 4991 secundum
2671 4949 2984 4989 numerum
3008 4929 3343 4986 tabularum
3361 4946 3519 4985 sem-

1862 5044 1965 5098 per
1986 5024 2305 5080 minuendo
2329 5024 2583 5077 unitates
2604 5022 2906 5091 octonarii,
2932 5018 3165 5090 etquod
3188 5018 3260 5073 ab
3281 5021 3410 5073 octo
3434 5033 3522 5073 re-

1864 5119 2078 5180 manet,
2106 5112 2303 5167 addito
2333 5109 2653 5177 latitudini,
2685 5109 3000 5166 ordinatim
3033 5107 3286 5179 reperies
3316 5105 3518 5161 latitus

1863 5204 2050 5269 dines,
2076 5206 2140 5255 ut
2159 5201 2310 5253 inter
2332 5197 2655 5253 secundum
2685 5202 2741 5252 et
2757 5199 2988 5253 tertium
3012 5196 3187 5252 clima
3206 5193 3520 5252 abstrahas

1864 5307 2048 5346 unum
2084 5289 2155 5343 ab
2186 5288 2220 5339 8
2254 5288 2558 5342 remanent
2585 5286 2641 5351 7,
2687 5286 2838 5340 inter
2866 5287 3103 5341 tertium
3137 5288 3194 5340 et
3240 5286 3518 5355 quartum

1866 5395 2073 5445 unum,
2101 5381 2158 5432 et
2183 5375 2266 5431 sic
2297 5374 2594 5445 deinceps.

1936 5465 2202 5522 Climatis
2233 5461 2406 5535 primi
2440 5460 2686 5517 latitudo
2720 5461 2786 5515 15
2832 5460 3051 5532 gradus
3080 5467 3137 5516 et
3164 5464 3233 5515 20
3263 5459 3515 5529 minuta,

1867 5560 1923 5615 et
1951 5553 2075 5609 dies
2105 5555 2234 5624 ejus
2264 5552 2474 5624 longus
2505 5550 2572 5606 l3
2602 5549 2875 5606 horarum
2899 5547 3414 5620 aequinoctialium.

1915 5639 2171 5702 ‘Climati
2203 5638 2442 5698 secundi
2475 5637 2720 5699 latitudo
2748 5639 2822 5697 25
2848 5636 3065 5715 gradus
3096 5639 3152 5694 et
3179 5637 3240 5693 l5
3264 5635 3515 5726 minuta,
