3964 6206
414 418 417 421 .
449 365 564 424 403

1250 363 1662 424 HERMANNI
1707 361 2145 425 CONTRACTI
2193 364 2610 427 AUGIENSIS
2657 362 3038 425 MONACHI.

3692 452 3703 461 ,
3737 360 3855 451 494

450 501 505 550 et
527 496 649 551 dies
672 496 880 567 longus
920 494 943 549 l
983 510 1257 550 norarum
1287 496 1358 549 30
1381 496 1760 559 minutorum,
1794 514 1919 565 quae
1955 500 2094 552 sunt
2124 498 2177 564 Α
2207 496 2464 568 Cyrenen
2496 513 2625 552 eum
2660 496 2849 562 tertio,
2883 503 3208 566 tenensque
3238 492 3462 562 Leptim
3488 507 3770 564 magnam
3799 498 3858 548 et

451 586 729 639 medietas
760 584 931 638 horae.

517 672 778 729 Climatis
808 672 961 727 tertii
985 672 1228 727 latitudo
1256 674 1326 727 30
1354 675 1570 745 gradus
1602 680 1657 730 et
1678 678 1748 729 22
1768 676 2014 741 minuta,
2040 679 2097 730 et

449 762 574 817 dies
603 762 730 831 ejus
764 761 1055 816 maximus
1090 763 1151 816 14
1185 761 1481 818 horarum.

514 851 776 905 Climatis
807 850 1000 921 quarti
1038 851 1284 906 latitudo
1334 854 1401 905 36
1432 854 1647 924 gradus
1676 855 1709 909 9
1740 854 1988 918 minuta,
2037 870 2067 907 e

442 939 566 994 dies
591 940 721 1010 ejus
740 938 953 1011 longus
978 941 1041 994 14
1076 938 1351 996 horarum
1375 945 1431 996 et
1461 942 1741 997 medietas
1772 942 1946 1013 horae,
1968 959 2092 1015 quae

443 1033 533 1083 est
560 1029 632 1082 30
653 1028 900 1084 minuta.

515 1116 778 1172 Climatis
808 1118 996 1189 quinti
1028 1117 1273 1173 latitudo
1299 1118 1357 1173 41
1397 1120 1614 1190 gradus
1660 1121 1731 1174 66
1760 1121 2006 1186 minuta,
2039 1123 2095 1174 et

446 1204 569 1261 dies
599 1207 727 1277 ejus
757 1205 966 1277 longus
1004 1207 1065 1260 15
1094 1211 1150 1261 et
1205 1208 1487 1263 medietas
1518 1208 1693 1274 horae,
1728 1226 1853 1281 qua:
1912 1213 2000 1263 est
2025 1209 2095 1262 30

449 1294 696 1350 minuta.

517 1382 780 1439 Climatis
794 1386 941 1440 sexti
962 1384 1209 1441 latitudo
1232 1387 1299 1440 45
1318 1386 1535 1458 gradus
1550 1387 1609 1442 5|
1637 1386 1882 1451 minuta,
1897 1389 1953 1440 et
1970 1385 2094 1440 dies

446 1473 574 1543 ejus
603 1472 816 1544 longus
838 1473 906 1527 15
934 1472 1233 1529 horarum.

516 1559 779 1617 Climatis
799 1562 1033 1633 septimi
1064 1561 1312 1617 latitudo
1344 1564 1410 1617 48
1432 1564 1650 1635 gradus
1679 1567 1735 1617 et
1755 1565 1823 1617 32
1845 1562 2091 1628 minuta,

444 1653 500 1704 et
528 1650 651 1705 dies
673 1651 801 1721 ejus
828 1650 1036 1722 longus
1068 1650 1134 1705 t6
1164 1651 1461 1706 horarum.

1027 1758 1262 1812 CAPUT
1292 1758 1431 1813 XIX.

444 1846 711 1912 Quomodo
741 1846 886 1900 orbis
914 1848 970 1927 in
993 1918 1002 1928 .
1026 1849 1481 1931 septe/uulgauit!“
1512 1849 1580 1900 sit
1637 1848 1883 1909 climata,
1918 1848 1967 1900 et
2001 1846 2094 1898 ubi
2126 1868 2170 1931 Β

917 1918 1141 1971 initium
1168 1922 1217 1971 et
1247 1919 1374 1987 ﬁm's
1403 1934 1609 1973 eorum.

514 2004 749 2059 Initium
785 2004 957 2075 primi
990 2004 1244 2060 climatis
1300 2011 1387 2061 est
1426 2023 1494 2062 ex
1527 2012 1687 2078 parte
1717 2005 1982 2062 orientali
2016 2005 2086 2059 ab

440 2093 685 2157 Oceano,
718 2093 815 2146 ubi
837 2097 973 2148 sunt
994 2095 1143 2148 ostia
1165 2094 1382 2166 Gangis
1411 2095 1587 2161 fluvii,
1618 2100 1675 2149 et
1699 2094 1965 2149 ambulat
1989 2111 2091 2164 per

441 2182 663 2237 Indiam
688 2187 744 2237 et
768 2182 983 2248 Asiam,
1008 2188 1064 2237 et
1086 2183 1388 2239 universos
1408 2185 1688 2238 terminos
1703 2186 1831 2253 ejus
1847 2186 2089 2253 exparte

440 2269 572 2324 Euri
600 2288 785 2341 usque
817 2272 887 2324 ad
948 2270 1201 2326 insulam
1244 2274 1668 2342 Taprobanem,
1718 2288 1842 2342 quae
1884 2276 1973 2327 est
2030 2271 2085 2325 in

439 2358 664 2413 Oceano
698 2358 914 2422 Indico,
941 2360 1010 2412 ad
1046 2360 1173 2428 ejus
1204 2358 1406 2413 insula:
1426 2360 1687 2413 civitates
1708 2361 1906 2414 decem
1930 2364 2090 2415 crete-

440 2462 653 2516 rasque
675 2445 961 2517 plurimas
986 2464 998 2511 ;
1023 2451 1080 2501 et
1101 2448 1183 2502 sie
1205 2448 1274 2501 ab
1299 2447 1528 2502 Oriente
1550 2449 1882 2503 extenditur
1903 2466 2089 2520 usque

440 2534 511 2588 ad
548 2549 706 2588 mare
736 2534 998 2589 Rubrum
1032 2541 1232 2589 contra
1289 2536 1615 2602 meridiem,
1646 2537 1863 2591 scilicet
1895 2537 2087 2592 Antio-

437 2621 630 2677 chiam
661 2627 968 2688 armatam,
1004 2623 1422 2691 Piternnatam,
1470 2625 1847 2695 [Pitinnatam
1879 2627 1961 2681 vel
1997 2626 2085 2680 Pi-

436 2714 633 2783 tanen]
664 2711 750 2768 vel
778 2712 1097 2767 Bitinniam
1124 2716 1180 2768 et
1211 2713 1528 2779 Persidam,
1553 2717 1609 2769 et
1630 2714 1855 2786 aliquas
1887 2715 2086 2770 civita-

434 2806 523 2857 tes
538 2801 804 2873 Assyriaa,
818 2801 1228 2858 Alexandriam
1252 2803 1521 2870 Persidis,
1541 2808 1597 2858 et
1614 2821 1773 2859 mare
1791 2804 2085 2860 Persicum

437 2894 495 2946 et
525 2895 741 2945 terram
771 2891 1078 2946 Arabieam
1111 2896 1169 2947 et
1196 2909 1383 2964 usque
1410 2894 1481 2947 ad
1522 2894 1850 2966 zEgyptum,
1884 2898 1941 2949 et
1971 2899 2089 2948 ter-

438 2995 560 3036 ram
595 2980 946 3051 Ethiopiam
979 2982 1335 3053 fluviumque
1366 2982 1561 3037 Nilum
1636 2987 1693 3038 et
1740 2983 1950 3038 Merois
1984 2982 2089 3053 [vel

437 3068 612 3141 Mero]
643 3068 923 3132 insulam,
957 3070 1027 3124 de
1086 3087 1201 3141 qua
1231 3071 1406 3125 etiam
1458 3088 1642 3126 unum
1674 3071 1849 3127 clima
1879 3071 2088 3126 Merois

437 3157 780 3231 appellatur.
818 3158 1028 3213 Deinde
1058 3158 1116 3212 in
1147 3158 1351 3214 Africae
1390 3161 1653 3230 partibus
1673 3160 1960 3216 aMeridie
1989 3175 2090 3230 per

2206 586 2419 656 partim
2451 587 2810 654 Numidiam,
2843 584 3237 657 Tingitaniam
3269 585 3629 653 ceterosque
3649 581 3854 637 termi-

2204 691 2310 729 nos
2344 691 2527 745 usque
2558 675 2629 729 ad
2661 675 2974 741 Oceanum,
3008 672 3205 744 ibique
3231 671 3603 727 terminatur.

2276 764 2516 818 Initium
2542 763 2729 835 quinti
2762 763 2834 818 ab
2867 761 3099 817 Oriente
3129 777 3289 816 mare
3317 759 3600 832 Caspium
3629 763 3690 815 et
3719 775 3858 833 par-

2204 852 2310 906 tim
2340 852 2635 923 Scythiam
2670 855 2844 915 tenet,
2872 851 3123 922 partitur
3144 849 3486 905 Armeniam
3509 864 3649 905 cum
3671 853 3862 917 sexto,

2204 942 2532 1012 transitque
2557 945 2787 996 montes
2817 937 3381 1011 Ceraunios,pariter
3399 937 3702 993 Galilaeam
3724 954 3862 993 cum

2205 1032 2432 1099 quarto,
2466 1034 2521 1084 et
2548 1033 2706 1083 tenet
2754 1028 3103 1095 Samariam,
3139 1029 3397 1083 montem
3428 1024 3772 1081 Carmelum
3802 1031 3859 1080 et

2204 1118 2361 1172 venit
2417 1134 2601 1189 usque
2661 1118 2731 1172 ad
2784 1133 2943 1173 mare
2982 1116 3478 1173 Mediterraneum
3507 1120 3567 1171 et
3596 1113 3862 1171 insulam

2204 1206 2557 1276 Sardiniam,
2590 1206 3122 1279 Carthaginemque
3154 1209 3212 1260 et
3240 1205 3454 1275 partim
3485 1203 3859 1274 Numidiam,

2205 1298 2261 1350 et
2286 1295 2368 1350 sic
2399 1294 2767 1367 protenditur
2813 1310 2916 1367 per
2964 1293 3356 1365 Tingitaniam
3387 1296 3446 1349 et
3493 1308 3598 1364 per
3626 1290 3861 1349 insulas

2205 1383 2385 1439 maris
2422 1383 2826 1439 Mediterranei
2851 1398 3040 1455 usque
3070 1382 3141 1438 ad
3171 1379 3503 1437 Occidentis
3531 1383 3860 1450 Oceanum,

2203 1470 2399 1542 ibique
2429 1472 2797 1527 terminatur.

2275 1560 2511 1615 Initium
2544 1562 2687 1616 sexti
2720 1562 2791 1616 ab
2822 1560 3054 1616 Oriente
3111 1577 3146 1615 a
3182 1557 3329 1615 mari
3359 1558 3568 1631 Caspio
3600 1558 3861 1631 partitur

2203 1649 2560 1714 Armeniam,
2595 1653 2754 1704 tenet
2784 1648 3037 1721 primam
3070 1647 3473 1704 Macedoniam
3500 1650 3687 1702 totam
3719 1664 3860 1703 cum

2207 1737 2492 1793 universis
2508 1738 2778 1793 terminis
2793 1737 2916 1793 suis
2934 1741 2991 1793 et
3007 1736 3234 1793 insulas
3248 1736 3444 1809 Magni
3460 1736 3864 1803 maris,trans-

2206 1828 2363 1897 itque
2417 1826 2907 1882 Mediterraneum
2942 1842 3121 1892 mare,
3154 1829 3209 1880 et
3256 1825 3510 1896 partitur
3544 1824 3861 1881 Arcadiam

2203 1932 2337 1969 eum
2371 1915 2641 1986 septimo,
2686 1921 2742 1970 et
2797 1920 3000 1971 contra
3030 1913 3330 1969 Meridiem
3357 1917 3610 1985 occupat
3663 1913 3859 1969 Saler-

2208 2022 2366 2071 nam,
2400 2004 2708 2075 Neapolim
2743 2010 2798 2059 et
2831 2003 3173 2059 Romaniam
3224 2006 3282 2058 et
3310 2006 3553 2058 Romam
3585 2001 3857 2070 alteram,

2203 2098 2258 2147 et
2286 2092 2616 2148 extenditur
2643 2109 2744 2164 per
2804 2091 3029 2147 Italiam
3061 2100 3114 2147 et
3162 2091 3555 2157 Germaniam,
3589 2090 3856 2163 partitur

2202 2198 2333 2236 eum
2368 2182 2617 2253 septimo
2646 2181 2953 2236 Frunciam
2978 2182 3345 2252 majorem,et
3367 2180 3448 2235 sic
3476 2180 3544 2234 od
3567 2178 3862 2236 Occiden-

2202 2271 2277 2325 tis
2307 2276 2548 2325 eunctas
2581 2275 2857 2342 protensa
2886 2270 3154 2341 regiones
3205 2268 3461 2324 vindicat
3504 2266 3612 2323 sibi
3643 2270 3859 2323 totam

2204 2359 2562 2430 Hispaniam,
2599 2359 2655 2413 in
2690 2358 2814 2430 ipso
2846 2357 3056 2413 Oceani
3088 2356 3269 2411 limbo
3291 2354 3660 2412 terminatur.

2274 2448 2508 2502 Initium
2550 2446 2783 2517 septimi
2816 2447 2887 2500 ab
2918 2447 3145 2501 Oceano
3175 2443 3449 2499 orientali
3504 2443 3734 2499 habens
3798 2445 3857 2500 in

2201 2537 2407 2608 primis
2438 2542 2639 2591 contra
2658 2534 3120 2607 Septentrionem
3143 2533 3641 2598 Albanos,deinde
3670 2532 3859 2590 Thra-

2201 2627 2349 2681 ciam
2382 2631 2439 2680 et
2469 2626 2798 2697 Smyrnaeos
2828 2640 3089 2695 campos,
3119 2623 3446 2694 transitque
3469 2637 3631 2677 mare
3652 2621 3855 2678 Ponti-

2200 2732 2335 2769 cum
2367 2720 2425 2770 et
2446 2713 2817 2786 zEgaeumJbi
2848 2711 3062 2767 celsam
3082 2711 3258 2767 habet
3276 2710 3856 2783 Constantinopolim

2200 2808 2511 2875 partesque
2544 2801 2793 2870 Graeciae,
2827 2804 2883 2855 et
2912 2805 3116 2855 contra
3149 2799 3447 2854 Meridiem
3493 2800 3713 2872 partim
3744 2801 3857 2856 Ar-

2200 2893 2451 2959 cadiam,
2482 2895 2662 2946 totam
2696 2889 3100 2957 Thessaliam;
3149 2893 3351 2944 contra
3380 2888 3858 2961 Septentrionem

2200 2981 2438 3036 Daciam
2472 2984 2527 3035 et
2557 2985 2791 3052 gentem
2824 2979 3213 3044 barbaricam,
3275 2976 3485 3049 partim
3543 2977 3858 3035 Francia'm

2203 3071 2508 3140 majorem,
2544 3067 3244 3138 Brittanniam,Seotiam,
3271 3071 3487 3123 terram
3518 3066 3856 3140 Anglicam,

2202 3157 2541 3214 Gallias.Sie
2565 3158 2635 3212 ad
2658 3157 3028 3212 Occidentem
3060 3160 3335 3228 protensa
3363 3172 3555 3228 usque
3585 3156 3660 3211 ad
3690 3157 3858 3213 basi-

439 3246 821 3302 Garamantes
844 3246 1203 3319 fluviumque
1227 3248 1379 3302 Geon
1406 3255 1461 3302 et
1489 3253 1745 3303 montem
1771 3246 2009 3315 Astrixi,
2034 3252 2090 3302 et
2121 3234 2162 3299 C
2205 3248 2375 3303 licam
2413 3248 2469 3302 S.
2495 3246 2692 3301 Jacobi
2719 3244 3197 3317 apostoli,ibique
3217 3244 3277 3300 in
3296 3244 3599 3301 Occidenti
3618 3244 3855 3303 Oceano

438 3352 542 3408 per
572 3336 801 3390 deserta
821 3350 1065 3390 arenosa
1087 3340 1144 3390 et
1175 3340 1409 3391 caeteras
1436 3341 1630 3408 partes
1652 3340 1708 3391 et
1732 3353 1834 3408 per
1855 3337 2087 3391 Mauros

437 3423 832 3493 Matibienses,
858 3423 1008 3479 etsie
1025 3424 1083 3479 in
1102 3424 1473 3480 Occidentem
1497 3441 1681 3496 usque
1703 3426 1773 3480 ad
1794 3425 2088 3480 Oceanum

438 3512 637 3584 ibique
666 3511 1036 3568 terminatur.

508 3601 746 3656 Initium
779 3601 1021 3657 secundi
1070 3601 1320 3657 climatis
1350 3606 1437 3658 est
1468 3603 1538 3657 ab
1574 3602 1799 3659 Oceano
1832 3602 1900 3657 de
1927 3605 2089 3673 parte

438 3690 688 3746 Orientis
720 3691 792 3746 ab
814 3690 1012 3746 insula
1066 3692 1288 3757 Costra,
1338 3696 1394 3746 et
1422 3692 1633 3747 transit
1661 3708 1764 3763 per
1793 3691 2090 3747 Parthiam

434 3781 678 3852 ejusque
706 3781 993 3836 terminos
1022 3783 1079 3835 et
1124 3781 1332 3836 Persiae
1366 3780 1594 3852 aliquas
1625 3784 1838 3852 partes,
1890 3784 2093 3836 contra

436 3870 893 3942 septentrionem
926 3874 1186 3925 montem
1229 3870 1410 3938 Sinai,
1443 3874 1500 3925 et
1537 3875 1739 3926 contra
1788 3869 2092 3925 meridiem

440 3959 669 4016 deserta
685 3975 900 4031 magna
920 3959 1190 4015 Soddmae
1211 3963 1267 4014 et
1292 3959 1647 4027 Gomorrhze,
1684 3958 2093 4014 Alexandriam

447 4048 699 4121 Egypti,
731 4054 931 4121 gentes
954 4048 1503 4121 Libyae,partimque
1525 4050 1834 4122 {Egyptum
1858 4048 2097 4104 inferio-

437 4153 581 4205 rem,
611 4142 668 4192 et
697 4137 779 4192 sic
819 4137 1150 4192 extenditur
1179 4154 1281 4209 per
1325 4138 1745 4210 Tripolitanam
1804 4154 1990 4209 usque
2022 4137 2093 4191 ad

443 4225 878 4281 Mauritaniam.

510 4312 748 4366 Initium
780 4313 935 4368 tertii
967 4312 1223 4367 climatis
1276 4317 1364 4367 est
1394 4314 1451 4367 in
1484 4314 1705 4369 oriente
1758 4316 1829 4370 ab
1869 4315 2095 4371 Oceano

443 4401 515 4455 de
547 4404 744 4455 monte
773 4401 1035 4467 Timavo,
1068 4406 1125 4455 et
1154 4400 1417 4454 ambulat
1447 4418 1549 4472 per
1572 4402 1937 4459 Antiochiam
1968 4405 2096 4473 ejus

443 4505 556 4560 que
587 4491 827 4543 cunctos
857 4488 1159 4554 terminos,
1201 4488 1529 4559 transitque
1556 4489 1797 4546 ﬂuvium
1844 4493 2096 4565 Pbyson,

448 4581 722 4669 tenetque
751 4577 1111 4669 Aracusiam,
1136 4581 1192 4630 et
1210 4575 1538 4669 Albaniam,
1564 4580 1892 4652 partimque
1914 4583 2099 4638 Meso-
2133 4605 2177 4669 Β

445 4665 766 4738 potamiam
797 4668 854 4720 et
882 4664 1203 4735 Gatogoras
1226 4683 1242 4718 :
1276 4666 1430 4721 unde
1480 4673 1539 4722 et
1567 4669 1696 4740 ipsa
1725 4676 2099 4741 nuncupatur

444 4755 823 4817 Damascum,
855 4752 1182 4823 transitque
1224 4770 1381 4810 mare
1428 4756 1721 4812 Mortuum
1771 4763 1828 4813 et
1876 4759 2088 4829 partim

437 4845 679 4915 Libyam
718 4841 1114 4913 Cyrenaicam,
1148 4848 1207 4897 et
1249 4844 1333 4899 sic
1368 4861 1467 4916 per
1513 4846 1773 4902 diversos
1833 4849 2087 4919 partium

431 4932 891 5002 terminos,quos
920 4928 1156 5002 longum
1187 4937 1275 4987 est
1304 4934 1578 5003 ediscere,
1615 4952 1801 5006 usque
1821 4937 1891 4991 ad
1921 4936 2093 4993 Ocea-

432 5038 576 5077 num
609 5019 940 5075 Oecidentis
976 5024 1311 5092 protensum
1352 5024 1486 5094 [cod
1538 5025 1831 5096 pretensal
1862 5025 2086 5081 linitur.

512 5109 749 5165 Initium
775 5125 905 5163 vero
939 5110 1125 5181 quarti
1170 5111 1421 5168 climatis
1469 5124 1549 5170 est
1612 5115 1670 5168 in
1703 5114 1954 5177 Oriente,
2006 5120 2088 5170 te-

437 5202 650 5269 netque
672 5198 729 5252 in
753 5200 937 5270 capite
962 5200 1172 5271 partim
1195 5201 1371 5256 simul
1394 5219 1526 5257 eum
1554 5203 1760 5275 quinto
1794 5204 2087 5275 Scythiam

435 5294 491 5343 et
520 5289 731 5344 transit
761 5296 1019 5345 montem
1045 5294 1366 5346 Caucasum
1389 5297 1444 5346 et
1467 5292 1735 5364 partitur,
1762 5293 2089 5364 accipitque

432 5395 566 5434 cum
598 5379 766 5435 tertio
826 5385 1049 5452 partem
1108 5380 1537 5452 Mesopotamiae
1569 5385 1627 5436 et
1687 5397 1820 5435 cum
1882 5381 2086 5453 quinto

433 5468 880 5542 Cappadociam,
914 5474 970 5525 et
1004 5469 1216 5525 transit
1245 5470 1486 5526 ﬂuvium
1543 5470 1817 5526 Jordanis
1847 5476 1903 5525 et
1933 5471 2084 5525 Gali-

434 5558 624 5626 laeam,
652 5560 863 5633 partim
896 5562 1140 5633 occupat
1166 5560 1492 5617 Jerusalem
1541 5563 1898 5633 cunctosque
1948 5576 2088 5617 suos

433 5649 741 5724 terminos,
773 5654 829 5709 et
860 5650 943 5707 sic
969 5650 1038 5709 ad
1070 5649 1437 5711 Occidentem
1468 5653 1810 5725 protensum
1839 5647 2089 5723 partitur

2200 3336 2567 3393 terminatur.
2601 3334 2679 3390 De
2735 3334 2969 3401 insulis,
3002 3351 3149 3406 quas
3206 3332 3481 3405 Cycladas
3520 3333 3852 3406 appellant,

2201 3426 2443 3481 dubium
2492 3430 2581 3479 est
2609 3423 2701 3478 cui
2752 3424 3106 3494 deputentur
3143 3422 3385 3491 elimati,
3420 3439 3570 3494 quas
3597 3422 3855 3496 diligens

2199 3514 2491 3585 inspector
2521 3512 2878 3576 walzaeorae,
2913 3512 2961 3566 si
2994 3511 3106 3583 ipsi
3166 3510 3382 3567 fuerint
3410 3510 3653 3577 insulis,
3711 3512 3853 3568 abs-

2199 3608 2405 3675 terget,
2438 3603 2594 3674 quod
2643 3601 2882 3657 cuilibet
2939 3601 3308 3672 probandum
3368 3600 3714 3656 dimittitur.
3756 3598 3852 3657 Ha

2200 3692 2640 3749 distributiones
2680 3690 2982 3745 climatum
3031 3693 3088 3745 et
3142 3688 3455 3746 latiudines
3515 3691 3854 3748 secundum

2200 3780 2476 3838 Arabicos
2504 3782 2654 3836 fiunt
2683 3783 2970 3835 auctores.

2823 3894 3058 3950 CAPUT
3095 3894 3215 3950 XX.

2444 3986 2505 4041 Ut
2534 3986 2675 4039 scias
2695 3985 2753 4038 si
2775 3985 2847 4037 sit
2875 3987 3003 4038 ante
3029 3983 3114 4039 vel
3134 3988 3255 4055 post
3294 3983 3607 4039 meridiem.

2276 4093 2516 4157 Quando
2564 4092 2777 4162 quaeris
2809 4090 2956 4145 scire
3003 4090 3052 4145 si
3083 4094 3173 4146 est
3211 4094 3344 4146 ante
3395 4091 3711 4147 meridiem
3762 4098 3865 4149 aut

2205 4187 2352 4255 post,
2389 4180 2585 4252 accipe
2607 4180 2974 4235 altitudinem
2999 4178 3141 4235 solis
3174 4178 3231 4234 in
3261 4180 3434 4235 dorso
3465 4179 3868 4248 astrolabii,et

2206 4272 2334 4326 vide
2367 4270 2415 4325 si
2434 4269 2735 4325 descendit
2755 4268 2842 4325 sol
2864 4269 2924 4323 in
2947 4268 3092 4341 ipsis
3111 4268 3183 4322 90
3203 4267 3534 4324 ordinibus.
3560 4268 3622 4324 Si
3654 4286 3868 4328 ascen-

2207 4360 2311 4427 dit,
2343 4363 2431 4414 est
2459 4363 2594 4413 ante
2617 4357 2960 4424 meridiem;
2994 4356 3045 4412 si
3073 4355 3395 4423 descendit,
3424 4360 3559 4430 post
3583 4359 3863 4415 medium

2208 4449 2382 4504 diem.

2817 4552 3049 4608 CAPUT
3089 4551 3231 4608 XXI.

2403 4645 2474 4698 De
2496 4641 2839 4697 inveniendis
2867 4644 2924 4696 in
2955 4641 3113 4697 dorso
3142 4640 3444 4697 Astrolabii
3473 4641 3646 4699 horis.

2268 4760 2507 4826 Quando
2537 4758 2623 4813 vis
2671 4757 2819 4813 scire
2850 4758 2908 4811 in
2941 4758 3113 4813 dorso
3147 4757 3517 4829 astrolopsus
3549 4757 3699 4816 hora
3743 4805 3759 4828 ,
3795 4762 3857 4817 in

2200 4850 2409 4921 primis
2438 4848 2588 4903 scias
2620 4851 2904 4918 quantum
2940 4845 3025 4901 sol
3047 4847 3256 4902 debeat
3280 4847 3601 4903 ascendere
3631 4848 3692 4905 in
3723 4849 3863 4921 ipsa

2200 4940 2292 4993 die
2323 4956 2437 5010 qua
2478 4936 2728 4992 volueris
2789 4935 2965 4990 horas
3014 4935 3281 5006 probare,
3313 4940 3374 4989 et
3421 4934 3615 5007 ipsam
3647 4954 3867 4995 ascen-

2200 5028 2422 5083 sionem
2455 5026 2539 5079 vel
2569 5025 2939 5079 altitudinem
2972 5024 3113 5078 solis
3160 5041 3194 5078 a
3226 5024 3412 5092 primo
3443 5024 3635 5096 gradu
3685 5032 3860 5083 ortus

2199 5116 2339 5173 solis
2374 5132 2560 5185 usque
2590 5115 2660 5168 ad
2699 5113 2976 5167 ultimum
3001 5113 3216 5184 partire
3240 5129 3341 5183 per
3367 5113 3402 5167 6
3428 5117 3637 5184 partes
3669 5116 3869 5187 ipsas-

2199 5223 2312 5276 que
2334 5208 2527 5276 partes
2548 5220 2648 5273 per
2668 5202 2856 5273 signa,
2882 5206 2954 5265 et,
2981 5203 3122 5255 dum
3158 5201 3241 5254 sol
3273 5201 3604 5273 pervenerit
3632 5204 3708 5259 ad
3726 5204 3867 5276 ipsa

2195 5293 2365 5362 signa
2392 5293 2450 5345 in
2482 5290 2787 5357 Alhidada,
2820 5290 2971 5344 scias
3018 5290 3101 5343 sie
3135 5290 3307 5343 horas
3329 5293 3517 5345 certas
3548 5306 3739 5362 usque
3773 5294 3853 5348 ad

2195 5385 2228 5437 6
2252 5400 2265 5449 ;
2302 5386 2430 5453 post
2456 5383 2510 5444 ὃ,
2536 5384 2769 5435 retorna
2794 5378 3200 5434 descendendo
3235 5394 3423 5449 usque
3444 5377 3518 5433 ad
3552 5394 3862 5436 occasum.

2197 5470 2309 5526 Sed
2339 5473 2422 5536 tu,
2454 5468 2654 5536 lector,
2687 5468 2736 5523 si
2772 5466 3084 5540 diligenter
3113 5466 3579 5523 animadvertere
3621 5468 3866 5540 quieris,

2194 5564 2257 5615 tu
2286 5558 2412 5630 ipse
2441 5573 2544 5631 per
2573 5556 2910 5629 praedictam
2951 5554 3361 5622 walzacoram,
3396 5553 3457 5610 id
3489 5558 3582 5611 est
3612 5546 3865 5627 planant

2196 5647 2484 5722 sphaeram
2514 5645 2742 5703 diversa
2772 5644 2990 5722 poteris
3023 5642 3308 5703 fabricare
3330 5641 3679 5721 horologia.
3758 5710 3763 5715 ,
