3964 6206
1301 391 1403 457 DE
1447 392 1998 460 UTILITATIBUS
2040 394 2538 462 ASTROLABII.

3506 400 3624 468 406

1242 544 1620 640 LIBER
1693 546 2346 643 SECUNDUS
2397 549 2606 645 (ίοθί).

752 695 982 753 CAPUT
1019 695 1334 753 PRIMUM.

193 787 614 846 Demonstrin
652 783 1012 858 componendi
1038 802 1164 840 cum
1216 787 1563 842 convertibili
1607 789 1868 844 sciothero

532 875 841 946 horologeci
869 875 1143 934 viatorum
1164 876 1534 930 instrumenti.

273 965 673 1038 Componitur
695 963 950 1036 quodam
985 963 1233 1035 simplex
1263 968 1319 1019 et
1351 963 1656 1036 parvulum
1693 965 1871 1018 viato-

194 1055 376 1112 ribus
400 1053 811 1124 horologicum
842 1051 1322 1121 instrumentum,
1354 1052 1510 1124 quod
1546 1051 1603 1107 in
1628 1053 1865 1107 modum

198 1143 420 1202 teretis
458 1147 517 1198 et
563 1139 806 1212 aqualis
853 1140 1273 1214 grossitudinis
1313 1140 1427 1212 pali
1461 1157 1563 1196 seu
1618 1140 1865 1214 cylindri

204 1234 544 1290 formatum
565 1235 736 1302 atque
758 1245 1113 1302 suspensum
1146 1228 1205 1284 in
1223 1229 1563 1286 summitate
1585 1234 1869 1285 transver-

211 1322 342 1379 sim
365 1317 821 1392 orthogonaliter
839 1318 1173 1387 afﬁxum,et
1200 1317 1748 1375 circumvertibilem
1771 1319 1866 1376 ha-

207 1411 322 1468 bet
344 1408 720 1466 sciotherum.
754 1410 877 1474 Quo
907 1423 1011 1479 per
1059 1423 1266 1480 gyrum
1299 1408 1356 1462 in
1417 1409 1596 1464 latere
1622 1407 1866 1464 lincatas

203 1515 323 1573 per
351 1497 589 1570 singula
618 1497 686 1552 l2
717 1495 885 1569 signa
911 1495 1000 1552 vel
1027 1512 1260 1552 menses
1299 1497 1510 1552 umbra
1539 1514 1645 1552 sua
1677 1502 1865 1553 certas

203 1588 471 1660 attingat
507 1591 564 1642 et
613 1585 962 1641 determinet
1019 1585 1214 1640 horas.
1273 1585 1455 1656 Cujus
1503 1603 1861 1655 mensuram,

204 1680 395 1750 prout
424 1674 729 1732 astrolabii
761 1674 982 1730 ratione
1010 1675 1171 1745 potui
1203 1674 1481 1741 invenire,
1508 1675 1661 1730 sicut
1684 1675 1867 1745 jussi-

205 1766 315 1834 sti,
351 1764 706 1821 cbarissime
739 1764 915 1819 frater
941 1762 1294 1832 Werinheri,
1327 1762 1604 1831 dilucide,
1640 1768 1704 1818 ut
1731 1780 1865 1835 pos-

205 1871 376 1923 sum,
406 1853 646 1922 tentabo
677 1852 1025 1908 describere.

286 1945 355 2000 In
386 1940 598 2015 primis
620 1940 820 2013 itaque
835 1940 1145 1996 circuitum
1169 1940 1298 2011 ejus
1316 1938 1374 1994 in
1402 1955 1542 1996 sena
1564 1939 1869 1997 intervalla

1899 701 1953 767 Α
1985 702 2049 755 ut
2077 699 2262 771 prius,
2295 699 2466 757 lineis
2497 700 2730 773 singula
2746 701 2958 775 divido,
2991 707 3048 762 et
3071 704 3151 761 ita
3180 705 3248 762 12
3277 705 3336 762 in
3367 709 3487 764 toto
3517 706 3628 763 cir-

1981 789 2138 843 cuitu
2173 788 2496 845 intervallis
2527 790 2746 846 etl'ectis
2778 792 3036 864 primum
3085 794 3319 861 horum,
3353 796 3508 868 quod
3540 796 3624 852 vi-

1979 875 2188 934 delicet
2218 879 2512 950 Sagittarii
2550 885 2843 951 postrema
2893 886 2948 937 et
2978 883 3312 954 Capricorni
3340 885 3629 958 principia

1977 965 2252 1034 continet,
2280 967 2506 1023 decimo
2539 968 2748 1036 mensi,
2784 970 2842 1024 in
2873 971 3044 1042 cujus
3078 972 3269 1027 medio
3303 971 3623 1030 solstitium

1975 1053 2225 1110 hiemale
2258 1056 2562 1128 contingit,
2587 1057 2823 1129 deputo.
2849 1059 3128 1131 Sequenti
3153 1060 3292 1116 bino
3318 1061 3626 1118 intervalla

1972 1143 2252 1199 Januario
2283 1147 2528 1216 ejusque
2560 1146 2818 1217 compari
2851 1147 3162 1202 Novembri
3193 1149 3411 1204 tribuo.
3446 1152 3625 1216 Quar-

1975 1236 2103 1287 tum
2135 1249 2270 1288 cum
2303 1234 2512 1305 quinto
2544 1234 2859 1290 Februario
2882 1239 2940 1290 et
2969 1237 3240 1306 Octobri;
3305 1243 3532 1295 sextum
3568 1243 3626 1296 et

1975 1320 2293 1392 septimum
2325 1321 2530 1376 Martio
2563 1327 2618 1377 et
2649 1324 3013 1394 Septembri;
3047 1325 3106 1380 in
3126 1343 3377 1397 quorum
3410 1329 3624 1385 medie-

1971 1409 2188 1464 tatibus
2219 1409 2357 1465 bina
2385 1411 2730 1482 aequinoctia
2761 1411 3004 1468 veniunt
3031 1414 3317 1486 Ariesque
3363 1419 3420 1471 et
3451 1417 3625 1473 Libra

1972 1497 2208 1552 initium
2240 1504 2503 1554 sumunt.
2540 1499 2759 1555 Dehinc
2801 1504 3069 1556 octavum
3094 1519 3228 1558 cum
3261 1520 3413 1559 nono
3441 1504 3623 1576 Aprili

1974 1592 2032 1642 et
2054 1588 2316 1658 Augusto
2354 1605 2366 1654 ;
2427 1604 2562 1643 cum
2621 1588 2848 1644 decimo
2879 1589 3256 1645 undecimum
3291 1591 3506 1647 Maium
3539 1596 3623 1647 te-

1975 1680 2152 1731 neant
2189 1681 2245 1730 et
2270 1675 2514 1732 Julium.
2551 1677 2995 1743 Duodecimum,
3028 1680 3184 1751 quod
3216 1684 3415 1748 restat,
3467 1681 3622 1752 quod

1973 1762 2242 1819 videlicet
2273 1769 2329 1819 et
2359 1765 2769 1821 Germinorum
2804 1771 3063 1822 extrema
3093 1773 3149 1823 et
3189 1769 3397 1825 Cancri
3435 1769 3627 1841 prima

1974 1856 2177 1925 gestat,
2207 1852 2450 1908 Junium
2484 1870 2618 1910 cum
2643 1854 2838 1910 aestivo
2892 1856 2952 1910 in
2995 1857 3189 1912 medio
3239 1857 3332 1913 sui
3360 1857 3624 1914 Solstitio

1983 1939 2253 2011 accipiat.

207 2031 415 2090 ductis
441 2048 476 2086 a
507 2046 746 2086 summo
765 2030 1038 2085 deorsum
1061 2028 1232 2086 lineis
1261 2029 1476 2096 divido,
1509 2029 1674 2085 ethis
1704 2031 1862 2086 senis
1902 2065 1947 2129 Β
2050 2030 2150 2086 His
2181 2029 2488 2086 duodecim
2521 2029 2869 2098 intervallis,
2903 2031 3012 2088 hoc
3035 2033 3209 2088 modo
3238 2050 3341 2106 per
3370 2033 3540 2106 signa
3569 2038 3627 2090 et

209 2121 430 2195 signis,
469 2120 530 2175 in
563 2118 783 2191 quibus
814 2117 936 2173 dies
957 2122 1249 2186 crescunt,
1285 2117 1342 2172 id
1375 2121 1464 2173 est
1494 2117 1865 2190 Capricorno,

210 2208 499 2281 Aquario,
534 2207 825 2273 Piscibus,
893 2205 1103 2276 Ariete,
1132 2207 1323 2262 Tauro
1354 2209 1411 2261 et
1459 2206 1721 2263 Geminis
1779 2207 1867 2262 in-

214 2297 445 2365 scribo,
503 2301 560 2352 et
591 2296 729 2350 inde
786 2299 1078 2351 revertens
1132 2294 1360 2367 reliqua
1403 2295 1866 2351 decrescentium

217 2386 433 2442 itidem
463 2386 686 2441 dierum
720 2384 890 2457 signa
919 2384 1031 2441 sibi
1063 2384 1123 2439 in
1146 2384 1443 2457 quantiate
1473 2385 1683 2441 diebus
1714 2402 1868 2441 com-

218 2474 474 2548 paribus
493 2473 770 2546 compleo.
790 2473 1078 2528 Cancrum
1099 2473 1365 2530 videlicet
1386 2474 1868 2538 Geminis,Tauro

217 2564 502 2631 Leonem,
530 2562 825 2636 Virginem
855 2562 1056 2629 Arieti,
1090 2561 1354 2618 Piscibus
1387 2563 1642 2627 Libram,
1673 2565 1866 2635 Aqua-

210 2653 306 2710 rio
331 2650 976 2725 Scorpium,Sagittario
1007 2650 1448 2722 Capricornum.
1474 2651 1869 2724 Deinde,quia

209 2741 275 2798 in
294 2740 490 2797 medio
511 2740 882 2813 singulorum
901 2739 1118 2808 singuli
1132 2755 1364 2797 menses
1385 2739 1864 2811 ordiuntur,pr:e-

211 2829 336 2887 fata
363 2830 669 2902 signorum
701 2846 804 2886 sex
827 2828 1133 2886 intervalla
1162 2828 1222 2885 in
1255 2829 1369 2886 duo
1417 2830 1622 2886 itidem
1651 2829 1864 2896 ductis,

1981 2133 2212 2173 menses
2260 2117 2827 2187 distributis,finales
2875 2120 3243 2191 singularum
3286 2121 3399 2176 diei
3446 2121 3623 2178 hora—

1978 2223 2108 2262 rum
2133 2206 2503 2278 lineas,juxta
2520 2223 2826 2263 ascensum
2841 2207 2927 2262 vel
2942 2209 3286 2265 descensum
3302 2209 3442 2266 solis
3459 2211 3626 2265 diur-

1977 2312 2119 2350 num
2152 2312 2254 2350 seu
2279 2300 2672 2362 menstruum,
2707 2297 3182 2352 debesinvenire.
3219 2298 3329 2353 Sed
3364 2302 3428 2354 ut
3458 2297 3622 2354 labo-

1978 2400 2098 2439 rem
2132 2383 2235 2439 tibi
2268 2384 2360 2439 hic
2410 2383 2753 2456 scrupulose
2801 2385 3134 2456 quaeritanti
3168 2385 3448 2455 adimam,
3483 2392 3627 2458 quot

1977 2473 2195 2544 gradus
2218 2473 2275 2527 in
2308 2473 2423 2528 fine
2455 2473 2942 2542 cujuslibetborae
2973 2473 3032 2528 in
3059 2473 3293 2530 climate
3313 2479 3512 2530 nostro
3536 2475 3626 2531 sol

1977 2561 2036 2616 in
2070 2562 2543 2634 uniuscujusque
2573 2561 2724 2634 signi
2756 2561 2844 2618 vel
2876 2562 3097 2618 mensis
3129 2562 3292 2619 initio
3326 2564 3624 2631 ascendat,

1977 2651 2247 2716 breviter,
2281 2651 2436 2706 sicut
2470 2667 2568 2723 per
2598 2650 2897 2706 astrolabii
2921 2651 3344 2724 experientiam
3367 2669 3628 2726 compre-

1976 2738 2228 2795 hendere
2260 2745 2480 2811 potero,
2513 2739 2571 2794 in
2603 2739 2856 2796 formula
2886 2741 3151 2812 subjecta
3180 2741 3534 2798 describam.

3010 3197 3049 3254 Ξ

2993 3257 3049 3342 ἐὲ

3251 3131 3290 3159 ω

3251 3165 3290 3199 β

3234 3206 3289 3224 ιιι-1

3252 3229 3288 3264 α

3251 3271 3289 3306 ,⁸5

3233 3313 3288 3345 ⁸-8

3475 3059 3532 3136 ,ἑ

3475 3140 3531 3184 τε

3475 3188 3530 3248 .53

3475 3279 3530 3341 ,Ξ

2753 3183 2808 3340 ἓ

2047 3175 2087 3237 8

2032 3243 2085 3340 ἓ

2271 3157 2326 3216 :-:I

2287 3221 2344 3290 Ξ.

2272 3293 2326 3341 <2:

2529 3182 2565 3209 ι..

2527 3219 2566 3290 Ξ

2511 3295 2566 3340 Ε-⁴

245 3365 397 3422 Dict.
465 3365 692 3438 Capric.
760 3365 894 3422 Dec.
982 3366 1186 3440 Sagitt.
1262 3365 1404 3421 Nov.
1474 3365 1674 3437 Scorp.
1725 3363 1927 3420 Octob.
1981 3364 2172 3422 Libra.
2243 3366 2400 3440 Sept.
2469 3368 2630 3440 Virg.
2726 3371 2871 3442 Aug.
2968 3374 3097 3426 Leo.
3165 3371 3378 3427 Julius.
3411 3373 3632 3429 Cancer

208 3467 428 3481 —_—
467 3467 678 3479 --ο--ι-
718 3467 928 3480 --υ-ι
968 3469 1180 3482 --ς-ο
1215 3468 1428 3480 --ι--ο
1466 3466 1680 3479 α--σ-ο
1716 3466 1927 3476 -———
1966 3467 2177 3479 ——_
2209 3470 2418 3482 —-———s
2451 3471 2661 3481 —_—-
2691 3471 2901 3482 —_—
2929 3472 3140 3484 —_—-
3169 3473 3383 3484 -—.——-
3411 3474 3628 3487 ———

801 3019 838 3047 ω
1079 3023 1091 3036 ο

551 3054 590 3106 o'
784 3054 838 3111 Ρ
1053 3043 1092 3113 3
1576 3060 1589 3072 '

551 3113 590 3142 τι
802 3095 839 3142 Ε
1037 3118 1092 3142 --_-
1550 3081 1590 3138 Ξ

536 3131 590 3156 ρ
802 3131 839 3142 ,.
1552 3131 1589 3138 μ

297 3157 338 3222 ἀ
533 3159 590 3218 ’Ξ
800 3146 838 3221 ξ
993 3176 996 3178 τ
1054 3137 1093 3203 3
1303 3168 1340 3214 ἀ
1535 3146 1590 3203 ,Ξ
1788 3165 1838 3207 ..5

296 3223 339 3264 ευ
533 3223 589 3241 οσ-
801 3228 838 3264 cz
1052 3209 1106 3264 Ξ.
1287 3223 1342 3264 -ς
1550 3209 1590 3264 ἓξ
1800 3208 1838 3264 5.:

279 3240 340 3340 εξ
534 3271 589 3336 ,ε
786 3240 842 3339 Ξ
1042 3240 1342 3338 se
1783 3240 1839 3334 ξ

211 3509 420 3582 1et11
496 3509 720 3582 57grad.
797 3511 833 3582 5
1010 3511 1047 3582 6
1138 3581 1143 3582 ί
1223 3510 1356 3565 6S.
1501 3508 1636 3582 7_S.
1782 3506 1817 3560 8

205 3581 420 3636 201.10
523 3578 581 3635 9‘
800 3581 836 3635 9
1014 3581 1084 3638 10
1122 3581 1182 3637 S.
1232 3585 1294 3637 12
1509 3579 1579 3635 13
1791 3578 1856 3632 16

207 3651 380 3707 3et9
489 3651 556 3706 13
801 3651 868 3708 13
905 3651 963 3707 S.
1008 3653 1076 3707 15
1219 3652 1287 3708 47
1501 3652 1572 3706 20
1784 3649 1854 3704 24

211 3722 386 3778 ιβιδ
442 3755 450 3761 -
493 3723 560 3776 15
792 3724 858 3778 16
1006 3723 1072 3779 18
1215 3725 1281 3778 21
1498 3724 1571 3777 25
1783 3720 1854 3774 30

209 3793 251 3849 5
272 3796 336 3849 et
351 3793 387 3845 7
496 3793 562 3845 17
793 3795 860 3850 18
1002 3795 1074 3850 20
1216 3796 1286 3851 23
1503 3794 1572 3848 28
1778 3791 1846 3845 34

207 3865 248 3920 6
494 3863 560 3919 18
780 3865 850 3921 19
992 3867 1057 3922 21
1214 3867 1283 3921 24
1500 3866 1570 3920 30
1779 3863 1848 3917 36

1997 3507 2032 3561 9
2214 3511 2282 3564 10
2463 3512 2528 3566 10
2714 3513 2780 3566 10
2817 3511 2876 3567 S.
2958 3514 3025 3568 10
3063 3513 3122 3568 S.
3202 3515 3269 3568 10
3307 3513 3365 3570 S.
3458 3517 3514 3569 11
3561 3515 3624 3572 S.

2002 3580 2068 3634 18
2212 3582 2285 3636 20
2323 3582 2380 3638 S.
2457 3585 2530 3636 22
2568 3582 2628 3637 S.
2705 3585 2777 3637 22
2813 3583 2872 3638 S.
2948 3585 3020 3638 23
3197 3585 3267 3638 23
3457 3585 3529 3639 24
3566 3589 3626 3642 S.

1997 3652 2070 3704 27
2107 3651 2165 3706 S.
2207 3653 2269 3706 31
2455 3653 2525 3707 33
2703 3654 2774 3707 35
2951 3655 3023 3709 κ
3201 3656 3270 3708 37
3449 3655 3519 3710 38

1995 3722 2067 3775 35
2208 3724 2279 3777 40
2459 3725 2526 3778 44
2708 3725 2774 3777 47
2956 3726 3024 3778 48
3064 3725 3122 3779 S.
3198 3726 3271 3779 50
3457 3726 3525 3779 50
3563 3724 3626 3783 S.

1992 3793 2062 3846 40
2205 3794 2274 3848 46
2452 3795 2518 3849 51
2702 3795 2772 3849 56
2950 3795 3022 3850 59
3199 3795 3260 3849 6|
3449 3797 3516 3850 61

1994 3863 2062 3917 42
2205 3864 2274 3920 49
2451 3865 2522 3920 54
2699 3865 2771 3920 60
2951 3867 3021 3922 63
3199 3867 3270 3920 65
3316 3868 3372 3919 8.
3449 3868 3521 3922 66

283 3960 392 4017 His
433 3960 516 4016 ita
562 3963 940 4034 praestructis,
1002 3965 1062 4020 in
1110 3963 1286 4036 plana
1338 3962 1540 4019 tabula
1596 3965 1866 4034 quartam
1899 3959 1942 4027 C
1982 3977 2160 4033 quam
2219 3978 2406 4034 nuper
2435 3961 2572 4028 dixi,
2633 3961 3175 4035 perpendiculorem
3233 3961 3472 4031 lineam,
3524 3964 3627 4020 ubi

205 4053 444 4124 partem
465 4049 668 4105 circuli
699 4050 1012 4124 diligenter
1041 4053 1153 4108 ﬁxo
1185 4057 1383 4108 centro
1414 4069 1448 4106 α
1491 4049 1867 4123 integerrime

207 4137 508 4204 describo,
541 4139 788 4211 ejusque
818 4156 1044 4210 arcum,
1077 4141 1135 4196 id
1168 4145 1258 4197 est
1289 4157 1524 4196 curvam
1556 4139 1773 4194 lineam
1806 4138 1866 4192 in

205 4227 329 4283 tria
359 4225 669 4300 partior,et
707 4245 1123 4302 unaquamque
1153 4230 1384 4286 tertiam
1433 4229 1496 4300 in
1543 4234 1724 4294 sex,et
1767 4227 1867 4282 ha-

206 4331 348 4372 rum
382 4317 938 4388 unamquamquein
960 4320 995 4374 5
1016 4317 1702 4384 subdivido,utvidelicet
1718 4317 1870 4372 sicut

206 4403 764 4477 astrolabiiquadra
794 4407 851 4462 in
872 4407 943 4462 90
975 4407 1052 4464 sit
1072 4407 1278 4463 divisa.
1312 4410 1434 4475 Quo
1459 4408 1627 4474 facto,
1648 4407 1720 4462 ab
1741 4406 1867 4478 ipso

205 4498 420 4551 centro
444 4511 476 4548 a
504 4493 604 4550 ubi
635 4500 944 4553 coraustus
975 4502 1031 4554 et
1059 4497 1349 4565 cathetus,
1395 4497 1453 4552 id
1487 4501 1575 4552 est
1605 4497 1865 4568 superja-

204 4599 357 4640 cens
389 4586 446 4638 et
467 4583 744 4640 deorsum
769 4586 1028 4657 pendens
1051 4585 1225 4654 linea,
1254 4586 1668 4642 convenientes
1690 4601 1869 4656 augu-

205 4673 342 4729 lum
370 4676 598 4727 rectum
622 4672 908 4743 efﬁciunt,
930 4679 1159 4732 tantum
1182 4676 1253 4731 de
1282 4675 1410 4747 ipso
1433 4678 1700 4731 corausto
1734 4679 1872 4731 nota

205 4761 510 4834 impressa
524 4775 767 4819 secerno
791 4767 1078 4836 quantum
1102 4763 1530 4838 longitudinem
1555 4763 1866 4832 sciothero,

204 4849 273 4907 i‘d
305 4851 397 4906 est
424 4851 727 4923 gnomoni,
754 4853 925 4923 juxta
954 4856 1293 4926 quantatem
1350 4853 1728 4910 instrumenti
1766 4853 1868 4909 tri-

209 4939 398 4995 buere
425 4937 579 5008 volo,
610 4943 670 4996 et
699 4940 773 4997 ab
803 4940 933 5013 ipSa
953 4946 1094 4999 nota
1123 4943 1398 4999 deorsum
1430 4942 1870 5015 perpendicula-

209 5043 340 5084 rem
371 5026 592 5085 lineam
624 5045 659 5086 a
692 5030 925 5087 catheto
956 5048 1121 5104 mque
1149 5032 1467 5088 distantem
1501 5031 1869 5105 dirigo,scili-

210 5119 307 5175 cet
333 5119 510 5173 tanta:
541 5116 1253 5194 longitudinis,quantum
1286 5119 1544 5194 postulat
1572 5120 1869 5192 quantitas

208 5205 602 5264 instrumenti
624 5207 960 5279 pendentis.

1976 4049 2178 4122 regula
2216 4051 2478 4124 tangitur
2528 4054 2664 4106 nota
2708 4051 3019 4123 impressa,
3104 4051 3370 4123 designo,
3425 4051 3630 4124 sicque

1976 4140 2248 4195 deorsum
2284 4140 2644 4195 descendens
2673 4141 2745 4194 ad
2779 4140 3044 4211 singulos
3102 4157 3206 4212 per
3235 4140 3503 4197 ordinem
3533 4157 3624 4196 se-

1977 4233 2224 4300 quentes
2252 4229 2489 4302 gradus,
2522 4228 2786 4301 regulam
2817 4245 2851 4284 a
2881 4228 3149 4301 pristimo
3181 4228 3395 4302 angulo
3443 4247 3478 4285 a
3511 4245 3624 4285 non

1979 4323 2196 4375 motam
2215 4322 2452 4392 pono,et
2468 4319 2538 4374 ad
2563 4317 2828 4392 singulas
2850 4319 3171 4391 positiones
3196 4319 3383 4391 ipsam
3406 4318 3626 4375 lineam

1978 4408 2295 4465 ordinatim
2327 4407 2427 4463 ubi
2459 4407 2663 4481 regula
2693 4425 2822 4464 eam
2855 4409 3067 4481 tangit,
3101 4409 3288 4482 signis
3319 4409 3629 4481 impressis

1979 4501 2112 4551 noto
2144 4511 2328 4567 usque
2359 4496 2430 4550 ad
2459 4497 2530 4550 66
2553 4496 2826 4570 gradum,
2861 4496 2919 4550 in
2944 4513 3058 4568 quo
3091 4495 3316 4552 scilicet
3348 4513 3627 4554 summus

1980 4585 2038 4640 in
2069 4583 2302 4640 climate
2356 4589 2558 4641 nostro
2618 4585 2760 4641 solis
2810 4585 3272 4657 deprehenditur
3321 4603 3622 4643 ascensus.

1978 4675 2136 4730 Hanc
2163 4691 2298 4746 ergo
2344 4673 2558 4730 lineam
2590 4673 3132 4747 pcrpendicularem
3193 4675 3300 4730 hoc
3350 4676 3522 4737 modo
3555 4677 3638 4731 66

1979 4763 2258 4839 gradibus
2281 4764 2623 4838 insignitam
2647 4780 2751 4835 pro
2785 4764 2971 4836 ipsius
3002 4764 3382 4820 instrumenti
3415 4781 3449 4820 a
3478 4764 3626 4820 scio-

1979 4853 2144 4908 thero
2158 4853 2430 4909 deorsum
2455 4851 2823 4924 longitudine
2844 4851 3232 4924 accipiens,in
3256 4849 3626 4922 singulorum

1978 4941 2283 5014 signorum
2311 4945 2368 4996 et
2421 4940 2716 4996 mensium
2778 4939 2985 5007 initiis,
3018 4942 3162 5011 quot
3188 4938 3408 5010 gradus
3450 4936 3536 4992 sol
3564 4938 3626 4994 in

1978 5031 2093 5087 ﬁne
2151 5031 2443 5102 cujusque
2491 5028 2645 5084 horae
2703 5027 3034 5095 acendat,in
3071 5025 3411 5100 praescripta
3440 5025 3631 5082 forma

1979 5119 2258 5193 despicio,
2291 5121 2350 5172 et
2387 5121 2676 5188 quantum
2708 5117 2884 5189 spatii
2909 5131 3197 5173 numerus
3213 5114 3476 5187 ipsorum
3494 5129 3628 5186 gra-

1978 5209 2120 5264 dum
2144 5208 2202 5262 in
2234 5206 2344 5261 hac
2370 5203 2526 5258 linea
2547 5219 2581 5258 a
2606 5209 2877 5260 corausto
2901 5206 3177 5261 deorsum
3201 5200 3630 5276 complectitur,

282 5293 506 5354 Dehinc
537 5294 811 5369 regulam
840 5295 900 5353 in
944 5297 1272 5370 predictum
1331 5303 1595 5356 centrum
1628 5316 1731 5356 seu
1764 5317 1865 5356 an-
1899 5333 1946 5397 D
1979 5296 2351 5355 tantumdem
2367 5291 2538 5397 ‘spati
2567 5291 2627 5346 in
2648 5290 3019 5397 longitudine.
3042 5293 3231 5397 ipsius
3256 5293 3634 5392 instrumenti

211 5382 410 5460 gulam
441 5402 498 5454 a,
532 5389 595 5442 et
627 5385 692 5439 in
729 5384 985 5457 primum
1008 5389 1259 5462 gradum
1290 5389 1361 5445 de
1380 5390 1626 5462 90,quos
1648 5391 1706 5446 in
1730 5407 1868 5446 arcu
1899 5380 1944 5397 "
1979 5406 2013 5445 a
2038 5386 2326 5443 sciothero
2351 5383 2629 5438 decraum
2651 5380 2978 5438 demetiens
3007 5383 3066 5437 in
3093 5381 3270 5451 linea,
3303 5399 3419 5454 qua
3439 5380 3630 5454 ipsius

212 5475 439 5551 quadrae
473 5471 698 5532 circuli
727 5472 974 5531 feceram
1031 5493 1065 5533 a
1094 5482 1260 5550 parte
1317 5477 1572 5534 corausti
1602 5495 1751 5550 pone
1791 5484 1867 5546 et,

1981 5475 2134 5550 signi
2162 5474 2252 5530 vel
2284 5470 2509 5529 mensis
2540 5469 2775 5524 initium
2827 5470 3272 5539 constitueram,
3311 5470 3632 5544 unicuique

264 5603 457 5680 (1001)
490 5596 735 5660 Divisio
770 5597 1037 5661 Liborum
1065 5604 1228 5661 deest
1283 5603 1343 5660 in
1369 5603 1584 5673 codice,
1612 5620 1714 5660 nec
1734 5604 1870 5664 inde
1910 5605 2052 5664 satis
2074 5602 2303 5660 constat
2323 5613 2467 5654 num
2506 5595 2810 5670 sequentia
2847 5592 2965 5653 sint
3015 5595 3207 5667 operis
3238 5595 3450 5668 prioris
3492 5615 3630 5672 pars

193 5679 388 5742 altera.
