3964 6206
146 419 268 486 109

1267 415 1368 478 DE
1413 413 1964 480 UTILITATIBUS
2008 411 2506 476 ASTROLABII.

3467 401 3592 474 410

151 554 339 614 LXXX
367 553 706 611 stadiorum
748 554 980 609 tantum
1010 550 1096 608 vel
1130 568 1242 607 non
1278 551 1460 606 multo
1496 550 1628 622 plus
1660 551 1813 605 dicat
1841 559 1896 622 Α
1923 553 2021 603 tur
2041 547 2540 603 Almucantarath.
2573 548 2908 605 Secundum
2942 549 3093 604 hanc
3133 548 3588 621 descriptionem

157 645 400 703 habere.

809 731 1042 788 CAPUT
1073 730 1167 786 IV.

717 820 869 876 Idem
898 822 1028 874 aliis
1055 821 1252 876 verbis.

231 911 506 968 Ambitus
561 909 774 966 terreni
847 909 1005 964 orbis
1054 910 1235 965 CCLII
1305 909 1628 964 stadiorum
1710 910 1827 965 sive

156 1001 384 1058 XXXID
418 999 652 1055 milliar.
709 1014 838 1054 esse
889 999 1268 1054 Eratosthene
1314 998 1660 1070 phi1050pho
1693 1015 1824 1071 pro-

156 1091 339 1146 batur
362 1093 619 1143 auctore.
654 1087 834 1156 Cujus
870 1086 1211 1141 vicesimam
1262 1091 1530 1157 quartam
1576 1092 1824 1157 partem,

158 1179 224 1234 id
257 1182 351 1233 est
376 1177 424 1232 X
453 1175 640 1232 stadia
671 1175 789 1230 sive
820 1175 979 1230 mille
1010 1175 1137 1231 CCC
1179 1176 1273 1230 ΧΙΙ
1319 1175 1543 1230 scilicet
1588 1175 1822 1229 milliar.

165 1265 269 1323 Sol
301 1282 420 1320 una
446 1263 790 1319 transcurrit
820 1264 981 1318 hora.
1014 1263 1175 1318 Hora:
1195 1269 1392 1319 autem
1416 1269 1577 1335 parte
1601 1264 1828 1318 decima

170 1355 400 1428 quinta,
427 1353 532 1409 hoc
561 1357 647 1408 est
679 1353 856 1408 unius
885 1369 954 1407 ex
986 1354 1091 1406 360
1112 1353 1394 1423 gradibus
1440 1369 1687 1407 ascensu
1738 1351 1825 1406 vel

164 1445 456 1500 descensu
488 1440 669 1497 solem
694 1443 802 1496 700
831 1442 1020 1497 stadia
1049 1441 1168 1496 sive
1197 1443 1286 1507 87,
1320 1443 1378 1497 S.
1423 1441 1609 1497 millia
1629 1447 1822 1496 trans-

165 1546 404 1587 currere
434 1529 695 1602 przsdicti
725 1535 888 1584 terrae
922 1530 1180 1585 ambitus
1213 1547 1314 1601 per
1343 1531 1448 1585 360
1477 1531 1718 1585 clarebit
1740 1529 1827 1584 di-

162 1619 414 1676 visione.
447 1618 806 1674 Diametrum
840 1623 1034 1674 autem
1062 1623 1227 1673 terra:
1251 1621 1421 1690 juxta
1461 1619 1660 1674 circuli
1689 1636 1832 1690 geo-

167 1707 530 1764 metricalem
562 1706 825 1779 regulam
871 1707 930 1762 in
957 1707 1144 1762 LXXX
1191 1709 1465 1763 CLXXXI.
1499 1710 1556 1764 S.
1597 1709 1825 1775 stadiis,

168 1813 272 1854 seu
316 1796 390 1851 IX
440 1794 586 1850 XXll
636 1794 946 1862 milliariis,
985 1796 1102 1852 CXI
1147 1797 1327 1852 sextis
1363 1797 1605 1852 decimis
1651 1797 1828 1851 unius

171 1884 434 1941 milliarii
465 1881 661 1956 colligi
695 1885 992 1955 probatur,
1017 1885 1286 1956 quamvis
1317 1885 1646 1940 Macrobius
1673 1884 1827 1940 idem

172 1975 533 2030 diametrum
567 1971 752 2027 LXXX
783 1972 1010 2040 stadiis,
1040 1973 1126 2028 vel
1159 1991 1273 2029 non
1306 1973 1491 2029 multo
1533 1974 1664 2046 plus
1701 1989 1829 2029 esse

179 2063 457 2120 fateatur.

841 2150 1076 2207 CAPUT
1107 2151 1172 2206 V.

180 2242 250 2297 De
277 2239 664 2295 distributione
701 2239 1028 2324 quadrantis
1076 2242 1158 2322 ita
1185 2248 1244 2294 ut
1288 2244 1460 2296 certas
1508 2240 1621 2295 diei
1669 2241 1830 2296 horas

762 2326 939 2382 ροδδιδ
969 2327 1236 2367 mvemre.

257 2416 472 2474 Circuli
525 2417 813 2489 quadram
846 2418 905 2472 in
952 2419 1024 2472 90
1068 2433 1169 2490 per
1224 2417 1697 2490 quinquepertita
1744 2418 1830 2473 in-

185 2505 427 2564 tervalla
454 2506 509 2562 in
555 2506 897 2562 summitate
927 2506 1135 2562 divide.
1177 2507 1321 2562 Hinc
1378 2523 1696 2575 cursorem,
1731 2508 1831 2580 qui

183 2596 338 2652 infra
363 2595 622 2663 volvitur,
649 2596 734 2651 sic
765 2595 987 2652 metire.
1017 2597 1197 2654 Verso
1227 2597 1299 2652 ad
1331 2601 1386 2653 te
1419 2614 1611 2668 quam
1635 2602 1832 2653 centro

179 2687 239 2741 in
271 2685 517 2740 sinistra
559 2689 724 2756 parte
778 2685 1060 2741 subtrahe
1113 2687 1181 2740 2t
1214 2687 1285 2741 de
1333 2687 1478 2758 ipsis
1525 2689 1614 2753 90,
1649 2693 1704 2742 et
1734 2704 1836 2758 per

178 2790 480 2831 cursorem
510 2773 757 2829 ﬁrmiter
812 2774 870 2828 in
921 2791 1029 2830 sua
1084 2775 1436 2831 coneavitate
1503 2781 1833 2831 manentem

179 2863 382 2936 regula
401 2867 675 2918 manente
705 2861 764 2917 in
789 2868 984 2918 centro
1020 2864 1208 2936 posita
1250 2869 1307 2919 et
1354 2865 1412 2918 in
1463 2865 1647 2937 gradu
1690 2865 1834 2919 vice-

174 2952 329 3009 simo
357 2955 568 3023 quarto
599 2950 815 3006 lineam
838 2942 1018 3008 trahe.
1056 2953 1118 3007 In
1164 2953 1366 3009 dextra
1405 2971 1539 3009 vero
1571 2958 1735 3025 parte
1763 2954 1836 3009 de

173 3042 322 3114 ipsis
352 3041 426 3094 90
456 3040 526 3096 l9
574 3040 876 3107 subtrahe,
924 3045 982 3096 et
1014 3041 1213 3114 regula
1247 3046 1518 3098 manente
1546 3042 1606 3097 in
1638 3048 1835 3098 centro

153 3133 231 3188 'et
261 3131 324 3186 in
358 3129 586 3186 decimo
608 3145 763 3185 nono
785 3130 989 3201 gradu,
1025 3131 1137 3185 duc
1167 3130 1379 3186 lineam
1414 3148 1515 3202 per
1537 3148 1835 3188 cursorem

171 3223 229 3275 et
257 3218 542 3290 utrinque
573 3233 705 3273 eam
739 3218 992 3286 abscide,
1024 3223 1082 3274 et
1105 3218 1224 3274 hac
1255 3224 1343 3274 est
1374 3220 1673 3291 longitudo
1703 3237 1834 3276 cur-

173 3323 350 3363 801⁵18.

246 3405 472 3461 Deinde
501 3403 788 3460 circulum
812 3403 964 3459 infra
990 3405 1272 3461 circulum
1305 3407 1629 3462 secundum
1659 3407 1836 3479 placi-

171 3499 328 3559 tum,
362 3494 514 3549 inter
543 3510 720 3565 quem
747 3493 863 3548 duo
895 3493 990 3549 alii
1020 3495 1334 3561 ducantur,
1367 3493 1426 3549 in
1445 3495 1661 3566 quibus
1681 3513 1784 3568 per
1803 3499 1838 3550 6

172 3583 388 3639 divisis
417 3582 724 3638 duodecim
760 3582 912 3637 horae
944 3587 1237 3649 notentur,
1257 3587 1313 3638 et
1334 3588 1485 3638 recte
1507 3600 1610 3656 per
1628 3585 1835 3640 dister-

172 3671 414 3727 minum
443 3671 598 3726 horai
624 3671 659 3726 3
700 3675 754 3726 et
783 3672 837 3738 4,
871 3675 927 3726 et
969 3671 1055 3739 40,
1089 3676 1147 3727 et
1178 3674 1268 3738 11,
1298 3673 1502 3744 regula
1531 3673 1590 3726 in
1640 3678 1836 3728 centro

170 3763 485 3828 manente,
514 3764 570 3814 et
587 3759 686 3830 qui
707 3759 767 3814 in
792 3761 1239 3832 quadragesimo
1273 3760 1477 3832 quinto
1507 3762 1691 3832 gradu
1723 3761 1834 3815 du-

166 3846 687 3918 caturlinea,quse
708 3849 923 3904 dicitur
943 3849 1384 3920 aequinoctialis.
1409 3851 1569 3904 Tunc
1609 3850 1665 3904 in
1709 3849 1838 3921 ipsa

162 3935 571 4010 aequinoctiali
600 3937 752 3993 linea
783 3954 985 3993 cursor
1013 3937 1071 3993 in
1100 3940 1136 3993 5
1157 3937 1450 3994 dividatur
1470 3941 1526 3992 in
1560 3943 1720 4011 parte
1752 3939 1838 3993 si--

164 4027 409 4095 nistra;
442 4041 689 4097 quarum
719 4027 754 4081 3
783 4043 910 4098 quae
957 4028 1228 4099 proximis
1256 4032 1394 4084 sunt
1444 4027 1834 4099 aequinoctiali

158 4117 371 4184 linere,
402 4114 463 4170 in
503 4117 534 4169 4
565 4115 859 4170 dividatur
887 4133 1275 4188 unaquaeque,
1298 4124 1356 4172 et
1394 4117 1450 4172 in
1479 4119 1515 4171 9
1538 4117 1663 4171 duae
1698 4115 1834 4170 reli-

160 4221 329 4267 quae.
383 4202 664 4259 Similiter
705 4204 1038 4260 iaciendum
1083 4205 1259 4261 estin
1291 4206 1525 4261 dextera
1564 4211 1745 4278 parte,
1779 4209 1835 4260 et

157 4296 457 4351 notentur
487 4291 589 4348 illa
617 4293 885 4365 spatiola.

240 4381 546 4438 Mensium
575 4398 710 4438 vero
746 4383 1021 4438 discretio
1044 4383 1126 4439 sic
1161 4385 1294 4438 fiat:
1329 4384 1385 4438 in
1417 4388 1576 4455 parte
1599 4385 1833 4440 dextera

153 4471 414 4526 duobus
454 4469 672 4525 relictis
721 4471 987 4542 spatiolis
1017 4471 1294 4527 Januario
1323 4474 1378 4538 6,
1434 4473 1744 4527 Februario
1775 4475 1828 4542 5,

151 4559 384 4614 Martio
413 4560 467 4626 6,
519 4559 702 4630 Aprili
731 4562 786 4630 6,
845 4559 994 4615 Maio
1025 4562 1058 4615 6
1114 4561 1542 4628 concedantur;
1597 4561 1768 4617 Junio
1800 4564 1831 4617 4

149 4653 311 4706 ante
337 4647 680 4715 solstitium,
715 4656 767 4703 et
793 4648 980 4704 hocin
1027 4649 1311 4722 superiori
1361 4649 1598 4705 circulo.
1651 4651 1831 4705 lnin-
1867 4668 1912 4733 ι)

147 4735 377 4794 feriori
407 4752 540 4792 vero
580 4735 800 4792 circulo
849 4738 975 4792 dua:
1007 4743 1139 4810 post
1182 4737 1497 4794 solstitium
1544 4738 1839 4811 particulas

149 4827 396 4882 dentur
422 4823 597 4880 Junio
623 4844 636 4892 ;
673 4824 830 4881 Julio
861 4830 1055 4882 autem
1084 4827 1137 4882 6.
1187 4829 1453 4900 Augusto
1482 4829 1517 4882 6
1562 4829 1830 4900 Septem-

153 4913 257 4971 bri
286 4915 350 4981 6,
384 4914 618 4970 Octobri
648 4917 704 4986 6,
736 4915 1044 4972 Novembri
1075 4917 1128 4984 6,
1161 4915 1464 4972 Decembri
1495 4918 1528 4972 4
1559 4922 1696 4973 ante
1724 4917 1834 4974 sol-

154 5004 436 5071 stitium,
465 5003 654 5060 ethoc
684 5008 776 5060 est
805 5004 863 5059 in
895 5004 1151 5061 inferiori
1183 5005 1420 5062 circulo.
1463 5006 1598 5062 Post
1636 5005 1834 5062 solsti-

154 5093 330 5149 tium
361 5096 558 5149 autem
581 5093 640 5149 in
665 5093 964 5166 superiore
994 5095 1288 5150 mensium
1310 5093 1528 5150 circulo
1554 5095 1681 5151 duae
1705 5111 1834 5167 par-

155 5181 396 5250 ticulas,
435 5199 562 5254 qua
595 5186 838 5248 restant,
880 5183 1184 5239 Decembri
1231 5183 1582 5240 tribuantur.
1616 5185 1836 5240 Dehinc

160 5275 403 5339 autem,
425 5277 490 5327 ut
521 5288 704 5344 supra
731 5271 870 5339 dixi,
892 5271 1173 5328 Januario
1196 5289 1313 5329 sex.
1333 5274 1498 5328 Tunc
1520 5273 1650 5346 polo
1671 5290 1834 5329 verso

162 5362 243 5417 ad
280 5365 342 5417 te
371 5360 446 5416 ab
475 5361 605 5434 ipso
655 5359 788 5432 polo
818 5377 1006 5433 usque
1037 5362 1107 5417 ad
1141 5361 1417 5417 ultimum
1458 5361 1742 5418 circulum
1775 5364 1834 5418 in

169 5450 418 5506 sinistra
441 5454 608 5521 parte
637 5449 905 5506 ultimam
932 5449 1145 5506 lineam
1169 5451 1226 5505 in
1261 5451 1331 5505 30
1361 5450 1570 5506 divide.

248 5538 472 5595 Dehinc
519 5537 810 5594 circulum
863 5540 1138 5597 intimum
1197 5541 1268 5595 de
1331 5544 1495 5612 parte
1543 5541 1837 5597 dexterae

175 5629 371 5702 prima
401 5627 600 5684 divide
632 5643 817 5700 usque
847 5629 918 5685 ad
953 5629 1226 5685 ultimum
1256 5629 1410 5685 horae
1433 5634 1604 5685 sextae
1629 5647 1730 5702 per
1745 5630 1835 5694 30,

176 5722 236 5775 et
253 5719 337 5776 sic
371 5735 407 5775 a
435 5720 663 5792 puncto
695 5716 752 5772 in
774 5723 1055 5789 punctum
1083 5719 1195 5775 duc
1227 5717 1434 5787 lineas,
1465 5735 1592 5790 quae
1628 5717 1836 5774 dicun-

1861 1930 1908 1994 Β

1937 639 2161 710 quadra
2201 638 2473 709 superius
2503 638 2876 710 depingatur.
2910 640 3011 708 (Ita
3044 639 3280 708 ﬁguram
3309 637 3477 694 codex
3495 653 3591 693 ea:-

1938 726 2128 795 hibet.)

2016 2314 2364 2369 Inventurus
2392 2314 2597 2369 horam
2621 2331 2753 2370 cum
2777 2315 3019 2386 quadra,
3045 2332 3173 2387 quas
3198 2320 3288 2372 est
3309 2333 3442 2371 cum
3463 2333 3594 2372 cur-

1941 2419 2090 2471 sore,
2114 2402 2577 2474 aequinoctialem
2626 2403 2838 2458 lineam
2871 2405 3128 2459 cursoris
3154 2421 3279 2476 qua:-
3315 2405 3594 2460 Martium

1939 2492 2456 2563 Septembremque
2488 2491 2879 2554 discriminat,
2903 2492 3017 2546 duc
3050 2509 3226 2564 super
3252 2509 3591 2562 numerum,

1942 2580 2042 2652 qui
2073 2580 2132 2634 in
2165 2581 2443 2652 gradibus
2475 2580 2534 2634 in
2568 2581 2820 2635 umbone
2864 2581 3017 2634 notis
3059 2579 3428 2635 altitudinem
3469 2582 3598 2651 ejus

1940 2668 2216 2734 climatis,
2252 2669 2309 2722 in
2351 2686 2464 2740 quo
2499 2673 2607 2737 est,
2653 2672 3027 2740 praesentant,
3071 2674 3298 2741 utputa,
3334 2670 3383 2724 si
3425 2671 3506 2724 sis
3539 2671 3596 2724 in

1943 2761 2161 2825 nostro,
2184 2756 2242 2812 id
2275 2763 2362 2812 est
2385 2758 2442 2811 in
2475 2757 2722 2829 septimo
2754 2756 3010 2826 climate,
3062 2775 3210 2830 pone
3259 2758 3597 2830 praedictam

1941 2845 2156 2901 lineam
2190 2863 2366 2916 super
2395 2847 2482 2912 48,
2519 2847 2588 2901 ab
2626 2847 2744 2901 imo
2785 2863 2991 2902 sursus
3037 2845 3325 2918 incipiens
3357 2864 3599 2920 compu-

1942 2938 2085 2990 tare.
2120 2939 2324 2990 Locato
2355 2934 2438 2989 sic
2471 2951 2706 2990 cursore
2747 2936 2859 2990 duc
2898 2935 3379 3006 perpendiculum
3425 2953 3604 3008 super

1947 3028 2292 3096 prmeentem
2352 3023 2526 3089 diem,
2560 3024 2617 3078 in
2650 3041 2768 3095 qua
2824 3023 3030 3078 horam
3085 3023 3357 3094 inquiris,
3390 3030 3446 3080 et
3474 3026 3604 3082 vide

1945 3128 2121 3183 quam
2153 3111 2366 3167 lineam
2395 3130 2462 3167 ex
2500 3112 2987 3168 Almucantarath
3031 3129 3065 3167 a
3094 3112 3332 3168 sinistro
3368 3131 3601 3170 versum

1945 3217 2243 3258 cursorem
2287 3201 2534 3256 inferius
2568 3207 2786 3274 tangat.
2820 3204 2944 3268 Qua
2977 3205 3194 3272 notata,
3227 3203 3338 3257 duc
3357 3219 3604 3275 perpen-

1866 3299 1907 3364 ρ
1946 3289 2202 3344 diculum
2253 3291 2322 3344 ad
2357 3295 2532 3361 caput
2583 3290 2848 3360 ejusdem
2898 3289 3064 3345 lineae
3096 3307 3162 3344 ex
3214 3289 3395 3347 altera
3441 3297 3606 3362 parte

1945 3393 2150 3433 versus
2181 3377 2436 3449 pinulas,
2467 3386 2522 3433 et
2553 3379 2649 3432 ubi
2696 3395 2823 3433 eam
2854 3379 3042 3450 tangit
3091 3379 3601 3450 perpendiculum,

1944 3470 2006 3520 tu
2035 3465 2093 3520 in
2125 3483 2254 3521 cera
2285 3465 2683 3538 perpendiculi
2713 3467 2798 3521 fac
2833 3471 3136 3538 punctum,
3165 3466 3250 3522 vel
3286 3470 3601 3540 perpendi-

1945 3555 2163 3617 culum,
2200 3561 2263 3610 ut
2290 3555 2442 3624 apud
2477 3555 2759 3625 quosdam
2787 3571 2910 3608 mos
2933 3559 3040 3620 est,
3065 3555 3281 3610 haheat
3303 3572 3604 3614 cursorem

1945 3641 2274 3714 parvulum.
2310 3643 2473 3697 Ilunc
2508 3647 2568 3697 tu
2595 3641 2754 3696 volve
2785 3642 2856 3696 ad
2890 3641 3102 3708 locum,
3137 3642 3237 3698 ubi
3267 3643 3602 3714 praedictam

1945 3730 2159 3785 lineam
2193 3736 2395 3802 tangat
2426 3729 2929 3802 perpendiculum.
2967 3731 3082 3784 Hac
3114 3730 3337 3786 ratione
3369 3732 3603 3789 invento

1946 3823 2244 3891 puncto,ct
2275 3820 2331 3873 in
2365 3835 2495 3874 cera
2526 3835 2628 3891 per
2648 3818 2931 3874 circulum
2956 3818 3357 3890 perpendiculi
3384 3826 3601 3892 notato,

1945 3907 2046 3964 ubi
2069 3906 2438 3962 altitudinem
2478 3907 2616 3962 solis
2664 3908 2899 3962 inventa
2949 3907 3136 3979 poscit
3185 3908 3352 3963 ratio.
3415 3909 3603 3972 Quam

1946 3995 2496 4052 inventuruslevata
2527 3997 2753 4068 quadra
2793 3996 3102 4051 sinistrum
3135 3995 3238 4051 soli
3285 3995 3603 4056 humerum

1944 4100 2190 4157 oppone,
2225 4091 2280 4139 ct
2330 4084 2532 4139 tandiu
2582 4101 2710 4141 eam
2744 4085 2856 4140 huc
2915 4084 3052 4139 illuc
3084 4089 3260 4153 verte,
3295 4087 3476 4141 donec
3507 4088 3595 4144 sol

1950 4178 2266 4245 utrumque
2298 4174 2676 4246 pinnularum
2728 4175 2986 4230 foramen
3033 4178 3294 4246 penetret
3335 4179 3488 4231 recto
3520 4181 3605 4232 te-

1951 4279 2107 4317 nore.
2134 4263 2382 4328 Gradus,
2403 4280 2575 4335 quem
2592 4268 2730 4318 tunc
2754 4263 3232 4336 perpendiculum
3256 4264 3314 4319 in
3348 4265 3604 4324 umbone

1941 4351 2216 4422 tetigerit,
2252 4352 2378 4418 tibi,
2404 4358 2691 4424 quantum
2714 4351 2800 4408 sol
2816 4354 2942 4422 jam
2979 4353 3603 4424 ascendit,descendit,

1941 4439 2165 4511 liquido
2192 4440 2634 4496 demonstrabit.
2670 4442 2857 4513 Super
2881 4443 3152 4496 eumdem
3186 4443 3432 4513 gradum
3466 4461 3596 4516 per-
3662 4436 3666 4440 ’

1943 4527 2251 4599 pendiculo
2273 4531 2504 4601 jacente
2525 4529 2653 4585 vide
2684 4547 2859 4601 quam
2895 4530 3108 4585 lineam
3136 4547 3203 4584 ex
3225 4529 3604 4590 Almucanta-

1944 4617 2074 4672 rath
2107 4618 2377 4688 superius
2403 4623 2605 4691 tangat
2646 4618 2960 4691 regionem.
2985 4624 3170 4690 Super
3199 4618 3350 4674 hanc
3382 4619 3604 4680 lineam

1948 4709 2009 4760 tu
2039 4710 2320 4776 punctum
2354 4707 2412 4762 in
2471 4725 2601 4762 cera
2631 4725 2806 4780 super
2861 4707 3236 4779 pendiculum
3268 4708 3484 4764 factum
3517 4711 3605 4766 vel

1950 4794 2235 4849 circulum
2269 4795 2584 4867 pendiculi,
2617 4796 2954 4867 ubicunque
2985 4811 3113 4851 eam
3137 4799 3374 4866 tangere
3393 4797 3601 4871 possit,

1947 4899 2171 4955 ponens
2201 4884 2525 4952 considera,
2560 4883 2658 4955 qui
2693 4884 2846 4939 hONB
2880 4881 3364 4956 perpendiculum
3397 4901 3602 4956 super-

1934 4971 2147 5044 jaceat,
2180 4975 2237 5027 et
2261 4970 2380 5026 haec
2411 4976 2521 5037 est,
2554 4988 2733 5044 quam
2774 4976 2912 5028 tuus
2953 4971 3119 5026 labor
3151 4970 3311 5037 [cod.,
3345 4975 3604 5042 quantus

1945 5061 2132 5132 labor]
2155 5059 2439 5131 exquirat.

2594 5148 2827 5204 CAPUT
2856 5147 2946 5203 Vl.

1944 5222 2022 5276 Ad
2050 5219 2473 5275 mensurandam
2503 5219 2801 5292 quamlibet
2834 5222 2892 5274 in
2917 5222 3085 5292 plano
3117 5223 3355 5276 stantem
3403 5220 3603 5292 altitu-

2017 5293 2202 5416 dine»;
2228 5306 2352 5415 bper
2397 5306 2554 5344 suam
2611 5291 2786 5360 ipsius
2841 5290 3096 5347 imibram
3151 5309 3275 5347 cum
3332 5290 3600 5362 quadrato

2017 5371 2163 5418 astro
2189 5379 2220 5416 a
2262 5378 2324 5416 ιι.

2018 5452 2122 5523 (Ex
2151 5449 2451 5505 Geometria
2482 5447 2743 5514 Gerberti,
2766 5463 2883 5519 cap.
2906 5449 3022 5519 2|.)
3045 5450 3104 5506 Si
3136 5450 3222 5506 vis
3240 5450 3492 5524 alicujus
3513 5467 3600 5507 ar-

1945 5540 2104 5596 boris
2131 5539 2214 5595 vel
2245 5538 2549 5608 columnis,
2582 5536 2670 5592 vel
2705 5536 2904 5605 turris,
2937 5537 3023 5594 vel
3047 5539 3356 5608 cujusdam
3385 5539 3596 5596 talium

1947 5629 2005 5682 in
2040 5629 2212 5700 plano
2241 5629 2523 5684 duntaxat
2553 5627 2676 5684 loco
2707 5626 2938 5694 stantis,
2974 5627 3298 5684 altitudinis
3338 5644 3441 5700 per
3462 5644 3596 5683 um-

1946 5719 2109 5774 bram
2139 5718 2324 5790 ipsius
2351 5719 2627 5788 invcnire,
2662 5735 2947 5790 suspenso
2987 5716 3298 5777 astrolabio
3340 5715 3597 5784 solisque
