3964 6206
383 399 497 466 411

1202 394 1611 460 HERMANNI
1656 382 2097 459 CONTBACTI
2139 390 2558 459 AUGIENSIS
2603 391 2982 462 MONACHI.

3667 388 3789 460 ﬂ!

386 535 549 593 radio
577 552 678 610 per
710 539 954 606 utraque
984 531 1272 589 foramina
1301 528 1597 586 Alhidada:
1629 527 1895 584 directim
1927 527 2031 581 im-
2058 529 2113 596 Α
2142 528 2468 584 Assumuth
2499 547 2602 586 seu
2635 531 2940 601 rectitudo,
2974 529 3114 604 quia
3143 529 3236 588 his
3287 528 3471 588 scitur
3498 527 3558 587 in
3615 531 3786 604 cujus

386 624 567 682 misso
593 625 720 679 vide
751 623 808 677 in
841 639 958 693 qua
988 625 1149 693 parte
1178 618 1376 675 lateris
1400 617 1762 691 quadrantis,
1788 617 1940 689 quod
1967 616 2025 672 in

385 715 451 769 12
481 719 673 785 partes
704 711 955 766 divisum
984 714 1090 776 est,
1125 709 1342 764 directa
1371 707 1557 779 ipsius
1587 706 1887 762 Alhidadaa
1916 709 2029 761 stet

380 803 553 869 linea,
604 806 660 855 et
681 815 1094 872 quamcunque
1131 797 1560 870 proportionem
1586 813 1868 851 numerus
1893 813 2025 867 par-

377 890 521 945 tium
558 906 733 960 super
765 887 1050 942 Alhidada
1081 885 1485 958 apparentium
1520 886 1589 939 ad
1629 885 1710 952 12,
1745 885 1799 938 id
1835 888 1923 938 est
1953 883 2021 936 ad

375 983 563 1034 totum
596 977 749 1032 latus
782 976 1046 1048 quadrati
1080 975 1369 1039 habuerit,
1401 975 1662 1029 eamdem
1696 972 1894 1044 procul
1926 972 2026 1025 du-

374 1067 468 1123 bio
491 1067 919 1138 proportionem
961 1065 1228 1127 altitudo,
1262 1080 1438 1134 quam
1470 1062 1726 1116 invenire
1766 1060 2023 1126 voluisti,

375 1157 445 1212 ad
479 1156 751 1211 umbram
785 1172 818 1209 a
847 1171 908 1208 se
941 1156 1148 1208 factam
1193 1154 1248 1207 in
1278 1152 1519 1223 planitie
1565 1151 1836 1216 habebit;
1871 1148 2027 1204 verbi

373 1245 580 1316 gratia,
615 1245 665 1298 si
698 1244 824 1297 dure
857 1260 1038 1315 supra
1067 1247 1348 1313 apparent
1395 1246 1610 1313 partes,
1670 1241 1740 1295 ad
1792 1255 1940 1311 quas
1967 1239 2028 1292 12

374 1332 705 1404 sescuplam
740 1332 958 1386 habent
987 1331 1413 1403 propotionem,
1476 1329 1745 1401 sescupla
1798 1342 2027 1399 quoque

372 1423 582 1476 umbra
613 1422 722 1476 erit
753 1421 823 1476 ad
857 1420 1249 1474 altitudinem.
1299 1421 1358 1475 Si
1394 1426 1512 1475 tres
1541 1425 1840 1492 apparent,
1886 1431 2027 1488 qua-

369 1510 616 1582 drupla;
652 1510 701 1566 si
736 1513 1006 1580 quatuor,
1042 1508 1255 1579 tripla;
1291 1508 1338 1563 si
1394 1511 1447 1576 5,
1511 1508 1719 1580 duplex
1764 1503 2029 1576 superbi'

372 1601 629 1673 partiens
651 1598 988 1670 quantitas;
1025 1596 1072 1651 si
1104 1598 1160 1663 6,
1210 1593 1425 1666 dupla;
1471 1594 1517 1648 si
1543 1596 1601 1660 7,
1637 1596 1864 1665 super5
1895 1611 2022 1665 par-

367 1690 519 1745 tiens
543 1688 823 1760 septimas
848 1705 859 1752 ;
887 1686 933 1742 si
955 1689 1006 1752 8,
1033 1683 1417 1756 sesquialtera
1441 1700 1454 1750 ;
1483 1684 1533 1738 si
1556 1683 2026 1754 9,sesquitertia;

2138 618 2321 689 partis
2353 619 2559 674 mundi
2589 620 2807 678 directo
2849 621 2926 678 sit
2954 620 3153 695 aliqua
3205 619 3384 695 regio,
3422 637 3548 693 quis
3594 620 3790 679 taliter

2139 706 2331 762 fuerit.
2366 709 2632 765 Invenies
2663 710 2939 783 primitus
2971 714 3241 767 centrum
3300 709 3582 782 regionis,
3633 711 3786 768 acci-

2138 795 2303 866 piens
2336 796 2704 854 latitudinem
2753 800 3008 872 regionis
3036 817 3070 855 a
3117 803 3332 872 puncto
3359 815 3612 855 eversus
3639 799 3690 867 b,
3730 806 3792 856 et

2136 885 2354 941 faciens
2387 892 2605 953 notam,
2638 905 2817 960 supra
2847 905 3022 960 quam
3055 904 3236 960 pones
3265 886 3527 960 regulam
3558 893 3615 944 et
3636 905 3788 961 pun-

2135 979 2294 1029 ctum
2325 992 2370 1042 c,
2404 980 2479 1042 et,
2525 977 2623 1032 ubi
2683 977 2997 1032 absciderit
3037 978 3390 1032 diametrum
3439 994 3468 1032 e
3495 994 3529 1032 a
3558 977 3614 1044 ἀ,
3677 978 3791 1033 erit

2135 1069 2400 1118 centrum
2423 1065 2698 1137 regionis,
2725 1083 2902 1138 quam
2926 1066 3154 1122 notabis
3177 1071 3392 1138 puncto
3408 1081 3458 1122 ο.
3484 1070 3551 1120 Et
3584 1072 3794 1138 postea

2138 1152 2384 1224 accipies
2443 1155 2645 1209 eadem
2706 1154 3080 1210 latitudiuem
3134 1171 3168 1210 a
3226 1157 3796 1226 punctocversusd

2138 1257 2317 1312 supra
2347 1258 2523 1313 quam
2558 1259 2737 1314 pones
2770 1243 3031 1316 regulam
3061 1249 3118 1299 et
3147 1248 3436 1315 punctum
3465 1261 3514 1310 ε,
3533 1248 3591 1300 et
3611 1245 3797 1302 facies

2140 1335 2337 1386 notam
2363 1331 2420 1385 in
2453 1330 2576 1386 loco
2607 1336 2796 1388 tactus
2826 1332 3037 1405 regulae
3068 1333 3127 1387 in
3159 1331 3539 1389 diametroea
3562 1333 3593 1387 1
3615 1351 3799 1407 super

2138 1418 2398 1477 tabulam
2419 1419 2670 1492 ligneam
2701 1426 2958 1489 extenso,
2990 1425 3047 1476 et
3075 1421 3294 1478 scribes
3323 1423 3346 1476 i
3371 1437 3418 1476 θ.
3460 1421 3684 1478 Deinde
3715 1423 3798 1479 fa-

2139 1509 2258 1564 cies
2289 1510 2812 1565 circumferentiam
2847 1527 2948 1583 per
2968 1515 3250 1583 punctum
3273 1526 3304 1566 o
3326 1515 3434 1583 etp
3474 1515 3795 1568 transeun-

2140 1602 2257 1654 tem
2289 1599 2360 1653 ad
2395 1605 2657 1654 centrum
2691 1600 2952 1656 medium
2982 1605 3387 1672 utrorumque,
3409 1600 3584 1670 cujus
3607 1617 3796 1674 parsa

2141 1687 2170 1742 b
2203 1687 2261 1742 in
2292 1705 2321 1742 ε
2340 1705 2442 1759 per
2469 1705 2499 1744 ο
2529 1687 2860 1753 manifesta,
2893 1692 2950 1744 et
2973 1687 3088 1744 alia
3115 1705 3150 1743 a
3171 1704 3200 1743 ο
3228 1688 3288 1743 in
3321 1689 3351 1743 ὁ
3373 1705 3533 1760 perp
3563 1690 3796 1745 occulta

369 1778 420 1835 si
449 1778 536 1844 10,
561 1775 1060 1848 sesquiquinta;si
1082 1777 1164 1842 11,
1189 1773 1710 1844 sesquiundecima
1731 1791 1743 1839 ;
1763 1773 2029 1828 siomnes
2138 1777 2438 1832 notabitur
2461 1795 2473 1845 ;
2499 1777 2636 1848 quia
2667 1776 2766 1832 illa
2795 1793 2921 1848 quis
2961 1781 3050 1833 est
3078 1777 3194 1832 bin
3239 1793 3269 1832 ε
3297 1793 3400 1847 per
3435 1793 3466 1834 ο
3491 1778 3562 1833 de
3607 1779 3796 1834 Assu-

370 1870 457 1933 12,
489 1883 655 1937 aequa
685 1865 792 1920 erit
813 1864 1060 1918 altitudo
1093 1869 1149 1917 et
1183 1862 1394 1960 umbra
1440 1862 1790 1960 ethomnino.
1829 1862 2026 1931 cuius-
2057 1893 2106 1960 Β
2140 1866 2306 1922 muth
2338 1866 2447 1921 erit
2475 1865 2683 1934 lineis;
2734 1866 2849 1921 alia
2885 1883 3016 1922 vero
3064 1870 3196 1938 post
3234 1865 3417 1922 factas
3463 1866 3794 1924 Assumutb

367 1973 599 2028 cunque
631 1953 1020 2026 proportionis
1048 1951 1408 2023 triangulum
1458 1949 1748 2006 Alhidada
1776 1950 1834 2004 in
1875 1967 2024 2021 qua-
2057 1949 2103 1960 ’⁷
2137 1954 2444 2010 delebitur.

367 2046 532 2101 drato
592 2045 718 2115 ipso
775 2043 1031 2097 effecerit
1082 2042 1347 2112 ejusdem
1405 2039 1794 2112 proportionis
1844 2040 2024 2094 trian-
2205 2045 2323 2100 Hoc
2354 2044 2501 2100 facto
2533 2042 2756 2099 divides
2788 2043 3060 2099 eumdem
3093 2043 3378 2099 circulum
3409 2060 3513 2116 per
3532 2045 3652 2101 duo
3674 2062 3797 2102 me-

365 2134 595 2206 gulum,
627 2132 838 2187 umbra
865 2130 1182 2201 cujuslibet
1213 2129 1387 2185 erecti
1422 2129 1680 2200 corporis
1703 2128 1761 2182 in
1786 2127 2025 2200 planitie
2134 2132 2230 2188 dia
2252 2133 2470 2189 ducens
2495 2133 2845 2189 diametrum
2869 2132 2927 2187 in
2952 2131 3380 2204 longitudinem
3405 2149 3502 2205 per
3520 2133 3794 2190 tabulam

365 2224 562 2280 statim
596 2220 890 2277 formabit.
952 2221 1014 2275 In
1073 2236 1186 2290 quo
1243 2217 1510 2272 videlicet
1556 2216 1846 2288 triangulo
1894 2216 2024 2288 ipsa
2132 2221 2387 2294 ligneam
2417 2239 2485 2277 ex
2511 2227 2758 2293 utraque
2787 2225 2950 2293 parte
2979 2220 3167 2293 ipsius
3199 2220 3403 2277 circuli
3427 2221 3483 2276 in
3505 2238 3621 2293 quo
3657 2223 3794 2278 dia-

365 2315 634 2370 umbrata
655 2309 924 2382 planities
939 2307 1097 2362 basis
1112 2312 1200 2362 est
1225 2325 1237 2374 ;
1259 2311 1448 2361 erecta
1463 2305 1708 2360 altitudo
1733 2305 2020 2370 cathetus,

363 2403 563 2457 radius
593 2399 734 2454 solis
758 2398 1030 2452 umbram
1062 2395 1407 2450 tranversim
1458 2393 1727 2450 [imitans
1772 2394 2020 2466 bypote-

363 2513 522 2552 nusaz
544 2495 729 2551 vicem
763 2493 1130 2566 dignoscitur
1161 2492 1394 2548 habere.

1009 2598 1244 2654 CAPUT
1275 2598 1378 2653 VII

551 2691 704 2746 Alius
738 2689 925 2744 modus
955 2687 1310 2743 altitudinem
1342 2704 1532 2743 rerum
1552 2688 1829 2743 metiendi.

434 2784 556 2854 (Est
582 2798 650 2836 ex
679 2798 794 2852 cap.
827 2781 898 2834 82
929 2779 1239 2834 Gcomctrizr
1271 2778 1515 2834 Gerberti
1541 2779 1861 2850 sumptum.)
1914 2779 2016 2832 Est

362 2876 420 2926 et
445 2870 561 2926 alia
591 2871 735 2925 ratio
776 2867 1144 2924 altitudinem
1193 2867 1427 2922 videndi
1468 2884 1594 2939 qua:
1646 2866 2006 2937 hujusmodi.

360 2960 785 3032 Orthogonum,
820 2957 989 3028 cujus
1021 2956 1288 3012 cathetus
1317 2958 1352 3010 6
1374 2957 1628 3027 pendum
1653 2956 1748 3023 sit,
1774 2954 1932 3010 basis
1955 2957 2008 3023 8,

358 3049 726 3122 hypotenusa
760 3046 845 3112 l0,
879 3045 1067 3118 erigas
1100 3045 1179 3100 ita
1211 3050 1274 3099 ut
1324 3049 1489 3100 terrae
1522 3045 1680 3100 basis
1727 3045 2009 3115 adjaceat,

358 3137 625 3193 cathetus
659 3137 939 3191 adversus
992 3150 1115 3189 rem
1147 3133 1331 3198 illam,
1369 3134 1538 3202 cujus
1587 3133 1832 3187 altitudo
1881 3149 2008 3204 per-

355 3226 530 3298 pendi
567 3226 759 3291 debet,
789 3224 1066 3295 erigatur.
1120 3223 1494 3294 Hypotenusa
1530 3238 1726 3328 verpa
1775 3237 2007 3328 summo
2038 3256 2086 3328 ο

354 3314 567 3371 catheti
590 3315 648 3368 in
688 3328 991 3369 summum
1024 3311 1182 3366 basis
1214 3311 1479 3366 ducatur.
1513 3309 1571 3366 Si
1622 3310 1841 3365 directo
1888 3309 2008 3365 illic

353 3403 536 3471 visus,
570 3403 669 3458 ubi
700 3402 858 3457 basis
883 3401 1244 3473 hipotenusa:
1288 3399 1578 3471 jungitur,
1630 3397 1865 3455 oculum
1905 3416 2005 3470 ap-

352 3509 502 3566 pone
531 3493 604 3548 ad
633 3496 848 3546 terram
903 3493 1248 3563 prostratus.
1309 3488 1525 3543 Deinde
1583 3487 1698 3543 huc
1755 3492 1812 3543 et
1867 3487 2007 3542 illuc

345 3585 467 3639 tam
494 3581 593 3637 diu
623 3579 1051 3648 detrahe,oculo
1085 3583 1278 3635 tamen
1339 3594 1570 3649 semper
1599 3578 1886 3650 opposito,
1906 3578 2010 3633 do.

349 3688 454 3728 nec
479 3685 782 3726 summum
797 3668 1011 3724 catheti
1025 3669 1129 3724 tibi
1150 3667 1308 3724 illius
1329 3668 1431 3734 rei,
1452 3669 1622 3738 cujus
1635 3666 2005 3722 altitudinem

347 3760 584 3832 quaeris,
617 3757 944 3814 summitati
991 3757 1285 3829 adcr-queri
1345 3756 1628 3811 videatur.
1679 3755 1802 3820 Quo
1854 3756 2006 3811 facto

347 3866 531 3922 ponas
563 3848 821 3919 signum,
853 3846 951 3902 ubi
985 3845 1222 3902 oculum
1262 3845 1525 3911 tenebas,
1558 3849 1616 3900 et
1643 3860 1711 3899 ex
1741 3859 1806 3899 eo
1838 3843 2005 3916 signo

348 3939 553 3995 melire
582 3937 839 4010 spatium
872 3953 1059 4008 usque
1109 3935 1178 3990 ad
1223 3935 1428 4006 pedem
1463 3934 1542 3989 rei
1601 3932 1762 3988 illius
1794 3937 1852 3987 et
1896 3933 2005 3988 hoc

345 4027 534 4100 spatio
567 4043 668 4098 per
696 4027 728 4080 4
760 4025 969 4097 partito
993 4029 1261 4096 quartam
1283 4039 1459 4079 unam
1488 4021 1818 4088 subtrahas,
1843 4026 2006 4076 caete-

347 4133 442 4172 ras
473 4119 590 4171 tres
614 4131 716 4186 pro
739 4113 1049 4168 altitudine
1075 4113 1197 4178 illa,
1221 4129 1398 4184 quam
1423 4111 1744 4183 quaerebas,
1770 4110 2000 4165 habeto.

347 4205 478 4260 Haec
506 4203 875 4260 altitudinem
908 4202 1137 4256 videndi
1171 4203 1315 4256 ratio
1348 4199 1675 4255 certissima
1709 4203 1815 4266 est,
1843 4199 1890 4254 si
1924 4204 2004 4254 ta-

349 4308 483 4347 men
514 4309 647 4346 area
678 4307 780 4361 per
807 4306 986 4361 quam
1020 4289 1284 4344 cathetus
1333 4287 1660 4343 detrahitur
1692 4304 1805 4342 non
1833 4305 2004 4343 mon-

345 4385 519 4436 tuosa
551 4395 743 4449 nequa
773 4377 992 4433 vallosa
1021 4377 1123 4432 sed
1154 4376 1329 4448 plana
1364 4375 1557 4430 fuerit.

978 4482 1211 4539 CAPUT
1242 4482 1387 4538 VIII.

561 4572 840 4646 Quomodo
869 4572 1064 4626 circuli
1091 4575 1269 4626 amat
1299 4570 1631 4642 depingendi
1657 4573 1788 4626 sint.

422 4663 557 4720 Post
573 4631 1092 4727 \Almucantarath,
1127 4660 1226 4731 qui
1267 4631 1697 4724 describantur,
1741 4659 2008 4731 sequitur
2033 4631 2082 4697 D

2132 2313 2315 2364 metro
2339 2309 2598 2365 invenies
2629 2309 2954 2365 Assumuth
2973 2313 3193 2364 centra.
3219 2308 3451 2364 Divides
3469 2309 3629 2365 enim
3651 2327 3793 2382 par-

2129 2402 2246 2453 tem
2278 2397 2502 2466 circuli,
2535 2415 2660 2470 quze
2703 2402 2793 2454 est
2823 2415 2856 2454 a
2887 2400 2916 2454 b
2949 2399 3006 2454 in
3037 2415 3068 2453 ο
3098 2415 3200 2469 per
3227 2398 3282 2466 9,
3313 2402 3371 2454 et
3417 2396 3622 2466 aliam,
3659 2415 3798 2472 qua:

2127 2491 2217 2542 est
2246 2487 2318 2542 ab
2350 2487 2461 2542 oin
2499 2504 2548 2553 c,
2579 2486 2854 2543 similiter
2882 2503 2984 2559 per
3011 2488 3065 2542 9.
3099 2487 3168 2542 Et
3196 2485 3280 2542 sic
3319 2486 3494 2542 facies
3524 2487 3596 2543 de
3646 2488 3788 2545 aliis

2127 2576 2522 2641 inferioribus,
2555 2575 2690 2632 licet
2718 2575 3118 2648 superioribus
3149 2575 3268 2630 sint
3303 2577 3598 2647 majores:
3654 2593 3786 2649 que

2125 2681 2258 2721 cum
2282 2665 2400 2720 sint
2420 2665 2599 2721 totius
2620 2664 2820 2720 circuli
2839 2682 2892 2736 g,
2913 2663 3156 2737 singulae
3179 2663 3531 2720 obtinebunt
3559 2666 3784 2738 gradus

2125 2755 2343 2810 decem.
2377 2753 2600 2818 Quibus
2621 2753 3008 2810 divisionibus
3031 2753 3277 2825 signatis
3299 2769 3481 2825 pones
3513 2753 3785 2826 regulam

2123 2859 2298 2914 super
2326 2846 2609 2914 punctum
2649 2860 2681 2898 ο
2711 2847 2768 2898 et
2823 2842 3142 2898 secundam
3200 2841 3568 2910 divisionem,
3603 2842 3660 2898 id
3695 2849 3793 2900 est

2122 2948 2302 3003 supra
2315 2932 2570 3003 primum
2590 2932 2860 3004 gradum,
2875 2935 2933 2986 et
2953 2931 3052 2987 ubi
3071 2929 3388 2987 absciderit
3400 2931 3789 3000 diametrum,

2118 3019 2290 3092 longe
2321 3020 2379 3076 in
2411 3019 2612 3076 tabula
2656 3019 3055 3092 lignea-facies
3086 3019 3344 3092 primum
3374 3024 3643 3078 centrum
3674 3023 3791 3081 As-

2121 3109 2386 3165 sumuth.
2419 3109 2527 3165 Per
2551 3109 2708 3180 quod
2748 3113 3018 3165 centrum
3065 3107 3243 3167 facies
3287 3107 3791 3167 circumferentia

2119 3201 2346 3270 partem
2379 3213 2412 3253 a
2430 3197 2646 3254 circulo
2669 3196 3064 3270 hemisphaerii
3093 3199 3498 3254 transeuntem
3511 3214 3617 3270 per
3636 3215 3793 3271 pun-

2121 3291 2280 3343 ctum
2311 3303 2340 3343 ο
2371 3303 2558 3358 usque
2607 3285 2678 3342 ad
2737 3285 3023 3342 circulum
3081 3285 3432 3357 Capricorni,
3493 3290 3552 3342 et
3600 3286 3791 3344 facies

2118 3381 2319 3450 postea
2349 3376 2508 3433 aliud
2545 3376 2892 3433 Assumuth.
2921 3377 3006 3432 Ad
3039 3392 3293 3448 quorum
3323 3375 3700 3448 divisionem,
3727 3378 3791 3435 id

2117 3470 2206 3522 est
2227 3466 2298 3521 ad
2345 3467 2640 3522 decimum
2677 3465 2948 3539 gradum,
3003 3470 3060 3522 et
3100 3465 3333 3522 invento
3365 3469 3563 3523 centro
3594 3465 3786 3524 facies

2117 3555 2366 3612 transire
2411 3555 2568 3611 aliud
2609 3555 2936 3611 Assumuth
2973 3569 3076 3626 per
3117 3554 3272 3611 idem
3320 3559 3609 3627 punctum
3630 3571 3684 3626 0,
3729 3561 3792 3613 et

2119 3645 2272 3702 scias
2303 3644 2443 3716 quia
2468 3661 2604 3702 cum
2635 3644 2842 3700 feceris
2871 3643 3194 3701 Assumutb
3225 3644 3297 3699 ad
3331 3645 3420 3713 10,
3441 3644 3692 3702 exibunt
3712 3647 3785 3702 ad

2125 3734 2188 3790 l0
2215 3752 2228 3802 ;
2253 3737 2310 3790 et
2339 3751 2473 3790 cum
2497 3734 2568 3790 ad
2603 3734 2690 3800 10,
2721 3733 2963 3790 exibunt
2991 3733 3049 3788 S.
3084 3736 3228 3789 Cum
3245 3737 3442 3789 autem
3466 3734 3788 3806 perfeceris

2118 3841 2297 3880 unam
2347 3823 2720 3881 medietatem
2742 3821 2970 3890 circuli,
3003 3821 3223 3878 redibis
3266 3822 3339 3878 ad
3369 3821 3574 3891 aliam,
3597 3828 3658 3880 et
3689 3824 3776 3881 sic

2119 3929 2323 3969 omnes
2352 3911 2796 3968 consummabis
2825 3909 3174 3967 Assumuth.

2187 4005 2319 4057 Post
2347 4001 2624 4056 horarum
2656 4000 2852 4056 leneas
2877 4015 3026 4072 pone
3047 4002 3224 4071 caput
3240 3999 3446 4056 Cancri
3474 4016 3658 4072 super
3679 4000 3783 4056 Al-

2117 4089 2521 4146 mucantarath
2557 4091 2595 4144 i.
2618 4106 2671 4160 g.
2707 4088 2766 4143 in
2798 4087 3118 4158 occidente,
3147 4091 3203 4142 et
3259 4087 3526 4160 signabis
3580 4087 3782 4146 locum

2115 4179 2323 4252 capitis
2353 4178 2557 4234 Cancri
2587 4177 2647 4233 in
2678 4181 2841 4249 parte
2870 4176 3148 4232 horarum
3172 4194 3186 4244 ;
3210 4177 3414 4248 sicque
3436 4176 3619 4234 facies
3640 4194 3781 4234 cum

2115 4267 2301 4340 capite
2328 4267 2540 4323 Arietis
2571 4271 2628 4323 et
2657 4265 3016 4338 Capricorni,
3048 4269 3104 4320 et
3151 4264 3415 4337 signabis
3444 4265 3641 4338 capita
3683 4283 3781 4323 eo-

2118 4373 2249 4414 rum
2283 4357 2689 4430 oppositorum
2719 4355 2779 4410 in
2810 4354 3106 4427 praedictis
3138 4353 3320 4409 boris.
3355 4354 3464 4410 Per
3491 4371 3626 4427 quis
3668 4354 3784 4410 tria

2115 4447 2285 4520 signa
2314 4446 2491 4502 duces
2522 4444 2737 4500 lineam
2765 4442 3095 4516 crepusculi
3125 4441 3459 4500 Orientalis.
3492 4444 3784 4501 Similiter

2117 4535 2292 4592 facies
2317 4535 2375 4590 in
2398 4533 2668 4606 Opposita
2687 4537 2850 4606 parte
2867 4533 2939 4588 ad
2956 4530 3311 4588 occidentale
3331 4532 3778 4605 crepusculum.

2729 4657 2942 4715 Cetera
2968 4656 3179 4712 desunt.
