3964 6206
139 247 243 312 ut

1473 247 1881 313 OPUSCULA
1933 245 2253 311 MUSICA.

3462 251 3578 316 429

143 386 286 448 octo,
317 399 578 456 quarum
615 387 870 455 quatuor
901 383 1201 450 autentici,
1226 383 1284 438 id
1317 387 1406 438 est
1445 381 1792 447 auctorales,
1827 388 1879 453 Α
1908 383 1954 452 'q,
1991 380 2046 434 id
2080 385 2168 435 est
2199 380 2326 451 ejus
2349 383 2762 437 acutissimum
2795 387 2851 437 et
2880 383 3322 456 gravissimum,
3358 385 3396 439 E
3443 400 3580 440 vero

149 476 352 544 quator
380 471 588 545 plagae,
623 473 682 528 id
724 478 813 528 est
861 476 1071 528 lateres
1113 478 1200 528 vel
1249 471 1594 544 subjugales
1637 477 1804 526 sunt.

150 560 439 616 Vocantur
467 561 551 615 ita
581 561 911 616 secundum
941 565 1197 618 veteres:
1231 560 1460 626 Dorius,
1490 559 1805 632 Phrygius,

153 649 377 713 Lidius,
391 649 728 706 Mixolidius
750 649 1124 722 ;subjugales
1141 666 1276 704 vero
1291 650 1372 704 ita
1393 667 1405 704 :
1428 649 1815 720 hypodorius,

151 738 612 811 hypophrygius,
647 739 1005 811 hypolidius,
1034 737 1555 812 hypomixolidius,
1586 739 1812 792 Auten-

150 827 270 893 tici,
300 828 441 898 quia
469 828 748 884 finalibus
792 827 1225 884 concluduntur
1270 831 1328 882 et
1364 825 1806 891 excellentibus,

146 915 242 971 his
273 932 378 987 pro
416 915 746 972 litterarum
797 915 1086 988 positione
1135 920 1422 971 vocantur
1470 914 1816 970 nominibus

149 1004 219 1076 D,
249 1005 318 1076 E,
351 1003 415 1075 Ε,
445 1006 512 1071 G,
541 1005 599 1073 d,
623 1021 674 1072 e,
710 1005 748 1072 f,
783 1021 855 1078 g;
888 1003 1234 1076 subjugales
1264 1019 1420 1059 vero:
1449 1004 1589 1075 quia
1623 1002 1820 1074 gravi-

151 1095 269 1148 bus
302 1098 796 1150 :onnectunturet
812 1093 1238 1164 superioribus,
1264 1092 1349 1148 eti
1360 1092 1448 1164 psi
1465 1091 1582 1146 ista
1603 1109 1637 1147 a
1669 1091 1821 1146 litte-

159 1181 248 1237 ris
275 1180 521 1237 trahunt
546 1180 828 1238 vocabula
852 1184 918 1249 A,
952 1181 1016 1248 Β,
1047 1184 1106 1249 C,
1141 1181 1207 1247 D,
1232 1197 1283 1248 a,
1317 1185 1364 1249 α,
1394 1197 1444 1248 c,
1481 1181 1539 1235 d.
1585 1183 1820 1236 Vocan-

158 1275 263 1326 tur
289 1271 466 1326 etiam
497 1270 772 1326 autentici
802 1275 860 1326 et
880 1269 952 1326 ab
985 1271 1190 1326 ordine
1236 1275 1460 1342 protus,
1513 1270 1820 1340 deuterus,

155 1359 361 1425 tritus,
395 1360 705 1416 tetrardus.
754 1359 866 1415 Sed
909 1359 1020 1415 hoc
1064 1359 1391 1415 secundum
1437 1358 1821 1414 monochordi

152 1448 512 1521 positionem
558 1449 644 1514 ﬁt,
695 1465 812 1504 non
860 1450 1186 1505 secundum
1253 1448 1623 1521 dignitatem.
1675 1448 1820 1502 Nam

150 1535 576 1609 unusquisqre
605 1552 809 1593 eorum
840 1537 1173 1593 autenticus
1204 1541 1313 1602 est,
1349 1537 1458 1592 hoc
1488 1541 1577 1592 est
1618 1541 1824 1592 auctor

154 1626 278 1681 sive
303 1625 610 1698 magister.
644 1627 852 1682 Protus
883 1629 1021 1682 tono
1053 1643 1086 1681 a
1115 1627 1374 1693 deutero,
1407 1626 1509 1681 sed
1555 1626 1682 1697 ipse
1731 1641 1823 1680 se-

153 1714 411 1769 mitonio
441 1730 476 1769 a
503 1716 663 1782 trito,
697 1715 796 1787 qui
821 1714 959 1771 item
992 1719 1129 1770 tono
1161 1715 1341 1770 distat
1369 1731 1403 1770 a
1434 1715 1712 1770 tetrardo.

230 1803 402 1858 Nunc
427 1803 584 1874 quod
618 1802 922 1875 hucusque
953 1803 1127 1876 longo
1158 1808 1512 1860 tractumest
1533 1818 1823 1868 sermone,

151 1891 265 1947 hoc
295 1891 650 1964 compendio
673 1893 1060 1949 terminemus
1084 1912 1096 1960 ;
1123 1897 1188 1948 ut
1209 1909 1692 1964 unumquemque
1716 1897 1826 1948 tro-

156 1997 305 2052 pum
336 1980 465 2044 suis
496 1981 924 2054 principalibus
953 1981 1184 2049 litteris,
1220 1981 1472 2054 propriis
1504 1982 1681 2037 etiam
1701 1999 1826 2037 om-

161 2069 330 2124 nium
364 2072 887 2126 consonantiarum
918 2070 1655 2143 speciebusinformemus:
1689 2087 1828 2142 qua-

160 2165 338 2214 tenus
361 2164 712 2232 protoomne
736 2159 1014 2231 primum,
1037 2161 1274 2216 deutero
1290 2176 1461 2216 omne
1475 2161 1795 2216 secundum
1811 2201 1825 2226 ,

161 2248 307 2304 trito
323 2264 498 2304 omne
518 2248 782 2316 tertium,
806 2249 1064 2304 tetrardo
1084 2266 1256 2305 omne
1297 2249 1653 2320 suscipiente
1683 2264 1824 2320 qua-

169 2341 332 2403 tum,
359 2337 444 2392 nil
471 2337 750 2406 otiosum,
773 2337 855 2393 nil
879 2339 1246 2410 Superﬂuum
1269 2337 1656 2409 relinquatur.
1689 2337 1825 2392 Pro-

168 2429 280 2482 tus
310 2441 444 2480 cum
474 2442 578 2482 suo
608 2425 1086 2499 subjugali,quia
1102 2426 1276 2498 primi
1301 2431 1460 2494 sunt,
1498 2426 1827 2482 necessario

173 2515 383 2570 omnia
413 2531 536 2587 quae
565 2515 755 2587 prima
775 2519 917 2571 sunt
938 2515 1276 2588 requirunt;
1304 2515 1526 2587 primas
1561 2514 1830 2572 videlicet

172 2604 238 2658 in
271 2604 550 2660 omnibus
580 2603 1032 2676 quadrichordis
1060 2603 1280 2672 literas,
1317 2621 1444 2677 qua:
1477 2609 1618 2660 sunt
1660 2606 1724 2671 A,
1759 2604 1826 2669 D,

174 2709 229 2762 a,
263 2693 298 2748 d
322 2711 336 2761 ;
371 2692 593 2766 primas
619 2693 844 2765 species
871 2694 1178 2766 diapason,
1204 2709 1333 2765 qua:
1357 2695 1574 2761 suntA,
1594 2710 1647 2760 a,
1671 2693 1738 2758 D,
1763 2693 1827 2761 d;

174 2781 436 2854 primam
466 2782 722 2853 speciem
750 2783 1044 2854 diapente,
1073 2799 1203 2855 quae
1223 2788 1311 2839 est
1358 2783 1427 2850 D,
1451 2799 1484 2838 a
1509 2801 1522 2850 ;
1579 2781 1830 2854 primam

173 2870 437 2945 speciem
469 2870 831 2928 diatessaron
865 2889 991 2945 quae
1015 2876 1104 2928 est
1140 2875 1206 2939 A,
1241 2872 1307 2928 D.
1361 2873 1495 2938 Quae
1545 2871 1832 2945 generalis

171 2959 475 3017 institutio
505 2960 739 3032 utrique
771 2977 924 3016 nunc
955 2961 1278 3018 secundum
1299 2978 1468 3017 suam
1514 2961 1830 3034 proprieta-

1859 1762 1908 1827 B

1929 470 2118 524 media
2149 471 2277 524 {init
2297 487 2429 525 eum
2455 489 2589 526 cum
2622 471 2922 542 magistro,
2949 489 3082 527 cum
3108 489 3222 544 quo
3245 473 3580 543 etiamzdia-

1927 562 2096 629 pente
2120 559 2538 626 communitur,
2563 561 2928 615 diatessaron
2948 577 3080 616 vero
3096 562 3427 632 possidetin
3441 577 3576 634 gra-

1921 646 2119 702 .vibus.

2003 737 2204 791 Tritus
2235 753 2369 790 cum
2398 753 2503 791 suo
2537 737 2855 809 subjugali,
2882 737 3021 807 quia
3045 739 3198 793 tertii
3224 745 3366 794 sunt
3387 756 3584 798 neces-

1931 825 2083 881 sario
2108 825 2305 880 omnia
2335 843 2460 896 quae
2491 826 2654 880 tertia
2689 834 2828 881 sunt
2857 834 3208 898 exposcunt:
3252 830 3454 884 tertias
3504 829 3586 884 vi-

1932 915 2139 970 delicet
2169 914 2225 968 in
2259 915 2534 969 omnibus
2557 915 3004 985 quadrichordis
3027 916 3274 982 litteras,
3301 935 3427 990 quae
3449 925 3591 974 sunt

1931 1005 1992 1068 Ο,
2028 1003 2088 1071 F,
2121 1019 2171 1069 c,
2207 1004 2253 1068 f;
2291 1003 2490 1058 tertias
2521 1003 2803 1074 diapason
2837 1005 3086 1076 species,
3119 1022 3246 1077 qua:-
3280 1012 3420 1062 sunt
3445 1011 3503 1074 C,
3528 1023 3580 1073 c,

1932 1093 1991 1157 F,
2026 1092 2073 1159 f;
2109 1091 2339 1146 tertiam
2377 1091 2628 1163 speciem
2663 1093 2955 1164 diapente,
2989 1110 3116 1164 quae
3147 1101 3237 1149 est
3273 1095 3329 1163 F,
3369 1112 3427 1163 c;
3477 1101 3590 1151 ter-

1931 1181 2075 1234 tiam
2110 1180 2367 1250 speciem
2399 1181 2790 1247 diatessaron,
2823 1198 2952 1252 qum
2985 1182 3153 1250 estC,
3183 1184 3240 1237 F.
3268 1184 3396 1238 Haec
3419 1200 3588 1256 gene-

1933 1268 2072 1324 ralis
2094 1268 2384 1323 institutio
2409 1268 2489 1323 ita
2516 1269 2747 1340 utrique
2771 1271 3190 1325 subdividitur.
3219 1271 3296 1327 Ex
3339 1279 3590 1345 quatuor

1933 1357 2225 1429 przediclis
2255 1357 2465 1413 litteris
2484 1358 2673 1412 tribus
2697 1359 3031 1414 autenticus
3054 1361 3478 1429 dominatur,id
3501 1367 3592 1418 est

1935 1447 1993 1513 F,
2046 1463 2096 1516 c,
2145 1447 2184 1511 f,
2231 1451 2289 1501 et
2337 1452 2426 1501 est
2475 1447 2532 1513 F,
2587 1447 2624 1512 f,
2681 1448 2986 1519 diapason,
3031 1448 3088 1503 id
3141 1455 3230 1506 est
3275 1451 3403 1520 ejus
3459 1467 3592 1507 acu-

1933 1535 2234 1591 tissimum
2269 1541 2325 1590 et
2357 1536 2812 1608 gravissimum;
2848 1554 2897 1603 c,
2922 1555 3054 1593 vero
3100 1539 3292 1594 media
3336 1556 3438 1612 per
3484 1555 3590 1598 3.2-

1933 1626 2202 1684 culorum.
2228 1626 2392 1679 Amen
2424 1631 2512 1680 est
2541 1626 2822 1696 ofﬁciosa,
2859 1628 3042 1682 Habet
3094 1627 3366 1701 diapente
3417 1629 3476 1698 Ε,
3530 1647 3588 1698 c;

1937 1713 2303 1768 diatessaron
2327 1730 2376 1780 c,
2412 1716 2436 1768 l'
2489 1715 2547 1769 in
2599 1716 3020 1786 superioribus.
3073 1717 3416 1790 Subjugalis
3458 1735 3592 1774 vero

1939 1802 2211 1857 similiter
2230 1803 2418 1857 tribus
2453 1804 2833 1858 constituitur
2863 1804 3093 1872 litteris,
3123 1823 3252 1878 quae
3284 1812 3422 1862 sunt
3443 1808 3504 1876 C,
3528 1808 3589 1876 F,

1937 1907 1986 1956 c,
2019 1895 2075 1945 et
2099 1897 2187 1946 est
2216 1896 2273 1957 C,
2309 1909 2337 1946 c
2368 1892 2672 1963 diapason,
2710 1894 2765 1948 id
2791 1900 2879 1948 est
2909 1897 3036 1963 ejus
3071 1896 3478 1951 acutissimum
3527 1902 3585 1951 et

1936 1980 2388 2052 gravissimum;
2421 1981 2462 2034 F
2493 1997 2624 2036 vero
2658 1982 2849 2036 media
2882 1983 3008 2036 linit
3039 2000 3173 2038 eum
3214 2001 3349 2039 cum
3401 1985 3587 2056 magi-

1937 2073 2079 2136 stro,
2107 2085 2239 2122 cum
2259 2086 2373 2140 quo
2396 2069 2570 2124 etiam
2587 2070 2858 2140 diapente
2872 2071 3292 2140 communitur,
3310 2073 3592 2128 diatessa-

1937 2174 2040 2212 ron
2076 2174 2205 2212 vero
2233 2158 2480 2230 suscipit
2513 2159 2567 2212 in
2595 2159 2890 2230 gravibus.

2008 2248 2328 2303 Tctrardus
2378 2264 2508 2302 cum
2535 2264 2640 2302 suo
2701 2249 3178 2322 subjugali,quia
3202 2253 3392 2322 quarti
3427 2257 3586 2319 sunt,

1938 2336 2264 2390 necessario
2327 2335 2524 2391 omnia
2595 2337 2720 2408 quis
2791 2343 2999 2408 quarta
3067 2343 3206 2394 sunt
3274 2340 3585 2411 requirit:

1937 2427 2176 2494 quartas
2220 2423 2487 2479 videlicet
2535 2425 2592 2479 in
2647 2426 2922 2480 omnibus
2989 2427 3440 2498 quadrichordis
3493 2429 3590 2484 lit-

1937 2519 2113 2579 teras,
2155 2529 2282 2584 quze
2332 2517 2472 2568 sunt
2522 2514 2591 2581 D,
2639 2515 2705 2579 G,
2749 2515 2806 2582 d,
2859 2532 2924 2587 g;
2991 2523 3238 2588 quartas
3300 2518 3583 2590 diapason

1939 2601 2182 2672 species,
2228 2618 2353 2673 quae
2401 2607 2541 2656 sunt
2589 2602 2655 2669 D,
2708 2602 2832 2658 etG
2879 2620 2951 2676 g;
2999 2610 3272 2676 quartam
3317 2607 3590 2678 diapente

1939 2691 2216 2761 speciem,
2237 2697 2466 2762 quaeest
2482 2691 2548 2757 G,
2564 2692 2598 2745 d
2625 2697 2921 2762 ;quartam
2946 2710 3179 2766 quoque
3223 2696 3586 2752 diatessaron

1940 2780 2214 2852 speciem,
2247 2797 2373 2851 qua:
2403 2785 2492 2836 est
2512 2781 2577 2846 D,
2610 2781 2676 2836 G.
2704 2782 2830 2836 Haec
2856 2784 3146 2855 generalis
3177 2784 3466 2842 institutio
3510 2788 3591 2842 ita

1941 2868 2058 2924 illis
2087 2869 2500 2925 subdividitur.
2535 2869 2613 2924 Ex
2636 2875 2888 2941 quatuor
2917 2871 3212 2944 praedictis
3243 2873 3451 2930 litteris
3474 2880 3592 2932 tres

1942 2957 2054 3013 sibi
2088 2958 2271 3014 sumit
2301 2959 2652 3029 autenticus,
2679 2959 2737 3013 id
2771 2966 2860 3015 est
2901 2961 2968 3027 G,
3019 2961 3078 3029 d,
3118 2979 3175 3034 g,
3227 2972 3282 3018 et
3319 2969 3407 3020 est
3456 2965 3524 3033 G,
3555 2981 3595 3039 g

172 3056 299 3107 tem
329 3049 667 3123 specialiter
695 3050 1124 3106 subdividatur.
1150 3051 1231 3106 Ex
1261 3055 1513 3123 quatuor
1547 3049 1834 3123 praedictis
1945 3047 2245 3119 diapason,
2267 3045 2324 3100 id
2354 3050 2461 3115 est,
2489 3048 2616 3118 ejus
2639 3049 3049 3105 acutissimum
3065 3056 3121 3106 et
3141 3053 3589 3124 gravissimum;

175 3139 398 3196 litteris
427 3139 762 3194 autenticus
787 3144 904 3196 tres
933 3139 1043 3195 sibi
1067 3139 1344 3207 vindicat,
1391 3140 1448 3195 id
1473 3145 1564 3196 est
1603 3141 1667 3210 D,
1701 3157 1752 3207 a,
1800 3139 1836 3194 d
1867 3125 1909 3191 C
1949 3135 1994 3190 D
2043 3152 2177 3192 vero
2229 3136 2420 3191 media
2457 3139 2806 3194 swculorum.
2859 3141 3028 3195 Amen
3077 3143 3355 3198 continet.
3408 3145 3593 3202 Habet

173 3233 348 3286 etest
377 3227 666 3299 diapason
720 3227 787 3295 D,
839 3228 897 3296 d,
946 3227 1006 3283 in
1054 3244 1305 3300 quarum
1352 3245 1472 3284 una
1522 3228 1832 3296 altissime,

176 3321 476 3391 quantum
499 3317 572 3372 ad
594 3315 804 3389 legem,
837 3318 1119 3384 ascendit,
1153 3317 1212 3372 in
1261 3316 1444 3373 altera
1487 3318 1653 3386 ﬁnit;
1696 3318 1755 3373 in
1802 3335 1838 3374 a

177 3407 381 3464 media
416 3407 769 3464 saeculorum.
803 3406 969 3462 Amen
991 3406 1164 3462 canit.
1189 3407 1374 3462 Habet
1394 3406 1663 3479 diapente
1687 3408 1753 3475 D,
1780 3425 1837 3475 a,

177 3495 556 3552 diatessaron
589 3495 685 3562 a,d
716 3495 778 3550 in
799 3495 1220 3567 superioribus.
1246 3496 1546 3561 Quomodo
1561 3497 1682 3552 haec
1699 3513 1836 3552 con-

179 3588 348 3640 stent
376 3584 622 3655 species,
657 3584 931 3656 superius
981 3585 1295 3656 petendum
1339 3592 1444 3641 est.
1499 3585 1838 3658 Subjugalis

182 3688 330 3728 vero
361 3671 628 3728 similiter
657 3672 850 3728 tribus
877 3661 1164 3728 formatur
1202 3673 1415 3730 litteris
1462 3675 1531 3742 A,
1563 3673 1632 3742 D,
1679 3691 1734 3742 a,
1783 3682 1839 3731 et

187 3765 290 3817 est
318 3759 596 3832 diapason
625 3764 691 3829 A,
727 3779 780 3830 a;
819 3761 877 3817 id
923 3767 1012 3818 est
1059 3763 1474 3819 acutissimum
1519 3767 1576 3818 et
1616 3764 1836 3836 gravis-

187 3850 445 3907 simum.
477 3849 523 3905 D
564 3867 696 3907 vero
745 3851 938 3907 media
982 3851 1111 3906 ﬁnit
1150 3869 1284 3908 eum
1334 3869 1466 3908 cum
1518 3853 1835 3925 magistro:

164 3957 331 4006 tcum
364 3955 483 4012 quo
514 3939 688 3996 etiam
710 3940 980 4012 diapente
999 3942 1417 4011 communitur,
1450 3942 1835 4015 diatessaron,

191 4030 230 4084 d
251 4029 458 4102 ipsum
477 4030 632 4100 quod
656 4028 936 4102 magister
955 4029 1166 4102 accipit
1189 4031 1248 4086 in
1269 4030 1570 4103 gravibus.
1585 4032 1837 4095 Quomo-

162 4119 241 4175 do
275 4133 419 4192 ergo
440 4121 648 4192 protus
671 4136 807 4174 cum
829 4119 952 4175 suis
976 4120 1383 4176 tantummodo
1406 4121 1833 4193 principalibus

160 4206 530 4264 informatus
561 4211 650 4264 est
677 4206 912 4273 litteris,
946 4209 1028 4264 sic
1058 4213 1116 4264 et
1145 4210 1334 4266 caeteri
1367 4226 1573 4266 omnes
1623 4227 1835 4268 secun-

161 4298 317 4353 dum
349 4297 645 4354 ordinem.

237 4386 533 4443 Deuterus
565 4402 702 4442 eum
733 4403 840 4445 suo
871 4387 1189 4461 subjugali,
1222 4388 1362 4461 quia
1391 4390 1634 4446 secundi
1670 4395 1835 4460 sunt,

1945 3225 2216 3296 diapente
2247 3227 2314 3292 G,
2346 3227 2379 3280 d
2409 3245 2421 3293 ;
2455 3227 2817 3284 diatessaron
2865 3230 2924 3296 d,
2969 3246 3008 3302 g
3053 3229 3112 3285 in
3164 3234 3586 3304 superioribus.

1945 3313 2285 3388 Subjugalis
2315 3317 2442 3386 ejus
2473 3317 2742 3373 similiter
2762 3319 2951 3374 tribus
2989 3320 3322 3392 disponitur
3355 3323 3586 3393 litteris,

1947 3419 2074 3474 quae
2106 3408 2245 3458 sunt
2273 3405 2339 3471 D,
2370 3405 2436 3472 G,
2466 3405 2522 3473 d,
2552 3411 2608 3461 et
2636 3412 2724 3462 est
2756 3412 2817 3475 D,
2848 3409 2882 3462 d
2910 3409 3216 3480 diapason,
3247 3413 3304 3466 id
3327 3419 3412 3468 est
3457 3416 3587 3486 ejus

1944 3493 2353 3550 acutissimum
2383 3499 2438 3549 et
2468 3496 2906 3568 gravissimum.
2940 3499 2987 3553 G
3033 3514 3167 3555 vero
3212 3503 3404 3558 media
3457 3506 3590 3561 ﬁnit

1947 3599 2081 3638 eum
2113 3599 2247 3638 cum
2280 3583 2597 3654 magistro:
2634 3601 2767 3639 cum
2799 3602 2914 3656 quo
2944 3587 3120 3642 etiam
3142 3589 3412 3660 diapente
3430 3609 3588 3649 com~

1949 3673 2235 3739 munitur,
2285 3672 2647 3728 diatessaron
2698 3690 2829 3728 vero
2881 3675 3122 3731 collocat
3171 3677 3231 3731 in
3290 3681 3586 3751 gravibus.

1947 3761 2091 3815 Ecce
2121 3776 2326 3815 omnes
2347 3761 2659 3816 ordinatim
2693 3778 2955 3833 expensas
3001 3780 3133 3819 cum
3183 3767 3366 3838 tropis
3411 3769 3588 3826 etiam

1948 3848 2153 3904 litterae
2185 3848 2360 3903 finita:
2385 3854 2544 3904 sunt.

2023 3940 2241 4005 Restat,
2273 3944 2338 3993 ut
2366 3940 2768 4011 supradictum
2801 3946 2907 4008 est,
2948 3959 3058 3998 vox
3108 3961 3243 4011 una,
3295 3945 3351 4000 id
3393 3950 3500 4016 est,
3560 3965 3595 4005 a

1948 4033 2317 4101 superacuta,
2345 4029 2516 4099 cujus
2545 4029 2666 4085 haec
2689 4032 3012 4086 secundum
3036 4050 3375 4090 mensuram
3399 4041 3486 4092 est
3499 4055 3592 4094 ra-

1948 4117 2047 4188 tio,
2081 4119 2234 4190 quod
2267 4120 2324 4173 in
2349 4133 2416 4173 ea
2446 4118 2672 4189 primus
2703 4120 3017 4193 quadrupli
3066 4139 3278 4194 passus
3327 4124 3479 4181 sicut
3530 4127 3589 4184 in

1948 4207 2726 4263 mediaasecundusfinitur.
2752 4209 3086 4266 Secundum
3110 4211 3588 4273 distributionem

1944 4312 2078 4351 vero
2107 4294 2460 4363 litterarum,
2491 4312 2624 4351 cum
2651 4297 2843 4353 omnis
2873 4302 3078 4371 tropus
3098 4317 3279 4372 supra
3301 4303 3588 4378 diapason

1945 4385 2202 4458 aliquam
2232 4401 2431 4441 vocem
2463 4384 2698 4442 licentia
2727 4387 2993 4460 accipiat,
3025 4389 3262 4447 etiamet
3281 4391 3493 4464 ipsam,
3532 4395 3592 4451 id

162 4476 507 4533 necessario
557 4477 758 4532 omnia
827 4493 952 4549 quae
1020 4479 1281 4534 secunda
1354 4482 1492 4534 sunt
1552 4479 1828 4552 exigunt:
1863 4493 1911 4558 Ι)
1942 4479 2032 4530 est
2061 4491 2095 4529 a
2124 4476 2438 4542 tetrardus,
2471 4476 2571 4548 qui
2613 4476 2663 4531 ei
2695 4476 2996 4549 proximus
3026 4483 3133 4545 est,
3163 4481 3298 4552 jure
3342 4482 3591 4541 licentia

162 4565 470 4623 secundas
497 4565 766 4622 videlicet
793 4566 851 4621 in
883 4567 1161 4623 omnibus
1192 4567 1640 4640 quadricbordis
1674 4569 1828 4625 litte-

164 4672 268 4711 ras
299 4671 432 4727 quae
464 4659 606 4710 sunt
636 4655 699 4721 Β,
733 4653 796 4722 Ε,
830 4654 884 4726 k1,
919 4669 972 4723 e,
1003 4657 1296 4711 secundas
1344 4655 1568 4727 species
1621 4656 1824 4730 diapa-

162 4761 280 4801 son
313 4743 380 4812 Β,
411 4743 469 4816 b1,
503 4743 564 4810 E,
597 4761 650 4815 e,
683 4744 1004 4800 secundam
1038 4744 1293 4817 speciem
1345 4743 1615 4816 diapente
1669 4745 1726 4800 E.
1762 4748 1822 4819 η,

165 4832 497 4890 secundam
528 4832 786 4905 speciem
819 4832 1188 4889 diatessaron
1221 4849 1351 4906 quae
1369 4837 1459 4890 est
1488 4833 1553 4903 B,
1583 4835 1646 4888 E.
1695 4835 1824 4891 Haec

165 4922 465 4996 generalis
493 4921 787 4978 institutio
817 4921 898 4978 ita
931 4923 1162 4995 utrique
1193 4921 1520 4995 specialiter
1567 4923 1824 4979 subdivi-

167 5011 352 5067 ditur.
386 5011 466 5067 Ex
486 5015 743 5084 quatuor
771 5011 1063 5083 przedictis
1094 5010 1304 5067 litteris
1336 5016 1454 5067 tres
1485 5012 1596 5067 sibi
1629 5018 1827 5069 auten-

169 5101 324 5156 ticus
355 5101 639 5171 vindicat,
671 5100 732 5155 id
762 5106 852 5155 est
882 5101 920 5154 E
950 5103 1004 5172 η,
1038 5105 1095 5156 et
1123 5105 1212 5156 est
1241 5101 1302 5170 E,
1335 5117 1385 5168 e,
1432 5101 1714 5173 diapason
1766 5102 1822 5158 id

168 5193 259 5246 est
279 5192 410 5262 ejus
433 5189 853 5246 acutissimum
878 5194 934 5244 et
953 5189 1394 5263 gravissimum,
1427 5193 1452 5257 η
1478 5207 1608 5246 vero
1634 5193 1825 5248 media

170 5280 515 5335 seculorum.
547 5280 742 5345 Amen,
758 5283 991 5351 propter
1009 5278 1507 5351 imperfectionem
1527 5279 1822 5336 semitonii

169 5369 446 5426 transfert
472 5369 532 5424 in
565 5384 615 5423 c.
651 5367 838 5423 Habet
875 5368 1148 5439 diapente
1195 5367 1259 5434 E,
1293 5369 1346 5437 η,
1391 5367 1756 5424 diatessaron
1793 5386 1824 5425 e

171 5458 228 5516 in
248 5457 680 5532 superioribus.
696 5456 1034 5529 Subjugalis
1047 5473 1178 5512 vero
1193 5456 1322 5527 ejus
1341 5455 1615 5511 similiter
1634 5457 1823 5513 tribus

170 5547 459 5610 formatur
485 5545 725 5626 litteris,
759 5546 814 5604 id
853 5550 944 5604 est
989 5547 1051 5616 Β,
1104 5546 1166 5616 Ε,
1200 5547 1248 5622 η,
1296 5548 1388 5602 est
1425 5545 1708 5620 diapason
1757 5547 1820 5619 Β,

1939 4563 2243 4618 obtinebit.
2277 4565 2461 4629 Quam
2494 4565 2776 4621 rationem
2801 4567 3154 4624 Ptolomaeus
3173 4587 3286 4626 non
3329 4572 3590 4643 intuens,

1937 4669 2040 4708 nec
2057 4653 2391 4724 praedictam
2415 4653 2460 4708 D
2483 4654 2888 4726 duplicitatem
2912 4659 3301 4730 perspiciens,
3326 4664 3488 4733 quod
3530 4664 3590 4718 in

1939 4742 2267 4798 medietatis
2298 4742 2421 4799 loco
2454 4747 2510 4798 et
2531 4745 3004 4816 conjunctionem
3022 4749 3588 4818 quadrichordorum

1936 4831 2127 4903 posita
2147 4836 2267 4888 tam
2291 4832 2659 4905 subjugalem
2679 4835 2944 4900 tetrardi,
2969 4851 3144 4906 quam
3159 4837 3334 4892 etiam
3350 4844 3586 4909 protum

1933 4921 2247 4976 informare
2291 4921 2498 4976 debeat
2551 4923 2820 4994 expensis
2875 4929 3128 4995 quatuor
3174 4927 3484 4982 autenticis
3531 4932 3590 4982 et

1933 5009 2120 5065 tribus
2151 5007 2586 5080 subjugalibus,
2625 5028 2760 5066 cum
2811 5012 3136 5067 secundum
3168 5028 3302 5067 eum
3325 5015 3582 5070 tetrardo

1934 5099 2261 5171 subjugalis
2293 5099 2539 5162 deesset,
2575 5103 2631 5153 et
2651 5101 2926 5156 omnibus
2958 5102 3028 5156 ad
3065 5102 3311 5158 invicem
3345 5119 3583 5174 compa-

1935 5189 2078 5242 ratis
2101 5187 2294 5258 ipsum
2318 5203 2351 5240 a
2369 5193 2724 5256 superesset,
2741 5193 3006 5245 octavum
3024 5195 3221 5245 tonum
3241 5207 3406 5261 pera,
3427 5192 3586 5263 quod

1934 5281 2024 5331 est
2038 5293 2215 5342 mese,
2239 5275 2770 5346 etperprzedictum
2793 5295 2845 5344 a,
2864 5278 2918 5332 id
2941 5284 3174 5336 estnete
3192 5279 3584 5353 hyperpoleon

1934 5365 2227 5435 disposuit
2248 5362 3038 5436 multipliciterdelinquens;
3059 5370 3194 5440 quia
3208 5377 3263 5426 et
3281 5369 3584 5444 dispositis

1935 5453 2041 5508 rite
2071 5453 2262 5508 tribus
2293 5451 2727 5524 subjugalibus,
2761 5460 3038 5527 quartum
3056 5463 3262 5529 quarto
3291 5459 3416 5516 loco
3452 5458 3590 5514 sub-

1932 5542 2129 5614 traxit,
2158 5547 2232 5611 et,
2257 5541 2530 5598 eumdem
2547 5548 2677 5616 post
2695 5560 2898 5602 omnes
2919 5544 3121 5604 ﬁnales
3135 5564 3378 5624 ponens,
3412 5547 3586 5604 disci-
