3964 6206
378 266 496 327 423

1120 269 1535 328 HERMANNI
1584 271 2018 331 CONTRACTI
2066 271 2484 333 AUGIENSIS
2532 268 2911 331 MONACHI.

3657 266 3779 328 424

379 396 583 470 pulum
621 398 898 470 magistro
934 399 1328 469 superposuit,
1362 406 1415 453 et
1455 401 1580 453 ideo
1618 401 2015 473 bypomixoly-
2046 403 2097 469 Α
2133 389 2949 478 propriadiatessaronspecie
2970 401 3040 456 ad
3063 400 3297 457 finalem
3328 414 3583 465 suum,a
3611 397 3781 454 finali

379 486 541 541 dium
555 486 921 542 vocavitcum
935 486 1141 557 reliqui
1158 493 1306 542 recte
1320 506 1350 541 a
1365 488 1724 557 subjectione
1739 490 2019 545 vocabula

376 580 662 631 tenerent.
697 576 990 629 Postremo
1020 575 1175 644 quod
1207 581 1295 630 est
1325 576 1846 645 absurdissimum,
1880 596 2017 634 cum

375 665 504 734 ejus
533 662 838 734 dispositio
869 662 940 717 ab
972 679 1005 716 a
1036 662 1092 716 in
1126 681 1160 718 a
1180 664 1481 732 consistat,
1509 683 1622 721 non
1642 666 1815 722 aliam
1839 684 2016 739 quam

374 751 785 823 hypodoricam
821 750 1190 821 positionem,
1225 754 1295 807 de
1320 771 1435 825 qua
1465 755 1639 810 etiam
1673 756 2015 827 prmdictum

371 843 478 905 est,
514 838 776 893 incurrit.
802 838 970 893 Nulia
993 839 1148 894 enim
1172 839 1287 895 alia
1334 842 1542 913 positio
1565 849 1652 899 est
1699 861 1732 899 a
1769 860 1925 898 mese
1944 846 2014 900 ad

371 926 919 1000 netehyperboleon,
943 944 1120 997 quam
1154 946 1283 1001 quis
1308 935 1396 985 est
1427 948 1459 985 a
1484 932 2017 1003 proslambanome-

372 1034 486 1072 non
517 1019 585 1071 ad
616 1032 793 1082 mese,
825 1021 883 1071 et
914 1017 1041 1071 ideo
1074 1017 1203 1089 ipsa
1231 1017 1355 1089 lege
1386 1026 1607 1075 natura:
1624 1022 1900 1094 utrinque
1918 1023 2016 1095 by-

371 1104 646 1177 podorica
675 1110 781 1161 est.
814 1106 916 1160 Est
937 1105 1092 1160 enim
1124 1123 1157 1161 a
1178 1107 1482 1175 diapason,
1516 1109 1571 1164 id
1605 1115 1693 1165 est
1742 1112 2015 1167 acutissi-

370 1212 534 1250 mum
567 1200 624 1250 et
651 1194 1066 1266 gravissimum
1094 1219 1108 1261 ;
1142 1196 1335 1251 media
1359 1213 1490 1253 vero
1514 1198 1577 1264 D,
1598 1216 1724 1269 quae
1748 1200 1880 1255 item
1900 1217 2013 1256 non

370 1282 683 1355 aliustropi
706 1282 1110 1355 ﬁnalis,quam
1128 1284 1277 1355 proti
1310 1286 1519 1357 suique
1536 1288 1864 1360 subjugalis
1886 1305 2015 1345 esse

370 1372 599 1445 poterit.
636 1374 774 1427 Item
800 1372 945 1439 E,F,
983 1388 1109 1443 quae
1150 1373 1374 1429 deuteri
1420 1380 1559 1430 sunt
1606 1381 1663 1431 et
1703 1377 1845 1442 triti,
1896 1395 2012 1433 non

369 1465 541 1517 erunt
567 1460 766 1516 mediae
806 1459 959 1515 inter
987 1461 1109 1515 Aet
1141 1478 1206 1529 a;
1259 1461 1388 1518 ideo
1434 1479 1538 1519 nec
1584 1464 1810 1520 ﬁnales.
1863 1466 2010 1529 Quid

369 1550 543 1623 ergo?
573 1550 719 1613 Quia
747 1548 1074 1620 discipulus
1106 1551 1464 1621 esttetrardi,
1493 1553 1735 1609 fortasse
1752 1554 2012 1609 {initma-

367 1639 535 1714 gistri
568 1638 844 1703 litteram,
876 1637 931 1692 id
960 1642 1048 1693 est
1073 1639 1136 1704 G,
1168 1638 1411 1693 sortitur
1458 1640 1735 1712 mediam,
1785 1647 1841 1697 et
1883 1644 2010 1699 ideo

368 1727 815 1794 ﬁnalem,sedG
846 1744 959 1782 non
986 1730 1075 1781 est
1122 1728 1315 1783 media
1364 1728 1514 1784 inter
1564 1734 1611 1783 A
1660 1735 1717 1786 et
1762 1749 1831 1798 a;
1874 1749 2009 1805 ergo

368 1834 471 1873 nec
500 1815 715 1872 ﬁnalis.
748 1813 1031 1886 Amplius.
1066 1812 1268 1870 Omnis
1293 1815 1623 1889 subjugalis
1653 1835 1685 1872 a
1718 1834 1826 1873 sua
1855 1819 2014 1891 gravi

2128 508 2260 545 vero
2289 492 2493 545 eadem
2525 490 2795 561 diapente
2827 490 3020 561 specie
3049 506 3167 561 qua
3186 494 3244 545 et
3275 488 3555 559 magister
3574 502 3779 543 ascen-

2127 578 2230 633 dit.
2256 580 2402 650 Ergo
2424 578 2473 633 si
2496 578 2542 633 G
2572 578 2724 632 inter
2749 580 2796 631 Α
2841 582 2900 633 et
2945 595 2981 634 a
3014 577 3210 633 media
3253 576 3344 633 vel
3391 575 3591 632 ﬁnalis
3641 574 3776 641 erit,

2127 671 2352 738 oportet
2382 666 2618 723 utinfra
2646 683 2707 722 se
2736 666 3099 722 diatessaron
3151 670 3211 722 et
3253 682 3436 738 supra
3494 664 3774 738 diapente

2126 755 2355 812 habent.
2379 755 2489 811 Sed
2511 758 2553 808 G
2587 754 2737 809 infra
2767 754 2860 809 bis
2908 754 3293 821 diatessaron,
3337 770 3519 827 supra
3557 756 3772 808 tonum

2125 843 2319 910 habet,
2353 861 2466 899 non
2499 847 2586 899 est
2615 859 2751 915 ergo
2783 843 3131 916 subjugalis.
3152 845 3273 916 Age
3293 858 3452 915 ergo,
3473 842 3559 901 sit
3572 844 3781 898 auten-

2123 932 2275 986 ticus
2324 932 2565 1003 quintus
2614 931 2685 986 ab
2735 936 2780 983 A
2829 929 2887 983 in
2940 948 3009 997 a;
3059 930 3161 986 sed
3212 929 3545 986 autenticus
3597 927 3779 985 habet

2128 1020 2384 1092 aliquam
2429 1019 2680 1075 mediam
2712 1036 2781 1074 ex
2810 1017 3131 1075 hislitteris
3161 1019 3188 1090 ﬁ
3217 1035 3271 1085 a,
3294 1060 3312 1086 ,
3343 1035 3393 1086 c,
3428 1018 3487 1086 d,
3517 1022 3577 1073 et
3621 1017 3782 1073 inter

2124 1111 2167 1163 A
2197 1113 2255 1162 et
2284 1126 2336 1173 a,
2370 1108 2561 1163 media
2584 1112 2673 1162 est
2702 1107 2778 1174 D;
2812 1108 2911 1162 sed
2944 1107 3065 1162 hanc
3095 1110 3331 1163 ostensa
3349 1111 3441 1163 est
3465 1123 3600 1163 esse
3620 1106 3779 1179 preti

2124 1198 2367 1269 ejusque
2395 1196 2743 1268 subjugalis.
2778 1196 2902 1250 Non
2924 1201 3013 1250 est
3032 1196 3214 1268 igitur
3233 1195 3329 1252 hic
3350 1194 3569 1268 aliquis
3586 1212 3781 1252 novus

2122 1292 2346 1358 tropus,
2380 1286 2477 1341 sed
2510 1284 2867 1358 hypodorius
2888 1285 3187 1356 repetitur.
3214 1284 3453 1340 Dicatur
3474 1301 3614 1357 ergo
3632 1284 3780 1341 huic

2119 1374 2473 1430 Ptolomaico
2513 1378 2717 1445 tropo;
2754 1372 2892 1445 quia
2920 1390 3098 1444 super
3125 1373 3475 1445 magistrum
3505 1390 3641 1433 esse
3681 1388 3755 1428 vo

2122 1462 2305 1526 luisti,
2332 1466 2451 1517 tam
2484 1466 2653 1517 tuum
2685 1478 2864 1533 quam
2888 1461 3153 1541 magistri
3181 1462 3285 1533 jus
3316 1461 3651 1535 perdidisti.
3685 1467 3783 1525 Sit

2121 1568 2257 1622 ergo
2288 1567 2391 1622 pro
2420 1554 2476 1606 te
2507 1556 2744 1606 octavus
2774 1555 2949 1606 tonus
2983 1568 3018 1606 a
3047 1551 3090 1606 D
3139 1550 3199 1606 in
3252 1550 3310 1618 d,
3363 1552 3662 1611 mediante
3704 1558 3775 1615 G.

2120 1640 2312 1695 Placet
2339 1640 2518 1711 igitur
2548 1656 2750 1695 omnes
2781 1640 3035 1712 trepicas
3056 1643 3315 1712 repetere
3343 1639 3776 1718 institutiones,

2121 1734 2178 1786 et
2206 1728 2552 1785 brevissima
2581 1728 2873 1785 sententia
2929 1728 3117 1785 facere
3147 1728 3602 1788 manifestiores.

1099 1939 1463 2011 Hypodorius
1492 1940 1827 2012 disponitur
1855 1944 1926 1997 ab
1958 1948 2005 1997 A
2033 1944 2090 1998 in
2122 1961 2175 2009 a,
2209 1942 2499 1997 medialur
2525 1946 2581 1997 et
2614 1942 2822 1997 ﬁnitur
2850 1942 2915 1997 D.

1100 2028 1546 2102 Hypophrygius
1576 2031 1957 2087 constituitur
1986 2051 2020 2088 a
2050 2034 2090 2088 B
2120 2033 2179 2088 in
2211 2036 2265 2104 η,
2300 2031 2594 2087 mediatur
2621 2036 2679 2087 et
2707 2032 2909 2086 finitur
2937 2032 2998 2086 Ε·

1095 2117 1437 2190 Hypolidius
1468 2119 1831 2175 construitur
1852 2138 1885 2175 a
1916 2138 1945 2176 c
1970 2121 2029 2177 in
2061 2139 2111 2188 c,
2146 2122 2439 2178 mediatur
2467 2125 2523 2175 et
2552 2120 2755 2176 finitur
2782 2122 2843 2176 F.

1095 2206 1594 2278 Hypomixolidius
1627 2208 1936 2265 ordinatur
1965 2228 1998 2265 a
2023 2211 2068 2265 D
2100 2211 2159 2265 in
2192 2211 2251 2279 d,
2285 2210 2578 2265 mediatur
2606 2214 2662 2265 et
2693 2209 2896 2264 linitur
2917 2211 2981 2263 G.

895 2343 959 2404 A,
1132 2342 1191 2403 Β,
1360 2342 1421 2409 C,
1589 2343 1655 2407 D,
1828 2346 1886 2408 Ε,

2280 2346 2347 2408 G,
2511 2362 2565 2409 a,
2733 2347 2778 2415 ﬁ,
2947 2362 2997 2410 c,
3164 2343 3222 2408 d,

929 2457 983 2535 5’

930 2654 967 2687 β
1519 2654 1557 2686 ω
1662 2654 1715 2685 1:

930 2654 2012 2782 §|__._|8|s|___

2271 2654 2517 2782 ΙῖΙξΙ
3166 2654 3236 2770 Ιαί

2119 2717 2339 2782 ττ--ΰ

929 2765 967 2822 Im
1076 2772 1431 2842 gravissi-
1615 2765 1624 2843 Ι
1722 2765 1727 2769 ⁷
1809 2765 2279 2843 ᾳ⁷ὺίωί⁷ἕιί1ῖί”’
2379 2765 2389 2843 |
2461 2765 2750 2825 "mitas
2819 2769 3160 2825 acutissi-

1058 2879 1295 2934 Graves.
1612 2878 1623 2948 Ι
1885 2880 2131 2935 Finales.
2379 2878 2387 2948 Ι
2706 2878 3069 2948 Superiores.

2508 2432 2521 2772 Ι

739 2958 3356 2984 l—_____'—__—.—___'__————————————

438 3012 535 3067 llic
556 3012 879 3067 notandum
914 3013 1069 3085 quod
1093 3011 1282 3067 omnis
1314 3012 1639 3085 subjugalis
1670 3013 1728 3067 in
1780 3016 2007 3084 quarto,
2039 3014 2082 3079 C
2123 3013 2285 3068 ribus
2306 3012 2610 3084 acceperit,
2636 3014 2787 3067 recte
2812 3014 3064 3082 quatuor
3083 3007 3426 3082 subjugales
3447 3014 3779 3079 pergraVOS.

366 3100 558 3159 omnis
591 3105 787 3157 autem
809 3101 1164 3167 autenticus,
1185 3106 1251 3155 ut
1276 3106 1408 3173 post
1444 3102 1687 3173 patebit,
1712 3101 1770 3156 in
1803 3101 2006 3174 quinto

366 3192 491 3247 loco
520 3189 772 3246 mediam
799 3190 1063 3257 sortitur,
1101 3190 1255 3261 quod
1289 3206 1403 3244 non
1436 3194 1525 3244 est
1572 3191 1809 3245 mirum.
1860 3190 2007 3244 Nam

366 3284 612 3352 quartus
643 3279 955 3351 quadrupli
988 3295 1219 3351 passus,
1249 3295 1414 3349 aquo
1438 3278 1779 3351 subjugales
1805 3278 2009 3334 oriun-

364 3374 482 3437 tur,
517 3372 805 3441 quatuor:
839 3368 1048 3423 tertius
1076 3372 1294 3432 autem,
1329 3383 1362 3421 a
1386 3384 1500 3439 quo
1524 3367 1799 3422 autentici
1819 3383 2009 3438 prece.

366 3460 533 3529 dunt,
566 3459 826 3531 quinque
855 3474 1023 3513 voces
1039 3456 1305 3511 includit.
1324 3456 1483 3511 Unde
1500 3473 1631 3511 cum
1647 3472 2012 3527 unaquaeque

365 3565 435 3605 ex
462 3553 716 3619 quatuor
738 3548 1015 3620 gravibus
1048 3563 1156 3602 sua
1186 3545 1245 3600 in
1286 3550 1540 3617 quatuor
1580 3544 1859 3599 ﬁnalibus
1909 3561 2012 3616 pro

364 3637 557 3695 media
584 3635 668 3692 vel
700 3635 860 3691 finali
890 3652 1060 3692 suam
1084 3639 1344 3691 octavam
1372 3634 1430 3689 in
1454 3638 1707 3707 quatuor
1745 3633 2012 3706 superio-

2117 3100 2319 3155 {inales
2350 3100 2679 3173 superiores
2695 3098 2938 3172 gravati,
2964 3097 3222 3160 mediati,
3242 3094 3497 3162 exaltati,
3524 3086 3779 3163 disposi-

2118 3189 2335 3245 tionem
2384 3205 2553 3244 suam
2603 3188 3087 3244 terminavcrunt.
3139 3186 3247 3242 Ubi
3295 3185 3406 3241 hoc
3449 3178 3778 3255 vigilanter

2124 3278 2469 3333 intuendum
2501 3281 2591 3332 est
2620 3277 2794 3349 quod,
2828 3276 2878 3331 si
2908 3274 3237 3349 subjugalis
3267 3278 3524 3347 quartus
3576 3268 3778 3326 socios

2121 3383 2258 3421 suos
2290 3372 2496 3438 quarto
2525 3364 2650 3420 loco
2682 3381 2797 3419 non
2828 3368 3191 3436 sequeretur,
3215 3364 3263 3419 G
3282 3377 3520 3435 quoque
3550 3357 3684 3415 sola
3708 3370 3776 3412 ex

2122 3455 2331 3511 mediis
2349 3454 2658 3508 medietate
2669 3438 2967 3525 'privaretu
2978 3469 3023 3507 r.
3044 3453 3211 3508 Nunc
3234 3451 3329 3507 his
3351 3466 3467 3506 non
3482 3445 3776 3505 inutiliter

2122 3543 2422 3615 inspectis,
2455 3542 2525 3597 de
2557 3541 2870 3597 autenticis
2900 3540 3117 3597 similia
3146 3540 3455 3597 faciamus.

1101 3733 1309 3789 Dorius
1339 3732 1671 3805 disponitur
1700 3749 1733 3787 a
1761 3732 1805 3786 D
1828 3732 1887 3786 in
1918 3732 1975 3801 d,
2008 3731 2300 3787 mediatur
2326 3734 2384 3786 et
2410 3728 2675 3784 initiatur
2706 3728 2763 3783 in
2806 3744 2857 3782 a.

1090 3821 1379 3895 Phrygius
1409 3820 1768 3876 construitur
1794 3821 1865 3875 ab
1895 3821 1935 3875 E
1958 3820 2017 3875 in
2040 3837 2090 3887 e,
2125 3819 2434 3888 mediatur,
2466 3817 2567 3873 sed
2602 3834 2716 3872 non
2749 3817 3018 3872 initiatur
3045 3818 3103 3872 in
3137 3818 3183 3889 ﬂ.

1097 3911 1297 3967 Lidius
1327 3910 1633 3966 ordinatur
1662 3911 1733 3965 ab
1779 3910 1817 3964 F
1849 3910 1907 3964 in
1932 3910 1971 3975 f,
2005 3909 2298 3965 mediatur
2327 3911 2383 3963 et
2407 3906 2673 3961 initiatur
2701 3905 2760 3960 in
2794 3922 2843 3961 c.
2870 3963 2874 3967 ,

1088 3999 1421 4055 Mixolidius
1455 3999 1796 4055 modutatur
1824 4015 1858 4053 a
1879 4001 1923 4052 G
1950 3998 2009 4053 in
2042 4014 2099 4070 g,
2135 3996 2427 4053 mediatur
2455 3998 2512 4050 et
2548 3994 2812 4050 initiatur
2841 3994 2900 4049 in
2933 3994 2999 4049 D.

491 4138 557 4192 D.
816 4138 877 4191 E.
1138 4135 1198 4190 F.
1445 4135 1512 4190 G.
1758 4152 1811 4190 a.

2372 4148 2424 4186 ο.
2676 4130 2734 4184 d.

390 4216 3772 4242 _____________________________________________________________..

436 4384 491 4464 επ

436 4464 489 4551 ἕξ

438 4554 495 4698 ἓ

439 4700 477 4729 ω

1471 4472 1508 4519 a3

1471 4525 1509 4553 ω

1472 4562 1508 4596 ΕΞ

1456 4605 1509 4641 σε

1638 4316 1693 4441 Ξ

1630 4451 1693 4536 ᾗ·

1642 4579 1694 4637 Ξ-

1628 4669 1680 4703 ,Ω

1645 4710 1697 4766 Ξ.

1644 4777 1697 4809 U‘

1644 4818 1680 4849 ς.-

1643 4858 1681 4886 ω

604 4856 977 4930 gravissima,
1026 4856 1084 4909 in
1132 4872 1248 4927 qua
1293 4864 1349 4913 et

1841 4866 1898 4915 et
1934 4859 2104 4914 initia
2134 4858 2300 4914 diti'e-

2462 4411 2501 4509 Ξ

2463 4512 2501 4577 ἒὲ

2445 4582 2501 4623 :3

2463 4630 2502 4699 ἓξ

2464 4701 2501 4728 ιι

2990 4146 3040 4187 e.
3298 4128 3338 4183 f.
3599 4139 3656 4197 ε.

2806 4873 2923 4926 ma,
2969 4854 3030 4910 in
3063 4870 3182 4926 qua
3228 4850 3559 4908 altissimus

2636 4310 2690 4350 t2}

2636 4357 2685 4416 ἕ..

2635 4419 2675 4479 8

2636 4634 2674 4663 ω

2636 4692 2692 4745 Ξ.

2637 4752 2687 4772 ,,

2638 4778 2691 4794 ...

2636 4799 2675 4858 ἓ

2637 4864 2691 4909 τ.

491 4138 557 4192 Ι).
816 4138 877 4191 Ε.
1138 4135 1198 4190 F.
1445 4135 1512 4190 G.
1758 4152 1811 4190 a.
2068 4138 2117 4204 ἢ.
2372 4148 2424 4186 c.
2676 4130 2734 4184 d.
2990 4146 3040 4187 e.
3298 4128 3338 4183 f.
3599 4139 3656 4197 ε.

437 4428 489 4489 tt
1494 4472 1507 4484 .
1640 4409 1693 4464 ‘3‘-
2462 4411 2499 4465 Ξ
2635 4419 2675 4479 3
3652 4450 3655 4453 λ

436 4493 476 4551 8
1471 4493 1509 4553 ξ
1630 4471 1677 4536 δέ
2463 4473 2501 4577 Ξ
2635 4486 2692 4564 2.

438 4554 495 4662 Ξ
1456 4562 1509 4641 8
1642 4579 1694 4637 Ξ·
2445 4582 2501 4664 ξ
2624 4570 2684 4663 ξιξ
3630 4622 3659 4625 ,,

438 4663 477 4729 5
1628 4669 1680 4744 ’ἓ
2463 4670 2502 4728 Ξ
2636 4692 2692 4745 9;
3654 4708 3657 4711 ·
3696 4710 3715 4735 ι

1644 4777 1697 4809 cr
2636 4778 2691 4826 5-
3728 4792 3737 4803 .
3762 4800 3769 4805 .

604 4856 977 4930 gravissima,
1026 4856 1084 4909 in
1132 4872 1248 4927 qua
1293 4864 1349 4913 et
1643 4818 1681 4886 Ξ
1841 4866 1898 4915 et
1934 4859 2104 4914 initia
2134 4858 2300 4914 diﬁ'e-
2806 4873 2923 4926 ma,
2969 4854 3030 4910 in
3063 4870 3182 4926 qua
3228 4850 3559 4908 altissimus

434 5032 598 5087 Sicut
626 5024 969 5098 subjugales
998 5027 1269 5098 superius
1298 5031 1603 5102 principio,
1656 5032 1870 5097 medio,
1905 5031 2020 5086 fine
2050 5038 2097 5101 D
2128 5031 2389 5086 mitatem
2422 5030 2537 5085 duo
2569 5033 2798 5084 tantum
2823 5021 3254 5097 quadrichorda
3273 5019 3544 5077 obtinent
3570 5014 3799 5073 medie-

363 5117 615 5193 propriis
643 5120 699 5171 et
722 5114 1143 5186 principalibus
1166 5116 1417 5188 chordis,
1443 5119 1688 5192 ideoque
1712 5124 1770 5175 et
1809 5119 2021 5175 litteris
2132 5124 2331 5185 tatem,
2364 5118 2485 5173 haec
2516 5120 2712 5174 autem
2744 5119 2885 5172 sunt
2914 5112 3089 5168 ﬁnale
3136 5114 3193 5166 et
3234 5108 3534 5182 superius.
3584 5105 3794 5162 Scien-

367 5204 666 5264 inforrnati
697 5203 811 5258 tria
849 5201 1039 5274 prima
1089 5206 1538 5277 quadrichorda,
1592 5209 1647 5263 id
1697 5212 1787 5263 est
1820 5224 2017 5279 grave,

368 5293 560 5361 finale,
593 5291 867 5364 superius
892 5300 1339 5365 occupaverunt,
1375 5296 1660 5352 excellens
1700 5312 1832 5352 vero
1882 5295 2015 5352 reli-

369 5385 658 5455 querunt;
692 5379 871 5436 simili
903 5383 1073 5438 modo
1105 5385 1381 5441 autentici
1414 5385 1666 5457 prepriis
1697 5390 1754 5440 et
1800 5384 2014 5457 princi-

369 5470 603 5545 palibus
632 5468 866 5527 chordis
896 5470 1445 5530 etlitterisinstituti
1466 5473 1579 5529 tria
1598 5474 1925 5545 sequentia,
1955 5474 2016 5529 id

371 5557 673 5628 estiinale,
719 5560 1009 5635 superius,
1050 5561 1338 5620 excellens
1383 5563 1794 5637 possederunt,
1842 5579 2015 5636 grave

369 5664 504 5719 vero
532 5648 901 5712 dimiserunt.
933 5654 1003 5710 Et
1033 5652 1358 5713 notandum
1385 5652 1540 5731 quod
1589 5652 1787 5713 omnia
1829 5656 2013 5713 extre-

2125 5209 2266 5264 dum
2289 5224 2524 5280 quoque
2542 5210 2631 5263 est
2655 5201 3112 5277 vigilantissime
3132 5202 3288 5271 quod
3312 5213 3430 5253 non
3451 5194 3789 5252 secundum

2126 5298 2519 5369 quorumdam
2566 5294 2902 5366 opinionem
2965 5289 3094 5346 ideo
3154 5284 3435 5343 autentici
3470 5285 3785 5351 vocantur,

2126 5386 2281 5458 quod
2320 5386 2435 5441 tria
2482 5399 2760 5456 suprema
2801 5383 3154 5453 occupantes
3193 5372 3637 5448 quadricborda
3678 5386 3789 5444 per

2126 5492 2373 5533 acumen
2395 5491 2458 5531 se
2488 5471 2758 5531 extollere
2789 5472 3084 5546 poterunt,
3124 5482 3261 5523 cum
3293 5465 3345 5521 si
3375 5463 3438 5519 in
3465 5462 3576 5518 bac
3606 5475 3668 5517 re
3701 5458 3781 5516 ad

2125 5580 2325 5621 vocem
2342 5562 2702 5627 intendatur,
2721 5545 2900 5617 etiam
2917 5558 2976 5614 in
2989 5550 3565 5631 gravibusidemipsi
3575 5545 3777 5607 haberi

2125 5651 2376 5731 possint,
2406 5651 2510 5712 sed
2539 5650 2691 5723 ideo,
2721 5649 2860 5725 quia
2886 5648 2948 5707 in
2969 5645 3302 5715 medietate,
3324 5658 3457 5720 qua
3477 5638 3774 5718 principa-
