3964 6206
204 414 207 417 ’
221 399 344 461 429

1541 395 1951 458 OPUSCULA
2002 392 2319 459 MUSICA.

3531 396 3650 456 430

225 528 463 601 plenius
498 528 729 582 dictum
753 528 1023 598 est,quod
1044 527 1087 582 D
1113 527 1402 583 solainter
1419 544 1623 583 omnes
1644 528 1892 583 chordas
1921 526 1975 592 Α
2008 527 2138 583 deus
2168 528 2620 583 dicatur.l"latus
2650 544 2781 582 vero
2805 528 2951 582 duas
2973 527 3147 582 habet
3180 530 3394 598 partes,
3445 526 3501 580 id
3559 530 3649 583 est

228 617 498 675 biformis
524 616 604 672 sit
630 634 645 682 ;
676 616 787 672 hoc
811 622 919 683 est,
944 616 1084 688 quia
1106 622 1317 688 quarta
1337 617 1599 689 gravium
1624 622 1679 672 et
1699 619 1887 688 prima

234 710 324 761 est
351 704 641 773 ﬁnalium,
666 708 725 760 et
775 704 934 777 quia,
974 705 1303 760 secundum
1347 704 1407 759 id
1451 706 1605 777 quod
1667 709 1881 777 quarta

235 798 503 866 quartam
530 793 897 849 diatessaron
930 794 1183 865 speciem
1212 794 1272 848 in
1332 794 1616 866 positione
1674 796 1878 867 primae

231 884 625 954 repraesentet,
646 880 919 937 similiter
949 887 1188 937 acutum
1223 883 1257 936 d
1292 887 1498 954 quarta
1520 886 1609 938 est
1629 882 1888 954 superio-

230 987 360 1026 rum
384 968 1420 1043 etprimaexcellentium;secundnm
1445 971 1499 1025 id
1525 972 1677 1042 quod
1697 972 1887 1043 prima

230 1059 687 1131 primasiterum
706 1059 1070 1116 diatessaron
1094 1064 1149 1115 et
1169 1059 1439 1131 diapente
1456 1060 1679 1131 species
1705 1078 1882 1115 unam

234 1146 727 1215 claudit,alteram
752 1147 1023 1211 inchoat;
1047 1148 1371 1203 secundum
1387 1148 1443 1202 id
1476 1149 1630 1219 quod
1675 1153 1885 1220 quarta

238 1237 451 1292 iterum
487 1240 756 1308 quartam
787 1236 1152 1292 diatessaron
1177 1238 1429 1308 speciem
1478 1241 1880 1308 repraesentat;

238 1324 632 1382 secundnmid
653 1325 809 1396 quod
834 1325 1025 1397 prima
1042 1330 1273 1398 protum
1297 1329 1581 1397 quantum
1606 1326 1675 1380 ad
1698 1325 1881 1396 legem

237 1414 785 1470 altissimoascensu
812 1432 825 1481 ;
858 1414 1181 1469 secundum
1216 1415 1271 1469 id
1304 1415 1457 1485 quod
1484 1418 1691 1486 quarta
1716 1431 1884 1486 quar-

232 1506 360 1558 tum
392 1502 568 1557 etiam
588 1501 960 1574 subjugalem
988 1519 1120 1557 cum
1143 1507 1329 1575 proto,
1378 1503 1698 1557 tetrardum
1748 1519 1881 1558 vero

228 1595 511 1665 quartum
560 1591 922 1647 autenticum
973 1608 1077 1663 per
1119 1592 1443 1649 saeculorum
1476 1591 1879 1663 Amenincipit.

228 1682 299 1737 Et
328 1684 397 1735 ut
419 1679 795 1735 manifestius
844 1680 1129 1748 dicamus,
1190 1681 1247 1735 in
1297 1680 1531 1736 nomine
1572 1681 1769 1751 prima:
1828 1684 1883 1735 et

228 1773 451 1841 quartae
470 1767 731 1840 primum
744 1768 1104 1824 autenticum
1119 1773 1176 1824 et
1189 1774 1462 1845 quartum
1482 1769 1879 1841 subjugalium

2006 617 2164 670 arsin
2196 621 2253 672 et
2288 617 2499 682 thesin,
2530 616 2637 671 hoc
2668 621 2756 671 est
2783 617 3135 671 elevationem
3163 620 3219 670 et
3237 615 3644 686 depositionem.

2005 704 2113 758 Sed
2140 722 2173 760 a
2202 704 2539 771 meliori,‘id
2563 709 2650 761 est
2669 704 3007 770 elevatione,
3039 720 3255 760 neuma
3300 703 3531 771 dicitur,
3581 708 3649 761 ut

1996 808 2341 850 moneamus
2373 794 2432 849 in
2464 794 2765 849 cantilena
2797 791 3271 865 dulcedine,quia
3302 792 3441 847 ﬂatu
3460 793 3532 848 ab
3555 793 3645 848 in-

1993 879 2306 937 ferioribus
2328 883 2399 938 ad
2415 882 2718 954 superiora
2734 898 2943 937 sonum
2967 881 3304 953 impellente
3338 880 3645 937 conﬁcitur

1994 979 2059 1029 ut
2087 990 2187 1028 cor
2208 973 2277 1028 de
2307 972 2553 1027 terrenis
2585 972 2656 1026 ad
2700 970 2955 1025 coelestia
2974 969 3254 1026 levemus.
3288 969 3557 1041 Alioquin
3583 970 3643 1025 in

1992 1078 2211 1118 vanum
2235 1064 2451 1125 cantat,
2488 1061 2659 1130 cujus
2690 1076 2855 1113 mens
2887 1059 3009 1114 voci
3042 1076 3157 1114 non
3176 1058 3512 1114 concordat.
3531 1060 3646 1114 Aut

1991 1167 2127 1222 ergo
2158 1149 2257 1205 isti
2289 1152 2505 1215 errant,
2531 1152 2672 1203 autc
2718 1148 2916 1202 divina
2954 1148 3261 1219 sapientia,
3315 1164 3442 1219 quae
3503 1147 3642 1219 quia

1992 1239 2147 1310 apud
2181 1254 2241 1292 se
2270 1240 2409 1292 sunt
2438 1252 2642 1291 omnes
2670 1235 2933 1290 thesauri
2957 1236 3256 1307 sapientiae
3284 1241 3342 1291 et
3387 1236 3642 1291 scientia:

1990 1325 2339 1391 absconditi,
2368 1347 2394 1373 »
2427 1325 2601 1379 etiam
2630 1324 2807 1393 hujus
2836 1324 2990 1379 antis
3012 1324 3298 1394 inspirata
3322 1323 3530 1379 notitia
3550 1341 3640 1379 sa-

1992 1416 2219 1488 pienter
2241 1414 2351 1470 sibi
2386 1413 2563 1468 voluit
2590 1413 2830 1467 cantari.
2866 1413 2978 1467 Sed
2996 1413 3290 1483 quomodo
3348 1414 3644 1483 sapienter

1992 1507 2245 1569 cantant,
2281 1503 2380 1573 qui
2406 1502 2551 1557 nihil
2585 1502 2655 1555 de
2688 1500 2977 1572 prtedictis
2998 1501 3213 1568 sciunt,
3245 1500 3345 1571 qui
3404 1505 3640 1571 tropum

1992 1595 2155 1663 tropo
2178 1594 2579 1663 permutantes
2593 1590 3090 1661 confundunt,qui
3109 1589 3294 1645 solam
3328 1588 3642 1645 altisonan-

1992 1682 2130 1736 tiam
2165 1680 2445 1735 laudant?
2472 1680 2531 1734 In
2559 1679 2668 1734 hoc
2697 1683 2892 1733 tamen
2916 1679 3080 1749 justo
3103 1678 3333 1749 judicio
3362 1678 3529 1734 asino
3550 1678 3638 1733 in-

1992 1770 2231 1825 feriores
2257 1773 2313 1823 et
2338 1768 2747 1840 imperitiores,
2782 1768 2882 1839 qui
2914 1772 2971 1822 et
3001 1767 3185 1822 multo
3244 1766 3420 1822 altius
3477 1783 3641 1823 reso-

225 1858 366 1913 hinc
385 1855 924 1929 pergravissimum
960 1858 1237 1929 deprimit
1287 1859 1657 1925 descensum,
1718 1861 1881 1929 proto
1912 1893 1959 1957 B
2000 1862 2120 1924 nat,
2154 1862 2211 1912 et
2232 1873 2533 1926 nunquam
2559 1856 2818 1910 ruditum
2853 1855 3198 1927 mugitu,vel
3233 1855 3349 1910 alia
3377 1854 3643 1927 qualibet

231 1947 421 2001 adhuc
453 1944 788 2017 specialiter
808 1945 869 2000 in
891 1962 959 2001 ea
980 1946 1155 2001 ﬁnem
1178 1946 1450 2013 habente,
1489 1947 1623 2001 inde
1644 1947 1881 2002 eosdem

232 2050 338 2105 per
364 2032 724 2089 altissimum
748 2032 933 2089 elevat
958 2050 1288 2101 ascensum,
1316 2035 1572 2090 tetrardo
1604 2034 1795 2089 adhuc
1823 2034 1880 2089 in

228 2137 297 2176 ea
348 2121 677 2177 seculomm
738 2122 907 2176 Amen
955 2121 1286 2193 specialiter
1331 2121 1689 2177 modulantei
1754 2122 1881 2177 H'JIO

227 2209 360 2265 ideo
390 2210 646 2266 breviter
673 2214 815 2265 sunt
846 2210 1335 2282 recapitulata,'ut
1368 2228 1482 2267 uno
1540 2211 1758 2266 iutuitu
1806 2212 1883 2267 le-

231 2298 412 2355 ctoris
441 2297 627 2354 oculis
648 2298 901 2370 ingesta,
954 2300 1293 2371 promptiori
1350 2305 1405 2356 et
1451 2300 1728 2356 tenaciori
1788 2317 1881 2356 ca-

234 2387 475 2459 piantur
495 2388 801 2443 memoria.

311 2475 548 2547 Oportet
568 2481 762 2531 autem
785 2492 891 2532 nos
931 2476 1100 2543 scire,
1134 2479 1286 2548 quod
1321 2479 1514 2534 omnis
1548 2478 1782 2533 musica:
1803 2494 1884 2532 ra-

234 2564 418 2620 tionis
449 2566 518 2620 ad
550 2564 657 2621 hoc
681 2569 910 2636 spectat
954 2565 1199 2621 intentio
1244 2572 1309 2621 ut
1362 2566 1658 2621 cantilenae
1719 2566 1886 2620 ratio-

229 2652 512 2708 nabiliter
537 2654 977 2726 componenda,
1014 2654 1358 2727 regulariter
1380 2655 1735 2725 judicandaa,
1784 2655 1881 2709 de-

227 2746 431 2798 center
460 2742 829 2799 modulandze
877 2743 1118 2799 scientia
1166 2748 1571 2815 comparetur:
1634 2759 1882 2814 quorum

226 2831 408 2886 trium
432 2832 527 2886 cui
549 2831 798 2887 facultas
823 2832 1074 2900 affuerit,
1104 2832 1156 2888 is
1190 2833 1425 2887 demum
1446 2833 1711 2887 musicus
1732 2834 1885 2886 recte

225 2921 514 2978 dicendus
544 2922 967 2977 erit.Caaterum
986 2938 1102 2977 non
1135 2922 1290 2993 parvi
1320 2921 1625 2977 habendus
1655 2924 1742 2976 est
1762 2921 1885 2991 qui,

226 3010 500 3067 nesciens
523 3026 889 3082 componere,
951 3015 1347 3082 competenter
1390 3010 1548 3065 novit
1595 3010 1882 3079 judicare.

224 3099 404 3154 Porro
436 3097 751 3166 tertio,hoc
771 3098 1227 3168 est,modulandi
1253 3098 1370 3153 imo
1388 3098 1653 3153 ululandi
1684 3098 1881 3153 studio

226 3204 451 3243 caecum
474 3192 784 3244 cantorum
818 3187 1026 3260 vulgus
1061 3191 1398 3259 occupatur,
1424 3186 1644 3242 nullius
1678 3186 1884 3240 rationi

1990 1964 2127 2002 voce
2147 1946 2469 2000 mutabit.0
2486 1944 2757 2000 insanam
2777 1945 3083 1999 hominum
3103 1944 3397 1999 miseriam
3423 1945 3434 1997 l
3458 1945 3639 2000 Nemo

1993 2036 2209 2107 quippe
2230 2034 2288 2088 in
2322 2034 2726 2105 grammatica,
2761 2049 2891 2104 quas
2936 2033 3008 2087 ad
3065 2031 3345 2104 placitum
3388 2036 3636 2098 constat,

1989 2124 2194 2178 vitium
2217 2123 2463 2194 patitur;
2493 2123 2551 2176 in
2607 2121 2833 2176 musica
2881 2136 3184 2191 vero,qua3
3241 2126 3331 2175 est
3390 2120 3634 2176 omnino

1991 2212 2300 2277 naturalis,
2335 2228 2539 2267 omnes
2570 2211 2686 2266 fere
2711 2227 2825 2266 non
2852 2209 3043 2265 solum
3103 2209 3241 2265 vitia
3286 2226 3403 2264 non
3453 2209 3637 2264 corri-

1992 2306 2154 2372 gunt,
2190 2302 2288 2356 sed
2323 2301 2501 2355 etiam
2524 2299 2867 2354 defendunt.

2065 2390 2353 2444 Hactenus
2370 2388 2463 2443 his
2478 2388 2780 2459 plusjusto
2794 2386 3098 2441 verbosius
3116 2386 3462 2441 immoratus
3485 2402 3644 2457 sum,

1992 2478 2132 2533 dum
2160 2494 2249 2532 me
2280 2477 2491 2531 borum
2527 2476 2682 2547 piget
2714 2474 3204 2546 pudetque.Nunc
3237 2481 3287 2529 te
3343 2475 3644 2543 convenio,

1993 2567 2088 2636 qui
2113 2566 2218 2621 boc
2241 2565 2582 2620 delectraris
2613 2565 2832 2631 studio,
2860 2568 2914 2618 te
2946 2562 3279 2631 hortor,tihi
3313 2564 3530 2618 suadeo
3585 2568 3650 2618 ut

1986 2656 2112 2725 jam
2136 2656 2290 2709 dicta
2321 2660 2375 2709 et
2406 2654 2681 2725 deinceps
2722 2653 2972 2708 dicenda
3017 2656 3138 2706 tam
3197 2668 3413 2707 manus
3470 2668 3648 2723 quam

1993 2743 2151 2797 vocis
2194 2743 2655 2809 comprehendas
2686 2741 2977 2796 exercitio.
3010 2741 3260 2796 Maxime
3280 2744 3475 2796 tamen
3523 2744 3649 2796 tro-

1996 2848 2204 2903 porum
2238 2831 2342 2886 tibi
2376 2849 2523 2886 curee
2544 2832 2620 2885 sit
2642 2830 3128 2902 agnitio,propter
3149 2847 3298 2903 quos
3320 2830 3436 2895 {pre
3457 2828 3652 2886 omnis

1998 2920 2235 2976 musica:
2260 2920 2487 2975 laborat
2507 2921 2770 2974 intentio.
2795 2921 2876 2974 Ad
2897 2936 3073 2991 quam
3098 2935 3221 2974 rem
3246 2916 3498 2973 multum
3523 2934 3652 2990 pro-

1996 3009 2170 3075 derit,
2204 3010 2251 3065 si
2284 3009 2417 3080 quis
2449 3010 2714 3080 prOprias
2738 3009 3026 3080 cujusque
3057 3008 3327 3080 diapente
3357 3012 3414 3063 et
3442 3007 3653 3063 diates-

1998 3114 2170 3153 saron
2206 3099 2429 3169 species
2458 3103 2577 3153 tam
2603 3097 2988 3153 monochordi
3012 3113 3189 3168 quam
3210 3096 3518 3152 vivaavocis
3535 3112 3647 3152 usu

1999 3186 2290 3241 memoriae
2330 3186 2726 3242 inculcaverit.
2759 3188 2884 3242 Non
2943 3186 3380 3258 enimquemvis
3401 3186 3651 3242 audiens

228 3277 469 3343 cedens,
502 3275 731 3332 nullius
753 3259 1052 3332 sententiae
1083 3276 1498 3348 acquiescens;
1532 3275 1676 3330 illud
1709 3274 1885 3329 etiam
1918 3259 1960 3325 C
2000 3280 2256 3347 tropum,
2292 3275 2425 3347 quis
2458 3276 2554 3345 sit,
2592 3276 2992 3332 indubitanter
3012 3276 3391 3349 pronuntiare
3413 3276 3647 3347 poterit,

1999 3364 2111 3420 nisi
2128 3365 2255 3435 jam
2286 3365 2460 3421 dictis
2483 3371 2539 3420 et
2568 3365 2845 3437 deinceps
2863 3364 3126 3421 dicendis
3149 3365 3247 3419 diu
3273 3365 3650 3437 multumque

2003 3453 2352 3509 exercitatus
2385 3454 2582 3509 fuerit.
2618 3454 2711 3509 Sic
2741 3470 2877 3525 ergo
2910 3471 3116 3510 susum
3140 3454 3414 3524 etjusum
3445 3453 3657 3510 diates-

2008 3557 2179 3597 saron
2213 3542 2438 3613 species
2477 3541 2811 3598 modulare:

230 3381 352 3422 non
387 3365 559 3438 quasi
584 3364 978 3437 proverbium,
1003 3365 1103 3421 sed
1132 3364 1299 3436 quasi
1322 3363 1549 3437 legibus
1600 3363 1886 3419 indictum

231 3454 889 3529 fre‘quentans,verbum
908 3471 1121 3509 neuma
1139 3454 1306 3527 quasi
1323 3470 1656 3519 nemo,cum
1694 3452 1888 3507 Graeco

228 3544 466 3617 eloquio
488 3561 708 3601 neuma
729 3543 897 3616 quasi
930 3542 1337 3614 noeumane,id
1363 3546 1451 3598 est
1487 3544 1655 3611 ﬂutas
1701 3556 1890 3596 ascen-

584 3778 770 3842 m
1368 3784 1615 3837 ﬂoruere.
2244 3785 2397 3837 Triti.
2824 3792 2829 3796 ‘
2867 3788 2887 3815 θ
3012 3779 3270 3835 Tetrardi.

384 3973 423 4009 ο
667 3910 714 3966 Β
734 3928 824 4001 -ίν
854 4022 855 4025 η
934 3960 987 4020 τὸ
1214 3980 1254 4011 υ
1333 3946 1340 3953 .
1483 3910 1527 3964 Ε
1764 3983 1816 4025 :u
2222 3958 2227 3967 ’
2302 3914 2340 3966 F
2579 3982 2633 4029 πυ
2852 3975 2888 4007 υ
3123 3910 3164 3962 G
3402 3978 3453 4018 π

381 4010 420 4071 ἒ
932 4028 970 4057 ω
1213 4012 1253 4075 ξ’
1762 4031 1799 4059 ω
2577 4031 2613 4059 ω
2851 4009 2888 4068 ’ἐπ’
3401 4029 3437 4056 ω

374 4074 418 4129 3
562 4046 603 4102 ε
748 4047 788 4101 ο
932 4062 980 4128 ἒ.
1213 4079 1251 4107 ω
1400 4048 1441 4100 θ
1581 4047 1621 4101 θ
1764 4064 1814 4129 3.
2213 4049 2254 4108 ε
2400 4051 2437 4105 ε
2578 4065 2628 4129 Ξ.
2847 4075 2887 4126 s
3036 4045 3075 4097 F
3218 4045 3255 4098 F
3403 4062 3453 4127 ἓ.

325 4134 416 4190 -Ξ
556 4115 601 4169 Β
747 4116 786 4168 Β
930 4136 972 4188 ει,
1198 4110 1250 4189 Ξ
1395 4114 1434 4169 C
1581 4115 1622 4169 C
1763 4120 1802 4191 ᾖ
2012 4117 2065 4194 Ξ
2208 4120 2251 4172 D
2394 4120 2434 4172 Ι)
2576 4121 2613 4189 εξ
2834 4134 2885 4186 Ξ
3035 4114 3073 4167 Ε
3218 4115 3255 4166 Ε
3402 4135 3439 4187 θ

560 4184 633 4272 Ar
747 4184 784 4236 Α
931 4189 1007 4283 5τῇἑ
1398 4185 1439 4239 Β
1580 4183 1619 4238 Β
1764 4192 1800 4241 εδ
2014 4254 2017 4255 ν
2210 4188 2252 4243 C
2393 4186 2432 4241 C
2577 4195 2614 4242 ευ
3033 4184 3072 4237 D
3221 4183 3261 4236 D
3402 4192 3438 4238 φ

301 4429 580 4497 Videsne,
605 4436 671 4488 ut
699 4450 904 4490 omnes
935 4435 1186 4509 regulari
1228 4438 1283 4492 et
1332 4434 1637 4491 inconfuso
1686 4435 1889 4491 ordine
1920 4438 1965 4502 D
2068 4434 2140 4490 Ut
2155 4432 2533 4505 autemlonge
2557 4434 3654 4509 superiusdictumest,quasiquaedam

220 4536 267 4574 θ.
294 4520 551 4593 propriis
579 4521 857 4595 gravibus
875 4523 962 4579 vel
994 4523 1414 4596 principalibus
1439 4524 1807 4590 inchoantur,
1831 4524 1888 4579 in

228 4607 487 4680 propriis
518 4609 796 4666 finalibus
826 4611 1146 4678 eleventur,
1182 4611 1321 4667 item
1355 4612 1454 4667 ubi
1504 4611 1888 4684 incmpernnt,

229 4698 623 4770 deponantur.
650 4701 809 4755 Inter
829 4717 973 4772 quas
1006 4702 1274 4774 quaedam
1326 4700 1655 4756 biformitas
1701 4704 1891 4772 potest

229 4787 446 4859 notari,
471 4788 610 4861 quia
640 4793 699 4844 et
721 4787 1012 4845 altissima
1058 4796 1149 4846 est
1198 4791 1399 4861 prima:
1450 4793 1506 4846 et
1544 4789 1891 4862 gravissima

226 4880 475 4948 quarta.
508 4878 708 4933 Prima
738 4894 972 4950 quoque
1003 4883 1060 4935 et
1092 4883 1302 4951 quarta
1328 4878 1384 4933 in
1419 4878 1729 4951 positione,
1772 4896 1888 4933 non

226 4965 289 5020 in
322 4971 612 5037 potestate
637 4966 883 5034 similes,
917 4966 977 5022 in
1010 4967 1120 5023 hoc
1150 4968 1427 5022 differunt
1484 4968 1638 5038 quod
1700 4967 1890 5039 prima

228 5055 394 5126 prius
424 5055 778 5121 intenditur,
812 5059 1015 5126 postea
1043 5056 1403 5125 remittitur;
1457 5060 1665 5127 quarta
1722 5056 1888 5127 prius

229 5145 570 5212 remittitur,
625 5146 831 5216 postea
878 5143 1219 5200 intenditur.
1284 5144 1398 5199 Has
1440 5145 1665 5215 species
1726 5144 1890 5201 facile

227 5232 402 5289 etiam
437 5251 558 5289 una
577 5248 722 5289 voce
748 5233 1032 5300 cantabis,
1067 5232 1115 5288 si
1147 5250 1246 5288 eas
1270 5250 1370 5305 per
1401 5237 1742 5288 consuetam
1781 5249 1887 5290 δίε-

224 5323 477 5380 culorum
521 5323 703 5377 Amen
748 5320 1058 5377 melodiam
1082 5321 1409 5393 incoeperis,
1442 5325 1498 5376 et
1527 5320 1719 5393 prima
1745 5323 1887 5377 defi-

225 5414 444 5471 nitione
476 5409 1055 5472 terminaveris.Quae
1086 5410 1324 5481 quidem
1349 5409 1727 5465 difﬁnitiones
1755 5409 1892 5467 licet

215 5504 475 5579 pleniter
497 5506 561 5557 et
594 5497 853 5572 perfecte
901 5498 962 5552 in
1006 5497 1279 5554 ﬁnalibus
1328 5501 1636 5554 cantentur
1692 5502 1747 5554 et
1790 5516 1888 5554 su-

210 5593 794 5671 perioribus,tamcn
816 5585 1031 5641 ultimae
1056 5586 1351 5641 neumeein
1378 5603 1733 5659 unoquoque
1752 5604 1891 5661 qua-

206 5681 542 5751 dricbordo
579 5693 619 5735 a
649 5688 763 5734 suo
793 5690 908 5732 non
939 5674 1280 5734 discordant
1308 5678 1496 5753 tropo.

2001 4523 2369 4580 diatessaron
2393 4523 2615 4595 species
2632 4524 2690 4589 1",
2726 4526 2751 4595 ﬁ
2782 4524 3141 4591 videtur,sed
3166 4541 3348 4596 quare
3374 4543 3487 4583 non
3553 4527 3650 4595 sit,

2001 4612 2139 4683 quia
2162 4612 2238 4667 ibi
2260 4628 2373 4667 non
2407 4612 2647 4677 dictum,
2711 4613 2803 4667 hic
2851 4614 3165 4669 dicendum
3232 4615 3479 4671 videtur.
3541 4616 3650 4672 Ubi

2000 4701 2260 4773 primum
2293 4701 2547 4757 dicimus
2578 4701 2945 4773 simpliciter,
3006 4703 3160 4774 quod
3216 4720 3350 4758 cum
3409 4705 3647 4759 diversae

1998 4790 2366 4845 diatessaron
2389 4792 2613 4861 species
2628 4807 2733 4862 per
2748 4791 3359 4862 gravesdisponantur
3376 4791 3649 4848 etﬁnales

1999 4879 2160 4934 nulla
2190 4879 2399 4934 harum
2421 4879 2622 4934 tritoni
2646 4880 3027 4951 dispositione
3042 4878 3651 4951 consistit.Item,quia

1998 4967 2190 5022 omnis
2220 4967 2583 5022 diatessaron
2612 4968 2834 5038 species
2858 4968 3089 5023 duobus
3122 4966 3275 5021 tonis
3310 4970 3537 5021 constat
3594 4972 3653 5023 et

1998 5054 2307 5111 semitonio
2331 5053 2390 5120 F,
2416 5054 2606 5124 :,quia
2636 5062 2871 5110 econtra
2891 5055 3106 5111 tritono
3137 5053 3410 5109 continuo
3468 5054 3651 5110 conti-

2000 5149 2172 5199 netur
2200 5143 2562 5207 diatessaron
2596 5159 2709 5196 non
2743 5150 3068 5213 reputatur.
3095 5143 3234 5198 Item
3263 5158 3467 5198 omnes
3516 5142 3648 5199 dia-

1995 5230 2617 5301 tessaronetdiapente
2634 5231 2856 5299 species
2882 5233 3134 5287 duorum
3174 5230 3641 5302 quadricbordo-

2000 5318 2452 5376 rumcollatione
2474 5316 2876 5389 perﬁciuntur,
2915 5320 3278 5376 diatessaron
3312 5320 3550 5393 quidem
3580 5337 3653 5379 ex

1999 5410 2343 5483 gravibuset
2364 5406 2659 5473 ﬁnalibus,
2696 5406 2964 5476 diapente
3002 5425 3135 5463 vero
3178 5414 3235 5464 et
3269 5410 3543 5467 ﬁnalibus
3590 5417 3649 5469 et

1998 5495 2657 5571 superioribus,Ergo,si
2681 5494 2902 5560 volo,D,
2936 5495 2979 5549 G
3001 5494 3250 5566 primam
3282 5500 3648 5559 diatessaron

1999 5589 2250 5662 speciem
2281 5587 2493 5651 dicere,
2512 5583 2649 5659 quia
2672 5602 2739 5640 ex
2762 5583 2993 5639 duobus
3019 5602 3129 5638 non
3158 5585 3224 5638 ﬁt
3264 5588 3645 5657 quadrichor.

2000 5676 2110 5748 dis,
2142 5674 2409 5735 mentior.
2442 5675 2591 5751 Ergo
2608 5675 2717 5735 erit
2747 5673 3076 5736 necessario
3108 5676 3336 5751 quarta,
3367 5681 3645 5751 constans
