3964 6206
285 261 416 336 433

1635 281 2048 355 OPUSCULA
2093 291 2414 359 MUSICA.

3610 298 3732 370 431

288 401 430 461 dem
459 419 732 508 causam.
790 403 1074 508 Similiter
1119 412 1190 469 de
1240 412 1280 470 Ρ
1326 413 1660 474 dicendum.
1716 420 1959 478 Possum
1991 431 2044 496 Α
2076 423 2184 481 bus
2209 443 2322 482 non
2348 428 2859 500 reputari.Postea
2878 450 3009 492 vero
3027 436 3195 508 quasi
3215 435 3307 493 sui
3327 436 3565 506 oblitus,
3585 440 3726 500 dum

289 495 449 551 enim
477 493 796 553 intendere
816 497 1086 574 diapente
1115 501 1175 572 F,
1198 519 1248 570 e,
1282 507 1338 558 et
1358 504 1652 562 remittere
1673 509 1957 567 diatessa-

295 599 404 648 ron
433 601 483 651 c,
512 585 576 640 G.
611 587 760 642 Item
791 605 1039 660 possum
1072 592 1371 648 intendere
1403 595 1674 667 diapente
1697 599 1758 665 F,
1778 617 1828 669 c,
1854 603 1954 657 sed

296 690 416 728 non
437 691 677 746 possum
701 676 1004 734 intendere
1027 679 1388 737 diatessaron
1414 684 1474 752 F,
1499 687 1524 755 ἣν
1573 686 1710 757 quia
1726 691 1956 746 semito-

291 762 461 828 nium
493 780 595 836 pro
626 763 961 821 differentia
990 784 1106 822 non
1138 769 1267 826 erit.
1309 773 1470 836 item,
1503 791 1745 844 possnm
1771 778 1954 833 inten-

287 851 429 908 dere
459 852 524 916 F,
558 853 613 921 b,
648 854 751 908 sed
774 870 890 910 non
913 873 1157 928 possum
1179 859 1475 916 remittere
1513 863 1785 934 diapente
1809 867 1863 933 b,
1888 869 1949 936 E,

285 941 432 1012 quia
451 941 783 998 diﬂ‘erentia
805 961 907 1016 per
925 946 1306 1002 semitonium
1332 967 1444 1004 non
1470 950 1597 1004 erit.
1625 955 1788 1020 Item,
1813 972 1945 1025 pos-

291 1035 437 1088 sunt
465 1031 761 1086 remittere
782 1032 1053 1106 diapente
1111 1037 1155 1108 Π,
1192 1037 1254 1104 E,
1291 1040 1390 1092 sed
1434 1057 1546 1094 non
1583 1058 1823 1110 possum
1857 1063 1949 1100 re-

292 1119 533 1174 mittere
555 1119 938 1178 diatessarum
957 1124 1014 1190 b,
1037 1125 1095 1191 F,
1123 1125 1262 1196 quia
1283 1127 1550 1182 semitoni
1566 1147 1661 1185 um
1684 1132 1953 1188 dilferen-

292 1206 440 1262 tiam
459 1208 821 1278 sesquialteri
839 1228 904 1266 ac
930 1213 1285 1284 sesquitertii
1310 1233 1425 1271 non
1445 1217 1597 1271 facit.
1629 1220 1825 1275 UilI‘ert
1851 1239 1949 1277 au-

288 1301 412 1354 tem
441 1298 476 1350 F
497 1313 529 1351 a
551 1297 613 1364 B,
638 1299 777 1369 quia
797 1300 838 1353 F
858 1317 892 1354 a
912 1316 974 1356 se
998 1302 1189 1357 media
1210 1310 1264 1358 et
1287 1306 1344 1358 in
1383 1311 1621 1361 acutum
1653 1309 1944 1381 diapente,

283 1390 346 1440 et
366 1385 424 1440 in
444 1401 616 1456 grave
636 1386 914 1443 deorsum
936 1390 1326 1447 diatessarum
1347 1399 1536 1465 potest
1561 1398 1852 1454 remittere
1871 1401 1941 1467 B;

276 1473 411 1530 sola
441 1473 596 1530 inter
624 1491 830 1532 omnes
858 1494 1023 1534 voces
1054 1496 1088 1534 a
1118 1498 1180 1535 se
1207 1481 1336 1553 ipsa
1363 1484 1555 1538 media
1580 1502 1682 1540 nec
1705 1503 1943 1544 sursum

275 1563 558 1635 diapente
580 1563 854 1631 intendit,
873 1583 977 1622 nec
994 1569 1270 1625 deorsum
1289 1572 1652 1628 diatessaron
1676 1579 1938 1631 remittit.

275 1651 446 1708 Unde
476 1669 512 1707 a
541 1653 898 1724 quibusdam
931 1656 1208 1728 ignobilis
1235 1668 1494 1729 vocatur,
1528 1680 1631 1718 nec
1665 1664 1841 1720 etiam
1875 1667 1933 1721 in

275 1741 484 1798 ordine
516 1759 624 1797 suo
655 1743 881 1799 deuteri
911 1748 1240 1802 saeculorum
1259 1750 1429 1804 Amen
1464 1752 1688 1823 recipit.

347 1830 599 1887 Videtur
617 1837 816 1888 autem
838 1833 1071 1890 Boetius
1088 1838 1342 1908 quadam
1363 1840 1418 1893 in
1441 1841 1788 1897 deﬁniendis
1813 1845 1935 1900 dia-

277 1925 452 1992 pente
478 1920 924 1992 speciebuslabi
948 1924 1358 1983 inconstantia.
1394 1929 1538 1984 Nam
1570 1936 1824 2001 quatuor
1841 1951 1932 1989 ea-

272 2025 412 2065 rum
464 2012 775 2066 varietates
797 2028 928 2068 esse
950 2014 1169 2081 dicens,
1196 2017 1428 2072 easdem
1452 2035 1484 2072 a
1511 2025 1535 2088 ﬁ
1556 2021 1842 2092 quadrata
1863 2025 1933 2078 ad

270 2096 574 2172 Bgravem
596 2099 881 2156 remittit:
907 2102 966 2156 in
989 2103 1203 2174 quibus
1227 2104 1372 2162 locis
1393 2124 1597 2163 omnes
1639 2112 1934 2168 naturales

270 2204 391 2242 non
414 2187 716 2243 inveniens
737 2190 799 2259 F,
823 2190 886 2258 B,
913 2191 1181 2248 ultimam
1203 2195 1386 2266 ponit,
1412 2213 1541 2268 quae
1564 2199 1808 2269 probata
1824 2209 1931 2270 est,

268 2280 513 2349 propter
528 2294 644 2332 suae
665 2277 1006 2336 diti‘erentize
1031 2282 1321 2340 defectum
1343 2286 1401 2340 in
1424 2286 1697 2359 diapente
1715 2290 1935 2361 specie-

2069 531 2196 586 quze
2234 516 2458 588 species
2498 519 2557 574 in
2599 519 3001 581 immobilibus
3042 527 3282 584 vocibus
3322 529 3731 589 contineantur

2067 605 2251 675 (1002)
2305 605 2662 678 loqueretur,
2715 610 2876 667 illam
2931 614 3261 671 anomalam
3315 618 3375 684 I“,
3439 620 3500 685 B,
3545 637 3725 691 quam

2067 694 2230 764 prius
2254 694 2522 752 ultimam
2547 699 2765 769 posuit,
2786 703 3056 770 reticens,
3081 710 3334 776 quatuor
3353 707 3589 764 demum
3618 727 3723 765 na-

2065 783 2284 839 turales
2308 785 2578 856 diapente
2601 789 2824 858 species
2848 792 2918 845 ab
2942 793 3003 859 E,
3030 793 3086 846 in
3127 810 3178 860 e,
3206 794 3518 852 intendens
3541 799 3720 855 deno-

2061 873 2202 926 tavit
2230 891 2241 939 ;
2267 891 2376 928 non
2400 880 2594 930 tamen
2620 894 2746 948 quae
2769 881 3010 950 species,
3036 883 3134 952 qui
3162 889 3346 955 tropo,
3371 886 3456 940 vel
3482 903 3597 958 quo
3625 906 3718 945 or-

2062 961 2195 1016 dine
2219 963 2301 1016 vel
2328 963 2451 1018 loeo
2477 967 2732 1036 aptanda
2758 968 2853 1034 sit,
2879 971 3322 1028 demonstravit.
3351 974 3467 1029 Hoc
3490 981 3711 1050 autem,

2060 1049 2197 1120 quia
2219 1068 2251 1104 a
2274 1053 2441 1107 nobis
2466 1071 2616 1124 smpc
2635 1055 2692 1108 in
2716 1057 3119 1128 superioribus
3140 1061 3510 1134 dictumjum
3535 1049 3713 1121 notis-

2059 1139 2274 1194 simum
2307 1147 2411 1207 est,
2448 1161 2560 1196 non
2601 1148 2690 1198 est
2737 1147 2993 1216 amplius
3035 1153 3505 1208 memorandum.
3553 1155 3711 1220 Qua-

2057 1233 2294 1297 propter
2316 1229 2696 1300 ulteriusjam
2726 1237 3119 1303 transeamus,
3143 1243 3198 1292 et
3219 1256 3345 1310 quae
3370 1242 3440 1295 ad
3465 1244 3716 1314 agnitio-

2057 1332 2158 1369 nes
2190 1321 2489 1388 treporum
2523 1320 2689 1375 utilia
2728 1328 2866 1377 sunt
2897 1325 3087 1380 adhuc
3118 1325 3440 1385 videamus.

2128 1406 2327 1478 Itaque
2351 1409 2571 1478 species
2589 1410 2858 1482 diapente
2877 1419 2931 1468 et
2948 1415 3311 1471 diatessaron
3337 1419 3707 1490 singillatim,

2058 1498 2119 1548 ut
2141 1512 2319 1566 supra
2335 1497 2557 1552 dictum
2581 1504 2692 1568 est,
2717 1505 2837 1555 tam
2856 1519 2991 1558 voce
3009 1520 3186 1574 quam
3209 1504 3427 1560 chorda
3448 1507 3506 1561 in
3532 1524 3707 1564 usum

2050 1583 2704 1649 versis,aecedita(.ihuc
2729 1592 2916 1660 major
2951 1596 3254 1664 troporum
3291 1595 3532 1666 agnitio,
3576 1615 3706 1669 quae

2051 1670 2184 1724 talis
2211 1679 2303 1726 est
2334 1679 2395 1727 ut
2418 1675 2646 1743 junctis
2679 1677 2832 1733 binis
2865 1684 2922 1733 et
2952 1679 3110 1736 binis
3161 1683 3493 1753 speciebus,
3525 1686 3581 1739 id
3615 1690 3706 1741 est

1971 1804 2017 1868 Β
2050 1761 2240 1830 prima
2257 1778 2389 1816 eum
2410 1764 2622 1834 prima,
2643 1768 2902 1823 secunda
2919 1785 3052 1823 cum
3075 1772 3353 1837 secunda,
3378 1773 3549 1828 tertia
3569 1789 3705 1830 cum

2051 1849 2239 1916 tertia,
2263 1856 2473 1921 quarta
2494 1871 2627 1908 cum
2647 1860 2876 1925 quarta,
2901 1857 2960 1910 in
2983 1859 3295 1915 autentieis
3319 1862 3557 1932 quidem
3581 1863 3706 1919 dia-

2046 1943 2216 2008 pente
2244 1939 2630 2007 diatessaron,
2667 1943 2722 1996 in
2747 1945 3158 2017 subjugalibus
3180 1965 3310 2003 vero
3329 1948 3700 2006 diatessaron

2049 2028 2357 2097 prmposito
2397 2029 2667 2100 diapente
2701 2031 2994 2104 integrum
3025 2036 3314 2107 cujusque
3346 2039 3497 2109 tropi
3534 2039 3695 2094 ordi-

2046 2131 2178 2169 nem
2211 2117 2748 2191 proprietatemque
2781 2140 2988 2178 susum
3025 2126 3296 2196 etjusum
3315 2125 3558 2182 recitare
3580 2125 3700 2182 dis-

2045 2220 2143 2259 cas
2174 2205 2283 2261 hoc
2317 2208 2490 2262 modo
2518 2225 2530 2262 :

489 2471 723 2550 Hypodo-
850 2471 1143 2555 Hypephry-
1283 2467 1493 2545 Hypoli-
1622 2466 1857 2586 Hypom
1877 2468 1888 2516 i
1907 2497 1918 2503 -
2059 2497 2270 2550 Dorius.
2427 2494 2708 2568 phrygius.
2848 2506 3047 2561 Limus.
3239 2469 3450 2549 Mixoli-
3512 2539 3524 2552 ο

543 2556 668 2592 rius.
922 2551 1057 2606 gius.
1321 2539 1458 2588 dius.
1650 2553 1714 2588 χο
1739 2540 1892 2588 idws.
3272 2540 3409 2594 dius.

595 2647 624 2683 a
975 2637 1012 2695 η
1372 2644 1400 2681 c
1757 2610 1789 2676 δ
2103 2671 2117 2696 λ
2149 2623 2180 2677 d
2307 2662 2310 2665 -
2550 2640 2580 2677 e
3333 2652 3367 2706 8

499 2699 546 2753 G
667 2699 709 2752 ϐ
899 2715 929 2750 a
1041 2715 1088 2750 ~a
1283 2703 1320 2759 δι
1444 2701 1480 2757 Η
1672 2706 1705 2746 c
1841 2707 1870 2744 c
2067 2709 2096 2746 c
2235 2707 2263 2745 c
2461 2692 2494 2744 d
2627 2693 2658 2748 δ
2852 2715 2881 2752 e
3020 2715 3049 2754 e
3250 2703 3275 2756 t'
3416 2703 3444 2760 f

476 2767 541 2820 'F
667 2767 704 2820 F
790 2764 801 2774 ’
891 2767 932 2822 G
1058 2766 1102 2820 ϐ
1289 2772 1316 2817 8
1453 2782 1481 2818 ει
1677 2769 1713 2825 Η
1840 2768 1877 2824 Η
2064 2764 2101 2837 Η
2227 2757 2264 2837 Η
2463 2775 2492 2812 c
2623 2777 2653 2817 c
2853 2769 2884 2820 d
3021 2773 3052 2822 ό
3243 2788 3273 2826 e
3414 2789 3445 2829 θ

506 2837 546 2892 ε
675 2835 714 2888 Ε
898 2837 937 2889 F
1061 2835 1098 2887 Ρ
1282 2835 1324 2888 G
1447 2834 1490 2885 (ὲ
1676 2848 1704 2887 a
1845 2848 1875 2885 a
2068 2849 2098 2888 a
2234 2850 2262 2886 a
2455 2835 2492 2893 1η
2620 2837 2657 2894 Η
2855 2851 2884 2891 c
2990 2860 2995 2865 ·
3017 2853 3047 2894 c
3246 2841 3280 2894 d
3413 2843 3445 2896 d

501 2907 544 2959 D
665 2904 710 2954 Β
899 2905 939 2959 Ε
1061 2904 1100 2956 Ε
1288 2902 1326 2954 l“
1444 2902 1483 2956 Ρ
1674 2900 1714 2954 Ο
1836 2900 1876 2954 G
2062 2901 2105 2956 G
2225 2901 2267 2955 (ἶ
2462 2917 2490 2955 a
2627 2920 2659 2960 a
2848 2916 2886 2972 la
3019 2913 3057 2971 ὴ
3247 2926 3276 2964 c
3413 2926 3441 2968 c

509 2975 548 3027 C
660 2970 702 3024 C
896 2973 938 3024 Ι)
1057 2973 1096 3024 1)
1283 2971 1324 3026 Ε
1448 2971 1487 3029 Ε
1671 2971 1708 3021 F
1841 2969 1880 3023 F
2058 2971 2098 3024 [ι’
2227 2971 2266 3024 F
2455 2969 2495 3024 ϐ
2617 2968 2658 3025 G
2852 2995 2879 3028 a
3018 2995 3046 3031 a
3243 2987 3280 3043 η
3401 2987 3447 3045 6}

498 3043 538 3096 Β
673 3040 714 3092 8
896 3041 938 3095 c
1041 3024 1103 3094 ‘c
1285 3042 1326 3091 ι)
1438 3036 1486 3092 D
1673 3039 1714 3092 ε
1836 3037 1878 3092 ε
2056 3041 2097 3093 Ε
2226 3041 2294 3093 ε·
2456 3039 2494 3094 ιν
2612 3042 2656 3096 F
2840 3047 2882 3101 ο
3010 3046 3053 3101 G
3243 3066 3275 3106 a
3410 3069 3440 3106 ει

499 3113 538 3163 Α
666 3109 710 3161 Α
893 3111 932 3162 Β
1059 3108 1099 3161 Β
1283 3106 1323 3160 C
1444 3108 1486 3160 C
1673 3109 1717 3160 Ι)
1837 3108 1878 3161 ο
2059 3108 2104 3163 D
2227 3110 2270 3162 Ι)
2454 3105 2501 3162 Ε
2618 3112 2662 3166 Ε
2844 3117 2886 3169 F
3016 3118 3052 3172 F
3235 3118 3276 3173 G
3405 3121 3446 3176 Ο

323 3309 529 3365 Nonne
561 3310 944 3384 perspicuum
974 3317 1063 3367 est
1099 3313 1405 3383 praedictas
1453 3315 1816 3370 diatessaron
1857 3318 1914 3368 et
1943 3316 1985 3382 C
2025 3328 2227 3366 corum
2261 3326 2639 3374 consensum,
2674 3310 3024 3408 imo.contra
3054 3309 3241 3409 ipsius
3269 3311 3407 3380 jura
3437 3313 3682 3409 naturae,

245 3399 526 3470 diapente
557 3399 809 3470 species,
841 3399 912 3454 de
943 3400 1266 3471 purissimo
1297 3402 1454 3457 fonte
1477 3403 1735 3468 eductas,
1760 3407 1915 3458 recto
2024 3401 2228 3456 eadem
2252 3400 2420 3472 signa
2439 3399 2496 3454 in
2522 3416 2676 3454 nona
2695 3399 2894 3470 potius
2917 3416 3092 3470 quam
3114 3402 3316 3454 octava
3335 3401 3570 3470 regione
3590 3419 3685 3458 ve-

246 3489 459 3544 ordine
474 3506 603 3544 esse
627 3487 998 3561 diepositas?
1024 3507 1157 3544 cum
1193 3491 1315 3562 ipse
1342 3493 1582 3562 junctzn,
1612 3496 1675 3546 ut
1698 3509 1913 3563 prmec-

247 3577 404 3632 dens
435 3582 727 3633 monstrat
758 3578 967 3650 figura,
1008 3579 1206 3635 omnia
1244 3581 1616 3647 octoehorda,
1656 3581 1764 3635 hoc
1801 3587 1912 3652 est,

244 3666 541 3737 cujusque
561 3667 716 3738 tropi
736 3667 1020 3739 diapason
1047 3685 1080 3722 a
1101 3669 1356 3740 propriis
1377 3669 1588 3724 litteris
1612 3670 1914 3726 inchoave-

247 3754 401 3820 rint,
425 3755 827 3824 mediaverint,
852 3756 1249 3824 exaltaverint,
1276 3758 1552 3813 finierint.
1572 3760 1734 3813 Sicut
1753 3760 1910 3814 enim

245 3844 382 3898 duae
416 3843 676 3898 minores
708 3845 1097 3916 symphoniae,
1134 3847 1287 3917 quod
1321 3864 1495 3901 suum
1541 3857 1647 3916 est,
1682 3849 1912 3903 duabus

245 3931 673 4004 inmqualibus,
698 3933 797 3988 sed
823 3937 1018 3988 tamen
1037 3935 1513 4006 propriislitteris
1535 3936 1908 4005 clauduntur,

239 4021 329 4075 sic
348 4025 593 4076 econtra
612 4021 889 4087 maxima,
918 4022 974 4076 id
996 4027 1084 4078 est
1104 4023 1406 4096 diapason,
1429 4028 1584 4095 quod
1604 4042 1775 4080 suum
1801 4031 1907 4093 est,

239 4109 488 4164 duabus
518 4110 846 4182 zequalibus
879 4116 1110 4184 propter
1155 4112 1594 4183 requisonantire
1637 4119 1908 4170 naturam

234 4198 531 4270 utrinque
553 4199 958 4268 concluditur;
983 4201 1275 4257 mediatur
1291 4207 1487 4257 autem
1505 4203 1591 4258 vel
1605 4203 1910 4277 distingui-

233 4289 341 4341 tur
370 4304 493 4342 una
522 4287 820 4360 dissimili,
847 4290 946 4344 sed
977 4293 1175 4346 tamen
1227 4307 1388 4362 mque
1434 4292 1687 4364 propria.
1723 4295 1907 4362 Quod,

239 4375 408 4430 sicut
436 4374 610 4448 longe
640 4381 775 4432 ante
817 4377 1038 4433 dictum
1083 4383 1192 4444 est,
1228 4395 1342 4434 non
1378 4379 1592 4434 mirum
1627 4382 1797 4437 debet
1827 4385 1909 4437 vi-

241 4463 375 4519 deri
410 4481 591 4535 quare
621 4482 754 4520 cum
787 4466 1041 4539 propriis
1070 4465 1282 4523 litteris
1307 4471 1770 4542 unumquodque
1792 4473 1911 4528 dia-

237 4557 518 4609 tessaron
539 4553 771 4626 sibique
794 4556 1141 4612 conveniens
1165 4558 1436 4629 diapente
1457 4559 1666 4614 debeat
1701 4559 1757 4613 in
1785 4578 1908 4616 me-

239 4640 345 4697 dio
381 4641 641 4714 copulari
669 4661 681 4710 ;
710 4647 930 4710 tamen,
963 4663 1097 4700 cum
1130 4647 1399 4701 nandum
1434 4647 1540 4702 ibit
1561 4648 1637 4702 sit
1663 4649 1908 4721 aequiso-

241 4731 456 4787 nantia
485 4732 555 4786 ab
586 4731 681 4808 his
718 4749 846 4804 quae
894 4733 1174 4806 diapason
1227 4735 1529 4802 claudunt,
1586 4741 1914 4795 necessario

244 4823 427 4876 erunt
448 4820 711 4877 diversae.
737 4822 902 4878 Unde
921 4823 1094 4896 longe
1117 4841 1151 4879 a
1169 4825 1410 4879 veritate
1442 4825 1784 4881 discordant
1815 4831 1910 4900 qui

245 4909 373 4964 fere
395 4908 612 4981 ubique
635 4909 693 4964 in
720 4910 944 4982 quintis
975 4912 1120 4968 locis
1159 4913 1359 4968 eadem
1401 4912 1590 4985 signa,
1634 4917 1802 4986 quasi
1834 4917 1914 4972 ibi

250 4998 509 5070 perfecta
539 4999 858 5055 concordia
889 5001 986 5070 sit,
1025 5006 1268 5074 ponunt.
1325 5001 1552 5067 Quibus
1599 5004 1777 5059 etiam
1805 5005 1914 5062 hoc

249 5086 390 5144 vitio
411 5088 707 5161 contingit
729 5091 813 5160 ut,
837 5093 1040 5144 contra
1062 5106 1437 5145 communem
1460 5107 1692 5147 omnem
1731 5094 1914 5151 musi-

315 5285 519 5368 (1002),
539 5284 603 5339 In
646 5283 914 5366 margine
942 5283 1058 5339 alia
1088 5284 1330 5368 antiqua
1374 5301 1550 5368 manu
1574 5289 1914 5368 :dlmmobi-

246 5353 327 5417 les
355 5353 529 5415 vocat
565 5353 825 5427 species,
859 5372 984 5427 qum
1015 5359 1157 5410 sunt
1188 5353 1247 5409 in
1278 5373 1338 5410 se
1374 5355 1716 5415 inslitutivae
1747 5367 1913 5417 natu-

240 5433 658 5582 .De‘
682 5496 805 5582 hac
840 5496 1226 5582 dispositione
1267 5496 1437 5568 plura
1477 5499 1637 5582 dicta
1685 5505 1911 5559 suntin

229 5565 1028 5645 Mdsica'ﬂugbaldip.1;p.
1059 5570 1158 5626 152
1179 5572 1234 5623 et
1257 5565 1402 5639 seq.,
1435 5569 1532 5623 ubi
1559 5575 1752 5628 tamen
1772 5585 1914 5631 nen-

2028 3489 2222 3556 niant;
2244 3488 2629 3559 sicque,quod
2650 3487 2828 3541 nimis
2850 3488 3175 3542 absurdum
3195 3490 3304 3553 est,
3321 3487 3686 3546 characteres

2024 3582 2255 3631 tantum
2289 3593 2404 3630 non
2439 3593 2606 3630 voces
2636 3575 3026 3645 azqualitatem
3073 3575 3346 3629 habeant.
3400 3576 3685 3638 Quocirca

2023 3665 2157 3720 talis
2180 3663 2583 3734 dispositionis
2607 3663 2802 3718 studio
2828 3663 3286 3718 immerentibus
3307 3664 3685 3721 consideran-

2023 3755 2164 3809 dum
2180 3758 2267 3808 est
2284 3753 2437 3823 quod
2451 3795 2463 3817 ,
2485 3751 2582 3806 ubi
2601 3751 2881 3822 dissipata
2896 3751 3310 3824 principalium
3329 3751 3683 3810 chordarum

2023 3842 2378 3915 operatione,
2397 3842 2737 3914 perturbata
2755 3841 3082 3914 specierum
3101 3841 3544 3912 constitutione,
3567 3843 3684 3899 dis-

2015 3935 2172 4005 jccto
2205 3936 2507 4002 troporum
2541 3930 2764 3997 ordine,
2802 3929 2883 3985 nil
2928 3930 3045 3984 fere
3091 3928 3376 3994 veritatis,
3423 3929 3503 3983 nil
3537 3946 3684 4002 pene

2022 4019 2392 4076 certitudinis
2423 4023 2670 4088 constat,
2705 4018 2850 4074 nihil
2895 4035 2957 4074 se
2995 4034 3222 4084 verum,
3281 4017 3422 4072 nihil
3458 4022 3682 4076 certum

2021 4114 2253 4164 acturos
2269 4108 2476 4162 sciant.
2499 4107 2660 4172 Quod
2678 4113 2739 4162 ut
2757 4106 3130 4162 manifestius
3148 4107 3270 4173 ﬁat,
3287 4107 3552 4163 eamdem
3571 4110 3683 4165 sub

2021 4197 2209 4254 oculis
2240 4197 2683 4268 dispositionem
2721 4213 3032 4268 ponamus.

2142 4325 2184 4396 ἑ
2510 4321 2552 4395 ε
2581 4358 2590 4366 ο
2979 4307 3014 4381 ‘.
3317 4319 3360 4394 Ε

2131 4422 2195 4484 Α.
2229 4431 2406 4478 tonus;
2509 4419 2569 4482 Β.
2607 4420 2854 4477 semiton.
2965 4414 3185 4480 0.10m
3324 4414 3390 4482 IL

2136 4513 2182 4582 εἴ
2513 4501 2614 4582 J.
2973 4511 3010 4577 ί
3302 4483 3390 4582 ‘J’

2136 4513 2182 4586 .1
2513 4501 2614 4607 J,
2723 4601 2735 4612 .
2973 4511 3010 4577 ί
3302 4501 3387 4582 π

2132 4608 2191 4665 Α.
2229 4611 2405 4660 tonus.
2511 4601 2567 4660 Β.
2606 4611 2853 4656 ςεωιιοη.
2965 4597 3029 4660 C'.
3063 4606 3175 4654 ton.
3309 4596 3387 4660 ί).

2155 4689 2565 4769 ι’,Γ
2978 4676 3025 4751 δ’
3310 4677 3368 4758 Γ

2137 4785 2198 4842 Α.
2237 4781 2394 4838 tonus
2519 4775 2585 4842 Β,
2618 4781 2857 4834 semitm
2977 4771 3040 4838 C.
3081 4786 3168 4848 ton
3319 4771 3382 4834 υ,

2147 4872 2187 4930 τ
2501 4867 2540 4930 9
2961 4855 3005 4916 Χ
3315 4857 3358 4930 1

3315 4946 3390 5006 Ι).

2147 4872 2187 4944 ἵ
2501 4867 2540 4938 ’1
2716 4937 2735 4944 _
2961 4855 3005 4916 Χ

2139 4937 2201 5020 Ᾰ,
2233 4967 2403 5013 tonus.
2509 4937 2568 5015 Β.
2609 4937 2856 5009 seniiton.
2963 4951 3025 5012 C,
3060 4959 3169 5004 Ion.

2136 5066 2210 5110 *ν
2480 5048 2552 5108 ἠδ

2136 5143 2204 5202 Δ,
2238 5149 2410 5192 tonus.
2497 5127 2557 5195 Β,
2603 5129 2842 5185 semiton.
2883 5125 3086 5204 0003).

3418 4605 3530 4656 ωτι.

3431 4781 3483 4825 ιο

3420 4951 3511 5001 ton

2025 5294 2188 5367 nulla
2218 5297 2489 5367 notarum
2523 5296 2579 5347 et
2610 5291 2912 5367 signorum
2961 5295 3362 5367 discrepantia,
3401 5289 3677 5367 occurrit.

2027 5366 2232 5444 Primze
2280 5365 2359 5420 ibi
2411 5368 2546 5419 sunt
2588 5362 2935 5444 εττίῖθιιειητεξ,
2986 5367 3087 5421 sed
3139 5362 3272 5444 eum
3322 5363 3541 5444 xtloeo

2025 5419 2225 5492 alteras
2264 5419 2396 5492 vero
2444 5439 2769 5508 superiores,
2822 5419 2934 5492 sed,
2973 5439 3165 5507 cum/
3209 5436 3336 5491 loco
3383 5419 3446 5502 5;
3493 5433 3680 5508 tertia;

2024 5510 2236 5583 ﬁnales,
2263 5510 2371 5583 sed
2404 5506 2536 5564 cum
2569 5513 2592 5580 /
2623 5508 2748 5564 loco
2781 5510 2825 5564 Ν
2854 5528 2866 5577 ;
2903 5506 3370 5583 quartzegravcs,
3411 5506 3513 5562 sed
3545 5521 3679 5560 eum

2027 5585 2072 5634 N
2103 5579 2230 5636 loco
2262 5581 2327 5636 X.
