3964 6206
428 274 545 340 4M7

1258 272 1675 337 HERMANNI
1720 265 2163 335 CONTRACTI
2203 266 2623 337 AUGIENSIS
2669 264 3051 335 MONACHI.

3738 268 3853 349 ω

428 408 574 467 Nam
624 408 788 467 labor
830 410 1149 477 humanus,
1199 407 1428 479 sollers,
1482 409 1551 463 ad
1598 408 1762 462 lucra
1809 410 2073 478 paratus,
2104 405 2159 472 Α
2189 407 2344 471 Quos
2373 403 2496 460 ovis
2526 409 2582 460 et
2608 404 2813 477 quales
2844 407 3066 463 mundo
3097 406 3247 463 ferat
3272 405 3553 465 utilitates
3662 457 3667 461 .

502 501 609 557 Pro
641 518 755 573 quo
789 499 872 554 sic
905 500 1078 553 sudat
1110 515 1219 552 non
1256 497 1399 551 nihil
1433 514 1559 552 esse
1592 501 1799 569 putat;

429 588 585 646 Mille
619 589 806 643 modis
834 588 1033 642 tritum
1069 588 1418 642 transfertur
1449 587 1507 640 in
1559 586 1768 641 horrea
1798 601 2075 656 granum,

499 680 639 732 Cum
675 693 775 747 per
805 693 1111 747 pressuras
1142 676 1363 731 exuerit
1394 675 1608 746 paleas.

424 765 551 820 Non
584 765 759 820 cellas
792 766 1068 830 subeunt,
1105 783 1217 818 non
1253 782 1416 835 rcges
1449 772 1618 818 antea
1649 768 1901 835 pascunt

496 856 678 919 Quam
713 859 949 908 careant
978 855 1163 908 acinis
1194 854 1378 907 libera
1408 855 1541 907 vina
1572 853 1716 908 suis.

422 943 642 998 Tunsio
666 944 867 997 crebra
902 950 1063 1013 parat
1090 944 1244 1014 quod
1280 943 1499 1014 templa
1530 960 1671 997 suus
1696 941 1843 1014 lapis
1861 944 2031 996 ornat
2058 958 2069 995 :

493 1033 586 1086 Sic
616 1032 855 1103 capiunt
887 1034 1103 1086 formas
1136 1032 1298 1101 ligna
1328 1032 1523 1085 dolata
1556 1049 1713 1085 suas.

420 1120 542 1188 Vis,
576 1138 874 1192 pressura,
908 1138 1129 1187 cruces,
1166 1126 1473 1189 tormenta,
1528 1120 1802 1191 pericula,
1856 1123 2070 1174 mortes

488 1210 735 1264 Praemia
766 1210 1112 1281 promeritus
1146 1210 1453 1279 puriticant
1484 1210 1731 1264 animas.

417 1298 760 1353 Subsidium
793 1298 895 1353 lini
929 1299 1131 1369 quaerit
1163 1298 1493 1369 respublica
1540 1296 1784 1361 mundi;

488 1386 733 1441 Publica
762 1404 939 1441 causa
972 1388 1132 1458 petit,
1168 1386 1402 1457 publica
1434 1403 1572 1439 cura
1603 1385 1758 1440 colit.

420 1475 482 1530 In
510 1492 821 1531 commune
854 1480 1062 1545 rogant
1092 1492 1157 1530 ac
1190 1476 1248 1529 in
1283 1492 1595 1530 commune
1624 1474 1926 1539 laborant;

490 1565 904 1637 Unusquisque
938 1564 1061 1619 suis
1086 1581 1177 1618 me
1211 1568 1376 1635 parat
1410 1563 1640 1619 officiis.

416 1652 599 1709 Unica
626 1671 717 1708 res
747 1654 935 1707 linum
971 1671 1147 1725 quam
1181 1653 1457 1709 Conditor
1487 1652 1628 1707 utile
1660 1652 1879 1706 donum

487 1743 683 1798 Rebus
715 1743 1031 1797 mundanis
1065 1747 1194 1813 post
1223 1741 1510 1796 elementa
1551 1740 1743 1795 dedit!

413 1832 522 1887 Sed
554 1832 691 1903 quia
725 1848 817 1886 me
847 1832 957 1885 sub
991 1831 1162 1902 aquis
1193 1830 1336 1885 solvi
1367 1830 1674 1902 putredine
1704 1829 1871 1895 dicis,

486 1920 547 1974 In
577 1924 634 1974 te
666 1924 824 1974 verte
854 1926 1008 1985 tuos,
1039 1924 1104 1973 ut
1129 1924 1343 1983 taceas,
1376 1918 1597 1974 oculos.

410 2008 457 2063 A
486 2009 642 2081 turpi
674 2008 863 2080 turpis
896 2011 1188 2063 abstracta
1218 2010 1494 2063 cadavere
1526 2007 1695 2080 pellis

481 2099 544 2153 In
573 2101 793 2153 tectum
825 2098 1080 2152 trahitur
1110 2097 1228 2152 sole
1263 2102 1521 2152 cremata
1552 2097 1651 2150 diu

409 2186 479 2241 Et
507 2186 683 2241 simul
702 2187 762 2240 in
791 2191 953 2241 cocto
986 2186 1263 2256 nigressit
1293 2191 1415 2239 tota
1446 2200 1665 2239 veneno
1693 2202 1705 2252 ;

480 2275 759 2330 Indurata
788 2275 967 2329 subiti
1000 2274 1208 2329 balnea
1238 2274 1416 2345 digna
1448 2273 1581 2329 sibi.

407 2361 619 2417 Balnea
648 2364 731 2417 sic
757 2363 929 2417 farris
962 2366 1017 2417 et
1047 2379 1211 2433 aqua)
1236 2361 1514 2416 confectio
1546 2361 1737 2433 putris
1766 2379 1779 2429 ;

476 2450 660 2505 Vilior
690 2452 748 2505 in
779 2450 878 2505 vili
910 2468 1043 2505 vase
1078 2450 1365 2521 putrescis
1399 2450 1501 2505 ibi.

408 2537 514 2594 Hic
547 2540 647 2611 qui
679 2544 735 2594 te
759 2540 984 2609 mersit,
1018 2539 1249 2611 quoties
1282 2544 1335 2594 te
1368 2539 1519 2594 fuste
1545 2540 1821 2606 movebit,

482 2629 665 2685 Nares
696 2628 1024 2700 distorquet
1054 2633 1110 2684 et
1139 2633 1318 2701 caput
1350 2628 1484 2684 hinc
1517 2634 1791 2684 removet.

412 2717 637 2773 Tantus
668 2717 824 2773 enim
857 2734 984 2773 sese
1006 2718 1173 2773 fcetor
1202 2719 1499 2790 protendit
1528 2718 1746 2790 ubique

484 2807 555 2863 Ut
587 2806 810 2878 fugiant
842 2807 953 2879 ipsi
984 2824 1133 2879 szepe
1164 2808 1407 2863 domum
1439 2808 1661 2863 domini
1689 2807 1700 2861 Ι

403 2896 619 2951 Cretera
647 2914 794 2968 quos
826 2895 1055 2963 sileam,
1101 2915 1237 2953 nam
1272 2897 1525 2969 plurima
1573 2902 1775 2953 caetera
1816 2900 2059 2964 restant,

481 2983 736 3041 Ulterius
767 2985 883 3041 noli
919 2985 1311 3058 multiplicare
1342 2984 1523 3054 loqui.

1163 3092 1309 3130 OVIS.

2258 492 2434 550 Plura
2461 511 2566 551 nec
2597 499 2903 551 enumerat
2933 495 3207 552 Flandria
3238 496 3287 553 si
3320 496 3535 570 cupiat.

2916 602 3101 640 LINUM

2186 672 2467 727 Humanis
2500 674 2695 740 rebus,
2727 689 2915 745 neque
2937 674 3094 728 enim
3125 674 3234 729 tibi
3266 691 3741 749 verauegamus,

2255 761 2506 817 Maxima
2537 768 2675 817 sunt
2704 763 2885 818 vestis
2916 768 2972 818 et
3002 762 3191 829 cibus,
3220 769 3285 819 ut
3311 764 3571 837 loqueris
3601 784 3617 834 ;

2181 851 2290 905 Sed
2343 851 2471 906 sine
2495 855 2551 906 te
2580 857 2792 921 vestes,
2841 852 2968 907 sine
2998 856 3054 908 te
3083 851 3172 907 lac
3203 854 3461 910 mundus
3490 854 3747 913 haberet

2252 939 2489 1012 Absque
2520 944 2617 996 tuo
2643 958 2945 997 removens
2976 941 3163 1014 frigus
3192 947 3249 997 et
3277 944 3553 999 esuriem.

2184 1030 2247 1083 In
2281 1031 2337 1083 te
2367 1046 2470 1100 per
2500 1028 2740 1084 stultam
2773 1030 2929 1100 quod
2960 1031 3046 1085 vis
3080 1033 3397 1087 transferre
3420 1033 3720 1104 rapinam,

2252 1117 2539 1173 Omnibus
2570 1136 2604 1173 a
2634 1118 2879 1190 reliquis
2911 1119 2968 1174 id
3001 1136 3297 1176 removere
3328 1121 3515 1192 cupis,

2181 1206 2251 1260 Et
2278 1206 2417 1261 dum
2454 1211 2508 1263 te
2537 1206 2767 1275 laudas,
2794 1208 2912 1263 imo
2942 1208 3181 1264 laudare
3220 1209 3476 1277 laboras,

2251 1294 2401 1349 Laus
2424 1300 2525 1350 tua
2555 1295 2630 1351 sit
2675 1296 2879 1351 multis
2912 1297 3204 1353 invidiosa
3242 1298 3445 1355 nimis.

2180 1383 2319 1448 Quis
2343 1401 2651 1440 numerare
2677 1389 2852 1457 queat
2883 1386 2955 1441 ad
3002 1385 3222 1442 victum
3271 1392 3498 1458 quanta
3544 1389 3828 1451 ministrat

2252 1472 2460 1528 Omnia
2480 1473 2628 1529 dans
2660 1473 2883 1529 homini
2914 1474 3080 1547 larga
3110 1492 3325 1532 manus
3348 1476 3626 1534 Domini?

2179 1562 2329 1626 Quot
2349 1561 2466 1616 sint
2496 1563 2567 1616 ad
2602 1568 2787 1618 vestes
2815 1580 2941 1635 quae
2972 1566 3115 1620 dant
3157 1564 3438 1623 animalia
3469 1565 3690 1639 pelles?

2252 1650 2463 1722 Ingens
2493 1654 2595 1705 aut
2625 1650 2845 1722 nullus,
2870 1656 2935 1707 ut
2966 1669 3115 1721 reor,
3150 1658 3240 1708 est
3269 1665 3573 1712 numerus.

2180 1739 2265 1793 Tu
2296 1754 2528 1810 quoque
2559 1740 2725 1796 testis
2756 1741 2893 1806 eris,
2928 1741 2977 1796 si
3008 1746 3239 1798 tantum
3265 1759 3402 1800 vera
3424 1744 3645 1813 fateris,

2249 1827 2527 1883 Nostrum
2560 1828 2825 1884 subsidio
2854 1829 3093 1902 dignius
3123 1847 3255 1887 esse
3282 1834 3407 1887 tuo.

2177 1914 2495 1971 Multorum
2522 1933 2827 1989 nunquam
2856 1923 2913 1973 te
2942 1919 3188 1992 contigit
3226 1937 3371 1976 usus
3399 1920 3462 1976 in
3491 1938 3711 1991 escam;

2248 2006 2358 2060 Lac
2389 2022 2620 2077 quoque
2639 2006 2726 2061 vel
2758 2023 3031 2079 pressum
3061 2008 3151 2063 vel
3182 2009 3420 2081 fugiunt
3439 2009 3737 2082 liquidum.

2176 2094 2277 2148 Est
2305 2098 2407 2148 tua
2438 2111 2571 2149 eum
2602 2094 2772 2169 pellis
2802 2100 2906 2151 aut
2934 2101 3143 2153 caetera
3171 2096 3343 2154 lanea
3375 2099 3570 2168 vestis,

2246 2182 2555 2255 Spernitur
2583 2189 2686 2239 aut
2713 2183 2848 2240 vilis
2871 2190 2972 2241 aut
3002 2185 3142 2257 quia
3169 2186 3297 2243 visa
3325 2187 3535 2260 gravis.

2175 2270 2269 2327 Sic
2299 2288 2401 2327 ove
2434 2288 2585 2346 saepe
2606 2276 2762 2328 caret
2791 2289 3141 2347 semperque
3172 2292 3369 2331 carere
3401 2275 3630 2345 valeret,

2246 2361 2358 2417 Sed
2381 2378 2685 2433 nunquam
2712 2360 2831 2417 lino
2863 2362 3060 2419 nudus
3097 2361 3347 2419 habetur
3375 2364 3555 2421 homo
3581 2383 3595 2432 ;

2172 2450 2434 2522 Denique
2464 2454 2585 2505 tam
2615 2455 2871 2523 gratum,
2904 2456 3027 2507 tam
3061 2451 3405 2509 delectabile
3439 2455 3674 2524 donum,

2241 2543 2450 2594 Secum
2480 2543 2669 2611 gestat
2700 2540 2874 2596 homo
2904 2544 3165 2614 tempore
3195 2546 3506 2616 perpetuo.

2173 2637 2376 2694 Gestat
2396 2654 2530 2693 cum
2563 2654 2726 2707 cura,
2756 2655 2891 2695 cum
2922 2638 3321 2697 sollicitudine
3351 2658 3613 2713 summa,

2240 2726 2530 2799 Astringit
2555 2727 2821 2799 propius,
2857 2728 3117 2801 applicat
3146 2729 3394 2787 interius
3423 2750 3440 2799 ;

2171 2813 2443 2887 Applicat
2472 2814 2738 2881 interius,
2764 2816 2952 2871 nudos
2981 2816 3257 2889 astringit
3286 2818 3359 2873 ad
3390 2822 3580 2887 artus,

2241 2904 2550 2974 Tanquam
2582 2904 2758 2972 dicat,
2789 2906 2936 2960 Amo
2967 2907 3123 2977 quod
3156 2905 3304 2963 mihi
3333 2906 3427 2963 sic
3458 2907 3631 2965 socio.

2170 2992 2231 3048 Si
2259 2992 2357 3048 nix
2385 2996 2488 3048 aut
2515 2992 2723 3062 imber,
2759 2997 2860 3049 aut
2888 2994 3165 3051 turbidus
3196 2994 3371 3051 irruit
3401 3012 3528 3065 aer,

2242 3080 2487 3147 Cautus,
2511 3096 2676 3135 ovem
2708 3085 2971 3138 nostram
2999 3081 3180 3138 tradit
3209 3083 3282 3139 ad
3308 3084 3681 3157 obsequium.

407 3165 600 3230 Quum
640 3166 696 3219 te
727 3162 1087 3236 magnificas,
1121 3180 1302 3236 quum
1336 3164 1407 3219 de
1456 3168 1513 3219 te
1561 3164 1806 3237 grandia
1845 3164 2056 3235 jactes,
2088 3149 2131 3218 Ο
2171 3170 2253 3226 Te
2282 3169 2461 3224 tradit
2497 3170 2687 3225 ventis
2717 3170 3011 3243 obicitque
3042 3171 3378 3230 furentibus
3418 3149 3614 3243 auris;

478 3250 540 3308 Si
566 3256 810 3319 taceam,
845 3257 1081 3325 reputor
1112 3253 1357 3308 forsitan
1385 3252 1641 3308 inferior.

406 3341 720 3398 Sufficiunt
749 3342 1056 3397 hominum
1090 3342 1215 3397 vita:
1249 3343 1364 3397 duo
1398 3340 1653 3396 maxima
1683 3357 1919 3397 rerum:

476 3430 723 3504 Frigora
742 3432 921 3487 vestis
952 3449 1156 3503 agens,
1188 3449 1319 3486 esca
1349 3432 1563 3486 famem
1597 3447 1936 3487 removens:

404 3520 691 3577 Humanis
721 3521 895 3576 rebus
926 3538 1041 3576 non
1072 3525 1161 3576 est
1191 3538 1324 3593 spes
1357 3520 1539 3575 altera
1563 3537 1839 3593 prorsus:

475 3609 594 3665 Hoc
626 3627 844 3666 munus
874 3611 1177 3683 geminum
1210 3609 1347 3665 tolle
1378 3609 1463 3664 vel
1495 3608 1643 3664 alter
1673 3614 1894 3665 utrum.

403 3699 658 3772 Utraque
685 3699 866 3755 mittit
904 3700 1047 3767 ovis,
1080 3699 1411 3772 prepellens
1442 3699 1658 3771 frigora
1687 3697 1860 3767 lanis,

470 3787 719 3844 Eliciens
753 3790 813 3860 [ι.
848 3790 984 3860 que]
1016 3789 1176 3845 cibos
1208 3791 1384 3844 ubere
1428 3793 1749 3844 nectareos.

402 3877 703 3934 Perfundit
732 3883 883 3933 totas
916 3883 1081 3949 grata
1112 3878 1420 3934 dulcedine
1461 3895 1636 3934 venas

475 3965 575 4022 Ille
606 3983 809 4023 recens
848 3966 1119 4032 haustus,
1152 3967 1291 4022 dum
1326 3967 1522 4039 liquor
1545 3972 1635 4022 est
1662 3966 1888 4023 calidus
1915 3986 1928 4033 ;

402 4059 545 4111 Cum
576 4056 766 4128 friget,
802 4057 1000 4111 tritam
1032 4057 1081 4111 si
1108 4055 1192 4111 vis
1224 4059 1468 4112 miscere
1491 4056 1806 4128 polentam,

476 4145 694 4200 Mirans
717 4146 948 4214 jurabis
973 4150 1172 4199 nectar
1202 4147 1407 4200 adesse
1430 4145 1608 4199 Jovis.

404 4234 470 4290 In
502 4232 760 4288 solidum
790 4238 979 4289 vertes
1012 4234 1139 4301 hoe,
1175 4234 1221 4288 si
1252 4233 1637 4289 medicamine
1666 4237 1893 4306 tanges,

478 4325 697 4393 Estque
726 4338 827 4393 per
853 4322 961 4377 hoc
991 4322 1187 4394 ipsum
1219 4321 1388 4376 dulce
1420 4321 1574 4392 quod
1605 4325 1695 4376 est
1728 4322 1984 4391 acidum,

406 4410 589 4482 quue
619 4427 797 4482 super
825 4410 1053 4482 lignum
1094 4426 1198 4481 per
1245 4410 1431 4464 densa
1476 4408 1720 4481 coagula
1763 4426 2054 4482 pressum,

478 4501 529 4552 A
560 4494 748 4553 lbrma
776 4503 1019 4553 teretem
1054 4497 1300 4569 suscipit
1328 4496 1603 4568 effigiem.

409 4587 470 4645 Si
499 4590 767 4643 tenerum
807 4587 1100 4654 comedas,
1150 4602 1265 4640 non
1303 4585 1487 4641 deerit
1534 4585 1705 4657 plena
1750 4586 2057 4662 voluptas;

483 4677 543 4733 Si
570 4692 801 4733 servare
832 4674 1010 4743 voles,
1045 4680 1309 4745 tempora
1339 4674 1527 4730 multa
1557 4679 1739 4747 potes.

408 4768 512 4825 Est
542 4766 640 4822 ubi
673 4783 789 4822 non
821 4764 1050 4820 modico
1084 4763 1257 4819 datus
1287 4763 1574 4820 indivisus
1612 4782 1741 4821 ceno

481 4857 615 4913 Solo
638 4857 775 4928 jure
807 4871 947 4911 suos
976 4857 1176 4910 coetus
1206 4853 1309 4909 alit
1340 4853 1629 4910 dominos.

412 4948 513 5004 Est
543 4963 688 5019 gens
720 4962 847 5016 quae
879 4944 1059 4998 mixto
1093 4943 1228 5000 facit
1259 4944 1392 4999 hinc
1434 4943 1545 4999 sibi
1594 4944 1814 5002 fercula
1856 4946 2057 5017 lardo;

411 5028 429 5063 ί
483 5034 749 5093 Vescitur
779 5039 835 5089 et
864 5033 1063 5089 crudis
1094 5034 1327 5090 crudior
1358 5035 1483 5107 ipsa
1516 5034 1685 5090 cibis.

413 5123 573 5181 Mille
596 5139 759 5178 meas
788 5122 938 5178 vires
968 5124 1331 5195 perpendens
1366 5124 1640 5181 Flandeia
1669 5123 1900 5195 sollers,

485 5211 639 5268 Mille
666 5212 856 5268 modis
882 5229 1074 5268 rerum
1101 5214 1187 5269 lac
1212 5213 1353 5269 facit
1374 5214 1455 5268 ire
1484 5230 1704 5283 meum,

413 5303 544 5359 Haec
568 5306 627 5357 et
652 5301 709 5355 in
740 5301 1055 5376 oblongum
1089 5305 1347 5361 formans
1379 5302 1466 5359 lac
1499 5303 1716 5377 pingue
1759 5305 2059 5379 butyrum,

485 5392 610 5447 Non
644 5406 835 5447 escam
868 5397 1122 5459 tantum,
1157 5394 1257 5449 sed
1293 5393 1430 5449 facit
1460 5392 1813 5460 antidotum,

415 5480 605 5538 Laetis
634 5484 691 5536 et
718 5483 957 5539 emerito
986 5482 1216 5556 replens
1246 5500 1356 5538 sua
1384 5481 1542 5537 dolia
1582 5498 1776 5551 succo,

487 5569 735 5631 Restans
764 5571 998 5629 ﬁscellis
1023 5574 1120 5643 jus
1151 5571 1390 5627 adhibet
1413 5570 1630 5643 pateris
1654 5588 1667 5638 ;

2236 3260 2317 3314 Te
2349 3258 2448 3313 nix
2472 3258 2792 3330 perfundit,
2828 3262 2885 3315 te
2917 3275 3149 3332 quoque
3180 3262 3411 3334 grando
3447 3263 3664 3336 quatit;

2164 3348 2260 3403 Sic
2290 3348 2684 3419 intempestus
2715 3347 2939 3418 quoties
2969 3349 3291 3406 occurrerit
3319 3356 3521 3409 aestus

2240 3439 2373 3509 Ipsa
2401 3436 2522 3509 pati
2557 3436 2828 3492 flammas
2858 3438 3083 3510 cogeris
3113 3438 3323 3494 aerias.

2165 3526 2395 3582 Interea
2425 3525 2576 3581 lenis
2609 3525 2984 3598 pretiosaque
3012 3526 3168 3584 linea
3195 3528 3378 3584 vestis

2238 3616 2403 3670 Intus
2434 3618 2563 3670 tuta
2593 3614 2757 3680 latet,
2790 3614 3026 3688 frigore,
3061 3614 3184 3671 sole
3213 3619 3399 3671 caret.

2165 3704 2341 3760 Tecta
2370 3707 2578 3776 tegunt
2608 3702 2899 3772 homines,
2932 3702 3079 3776 ligni
3108 3704 3445 3776 praecordia
3471 3709 3693 3773 cortex;

2234 3793 2408 3849 Tecta
2436 3793 2562 3848 suis
2589 3791 2837 3860 nucleis,
2868 3796 2925 3849 et
2954 3793 3101 3848 mihi
3132 3793 3311 3850 servit
3351 3795 3508 3852 ovis.

2165 3880 2360 3938 Gloria
2390 3896 2606 3953 magna
2633 3880 2742 3936 tibi
2769 3882 2779 3936 ι
2806 3880 3002 3937 laetare
3032 3883 3188 3955 quod
3218 3882 3331 3938 hoc
3362 3883 3649 3951 meruisti,

2238 3970 2309 4026 Ut
2338 3974 2550 4026 natura
2579 3969 2727 4025 meis
2758 3973 2814 4025 te
2844 3974 3011 4042 paret
3031 3971 3357 4043 obsequiis.

2917 4076 3067 4116 OVIS.

2166 4148 2274 4204 Pro
2306 4152 2360 4203 te
2382 4147 2561 4204 verba
2590 4148 2734 4203 facis
2765 4151 2821 4204 et
2851 4152 2983 4221 eget
3009 4153 3111 4205 tua
3140 4148 3328 4222 gloria
3358 4150 3586 4218 verbis;

2233 4237 2395 4301 Quod
2426 4237 2590 4292 deest
2616 4236 2830 4304 officio,
2864 4237 3109 4311 corrigis
3139 4237 3400 4312 eloquio.

2163 4327 2273 4384 Sed
2309 4326 2528 4381 frustra
2557 4329 2786 4393 tenues,
2822 4326 2939 4382 imo
2970 4330 3217 4383 tenuare
3246 4326 3511 4396 laboras,

2236 4417 2384 4472 Tam
2414 4431 2726 4471 commune
2757 4416 2978 4472 bonum
3011 4416 3169 4488 quod
3219 4416 3440 4491 refugit
3477 4424 3784 4477 numerum.

2090 4524 2138 4589 Ι)
2167 4505 2229 4562 Si
2260 4504 2404 4561 dant
2432 4504 2506 4559 ad
2536 4506 2726 4560 vestes
2756 4502 3036 4560 animalia
3066 4503 3326 4577 plurima
3354 4504 3560 4578 pelles,

2243 4594 2435 4649 Pauca
2463 4592 2658 4647 ferunt
2685 4590 2897 4660 vellus,
2929 4591 3113 4658 nulla,
3148 4608 3298 4663 reor,
3312 4593 3540 4665 potius.

2170 4686 2350 4752 Lana,
2371 4685 2536 4756 patet
2564 4680 2793 4736 cunctis
2824 4681 2981 4754 quod
3013 4682 3275 4738 conferat
3303 4680 3608 4738 utilitatis:

2244 4773 2435 4829 Pauca
2462 4775 2661 4827 tamen
2693 4769 2964 4840 referam,
2998 4787 3070 4825 ne
3099 4770 3336 4844 penitus
3365 4769 3590 4827 sileam.

2171 4862 2279 4918 Per
2299 4876 2362 4917 se
2391 4860 2528 4916 lana
2556 4858 2768 4931 placet,
2800 4875 2904 4931 per
2931 4876 2995 4915 se
3024 4858 3307 4933 nigrescit
3333 4863 3391 4915 et
3420 4858 3591 4923 albet,

2245 4950 2353 5005 Per
2382 4966 2444 5006 se
2476 4946 2833 5020 multiplices
2865 4952 3073 5022 sponte
3100 4948 3254 5022 gerit
3272 4946 3535 5022 species:

2173 5045 2330 5095 Lana
2354 5037 2544 5111 placet
2572 5036 2858 5109 simplex:
2900 5038 3241 5112 peregrinos
3271 5037 3422 5093 adde
3451 5032 3699 5093 colores;

2245 5129 2430 5184 Fucos
2462 5126 2727 5200 Assyrios
2758 5125 2992 5182 exhibet
3020 5131 3078 5183 et
3100 5126 3327 5200 Tyrios,

2171 5218 2318 5273 Nam
2352 5217 2416 5287 [ι.
2444 5221 2578 5283 non]
2600 5218 2685 5272 tot
2705 5214 2926 5272 habent
2944 5214 3170 5288 species
3191 5211 3406 5272 famosi
3432 5207 3637 5267 vellere
3650 5201 3795 5259 Seres

2244 5306 2356 5361 Par
2387 5320 2619 5377 quoque
2648 5304 2883 5376 Corycio
2915 5309 3118 5361 nostra
3145 5305 3336 5378 figura
3356 5315 3544 5358 croco.
3632 5380 3643 5382 ξ
3754 5370 3764 5382 ,

2173 5398 2473 5463 Quantum
2488 5409 2601 5448 non
2622 5392 2889 5466 sanguis,
2907 5410 3023 5449 non
3038 5394 3147 5461 sol,
3170 5410 3286 5450 non
3307 5392 3545 5447 ﬂamma
3563 5372 3792 5439 rubescit

2246 5485 2392 5539 Tam
2426 5481 2643 5538 rubens
2671 5476 2879 5539 rutilas
2905 5486 3086 5551 veste,
3121 5482 3418 5551 Britanne,
3462 5488 3605 5539 me!»
3710 5546 3740 5557 __

2173 5574 2333 5631 Dura
2361 5569 2620 5642 quidem,
2651 5570 2848 5629 tenuis
2889 5571 3014 5628 sine
3066 5571 3246 5630 floeco
3290 5569 3576 5643 planaque
3613 5552 3791 5616 vestiti.
