3964 6206
107 378 233 444 ιιι

190 512 366 571 Lenis
386 510 449 567 in
482 513 713 568 attactu
748 525 853 566 nec
887 509 1162 565 minusin
1196 508 1415 565 intuitu
1445 508 1567 577 (sic)

118 601 328 673 Gallia,
360 614 541 674 quam
560 599 862 672 quondam
885 602 1104 654 veteres
1135 597 1329 653 dixere
1356 598 1677 659 Comatam,

194 690 374 745 Addit
398 687 786 761 multiplicem
817 686 1132 743 velleribus
1161 686 1437 758 speciem.

121 783 281 836 Gens
308 778 482 834 varia:
512 776 729 833 mentis
758 777 928 831 varias
958 774 1083 830 vult
1111 774 1374 846 tegmina
1401 773 1599 840 vestis,

192 867 367 924 Veste
398 866 657 939 probans
687 864 871 921 animi
906 864 1230 920 mobilitate
1261 864 1404 935 geri.

120 955 280 1013 Mille
309 956 465 1029 gerit
493 955 688 1011 varias
717 953 811 1009 hic
842 953 901 1008 in
936 970 1051 1009 uno
1081 952 1337 1024 tegmine
1363 951 1576 1023 virgas,

193 1042 458 1101 Discolor
486 1047 552 1099 ut
579 1043 939 1114 virga,virga
977 1041 1055 1097 sit
1081 1046 1146 1096 ut
1171 1039 1415 1111 reliqua.

122 1133 236 1188 Hic
261 1132 558 1205 reliquum
592 1146 809 1203 corpus
841 1129 1063 1185 albenti
1087 1128 1296 1184 vellere
1326 1132 1535 1195 tectus,

200 1221 326 1277 Hac
356 1221 525 1287 viret,
567 1225 659 1276 ast
690 1219 809 1276 alia
839 1220 1097 1275 rubbeus
1130 1223 1187 1274 et
1217 1217 1466 1272 manica.

122 1308 236 1365 Hic
265 1326 373 1366 sua
401 1324 503 1381 per
517 1309 787 1381 geminas
814 1309 954 1363 dum
980 1307 1150 1362 findit
1180 1305 1357 1379 pallia
1386 1306 1626 1372 caudas,

196 1398 482 1454 Rusticus
516 1401 605 1454 est
629 1398 745 1453 nisi
781 1398 858 1453 sit
890 1395 1147 1452 discolor
1171 1396 1291 1451 hinc
1314 1394 1449 1463 alii;

121 1487 239 1543 Sed
274 1502 412 1542 cum
446 1484 795 1558 multiplicis
814 1502 961 1558 gens
1005 1484 1127 1540 haec
1185 1487 1526 1555 tegumenta
1581 1480 1791 1538 coloris

195 1575 627 1647 Unusquisque
650 1592 825 1631 suum
843 1579 1142 1646 comparet
1171 1574 1243 1630 ad
1274 1573 1559 1643 studium,

123 1666 290 1722 Hanc
318 1669 523 1721 tamen
555 1664 856 1737 egregium
888 1663 1027 1718 facit
1055 1662 1177 1718 haec
1199 1662 1495 1735 provincia
1531 1676 1792 1733 pannum

194 1754 309 1817 Qui
341 1753 493 1810 viret
519 1757 625 1809 aut
655 1751 903 1825 glaucus
937 1756 1039 1808 aut
1097 1752 1267 1823 quasi
1299 1751 1601 1806 caeruleus.

127 1845 251 1900 Has
280 1846 479 1900 vestes
504 1840 765 1899 dominis
788 1842 1125 1912 gestandas,
1158 1840 1451 1908 Flandria,
1476 1838 1664 1894 mittis

203 1933 332 1988 Has
366 1931 544 1987 ﬂocco
564 1930 1065 2003 crispans,leniter
1090 1929 1198 1986 has
1227 1928 1511 1985 solidans.

124 2023 220 2077 Tu
244 2020 451 2076 fucare
483 2020 674 2076 modis
705 2034 838 2076 mea
865 2018 1096 2085 vellera,
1128 2016 1685 2083 Theutone,nescis:

196 2110 321 2167 Nec
353 2113 552 2166 tamen
585 2108 701 2164 ista
733 2124 948 2164 manus
969 2112 1060 2164 est
1087 2124 1336 2180 operosa
1354 2106 1572 2162 minus.

124 2199 313 2255 Docto
338 2202 611 2254 versatas
641 2202 847 2254 tenues
870 2197 929 2252 in
949 2196 1156 2269 pollice
1186 2196 1354 2253 lanas

201 2287 527 2343 Transfers
560 2286 633 2342 ad
666 2285 862 2342 tenuis
892 2284 1134 2341 delicias
1164 2285 1376 2357 operis.

123 2375 388 2448 Tingee,
418 2375 640 2443 Rhene,
672 2374 827 2430 leves
858 2374 1103 2447 pulchra
1134 2374 1437 2445 nigredine
1478 2376 1689 2438 vestes,

209 2463 567 2536 Virginibus
596 2464 786 2520 mittis
807 2463 1236 2535 ordinibusque
1265 2462 1469 2518 sacris.

126 2552 368 2609 Suevia
396 2554 495 2609 dat
524 2552 684 2610 rufos
714 2569 831 2609 non
871 2554 1050 2609 tincto
1080 2551 1291 2608 vellere
1320 2568 1582 2625 pannos:

202 2641 320 2698 His
348 2657 556 2714 regum
586 2640 792 2713 pelles,
825 2641 919 2697 his
940 2642 1131 2713 operit
1151 2656 1441 2713 proceres.

124 2730 243 2787 Est
273 2728 477 2786 colore
520 2730 672 2798 rufo,
692 2729 863 2785 viridi
886 2730 1184 2786 confectus
1214 2734 1272 2785 et
1301 2728 1456 2795 albo,

210 2821 408 2885 Quem
434 2819 651 2875 flavum
682 2819 833 2875 dicis
860 2818 909 2875 si
943 2822 1177 2892 proprie
1205 2818 1465 2890 loqueris
1488 2837 1502 2885 ;

130 2911 316 2964 Hanc
338 2909 599 2980 speciem
632 2908 842 2979 pannis
870 2907 1130 2963 innatam
1154 2911 1363 2979 sponte
1390 2905 1623 2972 coloris,

200 2997 441 3067 Hister,
482 2996 739 3053 amanda
758 3013 930 3068 paras
955 2996 1192 3069 regibus
1223 2996 1293 3051 ad
1327 2995 1579 3051 tunicas.

117 3084 373 3141 Nobilis
405 3084 528 3142 ha‘c
561 3083 709 3140 nulli
730 3085 906 3141 vestis
938 3082 1312 3157 penetrabilis
1341 3084 1539 3151 imbri,

201 3173 311 3231 Nil
341 3174 524 3230 habet
541 3173 653 3229 hoo
684 3174 877 3244 majus
907 3190 1151 3229 munere
1178 3173 1595 3229 Theutonicus.

117 3262 306 3327 Quod
334 3261 523 3334 fulget
550 3260 731 3317 variis
749 3261 1022 3318 distincta
1051 3260 1344 3317 coloribus
1373 3261 1497 3329 iris,

203 3361 331 3417 Tot
357 3364 556 3417 vestes
585 3359 800 3433 pingis,
832 3376 866 3415 ο
890 3376 1021 3417 mea
1048 3359 1207 3428 lana,
1239 3359 1449 3416 modis.

121 3448 257 3506 Has
289 3449 423 3505 ovis
450 3453 509 3505 et
537 3448 711 3522 plura
742 3448 837 3507 his
867 3450 1036 3506 affert
1060 3449 1373 3518 utilitates,

202 3538 379 3603 Quas
403 3538 581 3596 homo
612 3538 838 3607 mirari,
870 3540 972 3596 sed
1004 3556 1314 3597 numerare
1335 3539 1557 3612 nequit.

863 3646 1069 3686 LINUM.

118 3714 213 3772 Ut
238 3713 525 3772 laudetur
552 3716 695 3787 ovis,
728 3718 957 3791 species
991 3734 1304 3776 numerare
1323 3718 1556 3787 coloris,

215 3804 373 3869 Quae
394 3810 590 3876 poscat
616 3806 763 3864 ratio
786 3824 902 3863 non
925 3808 1157 3880 penitus
1185 3808 1370 3865 video.

114 3890 446 3966 Splendor
462 3894 615 3952 enim
644 3896 775 3953 θωιὶ
812 3913 960 3953 suus
989 3902 1101 3964 est,
1125 3914 1269 3954 suus
1287 3902 1376 3953 est
1431 3897 1589 3953 viror
1626 3898 1752 3970 agri
1783 3915 1797 3965 ;

202 3982 389 4047 Quod
420 3984 521 4040 nix
551 3984 795 4043 albescit
817 3986 875 4042 id
895 3989 1068 4043 decor
1090 3988 1220 4059 ejus
1249 3988 1387 4042 erit:

123 4071 233 4128 Sic
265 4071 643 4131 diversorum
674 4091 784 4131 sua
813 4074 942 4131 laus
973 4081 1064 4132 est
1096 4077 1283 4133 forma
1301 4075 1593 4144 colorum;

206 4160 349 4217 Non
379 4161 461 4219 sit
487 4163 641 4219 ovis:
678 4165 967 4237 numquid
990 4182 1102 4221 non
1137 4166 1296 4221 color
1324 4165 1484 4222 ullus
1512 4165 1669 4222 erit?

129 4248 272 4307 Una
305 4250 550 4323 quidem
581 4251 707 4321 lini,
731 4255 834 4309 sed
867 4270 996 4325 quas
1026 4271 1141 4311 non
1174 4254 1385 4311 accidit
1421 4255 1506 4311 illi

205 4337 509 4407 Exterius,
541 4340 811 4414 simplex,
832 4347 1039 4414 sponte
1072 4343 1311 4416 placens
1336 4346 1580 4417 species.

133 4427 324 4485 Teste
344 4428 586 4500 quidem
617 4432 858 4500 mundo,
881 4433 1105 4504 species
1131 4434 1249 4490 haec
1280 4451 1539 4507 congrua
1568 4435 1707 4505 lino,

205 4517 308 4583 Et,
339 4533 459 4589 qua
494 4521 650 4575 terra
678 4523 858 4592 patet,
882 4526 1083 4578 nostra
1112 4524 1302 4596 figura
1332 4523 1538 4596 placet.

136 4603 430 4675 Candida,
453 4606 762 4665 sollemnis
792 4610 1160 4684 pretiosaque
1188 4611 1343 4668 linea
1372 4613 1570 4677 vestis,

211 4694 489 4769 Congrua
519 4696 753 4766 Iustitiae,
785 4701 985 4756 nescia
1011 4701 1293 4769 tristitiae;

138 4783 259 4841 Nec
292 4785 541 4843 mortale
568 4803 758 4860 genus
789 4788 1161 4846 solummodo
1181 4794 1343 4847 veste
1367 4795 1800 4867 muamus[bea-

1664 4899 1799 4939 mus

216 4963 402 5022 Immo
430 4966 678 5024 delicias
708 4968 1066 5024 conferimus
1085 4968 1297 5025 varias.
1639 4884 1657 4956 [

95 5050 105 5061 '
151 5048 411 5112 Floribus
441 5056 706 5125 intextis,
740 5057 874 5113 aliis
910 5057 1150 5114 subtilia
1179 5058 1386 5131 signis,

218 5141 539 5219 Tergendis
571 5146 854 5203 manibus
883 5146 1067 5203 lintea
1096 5146 1471 5220 porrigimus.

154 5229 289 5292 Alba
307 5235 710 5312 superpositis
734 5236 940 5291 mundi
971 5235 1257 5292 mensalia
1276 5236 1444 5292 donis

174 5358 179 5363 -
208 5328 349 5385 Sunt
378 5326 585 5402 epulis
616 5341 823 5399 regum
852 5324 1048 5381 cultus
1078 5328 1136 5380 et
1164 5324 1447 5381 auxilium
1472 5343 1487 5394 ;

144 5416 270 5491 Quo,
299 5419 349 5479 si
380 5417 528 5494 quis
564 5432 799 5489 pannos
825 5431 966 5471 casu
999 5414 1339 5472 substernat
1358 5414 1574 5473 ovines.

200 5512 374 5573 Escae
407 5505 665 5568 oﬂensit
693 5504 958 5577 rejicient
985 5502 1187 5560 animi.

125 5610 367 5679 Molliter
393 5594 664 5661 insertis
693 5612 914 5652 ornans
944 5590 1228 5651 subsellia
1259 5591 1495 5665 plumis,

179 5708 352 5779 Artes
388 5703 564 5775 quos
585 5686 813 5766 profert
835 5685 997 5747 linea
1021 5682 1193 5749 theca
1219 5680 1389 5745 fovet.

1068 372 1393 438 CARMEN
1437 372 1543 436 DE
1586 370 2031 437 CONFLICTU
2077 368 2254 433 OVIS
2299 370 2400 432 ET
2444 368 2625 431 LINI.

3424 358 3545 420 450

1809 502 1864 570 Α
1902 520 1995 577 Sic
2028 538 2204 592 super
2234 524 2530 575 extentum
2556 519 2812 574 candens
2845 517 2943 571 dat
2970 514 3148 568 lintea
3180 511 3365 565 linum

1958 610 2207 665 Molliter
2226 610 2538 665 exstructis
2569 606 2882 663 ambitiosa
2913 602 3115 658 Ilioris.

1892 698 1992 753 His
2025 700 2354 769 superadde
2383 700 2507 753 suis
2538 701 2698 752 extra
2719 693 3038 766 crispantia
3070 689 3221 745 villis

1961 788 2334 854 Ornamenta,
2371 786 2529 841 nives
2560 784 2886 841 asisimilare
2935 786 3117 853 potes.

1891 876 2047 931 Ditia
2077 877 2409 946 dependent
2438 893 2564 946 qua:
2598 878 2844 928 stratura
2874 872 2999 925 vela
3028 871 3306 925 coronent

1964 965 2108 1019 Huic
2139 964 2297 1020 vivas
2327 966 2549 1035 species
2583 964 2952 1017 dinumerare
2985 963 3169 1029 putes.

1893 1053 1993 1107 Cui
2018 1053 2280 1124 speciosa
2306 1053 2430 1108 suis
2462 1052 2711 1107 tentoria
2738 1050 2867 1102 nixa
2900 1046 3213 1114 columnis,

1970 1141 2194 1213 Regum
2226 1141 2480 1203 divitias,
2516 1139 2874 1211 aequiparare
2905 1134 3130 1207 queas?

1898 1231 2118 1285 Nomen
2152 1234 2210 1286 et
2240 1230 2463 1301 efﬁgies
2494 1247 2526 1284 a
2557 1226 2849 1300 papilione
2884 1225 3179 1279 trahentes

1969 1319 2109 1382 Quis
2133 1323 2349 1374 reseret
2380 1334 2624 1390 pannos,
2660 1316 2813 1369 dona
2844 1313 3285 1377 rotunda,meos
3315 1310 3342 1362 Ὺ

1898 1406 2111 1463 Bellice
2153 1407 2494 1479 compositis
2526 1405 2902 1475 requiescunt
2936 1400 3173 1478 agmina
3204 1398 3441 1463 castris;

1982 1500 2153 1556 Liber
2183 1501 2240 1550 et
2272 1497 2405 1550 hinc
2436 1495 2575 1549 illuc
2593 1493 2923 1564 expoliatur
2943 1506 3151 1560 equus,

1902 1594 2081 1649 Linea
2108 1584 2427 1661 gramineis
2453 1588 2682 1639 extenta
2713 1580 2931 1653 palatia
2957 1578 3180 1648 campis

1974 1681 2062 1736 Tu
2085 1678 2199 1733 scis
2233 1691 2407 1746 quam
2432 1677 2663 1744 gratum
2698 1671 2841 1725 dant
2863 1666 3065 1739 procul
3100 1665 3401 1721 intuitum.

1904 1768 2008 1824 His
2036 1770 2218 1821 tectos
2244 1762 2517 1818 domibus
2539 1777 2653 1814 non
2687 1758 2845 1813 lredit
2874 1757 3045 1810 turbo
3070 1755 3159 1809 vel
3190 1758 3369 1809 aestus
3402 1771 3415 1820 ;

1824 1881 1872 1947 B
1976 1857 2218 1912 Praestat
2241 1845 2602 1923 praesidium,
2635 1848 2800 1902 dulce
2833 1845 3222 1947 refrigerium.

1903 1942 2143 2001 Publica
2164 1939 2570 2005 commoditas,
2603 1935 2741 1989 belli
2772 1932 3049 2005 pacisque
3080 1930 3371 2001 voluptas,

1974 2032 2318 2104 Significant
2345 2028 2538 2097 majus
2570 2022 2876 2097 spirituale
2907 2023 3106 2088 decus,

1905 2123 1969 2178 In
1992 2120 2201 2193 capitis
2233 2116 2455 2171 cultum
2489 2111 2785 2169 consumit
2809 2109 3044 2165 fmmina
3099 2107 3310 2173 linum,

1978 2210 2051 2265 Ut
2072 2215 2294 2265 taceam
2329 2202 2610 2259 membris
2641 2200 2793 2271 quod
2820 2198 2958 2253 facit
2984 2197 3041 2251 in
3068 2194 3329 2266 reliquis.

1907 2296 2349 2368 Quidjaclando
2382 2294 2559 2347 refers
2591 2289 2710 2344 fieri
2748 2294 2849 2342 tua
2878 2285 3090 2341 vellera
3121 2290 3311 2339 vestes
3332 2286 3359 2338 Ἰ

1979 2388 2037 2443 Si
2066 2387 2268 2458 jubeo,
2303 2382 2537 2456 penitus
2570 2396 2680 2433 non
2714 2376 2821 2431 erit
2844 2374 3110 2429 ulterius.

1909 2477 1966 2533 Si
1993 2475 2178 2531 vidua:
2215 2475 2271 2540 [ι.
2294 2471 2564 2538 dividua”;
2589 2472 2782 2539 partes
2806 2463 3116 2536 panni,per
3138 2462 3562 2532 frustrajacen-

3397 2554 3502 2615 [tes
3534 2566 3547 2616 ;

1981 2659 2125 2711 Cum
2152 2657 2372 2708 vestem
2402 2648 2648 2709 faciunt,
2682 2641 2978 2716 quomodo
3011 2639 3405 2695 conveniunt?

1910 2744 2298 2800 Transitacus
2325 2733 3070 2811 pannum,modicum,mea
3105 2746 3353 2784 munera
3394 2727 3558 2783 filum

1982 2836 2191 2890 Secum
2224 2830 2504 2884 transﬁxo
2532 2823 2828 2894 trajiciens
2849 2819 3017 2875 oculo
3042 2837 3055 2886 ;

1913 2920 2031 2976 Hoc
2059 2922 2226 2991 pacto
2255 2917 2480 2971 vinctos
2508 2910 2634 2967 unit
2662 2926 2789 2963 mea
2819 2906 3005 2980 gratia
3036 2923 3259 2977 pannos

1986 3009 2059 3064 Ut
2078 3011 2296 3062 vestem
2331 3003 2545 3058 faciant
2574 3004 2629 3055 et
2650 2997 2903 3070 speciem
2935 2995 3185 3066 capiant.

1914 3099 1990 3153 Te
2021 3096 2294 3169 quotiens
2324 3093 2466 3149 levis
2495 3090 2653 3144 laedit
2684 3088 2962 3150 scissura,
2998 3084 3247 3140 recurris

1987 3184 2341 3258 Suppliciter
2371 3184 2570 3237 nostra
2603 3193 2809 3231 rursus
2840 3190 3018 3244 egens
3049 3190 3242 3244 opera.

1830 3253 1874 3320 Ο
1908 3253 2402 3332 Tunc-submissa
2423 3271 2606 3340 jaces,
2640 3271 2779 3320 tunc
2804 3262 3173 3325 sobria,tunc
3206 3259 3347 3315 nihil
3375 3261 3563 3319 audes

1979 3362 2268 3420 Dilaniata
2287 3362 2493 3432 jacens
2524 3361 2843 3425 nostraque
2872 3350 3027 3407 dona
3059 3356 3282 3423 petens,

1908 3456 2163 3511 Ornatus
2185 3445 2740 3520 rerumJustissima
2767 3440 2975 3514 gloria,
3009 3438 3227 3505 linum;

1982 3542 2122 3608 Quis
2140 3554 2447 3597 numerare
2480 3536 2656 3607 queat
2677 3529 2988 3587 commoda
3017 3532 3239 3599 quanta
3257 3528 3408 3582 ferat
3427 3528 3456 3582 ?

2665 3636 2811 3675 OVIS.

1907 3720 2091 3777 Multa
2122 3720 2346 3792 queunt
2376 3713 2491 3770 diei
2516 3709 2764 3781 strepitu
2796 3706 3021 3775 majora
3056 3703 3269 3758 minori
3295 3720 3308 3769 ;

1981 3808 2198 3882 Magni,
2223 3806 2272 3861 si
2306 3819 2529 3877 posses,
2570 3805 2645 3866 te,
2680 3797 2867 3859 video,
2891 3794 3130 3849 faceres.

1909 3901 2034 3957 Non
2065 3880 2170 3955 tibi
2203 3906 2545 3952 communes
2574 3886 2705 3953 soli,
2741 3900 2962 3958 precor,
2994 3897 3190 3936 assere
3218 3880 3458 3951 laudes;

1980 3989 2097 4044 Nos
2127 3999 2381 4058 quoque,
2414 3981 2463 4036 si
2494 3976 2710 4049 sapias,
2752 3971 3101 4046 participare
3129 3970 3310 4038 sinas,

1910 4078 2065 4133 Inter
2082 4079 2168 4131 tot
2204 4075 2415 4135 vestes,
2450 4062 2834 4141 propiorquia
2863 4060 3043 4115 vestis
3081 4058 3343 4115 adhaares

1980 4165 2126 4221 Hinc
2145 4167 2201 4220 te
2232 4158 2596 4233 magnificas,
2630 4152 2880 4226 plusque
2904 4148 3094 4204 valere
3123 4152 3296 4220 putas
3320 4166 3333 4216 ;

1909 4255 2021 4312 Sed
2052 4253 2222 4310 nobis
2252 4254 2308 4307 et
2338 4250 2397 4304 in
2430 4247 2537 4303 hoc
2556 4241 2840 4313 contingit
2869 4237 3055 4312 gloria
3075 4238 3283 4309 major,

1978 4346 2328 4401 Sanctorum
2354 4336 2527 4394 nudis
2550 4333 2795 4390 artubus
2825 4329 3006 4385 haeret
3036 4328 3179 4383 ovis.

1910 4433 2017 4499 Qui
2047 4431 2335 4488 mundum
2361 4426 2613 4499 fugiunt,
2637 4420 2737 4494 qui
2770 4435 2873 4491 spe
2907 4416 3163 4474 coelestia
3192 4422 3467 4492 tangunt,

1978 4522 2134 4586 Quos
2159 4518 2342 4576 sociat
2372 4529 2605 4572 summo
2632 4510 2817 4565 libera
2845 4523 3013 4562 mens
3035 4505 3305 4575 Domino,

1831 4627 1875 4691 ι)
1906 4612 1991 4667 Ad
2021 4628 2137 4667 non
2173 4607 2408 4664 fallaces
2429 4619 2577 4676 quos
2592 4601 2719 4672 jam
2752 4595 3378 4691 conscripsithonores

1980 4700 2040 4755 In
2072 4713 2338 4771 proceres
2360 4692 2484 4761 coeli
2512 4692 2715 4746 dextra
2745 4689 2914 4743 beata
2943 4685 3066 4740 Dei.

1907 4788 2144 4845 Talibus
2177 4802 2312 4858 ergo
2343 4783 2481 4838 viris
2500 4784 2591 4836 est
2626 4778 2834 4833 intima
2854 4776 3022 4830 lanea
3051 4773 3265 4841 vestis;

1980 4878 2110 4933 Haec
2140 4880 2229 4932 est
2258 4872 2472 4945 quippe
2490 4869 2584 4941 pio
2616 4881 2875 4937 congrua
2905 4862 3223 4934 proposito.

1910 4966 2012 5022 Hic
2032 4966 2218 5021 linum
2254 4961 2505 5032 fugiunt,
2537 4957 2703 5011 lanas
2722 4954 2795 5009 ad
2827 4966 3069 5021 corpora
3090 4949 3411 5021 stringunt,

1980 5054 2166 5120 Quod,
2198 5049 2310 5106 sibi
2341 5047 2398 5102 ni
2434 5046 2652 5101 scirent
2685 5041 2847 5107 utile,
2870 5055 2985 5093 non
3020 5036 3292 5092 tacerent.

1906 5147 2129 5200 Nostrae
2162 5140 2470 5208 corruptas
2505 5131 2673 5204 pellis
2696 5129 3001 5185 fcetoribus
3023 5142 3197 5181 auras

1979 5232 2223 5288 Dicebas
2254 5224 2406 5291 laedi,
2440 5222 2489 5277 si
2524 5222 2667 5276 bene
2699 5215 3108 5283 commemini;

1908 5321 1981 5377 Ut
2007 5325 2231 5376 taceam
2252 5317 2461 5379 vestes,
2496 5308 2749 5380 reliquas
2779 5322 3010 5379 quoque
3040 5302 3486 5361 commoditates

1979 5412 2136 5476 Quas
2163 5406 2340 5462 habet
2370 5402 2491 5457 haec
2523 5396 2695 5471 pellis
2718 5396 2923 5452 usibus
2958 5395 3017 5449 in
3040 5395 3217 5450 variis
3242 5412 3256 5463 ;

1908 5499 2157 5572 Deputet
2185 5496 2243 5551 id
2274 5491 2459 5566 pretio
2499 5488 2668 5559 cujus
2698 5483 2955 5572 sollertia
2984 5483 3180 5572 digno,

1981 5570 2143 5655 Quod
2175 5584 2393 5658 petitur
2414 5579 2597 5637 sacris
2646 5581 2782 5651 apta
2814 5570 3198 5630 ministeriis?

1910 5677 1970 5741 Si
1994 5692 2109 5737 non
2140 5673 2474 5734 scribantur
2495 5668 2663 5729 libris
2692 5682 2824 5748 qua
2849 5661 3026 5725 verba
3054 5660 3331 5736 leguntur
3420 5726 3431 5735 τ
