3964 6206
461 345 569 404 451

526 497 677 552 Ordo
710 514 872 552 sacer
903 502 1115 551 sanctae
1149 498 1369 567 deperit
1401 498 1685 552 Ecclesia).

455 585 754 640 Invenient
784 584 940 656 quali
966 592 1324 641 suntomnes
1357 588 1560 641 ordine
1584 587 1760 657 jussi,

523 672 913 728 Adluvacrum
940 690 1208 743 nascens,
1263 676 1334 729 ad
1368 674 1663 730 tumulum
1696 675 1996 729 moriens?

458 760 582 813 Non
607 761 729 829 jam
768 762 975 833 praesul
1010 763 1139 827 erit,
1174 781 1285 818 non
1324 765 1517 817 Romae
1551 781 1702 835 papa
1734 764 1990 830 sedebit;

521 847 787 903 Solvetur
817 852 1073 921 synodus
1094 851 1477 923 Ecclesimque
1511 853 1750 923 gradus.

444 934 732 993 Praeterea
760 940 1047 1010 quidquid
1074 939 1333 996 sollertia
1363 945 1529 1013 grata
1551 941 1811 1012 reliquit,

521 1028 685 1090 Quod
717 1028 875 1082 dedit
931 1030 1235 1101 rEgyptus,
1269 1031 1424 1100 quod
1467 1031 1633 1086 docet
1673 1028 1984 1101 Assyrius;

448 1120 664 1175 Omnes
697 1122 992 1189 postremo
1019 1135 1111 1173 res
1143 1124 1340 1190 gestas
1376 1136 1409 1173 a
1434 1124 1596 1190 patre
1629 1118 1838 1189 primo,

514 1208 687 1274 Quod
726 1208 981 1263 fuitante
1010 1207 1211 1273 chaos,
1252 1207 1405 1263 seria
1435 1208 1555 1262 sive
1581 1209 1787 1277 jocos;

443 1299 604 1364 Quod
637 1298 890 1353 Phoebus
920 1313 1144 1364 musas,
1169 1314 1349 1351 musae
1376 1298 1628 1351 docuere
1659 1299 1856 1367 poetas
1886 1314 1897 1362 ;

523 1390 658 1453 Quae
696 1388 840 1441 ratio
874 1385 1091 1452 stellas,
1128 1403 1323 1457 quaeve
1355 1385 1517 1457 polos
1549 1390 1796 1450 moveat,

444 1482 579 1546 Quae
615 1475 928 1534 metuenda
958 1474 1154 1543 malis,
1186 1492 1313 1546 quae
1347 1478 1486 1530 sunt
1537 1474 1826 1545 speranda
1876 1472 2091 1537 beatis;

515 1567 663 1634 Quid
695 1565 772 1621 sit
802 1564 903 1635 qui
931 1563 1104 1618 rebus
1137 1563 1404 1635 praesidet
1436 1563 1558 1634 ipse
1582 1562 1733 1617 Deus
1759 1580 1771 1629 ;

441 1657 653 1716 Omnia
679 1654 837 1710 novit
870 1653 1014 1719 ovis,
1050 1669 1153 1724 per
1185 1670 1317 1708 oves
1348 1652 1469 1706 haec
1497 1651 1754 1723 praecipit
1787 1650 1982 1716 orbis;

511 1748 642 1819 Ipsa
669 1744 769 1800 Dei
822 1742 1006 1797 Patris
1029 1742 1274 1813 mystica
1309 1742 1471 1795 novit
1497 1740 1634 1795 ovis.

442 1835 625 1891 Vilior
655 1835 713 1889 in
746 1838 864 1887 toto
892 1848 1050 1904 pars,
1083 1830 1323 1895 viscera,
1357 1846 1593 1900 corpore
1626 1833 1823 1884 nostro

511 1924 751 1980 Dulcem
770 1922 913 1976 dant
935 1936 1109 1974 usum
1141 1918 1365 1973 deliciis
1403 1917 1730 1973 hominum.

440 2012 702 2079 Quadam
737 2008 933 2065 divina
964 2012 1198 2062 resonat
1228 2006 1538 2061 dulcedine
1569 2007 1767 2069 corda,

508 2104 668 2173 Aptaa
699 2099 892 2153 vincta
923 2097 1079 2168 lyrae,
1116 2095 1410 2167 psalterio,
1446 2095 1716 2167 cytharze.

440 2188 688 2262 Expellit
719 2204 891 2243 curas
925 2203 1107 2241 sonus
1130 2185 1225 2239 hic
1256 2189 1313 2239 et
1348 2185 1577 2255 mitigat
1609 2184 1747 2248 iras,

508 2279 690 2333 Anxia
715 2278 892 2332 corda
922 2275 1092 2339 levat,
1129 2275 1297 2328 tredia
1329 2278 1535 2327 cuncta
1573 2274 1755 2343 fugat.
1801 2285 1812 2294 '

440 2368 540 2422 Vis
571 2359 811 2421 inimica
835 2364 1002 2434 fugit,
1038 2378 1429 2433 possessaque
1462 2361 1639 2415 corda
1668 2360 1966 2430 relinquit,

509 2457 653 2511 Cum
675 2455 821 2508 bene
852 2454 1031 2523 docta;
1066 2467 1275 2521 xnapus
1306 2450 1515 2503 excitat
1544 2450 1651 2503 bos
1675 2449 1923 2503 sonitus.

442 2542 731 2614 Orpheus,
766 2539 1225 2611 Amphion,cum
1252 2538 1439 2592 musis
1471 2538 1743 2603 Phoebus,
1790 2537 1986 2604 Arion,

510 2631 661 2686 Dum
686 2629 935 2684 chordas
966 2627 1204 2690 feriunt,
1243 2644 1451 2681 nomen
1471 2628 1539 2681 ad
1570 2632 1727 2681 astra
1774 2627 1983 2681 ferunt.

443 2720 567 2774 Neu
602 2716 820 2774 sanctis
854 2732 1090 2787 operam
1119 2720 1282 2787 putet
1309 2714 1457 2769 hanc
1488 2714 1760 2770 vilescere
1779 2716 2091 2787 quisquam

515 2807 622 2873 Qui
655 2806 858 2863 straVit
878 2804 1104 2860 Goliath
1137 2805 1264 2874 ejus
1296 2809 1524 2859 amator
1554 2810 1698 2860 erat.

443 2898 554 2952 Sex
600 2898 805 2968 quater
850 2910 980 2950 esse
1030 2898 1246 2965 patres,
1299 2893 1568 2965 eytharas
1627 2893 1968 2965 phialasque
2013 2898 2091 2947 te-

1773 2984 2018 3052 [nentes,

509 3076 653 3129 Ante
683 3071 784 3128 Dei
806 3073 865 3143 [l.
920 3071 1218 3141 thronum]
1267 3071 1408 3126 dicit
1450 3071 1659 3142 pagina
1713 3088 1878 3127 sacra
1932 3071 2091 3125 thro-

1512 3160 1734 3231 [num].
1797 3160 1940 3231 (Dei)

438 3250 655 3322 Collige
678 3249 817 3321 quid
852 3249 929 3305 sit
958 3249 1082 3304 ovis
1115 3249 1285 3319 cujus
1315 3265 1448 3320 pars
1473 3248 1673 3303 infima
1694 3247 1853 3303 cmlis

510 3337 859 3410 Suscipitur,
894 3342 1130 3393 sanctas
1152 3336 1484 3391 exhilarans
1516 3337 1765 3392 animas.

1173 3443 1374 3482 LINUM.

442 3516 564 3570 Non
587 3531 735 3587 opus
763 3519 851 3571 est
872 3515 1097 3583 verbis;
1123 3516 1315 3570 ovium
1345 3515 1637 3570 balatibus
1660 3515 1804 3589 ipsis

515 3603 692 3669 Quale
724 3603 905 3671 melos
939 3604 1040 3659 ﬁat
1070 3604 1265 3659 nescio
1297 3620 1469 3675 quem
1498 3603 1693 3660 lateat.

435 3692 585 3747 Cum
617 3696 796 3764 pasta
829 3694 1097 3759 redeunt,
1118 3693 1368 3747 tremulo
1401 3692 1647 3747 stridore
1678 3691 1983 3763 requirunt

503 3781 658 3844 Quos
687 3781 906 3837 lactent
939 3781 1110 3837 foetus
1146 3800 1158 3848 ;
1187 3798 1363 3853 quam
1397 3780 1585 3852 placet
1614 3781 1710 3837 ille
1740 3797 1922 3836 sonus
1947 3780 1958 3834 l

433 3871 597 3937 Quod
621 3875 785 3942 parat
814 3871 1112 3927 interdum
1145 3876 1344 3943 tergus
1377 3870 1488 3925 sibi
1521 3871 1771 3943 scriptor
1827 3870 2085 3934 ovinum,

506 3958 605 4014 Est
636 3960 907 4031 equidem
941 3959 1159 4031 quaevis
1192 3959 1514 4031 gloria,sed
1551 3959 1764 4027 facilis;

431 4049 656 4105 Justior
677 4048 797 4104 haec
816 4048 1037 4118 vitulis,
1072 4048 1193 4104 hch
1218 4048 1403 4120 gloria
1425 4049 1645 4119 justior
1676 4049 1857 4103 haedis
1881 4065 1894 4114 ;

507 4137 815 4193 Haedorum
839 4136 1012 4209 pallis
1042 4137 1233 4208 aptior
1254 4137 1346 4192 his
1378 4137 1614 4193 studiis.

434 4226 697 4297 Denique
730 4226 816 4281 fac
837 4226 1034 4281 ovium
1089 4243 1393 4296 nunquam
1428 4242 1613 4298 genus
1631 4243 1757 4281 esse
1805 4231 2084 4294 creatum,

506 4313 622 4367 Hos
654 4330 796 4368 usus
819 4313 1093 4385 nunquid
1124 4315 1386 4369 mundus
1414 4314 1627 4368 habere
1660 4315 1904 4386 nequit?

438 4399 589 4455 Illud
621 4399 876 4457 ludibrio
906 4402 1152 4472 dignum
1175 4417 1305 4456 reor
1324 4418 1452 4455 esse
1483 4402 1736 4471 profecto

506 4488 669 4552 Quod
691 4489 917 4558 jactas:
950 4491 1170 4544 sanctis
1193 4490 1437 4543 artubus
1460 4489 1637 4545 haeret
1658 4491 1799 4546 ovis.

1273 347 1687 408 HERMANNI
1733 343 2169 405 CONTBACTI
2217 343 2633 405 AUGlENSIS
2682 340 3058 433 MDNACHI.

3754 344 3870 404 452

2128 485 2178 552 Α
2213 498 2439 559 Quanta
2486 496 2669 549 ferant
2696 495 2840 547 sacri
2874 491 2991 548 lino
3027 492 3313 563 prrcconia
3343 490 3472 546 libri

2288 585 2545 640 Forsitan
2571 583 2826 655 ignoras,
2861 588 2981 647 aut,
3016 584 3173 653 puto,
3211 581 3575 638 dissimulas.

2214 674 2275 727 In
2310 672 2522 745 Moysis
2553 672 2718 727 libris
2748 672 3006 744 (Moysen
3024 670 3233 742 recipit
3252 688 3437 728 canon
3488 670 3743 741 omnis),

2284 762 2403 817 lmo
2435 761 2626 834 legisti
2658 761 2902 833 mystica
2924 758 3109 815 multa
3149 760 3304 832 geri;

2209 850 2421 905 Multas
2454 851 2579 921 ipse
2607 851 2759 905 Deus
2792 849 2975 904 linum
3011 848 3117 903 sibi
3153 849 3343 920 poscit
3370 849 3427 904 in
3456 866 3645 917 usus;

2279 938 2468 994 Pauca
2490 945 2686 994 tamen
2718 938 2969 993 breviter
2997 953 3454 996 commemorare
3476 938 3698 1011 placet.

2208 1029 2341 1091 Quae
2375 1030 2584 1083 domus
2612 1028 2860 1100 insignis
2889 1027 3075 1099 spatio
3111 1027 3385 1083 meritove
3414 1027 3670 1096 decoris,

2279 1117 2855 1188 Incircumscriptum
2889 1132 3018 1187 quae
3049 1116 3203 1188 capit
3232 1115 3366 1171 aula
3396 1116 3631 1172 Deum?

2206 1206 2271 1259 Et
2302 1210 2494 1260 tamen
2522 1206 2643 1277 ipse
2678 1204 2788 1261 sibi
2821 1204 3050 1260 dictans
3081 1204 3426 1261 habitacula
3455 1206 3621 1278 poni,

2274 1294 2482 1348 Linum
2509 1296 2795 1366 praecipue
2827 1295 3034 1365 quaerit
3064 1294 3120 1348 in
3154 1294 3261 1349 hoc
3292 1311 3498 1365 opere;

2203 1382 2466 1439 Cortinas
2498 1384 2676 1439 istum
2711 1384 2801 1438 bis
2832 1383 3090 1454 quinque
3121 1382 3365 1455 requirit
3388 1383 3446 1438 in
3478 1401 3655 1440 usum
3683 1404 3697 1453 ;

2277 1472 2352 1526 Ex
2384 1473 2476 1528 his
2508 1472 2724 1545 quippe
2746 1473 2957 1527 demus
2980 1471 3211 1527 foederis
3242 1472 3515 1528 efficitur.

2202 1564 2319 1615 Has
2352 1562 2532 1633 Moysi
2565 1562 2805 1617 mandat
2834 1563 2904 1616 de
2935 1563 3111 1631 bysso
3143 1565 3334 1617 texere
3366 1565 3540 1626 torta,

2272 1650 2339 1704 Et
2370 1667 2555 1722 genus
2579 1655 2670 1706 est
2700 1650 2805 1705 lini
2841 1650 3034 1705 mollis
3064 1654 3121 1705 et
3153 1649 3392 1722 egregii.

2200 1736 2300 1793 llle
2333 1739 2431 1794 Dei
2467 1740 2675 1812 plenus
2706 1740 3035 1796 venerando
3062 1757 3195 1794 cum
3229 1740 3377 1795 duce
3403 1743 3588 1794 cretus

2126 1856 2173 1921 B
2274 1827 2407 1883 Tale
2438 1845 2540 1900 per
2570 1829 2891 1900 hospitium
2925 1844 3297 1900 promeruere
3322 1828 3531 1885 Deum.

2208 1916 2279 1971 Se
2303 1916 2476 1987 bysso
2508 1922 2658 1973 torta
2688 1917 2909 1972 velatur
2940 1917 3172 1971 foederis
3203 1932 3357 1981 arca,

2279 2004 2436 2060 Felix
2465 2011 2584 2061 tam
2620 2008 2769 2062 sacri
2804 2022 2947 2061 cura
2977 2005 3291 2061 ministerii
3318 2005 3329 2059 1

2206 2093 2293 2147 Ad
2326 2111 2447 2149 rem
2480 2095 2736 2150 divinam
2762 2096 2979 2150 vadens
3012 2094 3256 2150 antistes
3288 2095 3359 2150 ad
3389 2111 3566 2161 aram,

2286 2182 2700 2255 Significativis
2732 2184 2913 2256 fulget
2947 2184 3005 2238 in
3038 2184 3283 2239 exuviis.

2204 2277 2403 2330 Prima
2434 2274 2671 2345 quidem
2704 2273 2951 2328 manicis
2982 2273 3231 2328 includit
3252 2271 3494 2328 brachia
3521 2270 3745 2327 strictis

2278 2365 2422 2417 Iluic
2456 2362 2688 2434 poderis
2730 2379 2977 2429 nomen;
3012 2362 3199 2417 tendit
3221 2361 3291 2416 ad
3327 2376 3513 2432 usque
3542 2359 3772 2431 pedem.

2204 2454 2305 2508 Est
2333 2469 2564 2524 quoque
2597 2451 2924 2517 talaris,scd
2958 2451 3208 2524 dignior,
3242 2450 3426 2505 altera
3452 2449 3682 2513 vestis;

2282 2542 2542 2596 Illustrat
2574 2541 2806 2611 penitus
2837 2540 2987 2595 hanc
3020 2538 3178 2595 color
3206 2539 3420 2594 aerius.

2203 2632 2326 2685 Non
2361 2631 2537 2685 habet
2570 2630 2688 2683 haec
2721 2630 2983 2684 manicas
3010 2647 3021 2683 :
3049 2629 3381 2700 dependent
3408 2626 3597 2698 hujus
3628 2626 3699 2681 ad
3726 2643 3848 2681 oras

2275 2723 2420 2792 Apte
2444 2719 2751 2790 promixtis
2803 2736 2978 2773 aurea
3010 2717 3166 2773 mala
3198 2718 3371 2789 polis.

2204 2808 2470 2864 Floribus
2497 2811 2553 2862 et
2582 2807 2756 2861 variis
2778 2806 3039 2861 Abaneth
3073 2804 3387 2878 spectabile
3401 2805 3663 2878 gemmis
3690 2823 3705 2873 ;

2273 2898 2543 2967 Subligat
2574 2895 2680 2949 has
2700 2900 2857 2950 vetes
2888 2895 3116 2950 balteus
3147 2893 3244 2949 ille
3276 2899 3447 2950 teres.

2205 2986 2340 3040 Inde
2375 2991 2574 3056 tegens
2606 2983 2884 3038 humeros
2898 2985 2968 3038 ad
3002 3000 3169 3038 renes
3200 2983 3463 3055 pervenit
3491 2981 3730 3054 Ephotb

2273 3075 2589 3145 Inscriptas
2610 3073 2861 3144 gemmis
2894 3073 3117 3144 fertque
3140 3072 3331 3127 tribus
3362 3071 3641 3144 geminis.

2202 3165 2384 3227 Quam
2418 3162 2613 3235 logion
2648 3162 2901 3225 Graecus,
2934 3163 3091 3216 essin
3116 3176 3350 3232 quoque
3380 3159 3524 3214 dicit
3553 3158 3850 3227 Hebraeus,

2120 3224 2161 3289 Ο
2273 3252 2505 3318 Quinta,
2539 3251 2729 3305 minor
2750 3250 2958 3322 spatio,
2992 3249 3225 3322 dignior
3254 3252 3343 3305 est
3376 3249 3611 3306 merito.

2199 3342 2292 3397 Bis
2338 3359 2437 3396 sex
2494 3340 2803 3396 distinctas
2843 3338 3048 3394 formis
3077 3343 3134 3394 et
3154 3339 3390 3395 nomine
3411 3354 3684 3409 gemmas

2272 3431 2504 3486 Praefert
2535 3429 2655 3484 haec
2685 3428 2862 3484 vestis
2896 3432 3124 3500 pectore
3157 3427 3451 3499 pontificis

2197 3522 2457 3583 Quatuor
2506 3518 2849 3583 ordinibus;
2884 3518 3071 3572 trinas
3100 3517 3241 3572 ordo
3274 3516 3430 3589 capit
3449 3533 3608 3576 unus
3635 3539 3651 3589 ;

2267 3609 2374 3663 Tot
2408 3607 2603 3662 titulat
2632 3610 2849 3678 patres,
2882 3610 3025 3677 quot
3045 3610 3317 3661 numerat
3345 3605 3594 3678 lapides.

2196 3697 2344 3751 Hinc
2375 3701 2550 3768 caput
2592 3698 2853 3760 exornat,
2877 3695 2978 3750 sed
3012 3711 3127 3750 non
3157 3700 3357 3751 tamen
3387 3712 3583 3767 omne,
3622 3700 3843 3768 thiara;

2267 3784 2603 3841 Ceuvideas
2635 3784 2871 3856 sphaerae
2899 3783 3202 3839 dividuum
3224 3783 3449 3839 medias.

2197 3874 2480 3947 Tegmina
2510 3890 2613 3929 nec
2645 3878 2869 3928 restant
2898 3872 3185 3928 femorum
3218 3889 3344 3944 quae
3392 3875 3592 3947 turpia
3630 3878 3841 3943 velant,

2276 3971 2418 4021 Cum
2451 3963 2601 4018 redit
2635 3967 2770 4033 apta
2802 3961 2983 4017 sacris
3016 3961 3160 4017 hora
3189 3961 3556 4020 ministeriis.

2198 4060 2345 4114 Nam
2379 4071 2545 4111 sacra
2576 4051 2871 4125 preposito
2904 4050 2986 4105 nil
3017 4050 3240 4107 confert
3269 4050 3492 4108 lamina
3520 4060 3749 4123 nostro,

2271 4144 2620 4218 Impendens
2652 4140 2828 4195 fronti
2861 4156 3095 4196 nomem
3126 4140 3349 4196 habens
3377 4142 3633 4199 Domini.

2196 4238 2268 4290 At
2298 4235 2553 4305 reliquas
2584 4234 2793 4299 vestes,
2819 4246 2964 4300 quas
2987 4228 3100 4297 ghic
3134 4230 3599 4299 numeravimus,
3642 4248 3841 4289 omnes

2270 4325 2350 4379 De
2382 4324 2557 4395 bysso
2580 4319 2701 4375 fieri
2737 4317 3000 4390 praecipit
3028 4335 3093 4374 os
3124 4318 3378 4374 Domini.

2198 4414 2280 4468 Ne
2310 4412 2385 4468 sit
2428 4412 2550 4466 ovis
2582 4408 2814 4481 penitus
2843 4412 3038 4462 tamen
3071 4423 3274 4478 expers
3332 4409 3598 4465 muneris
3647 4410 3837 4480 huius.

2270 4502 2430 4557 Hanc
2464 4500 2690 4571 Moyses
2721 4497 2893 4551 etiam
2924 4496 3131 4567 quaarit
3160 4497 3232 4551 ad
3263 4496 3415 4552 hanc
3441 4514 3702 4570 operam.

435 4578 533 4633 Est
559 4576 831 4649 equidem
859 4594 1084 4641 verum,
1118 4578 1218 4631 sed
1251 4577 1780 4649 quid,precor,esse
1811 4582 2083 4638 decorum
2115 4597 2162 4662 D
2198 4592 2490 4661 Praeparat
2520 4603 2589 4642 ex
2616 4585 2811 4640 ovium
2844 4583 3138 4639 rubricato
3168 4583 3377 4641 vellere
3407 4590 3629 4643 tectum
3664 4606 3677 4656 ;

507 4666 640 4739 Ipsa
663 4664 767 4721 tibi
801 4668 1043 4737 reputas
1066 4681 1313 4737 corpora
1343 4665 1391 4721 si
1423 4667 1649 4723 crucias
1666 4669 1692 4723 ?

436 4754 509 4811 Ut
538 4771 773 4811 carnem
798 4754 1142 4827 reprimant,
1178 4771 1410 4810 carnem
1444 4773 1546 4827 per
1600 4758 1747 4813 dura
1796 4758 2077 4831 fatigant:

504 4846 659 4902 Inter
687 4845 835 4900 dura
864 4842 1009 4899 satis
1031 4859 1159 4898 esse
1191 4848 1444 4899 meretur
1464 4846 1607 4903 ovis.

434 4935 688 5007 Quaeque
722 4932 973 4989 molesta
1032 4930 1244 4999 ferunt,
1284 4951 1408 5005 quze
1458 4935 1577 4990 sint
1633 4936 1821 5008 magis
1873 4953 2081 5009 aspera

1642 5026 1932 5097 [quaerunt
1955 5043 1967 5079 :

503 5112 590 5167 Ad
614 5111 833 5165 victum
865 5109 1109 5177 cineres,
1145 5112 1214 5166 ad
1249 5114 1751 5186 requiemlapides
1786 5132 1798 5182 ;

503 5198 802 5271 Numquid
827 5198 902 5254 ob
931 5198 1038 5255 hoc
1068 5200 1281 5273 aliquis
1312 5203 1567 5275 praeferri
1589 5206 1723 5275 jure
1745 5203 1972 5275 putabit

506 5291 622 5344 Aut
651 5287 850 5345 stratis
869 5287 1115 5361 lapides,
1148 5298 1250 5346 aut
1271 5293 1451 5348 cereri
1470 5293 1692 5349 cineres
1712 5292 1740 5347 ?

431 5378 695 5436 Ecclesiae
724 5378 917 5451 tangis
952 5381 1245 5452 mysteria,
1270 5386 1457 5437 terrea
1482 5382 1720 5449 transis,

503 5467 778 5527 Caelestes
794 5469 985 5539 jactas
1009 5487 1141 5525 cum
1164 5472 1429 5543 patribus
1463 5472 1766 5544 cytharas:

430 5559 493 5616 In
525 5558 847 5632 laudesque
877 5564 1010 5616 tuas
1043 5563 1260 5617 veteres
1280 5560 1613 5634 replicando
1644 5560 1883 5634 ﬁguras,

498 5649 725 5713 Plectra
752 5666 931 5708 manu
951 5649 1114 5708 fortis
1136 5666 1566 5723 commemoras
1587 5650 1842 5723 juvenis.

2265 4679 2324 4733 Id
2359 4676 2547 4749 placet
2570 4668 3134 4731 arcendissordibus
3165 4678 3223 4729 et
3241 4674 3455 4745 pluviis
3493 4694 3505 4743 ;

2193 4770 2253 4824 Id
2277 4774 2557 4838 tanquam
2594 4765 2795 4819 ﬁctum
2829 4779 2900 4817 ne
2925 4763 3004 4818 sit
3024 4761 3167 4817 mihi
3201 4763 3621 4835 suspiciosum,

2260 4858 2347 4912 Tu
2378 4856 2469 4911 dic
2501 4853 2738 4910 assidue
2769 4852 2922 4923 quod
2946 4851 3089 4924 legis
3116 4852 3177 4907 in
3206 4855 3416 4925 Moyse.

2938 4956 3084 4995 OVIS.

2190 5036 2250 5089 In
2287 5034 2455 5089 libris
2484 5029 2696 5103 Moys'is
2720 5046 2921 5085 revera
2948 5028 3203 5101 plurima
3226 5029 3353 5084 novi
3378 5048 3391 5096 ;

2260 5122 2395 5178 Plus
2416 5121 2534 5176 lino
2553 5119 2719 5175 libris
2740 5117 3066 5191 invigilavit
3097 5117 3222 5173 ovis
3249 5134 3262 5172 :

2260 5212 2405 5270 Nam
2442 5216 2529 5276 tu,
2561 5208 2647 5265 vel
2682 5208 2893 5274 nescis,
2928 5205 3018 5262 vel
3039 5208 3087 5261 si
3118 5210 3173 5261 te
3204 5206 3354 5261 scire
3385 5207 3603 5276 fateris,

2256 5302 2390 5366 Quae
2421 5301 2643 5353 restant
2673 5313 2821 5351 caeca
2849 5294 3168 5366 supprimis
3198 5293 3436 5350 invidia.

2146 5406 2153 5413 ν
2189 5389 2297 5443 Per
2327 5389 2563 5459 Moysen
2586 5385 2738 5457 plebi
2770 5386 2919 5440 dans
2942 5383 3120 5438 ritum
3160 5383 3550 5440 sacriﬁcandi:

2261 5476 2409 5543 Quid
2435 5474 2576 5531 velit
2607 5475 2666 5529 in
2698 5474 2873 5529 rebus
2898 5472 3061 5545 eligit
3081 5473 3206 5544 ipse
3227 5472 3382 5528 Deus

2192 5566 2432 5622 Munere
2463 5564 2837 5637 purgandum
2870 5561 3162 5617 mandans
3204 5561 3263 5616 in
3295 5560 3422 5634 lege
3466 5564 3704 5627 reatum,

2261 5653 2386 5713 Non
2412 5653 2601 5713 linum
2624 5652 2858 5729 penitus
2881 5651 3089 5726 quaerit
3119 5649 3361 5709 adistud
3390 5665 3536 5725 opus
3568 5666 3581 5722 ;
