3964 6206
139 394 258 454 453

147 522 420 584 Sollemni
452 535 587 575 vero
610 519 702 575 vel
737 523 999 591 tempore
1031 519 1389 591 quotidiano,

218 611 440 669 Placari
467 607 653 665 nostri
678 624 786 680 per
806 624 972 663 sacra
999 608 1367 680 vultgeneris
1394 628 1405 664 :

152 705 212 761 Si
245 700 557 759 Dominum
590 696 754 770 plebi
777 696 885 764 vis,
923 697 1135 768 inquit,
1160 697 1487 769 propitiari,

222 788 504 848 Mactabis
534 786 808 860 geminos
841 787 913 841 de
942 802 1116 859 grege
1137 786 1451 858 lanigeros.

149 882 336 939 Unius
364 897 434 936 ex
464 877 580 933 illis
612 876 763 931 mihi
796 876 1018 931 viscera
1065 876 1183 931 lota
1239 876 1548 941 cremabis,

218 970 349 1027 Exit
378 968 450 1024 ab
479 968 591 1023 hoc
622 966 786 1021 fumo
808 964 1003 1021 suavis
1032 965 1175 1021 odor
1195 964 1439 1021 Domino
1464 983 1477 1033 ;

149 1059 408 1116 Alterius
437 1072 635 1113 sacras
660 1054 828 1111 fusus
853 1071 1027 1110 cruor
1055 1053 1199 1110 eluit
1228 1071 1380 1119 aras,

232 1145 539 1203 Pontiﬁces
559 1144 809 1200 mundat
839 1142 1300 1215 pontiﬁcumque
1323 1142 1521 1199 stolas.

152 1234 434 1293 Prmsulis
463 1234 581 1289 hinc
605 1232 810 1289 eadem
843 1232 1183 1305 conspersio
1214 1235 1519 1288 consecrat
1565 1245 1767 1286 aurem
1794 1248 1806 1299 ;

228 1326 366 1398 Ipsa
388 1323 593 1396 pedem
623 1322 895 1378 dextrum
921 1325 1228 1378 consecrat
1277 1324 1454 1392 atque
1519 1307 1760 1375 manum
1793 1336 1807 1387 ;

150 1415 271 1472 Nos
300 1429 604 1471 sacramus
633 1426 764 1467 eam
795 1427 924 1482 quin
955 1414 1150 1467 sacrat
1171 1413 1376 1465 cetera
1406 1409 1687 1477 dextram,

220 1504 443 1560 Cuncta
472 1504 668 1557 sacrat
696 1499 916 1555 summi
943 1498 1146 1554 dextra
1175 1497 1488 1570 pontiﬁcis.

147 1590 617 1663 Caudajubetur
645 1588 768 1644 ovis
798 1586 923 1644 ﬁeri
954 1585 1232 1659 profectio
1264 1587 1469 1652 sacris,

216 1682 364 1737 Pars
392 1682 485 1735 est
516 1676 739 1733 Excelsi
772 1675 1082 1731 reticulum
1106 1675 1344 1747 jecoris.

147 1770 331 1828 Nobis
355 1767 669 1825 assiduum
703 1770 917 1838 purgat
942 1781 1237 1838 synagoga
1267 1768 1515 1830 reatum,

218 1860 297 1915 Se
328 1856 625 1913 redimens
650 1853 820 1927 agnis
850 1853 1112 1926 quotidie
1146 1852 1415 1925 geminis.

147 1948 307 2015 Quid
330 1963 497 2004 sacra
516 1959 970 2001 commemorem
997 1945 1183 1998 totum
1200 1942 1437 2014 vulgata
1458 1956 1561 2014 per
1582 1940 1807 2007 orbem,

221 2037 361 2102 Quae
383 2039 525 2108 quot
552 2033 730 2089 verba
772 2032 985 2099 ferunt,
1019 2035 1104 2088 tot
1154 2034 1522 2087 sacramenta
1552 2028 1809 2102 gerunt?

142 2128 363 2182 Pressa
392 2124 607 2179 domus
630 2121 810 2177 Jacob
839 2121 1093 2194 graviter
1108 2120 1218 2175 sub
1239 2120 1502 2193 principe
1527 2119 1697 2187 duro,

220 2216 407 2271 Fessa
435 2211 631 2278 malis,
664 2211 950 2284 gemitum
981 2209 1180 2281 dirigit
1209 2209 1281 2263 ad
1315 2208 1660 2275 Dominum;

148 2303 256 2360 Ille
288 2319 472 2376 super
500 2315 699 2373 regem
749 2316 857 2355 sua
901 2298 1071 2371 signa
1122 2313 1484 2369 manumque
1517 2301 1808 2369 potentem

226 2392 455 2459 Elevat,
484 2393 550 2446 ut
576 2391 780 2446 sancto
810 2386 962 2443 laxet
988 2386 1099 2443 iter
1128 2386 1361 2460 populo.

150 2481 378 2538 Nescia
408 2478 615 2535 molliri
646 2480 886 2552 prestat
907 2493 1072 2532 mens
1103 2476 1250 2532 dura
1279 2475 1510 2549 tyranni

224 2574 424 2644 Atque
450 2571 645 2625 decem
678 2567 881 2641 plagas
912 2566 1235 2639 promeruit
1262 2565 1506 2621 validas.

150 2663 301 2717 Toto
333 2677 452 2716 non
483 2656 676 2731 potuit
704 2656 835 2712 Nilo
866 2655 995 2711 sitis
1018 2672 1137 2711 una
1159 2654 1357 2721 levari,

226 2751 531 2820 Quotquot
561 2746 717 2802 enim
751 2745 980 2800 fuerant
1010 2742 1256 2800 ﬁumina
1285 2740 1529 2813 sanguis
1555 2743 1739 2796 erant.

145 2839 238 2895 Ad
272 2836 483 2911 pepuli
514 2851 773 2902 mensas,
806 2834 877 2889 ad
910 2832 1061 2904 regis
1093 2835 1277 2889 strata
1304 2830 1393 2886 vel
1418 2846 1583 2885 escas

224 2928 413 2993 Intra,
448 2925 670 2996 ubique
701 2938 915 2989 comes,
950 2937 1113 2987 rana,
1146 2919 1406 2975 secunda
1434 2918 1581 2974 lues.

142 3017 297 3073 Inde
329 3012 498 3070 culex
529 3015 689 3068 moto
721 3010 975 3067 surrexit
1003 3009 1062 3064 in
1090 3024 1225 3064 aera
1254 3007 1420 3078 limo,

222 3102 529 3161 Morsibus
561 3099 819 3156 assiduis
849 3114 1054 3155 musca
1083 3096 1332 3153 molesta
1354 3095 1552 3151 nimis.

140 3196 378 3262 Quarta
408 3189 596 3264 replet
623 3188 807 3261 pestis
840 3186 1205 3260 gravioribus
1236 3185 1433 3241 omnia
1464 3184 1683 3242 muscis
1710 3201 1723 3252 ;

222 3282 519 3339 Infestum
547 3278 794 3335 canibus
823 3275 883 3332 id
915 3275 1063 3332 solet
1082 3290 1210 3331 esse
1240 3291 1445 3348 genus.

142 3371 458 3430 Invidiosa
486 3368 654 3442 prius
685 3366 967 3423 armentis
999 3368 1055 3421 et
1084 3380 1259 3437 grege
1294 3363 1488 3431 tellus,

225 3460 409 3517 Clade
438 3457 601 3532 gravi
632 3456 772 3512 totis
803 3456 982 3511 surda
1010 3454 1295 3510 remansit
1322 3453 1499 3525 agris.

143 3549 470 3608 Ulceribus
501 3545 717 3603 subitis
746 3549 989 3617 turgens
1019 3544 1323 3615 Egyptius
1354 3542 1547 3598 omnis

228 3638 400 3694 Istud
427 3637 581 3692 idem
613 3634 776 3708 passi
807 3632 1012 3705 quaerit
1041 3648 1209 3704 opem
1242 3630 1450 3687 medici
1476 3649 1489 3699 ;

147 3726 454 3800 Septima,
482 3725 626 3780 dura
655 3739 871 3779 manus
894 3738 906 3750 ο
941 3721 1168 3777 rumbis
1199 3724 1255 3775 et
1270 3710 1551 3792 grandine
1573 3718 1810 3788 mixtus,

232 3812 589 3871 Interimens
609 3811 903 3878 homines,
936 3810 1107 3865 turbo
1133 3812 1305 3870 necat
1325 3809 1595 3881 pecudes.

149 3907 299 3972 Qua
331 3906 615 3975 superant
642 3904 822 3974 pastae
853 3904 1081 3972 segetes
1107 3902 1166 3954 et
1195 3897 1631 3970 lignalocustze,

225 3992 530 4050 Grandine
561 3994 837 4046 contusos
866 3987 1298 4060 depopulantur
1320 4002 1513 4058 agros,

146 4084 215 4140 In
248 4082 455 4138 triduo
486 4078 721 4152 penitus
751 4093 899 4150 quos
927 4077 1041 4133 fert
1071 4093 1187 4132 non
1218 4075 1427 4147 aspicit
1457 4080 1616 4130 artus

224 4172 317 4229 Ad
351 4185 621 4242 superos,
654 4167 874 4240 stygias
908 4182 1118 4238 passus
1149 4165 1327 4220 homo
1358 4164 1647 4219 tenebras.

149 4262 267 4318 Per
290 4275 471 4316 sexus
501 4273 705 4313 omnes
727 4255 1032 4311 hominum
1068 4269 1463 4327 pecorumque
1494 4252 1717 4325 priores

226 4350 514 4423 Egyptus
545 4346 719 4419 plaga
746 4344 998 4417 perdidit
1020 4344 1080 4398 in
1110 4341 1356 4399 decima.

149 4441 200 4494 Α
231 4437 388 4495 solio
419 4436 573 4508 regis
602 4435 675 4490 ad
706 4450 841 4489 eum
870 4434 971 4506 qui
996 4432 1233 4488 clausus
1262 4431 1322 4486 in
1356 4431 1582 4487 umbris

227 4525 502 4599 Lugebat
527 4524 779 4588 vinctus,
809 4521 1069 4593 pervenit
1099 4520 1193 4576 hic
1223 4518 1473 4593 gladius.

152 4616 239 4673 Ne
272 4620 401 4671 tam
424 4612 757 4670 communis
784 4610 1098 4667 involveret
1128 4608 1325 4665 omnia
1351 4608 1554 4681 pestis,

230 4706 370 4777 Ipse
393 4708 543 4759 Deus
567 4702 749 4757 dictat
778 4699 940 4771 plebs
972 4716 1083 4755 sua
1110 4698 1251 4769 quid
1280 4698 1473 4753 faciat.

154 4794 409 4868 Pignus,
441 4791 696 4857 Hebraea,
729 4789 837 4845 tibi
868 4786 1243 4845 memorabile
1275 4785 1619 4860 posteritati,

229 4884 316 4940 Ne
348 4897 573 4955 pereas,
605 4877 816 4951 inquit,
852 4877 1153 4933 masculus
1183 4892 1369 4949 agnus
1399 4875 1528 4931 erit.

156 4972 285 5029 Hoc
307 4970 455 5027 mihi
481 4969 734 5025 libatum
766 4970 1093 5023 reverenter
1121 4969 1179 5020 et
1210 4965 1445 5037 ignibus
1476 4979 1698 5032 assum,

234 5061 356 5117 Hoc
387 5058 541 5116 celer
569 5058 631 5112 in
666 5056 813 5112 facto
844 5056 1016 5111 dente
1037 5053 1213 5126 pedes
1237 5053 1424 5109 avido.

158 5151 280 5211 Nec
309 5149 639 5207 discinctus
670 5144 784 5201 eris
813 5161 946 5201 mea
974 5160 1111 5199 cum
1159 5145 1529 5199 sacramenta
1568 5138 1816 5207 vorahis,

230 5240 345 5297 Nec
378 5239 524 5314 pede
555 5236 797 5302 nudato,
831 5251 935 5290 nec
966 5232 1082 5288 nisi
1110 5247 1244 5287 cum
1274 5230 1505 5287 baculo.

164 5329 361 5386 Restat
390 5328 467 5384 ab
500 5324 600 5382 his
660 5323 840 5379 sacris
898 5338 971 5378 ne
1020 5336 1157 5393 pars
1204 5319 1293 5376 vel
1326 5336 1501 5392 parva
1548 5316 1817 5384 cavebis;

230 5420 287 5477 Si
319 5424 552 5482 tamen,
585 5413 698 5468 hoc
728 5411 929 5485 aliqua
948 5409 1212 5481 contigit,
1247 5409 1379 5481 igne
1410 5424 1628 5475 crema,

158 5511 266 5570 Nec
296 5506 477 5584 quasi
511 5517 912 5570 communem,
946 5504 1164 5555 temere
1187 5499 1405 5569 jactate
1436 5512 1701 5553 cruorem
1732 5512 1745 5559 ;

220 5600 471 5661 Constat
504 5594 571 5649 in
599 5590 710 5645 hoc
740 5590 976 5664 penitus
1006 5587 1292 5660 sanguine
1322 5591 1514 5643 vestra
1547 5585 1728 5642 salus.

149 5693 261 5755 Hac
294 5694 557 5767 sparsos
590 5676 751 5737 sanie
779 5683 980 5756 pestes
1011 5692 1079 5735 ac
1107 5674 1286 5734 limen
1312 5678 1650 5748 utrumque,

1091 387 1409 449 GARMEN
1461 388 1557 449 DE
1602 389 2039 450 CONFLIC'I‘U
2086 390 2265 451 OVIS
2310 391 2408 451 ΕΤ
2457 391 2633 452 LlNI.

3451 389 3570 450 454

1832 523 1885 587 Α
1996 525 2210 576 (Σητῑῡτει
2240 539 2365 593 qua!
2401 523 2563 576 feriet
2593 523 2828 576 dextera
2860 520 3163 593 prmtcriet.

1924 620 2089 674 Festa
2118 613 2240 669 dies
2272 611 2439 666 illum
2472 612 2700 683 quoties
2732 610 2873 665 redit
2904 627 3103 664 annua
3134 610 3371 675 festum,

1993 704 2139 760 Huic
2166 703 2372 757 referet
2403 700 2615 773 populo
2649 701 2861 754 fmdere
2892 704 3191 770 perpetuo.

1921 796 1980 853 Si
2014 797 2241 849 sacrata
2261 790 2366 862 pice
2400 796 2669 861 penetras
2696 788 2969 860 mysteria
3002 804 3210 852 causze,

1991 885 2115 938 Non
2140 882 2264 936 sine
2296 884 2648 946 compuncto
2680 877 2931 949 percipis
2958 876 3077 931 haec
3110 876 3326 930 animo.

1920 971 2120 1027 Exsilii
2154 970 2307 1035 ﬁnis,
2343 971 2549 1038 optata:
2581 983 2758 1021 causa
2788 965 3021 1037 quietis,

1989 1064 2194 1131 Agnus
2227 1056 2526 1129 promissa)
2560 1054 2773 1126 pignus
2802 1058 2927 1107 erat
2958 1052 3176 1123 patriae.

1918 1147 2078 1211 Quod
2114 1161 2273 1200 mare
2304 1143 2546 1209 salvato,
2583 1140 2818 1214 populo,
2850 1141 3149 1195 Pharaone
3181 1145 3404 1208 necato,

1990 1234 2268 1305 Ohsequii
2298 1232 2604 1305 geminum
2628 1230 2899 1302 praestitit
2929 1228 3186 1284 ofﬁcium
3213 1249 3235 1293 ;

1918 1324 2198 1395 Quodque
2231 1322 2323 1377 die
2347 1323 2583 1385 nubem,
2613 1318 2826 1374 meruit
2856 1320 3008 1390 quod
3042 1318 3313 1373 noctibus
3376 1317 3570 1390 ignem

1988 1415 2055 1468 Et
2095 1428 2308 1484 panem
2340 1409 2465 1465 cceli
2494 1407 2969 1480 colloquiumque
2999 1407 3098 1461 Dei
3125 1425 3137 1473 ;

1917 1504 2117 1575 Agnus
2150 1516 2329 1557 causa
2362 1498 2469 1553 luit
2495 1516 2507 1567 ;
2533 1498 2602 1551 de
2636 1514 2751 1567 quo
2783 1513 2915 1551 cum
2946 1495 3198 1566 denique
3228 1493 3378 1549 desit

1995 1590 2239 1645 Auditor
2269 1588 2504 1661 dignus,
2541 1586 2709 1658 plura
2744 1585 2903 1656 loqui
2930 1584 3210 1655 fugimus.

1921 1680 2069 1746 Quid
2102 1679 2177 1733 sit
2194 1678 2316 1731 ovis
2340 1681 2617 1747 reputans
2648 1678 2703 1729 et
2721 1690 2884 1727 ovem
2906 1676 3233 1727 reverenter
3253 1671 3571 1737 honorans,

1991 1768 2195 1825 Judice
2227 1783 2340 1832 me,
2374 1765 2622 1820 stultum
2655 1763 2875 1835 corrige
2910 1761 3295 1834 propositum.

2639 1868 2840 1906 LINUM.

1919 1948 1981 2002 In
2015 1962 2194 2001 causa
2226 1942 2404 2014 recipi
2437 1959 2539 2013 pro
2559 1940 2759 2011 judice
2791 1957 2905 1994 non
2939 1938 3085 1993 solet
3116 1937 3322 2003 hostis,

1988 2036 2101 2091 Nec
2133 2034 2207 2088 lis
2234 2034 2346 2087 ista
2372 2036 2471 2086 tuo
2504 2032 2733 2085 constat
2764 2029 2821 2081 in
2855 2026 3118 2082 arbitrio.

1917 2125 2091 2180 Justa
2121 2122 2355 2195 quidem
2387 2117 2563 2174 veteri
2595 2134 2708 2172 non
2741 2118 2903 2171 deest
2933 2113 3255 2170 reverentia
3286 2112 3421 2184 legi,

1988 2213 2101 2267 Nec
2132 2211 2318 2282 pietas
2349 2209 2464 2263 illis
2485 2211 2609 2263 erat
2634 2207 2690 2260 in
2724 2204 2974 2276 eloquiis
3004 2222 3017 2271 ;

1918 2302 2031 2357 Sed
2062 2306 2257 2355 tamen
2295 2298 2504 2353 umbra
2553 2296 2693 2351 fuit:
2747 2299 2954 2367 praeter
3002 2290 3247 2347 moralia
3290 2288 3575 2361 quidquid

1994 2388 2290 2460 Lexjubet
2324 2385 2420 2440 illa
2451 2389 2616 2440 vetus
2648 2400 2774 2438 esse
2807 2383 2959 2437 scias
2983 2380 3164 2435 aliud.

1922 2478 2161 2551 Legales
2194 2477 2435 2532 umbras
2466 2472 2900 2528 contemnimus
2931 2474 3105 2540 atque
3137 2468 3375 2539 ﬁguras,

1991 2568 2074 2623 Ad
2111 2566 2300 2622 lucem
2334 2568 2545 2620 sanctae
2576 2561 2860 2618 vertimur
2881 2558 3172 2613 Ecclesia).

1924 2658 2003 2713 De
2032 2656 2202 2712 nobis
2232 2656 2360 2726 ejus
2388 2651 2721 2708 communis
2744 2650 2973 2720 judicet
3006 2664 3169 2709 usus,

1995 2758 2176 2821 Quem
2202 2753 2333 2808 fidei
2366 2751 2618 2807 celebres
2643 2750 2944 2804 instituere
2975 2746 3175 2800 duces.

1924 2846 2087 2909 Quod
2116 2843 2303 2899 linum
2338 2857 2535 2896 sacras
2567 2838 2893 2895 circumdat
2919 2835 3181 2890 vestibus
3212 2849 3366 2899 aras,

1998 2934 2112 2990 Nec
2138 2930 2511 3004 magnifacio,
2546 2944 2649 2984 nec
2683 2925 2829 2982 nihil
2864 2940 2991 2980 esse
3019 2928 3178 2995 puto.

1926 3021 2188 3093 Denique
2222 3020 2453 3093 purgati
2484 3034 2620 3091 pars
2644 3013 3044 3087 abjectissima
3074 3012 3199 3079 lini,

1999 3112 2086 3166 Ad
2121 3110 2248 3165 loca
2278 3125 2445 3164 sacra
2475 3107 2587 3180 piis
2618 3106 2868 3162 excubat
2898 3102 3127 3159 ofﬁciis.

1928 3200 2163 3256 Partitis
2192 3198 2436 3265 vicibus,
2471 3197 2624 3269 quod
2658 3194 2743 3251 sol
2775 3192 3135 3266 splendendo
3168 3190 3400 3254 diebus,

1845 3265 1889 3333 δ
1999 3290 2060 3345 Id
2095 3288 2320 3361 peragit
2350 3265 2539 3342 linum
2566 3265 2836 3341 noctibus
2869 3282 3145 3338 ofﬁcium.

1926 3382 2040 3435 Iste
2069 3395 2247 3434 manu
2282 3376 2448 3432 factis
2481 3374 2761 3447 splendor
2786 3373 2934 3428 dans
2963 3370 3192 3425 lumina
3225 3367 3497 3440 templis;

1992 3469 2075 3523 Tu
2107 3467 2259 3522 nosti
2283 3463 2493 3520 melius
2527 3463 2667 3535 quid
2701 3465 2863 3534 gerat
2893 3460 3160 3514 interius.

1921 3558 2067 3614 Cum
2102 3573 2269 3613 sacra
2299 3554 2560 3609 facturus
2592 3568 2759 3607 sacra
2791 3548 2973 3605 sumit
3018 3546 3278 3618 tegmina
3328 3543 3565 3616 praesul,

1992 3647 2131 3711 Quis
2164 3644 2327 3700 locus
2358 3646 2446 3697 est
2469 3640 2620 3695 lanis
2651 3641 2780 3710 ejus
2810 3638 2871 3691 in
2901 3636 3120 3691 exuviis
3141 3634 3168 3687 ’ἶ

1920 3737 2123 3792 Vestes
2153 3738 2427 3807 prmtereo
2458 3746 2605 3801 quas
2637 3728 2902 3783 nominat
2933 3741 3077 3778 usus
3110 3721 3181 3777 ab
3213 3720 3344 3776 albo

1992 3825 2061 3879 Et
2092 3840 2216 3895 qua:
2239 3824 2498 3877 sacratos
2531 3818 2639 3871 rito
2662 3819 2865 3887 tegunt
2895 3813 3172 3866 humeros
3197 3826 3212 3875 ;

1921 3916 2061 3985 Ejus
2094 3916 2341 3982 utraque
2368 3924 2546 3963 manu
2580 3902 2884 3961 sollemnis
2915 3906 3176 3970 tempore
3208 3895 3402 3951 cultus

1994 4000 2073 4055 De
2103 3997 2223 4053 lino
2252 3995 2423 4051 factis
2454 3992 2670 4049 albicat
2701 3988 2943 4045 exuviis.

1924 4090 2098 4145 Sacro
2131 4087 2241 4142 fert
2271 4084 2447 4140 etiam
2481 4079 2760 4152 crispanti
2790 4075 2999 4133 vertice
3027 4074 3261 4129 mitram

1993 4178 2075 4232 Ne
2103 4176 2223 4231 lino
2253 4173 2343 4230 vel
2373 4173 2432 4228 in
2464 4172 2573 4227 hac
2604 4174 2767 4242 parte
2799 4167 2889 4223 sui
2919 4169 3134 4232 careat,

1924 4267 2003 4323 De
2033 4266 2152 4321 lino
2183 4265 2417 4330 factam,
2453 4277 2682 4317 mersus
2711 4257 3085 4330 baptismate,
3118 4252 3355 4308 mitram

1997 4356 2212 4428 Pignus
2243 4353 2417 4409 homo
2448 4351 2576 4405 vita:
2609 4347 2856 4418 suscipit
2886 4346 2944 4400 in
2976 4343 3197 4415 capite;

1923 4443 2167 4516 Supplet
2215 4440 2574 4514 baptismum
2626 4439 3029 4510 prmceptaque
3074 4447 3320 4487 munera
3357 4429 3575 4501 linum,

1997 4532 2422 4602 lntroitumque
2453 4545 2677 4585 sacram
2708 4525 2909 4597 pandit
2932 4525 2991 4578 in
3010 4519 3351 4577 Ecclesiam.

1846 4639 1892 4704 D
1924 4622 2106 4677 Omen
2133 4620 2242 4676 erit
2272 4619 2425 4687 felix,
2460 4617 2689 4689 quoties
2722 4616 2782 4669 in
2812 4613 3075 4669 vestibus
3102 4609 3252 4667 albis

1996 4708 2235 4766 Somnia
2264 4707 2508 4763 dilectas
2540 4702 2880 4759 obtulerunt
2910 4701 3157 4757 animas.

1925 4800 2071 4867 Quid
2102 4798 2215 4853 nisi
2247 4812 2543 4859 maerores,
2572 4810 2765 4859 curas,
2799 4791 3095 4862 aliquosve
3121 4787 3375 4853 labores,

1997 4888 2158 4953 Quod
2190 4886 2334 4941 mihi
2367 4884 2660 4956 signiﬁcet
2684 4882 2854 4936 lanea
2884 4878 3060 4933 vestis
3090 4874 3283 4930 habet.

1926 4974 2204 5035 leicolae
2234 4974 2405 5028 terris
2439 4988 2639 5044 parere
2670 4971 2945 5042 leguntur
2974 4965 3032 5019 in
3066 4962 3235 5029 albis,

1997 5066 2053 5120 Si
2081 5063 2308 5136 quoties
2336 5060 2578 5115 veniunt
2609 5058 2816 5113 nuntia
2848 5057 2976 5110 laeta
3006 5053 3218 5107 ferunt.

1929 5154 2076 5209 Disit
2106 5154 2164 5207 in
2196 5151 2304 5205 hoc
2334 5149 2510 5203 etiam
2545 5155 2643 5201 tua
2671 5164 2742 5201 ne
2772 5145 2877 5200 tibi
2901 5141 3103 5216 gloria,
3138 5137 3384 5211 quidam

2000 5240 2260 5315 Angelus
2289 5242 2378 5294 est
2408 5235 2592 5306 nigris
2625 5249 2857 5305 semper
2888 5232 2946 5286 in
2977 5229 3219 5287 exuviis.

1930 5331 2209 5395 Plurima,
2244 5325 2507 5383 continui
2543 5321 2824 5378 revolutis
2855 5320 3160 5374 mensibus
3190 5316 3352 5386 anni,

1998 5423 2044 5476 A
2075 5417 2308 5475 Christo
2342 5414 2555 5479 dictus,
2591 5411 2739 5465 festa
2768 5408 2904 5463 colit
2934 5406 3222 5478 populus;

1928 5510 2038 5564 Sed
2068 5513 2207 5563 tunc
2243 5504 2532 5579 prmcipua
2567 5500 2743 5555 fervet
2775 5495 2998 5552 devotio
3032 5509 3172 5549 cura

1931 5600 2076 5654 Cum
2110 5596 2186 5651 sit
2220 5594 2518 5669 praecipua:
2553 5588 2767 5645 mentio
2799 5583 3008 5640 laetitiae
3036 5600 3048 5651 ;

1933 5687 2102 5744 Tunc
2133 5684 2389 5761 penitus,
2421 5681 2656 5757 penitus
2682 5681 2896 5736 eterna
2925 5673 3051 5751 lege
3081 5673 3334 5747 cavetur,
