3964 6206
323 336 445 396 455
730 326 1143 389 HERMANNI
1189 325 1631 387 CONTRACTI
1682 325 1861 387 AUG.
1909 324 2098 385 MON.
2146 323 2468 384 CARMEN
2513 324 2614 385 DE
2659 322 3114 395 CONFLIC’I‘U,
3160 320 3328 383 ETC.
3618 319 3785 379 456'

400 466 480 519 Ne
527 466 767 519 temeret
818 476 1013 515 sacros
1044 460 1219 514 vestis
1251 459 1418 512 ovina
1448 458 1674 517 choros.

325 559 485 610 Tunc
518 568 772 624 quoque,
805 549 999 603 divino
1033 548 1315 602 candente
1358 565 1457 618 per
1484 546 1681 602 omnia
1714 546 1853 609 lino,

401 642 657 713 Longius
685 657 718 694 a
747 638 966 692 sanctis
991 636 1159 708 pulsa
1193 636 1408 690 recedit
1429 636 1554 691 ovis

325 732 485 785 Tunc
511 730 707 794 etiam,
740 727 810 781 de
841 731 980 797 quot
1004 726 1081 780 ibi
1116 725 1374 797 plaudis,
1399 724 1641 796 laniger,
1669 725 1829 791 ordo,

400 818 647 889 Laniger
669 816 807 871 ordo
840 820 980 870 tuus
1011 815 1103 870 cui
1138 815 1327 885 placet
1359 814 1452 868 hic
1483 814 1739 869 habitus.

326 909 588 978 Desuper
618 905 712 958 ind
727 909 821 957 uto
855 904 1003 959 solet
1034 904 1188 958 hunc
1222 903 1580 958 abscondere
1604 902 1759 970 lino;

398 997 600 1051 Vestes
629 994 918 1047 infaustas
950 992 1379 1048 dissimulando
1413 996 1603 1062 negat.

326 1084 578 1150 Quilibet
613 1084 884 1138 incautus
916 1082 1103 1137 sancti
1139 1081 1432 1137 consortia
1464 1086 1647 1135 ccetus

398 1174 457 1229 Si
491 1170 791 1246 praesumit
818 1170 939 1225 ovis
971 1170 1246 1225 horridus
1268 1170 1513 1236 exuviis,

2004 461 2051 522 Α
2158 459 2337 520 Quam
2366 457 2565 511 laudes
2596 456 2727 527 agni
2764 474 2889 528 qum
2911 456 3281 511 celebrantur
3309 452 3410 508 ibi.

2085 546 2265 607 Quem
2296 545 2411 599 vidi
2445 546 2697 617 positu'n
2734 545 3011 616 mysteria
3042 544 3293 598 maxima
3330 541 3549 596 librum

2160 634 2486 706 lmplebant
2515 634 2700 701 intus,
2732 634 2944 704 inquit,
2967 638 3021 687 et
3050 633 3335 695 exterius;

2087 724 2266 778 NemJ
2302 728 2495 778 tamen
2519 722 2702 778 clausi
2734 722 3036 794 signacula
3065 723 3287 777 solvere
3314 720 3451 776 libri

2158 816 2224 865 Et
2252 829 2378 883 quze
2410 813 2585 867 verba
2619 812 2762 866 ferat
2792 812 3054 882 pandere
3082 810 3298 882 dignus
3327 813 3470 866 erat.

2086 901 2311 956 Notitiae
2343 902 2545 956 mundi
2581 901 2858 970 mysteria
2889 905 3049 955 tanta
3079 898 3279 972 negari

2157 993 2296 1043 Cum
2332 990 2527 1044 fierem
2556 1007 2568 1044 :
2604 990 2753 1058 Noli,
2784 1005 2887 1043 vox
2920 989 3001 1043 ait
3032 1006 3148 1043 una
3178 987 3320 1043 mihi
3348 1006 3361 1054 ;

2088 1078 2331 1133 Munera
2360 1096 2485 1150 quae
2517 1078 2707 1134 meriti
2740 1084 2913 1149 negat
2943 1076 3300 1148 imperfectio
3332 1076 3495 1133 carni

2158 1166 2257 1222 Ille
2287 1168 2482 1222 subire
2516 1170 2707 1238 potest
2734 1168 2828 1222 cui
2860 1167 3031 1222 dolus
3062 1166 3256 1221 omnis
3287 1164 3472 1221 abest.

328 1262 602 1318 Protinus
633 1260 792 1316 hunc
840 1259 1035 1314 animo
1075 1258 1236 1313 velut
1284 1258 1477 1313 omine
1529 1256 1728 1312 saucia
1772 1260 1975 1311 mmsto
2085 1256 2229 1311 Hinc
2262 1256 2417 1311 velut
2438 1256 2612 1311 occisi
2645 1255 2866 1327 species
2897 1254 3167 1327 apparuit
3196 1254 3331 1327 agni

401 1350 612 1406 Concio
646 1366 814 1404 sacra
848 1349 1009 1419 fugat
1039 1364 1072 1402 a
1098 1347 1346 1402 statione
1369 1364 1493 1401 sua.

331 1439 639 1511 Angelicas
664 1442 854 1492 vestes
886 1438 1031 1491 festo
1050 1436 1300 1491 candore
1333 1436 1585 1490 nitentes

402 1531 575 1583 Veste
605 1526 899 1598 profanari
932 1543 1047 1580 non
1079 1526 1383 1596 patiuntur
1413 1524 1555 1589 ovis,

332 1617 457 1672 Non
481 1616 653 1686 jocus
684 1615 805 1669 haec
833 1613 1068 1686 aliquis,
1104 1631 1218 1669 non
1250 1613 1338 1668 lex
1362 1613 1529 1683 jubet
1560 1613 1672 1668 ista
1691 1611 1972 1681 forensis;

402 1705 513 1759 Sed
544 1704 693 1759 ritus
724 1708 925 1758 sancta
951 1702 1145 1757 sanxit
1177 1701 1235 1756 in
1268 1700 1525 1756 Ecclesia

331 1795 466 1859 Quae
496 1792 778 1865 quidnam
814 1792 962 1846 facto
993 1795 1229 1846 moneat
1256 1790 1343 1845 vel
1376 1789 1591 1845 clamet
1639 1791 1696 1844 in
1733 1791 1866 1861 isto,

402 1886 523 1937 Hac
551 1882 724 1937 etiam
759 1880 933 1935 medii
957 1896 1121 1935 mens
1140 1879 1549 1951 capitingenii.

333 1971 416 2025 Ad
452 1971 600 2025 bona
627 1969 789 2023 nulla
821 1963 993 2024 malis
1024 1968 1188 2023 locus
1218 1973 1327 2033 est,
1360 1968 1432 2024 ad
1460 1973 1664 2024 sancta
1694 1968 1977 2040 profanis,

404 2058 697 2114 Tristibus
732 2064 789 2113 et
810 2057 957 2113 latis
988 2074 1078 2113 res
1110 2057 1287 2112 simul
1320 2073 1450 2113 esse
1473 2057 1691 2128 nequit.

334 2149 465 2204 Jam
498 2147 611 2203 nisi
645 2165 747 2220 pro
779 2147 945 2202 venia
977 2145 1093 2202 noli
1129 2146 1271 2201 mihi
1301 2147 1542 2201 fundere
1571 2147 1764 2210 verba,

406 2237 478 2291 Ut
508 2236 752 2309 supplex
784 2237 939 2307 parci
974 2252 1338 2308 promereare
1378 2235 1516 2301 tibi;

339 2326 418 2379 Ne
451 2326 623 2379 modo
650 2330 705 2379 te
736 2325 884 2378 vinci
918 2325 1136 2395 pudeat
1165 2324 1490 2393 subjudice
1526 2323 1647 2389 tali,

408 2413 637 2467 Judicio
660 2417 872 2467 sanctae
906 2413 1197 2466 vincimus
1228 2412 1515 2466 Ecclesiae.
1540 2444 1605 2450 ——

338 2501 441 2555 Hic
469 2501 613 2561 ovis,
646 2501 961 2571 opprobrio
994 2500 1122 2555 laedi
1158 2505 1389 2565 testata,
1423 2500 1646 2555 silendo

410 2589 674 2656 Erubuit,
706 2589 941 2643 tandem
975 2589 1238 2645 subdidit
1267 2589 1379 2643 ista
1402 2593 1618 2644 tamen.

1095 2695 1237 2732 OVIS.

341 2768 455 2823 Nec
486 2783 591 2823 nos
623 2766 970 2838 diffugimus
1002 2766 1109 2822 hoc
1131 2768 1215 2822 uti
1240 2768 1459 2838 judice,
1493 2768 1663 2839 cujus

416 2860 517 2911 Est
538 2872 727 2927 agnus
760 2872 1011 2926 sponsus
1041 2861 1098 2911 et
1128 2860 1377 2928 pater-et
1405 2856 1700 2912 dominus.

341 2943 487 2998 Cum
519 2961 685 2999 sacra
716 2944 972 2999 facturus
1006 2961 1172 2999 sacra
1221 2944 1404 2999 sumit
1452 2946 1711 3017 tegmina
1753 2946 1987 3017 praesul,

414 3032 654 3104 Dignior
683 3036 869 3087 exstat
899 3032 1021 3087 ovis
1051 3034 1179 3103 ejus
1214 3033 1272 3087 in
1304 3034 1544 3089 exuviis.

344 3119 631 3176 Ecclesiae
663 3125 896 3176 sanctas
930 3138 1078 3193 quas
1108 3126 1323 3177 matres
1354 3124 1619 3178 nominat
1647 3142 1787 3180 usus

414 3209 515 3264 Vel
540 3209 668 3264 vitae
691 3211 918 3277 merito,
954 3210 1038 3265 vel
1074 3211 1204 3266 ﬁdei
1231 3212 1415 3277 senio,

346 3297 583 3353 Munere
614 3298 857 3368 majoris
886 3298 1016 3354 illas
1048 3298 1269 3353 extollit
1299 3300 1539 3355 honoris

414 3384 594 3441 Pallia
626 3387 808 3442 Roma
828 3404 1006 3443 suum
1039 3388 1185 3443 dans
1216 3405 1319 3459 per
1348 3390 1771 3460 apostolicum;

337 3473 583 3531 Plenum
616 3475 863 3532 sacratis
892 3479 1051 3548 patet
1082 3476 1191 3531 hoc
1224 3477 1451 3550 insigne
1481 3479 1705 3534 decoris

406 3569 599 3636 Atque
629 3582 804 3636 super
832 3564 1087 3637 reliquas
1118 3566 1338 3621 eminet
1360 3568 1593 3622 exuvias
1619 3586 1632 3636 ;

334 3652 599 3727 Simplex
630 3671 664 3709 a
689 3654 910 3722 dextra,
944 3654 1156 3725 duplex
1186 3672 1220 3710 a
1251 3660 1415 3725 parte
1444 3656 1705 3725 sinistra,

410 3743 675 3799 Pendens
706 3759 774 3799 ex
803 3743 1087 3811 humeris,
1122 3744 1369 3816 mystica
1399 3746 1552 3802 dona
1580 3748 1747 3817 gerit.

334 3831 612 3900 Plurima,
645 3832 908 3888 continui
936 3832 1215 3889 revolutis
1243 3834 1547 3891 mensibus
1579 3838 1739 3905 anni,

404 3925 449 3974 A
481 3922 712 3979 Christo
735 3923 930 3979 dictus
964 3923 1113 3979 festa
1143 3924 1283 3980 colit
1315 3925 1607 3998 populus;

334 4010 447 4066 Sed
474 4015 615 4066 tunc
647 4012 952 4085 praecipua
981 4014 1164 4068 fervet
1193 4014 1418 4071 devotio
1450 4033 1590 4071 cura

416 4100 561 4154 Cum
593 4100 670 4155 sit
691 4101 995 4173 praecipuae
1028 4102 1246 4157 mentio
1264 4102 1494 4160 lietitice.

337 4188 595 4243 Sedulus
626 4189 834 4244 ofﬁciis
864 4190 1084 4244 devotae
1118 4191 1334 4261 gaudia
1364 4193 1580 4247 mentis

411 4281 573 4331 Tunc
605 4276 790 4347 aperit
822 4278 1126 4348 proprium
1158 4279 1408 4351 quisque
1453 4298 1556 4352 per
1603 4283 1987 4356 obsequium:

340 4362 434 4418 Nil
468 4365 611 4418 adeo
642 4364 792 4418 sacri
823 4370 1074 4420 testatur
1101 4367 1315 4438 gaudia
1341 4368 1470 4423 festi

411 4452 597 4516 Quam
629 4469 795 4508 sacra
825 4454 1050 4510 festivis
1085 4455 1241 4510 clara
1271 4456 1482 4514 domus
1512 4460 1701 4517 titulis
1726 4480 1738 4517 :

342 4542 505 4596 Tunc
539 4540 799 4612 pretiosa
828 4541 955 4597 suis
988 4550 1260 4616 surgunt,
1294 4545 1480 4602 aulaea
1508 4548 1711 4621 ﬁguris

414 4632 493 4686 Ac
520 4630 579 4684 in
614 4646 678 4684 se
710 4631 892 4702 raptis
923 4648 1023 4687 ora
1051 4637 1253 4688 tenent
1276 4634 1490 4691 animis
1524 4655 1536 4705 ;

345 4721 510 4776 Tunc
536 4736 784 4792 operosa
816 4720 941 4776 suis
964 4721 1223 4794 Hispana
1242 4724 1458 4795 tapetia
1487 4726 1643 4783 villis

419 4809 569 4865 Hinc
589 4810 822 4877 rubeas,
853 4810 1066 4867 virides
1095 4812 1231 4867 inde
1251 4812 1445 4869 ferunt
1470 4816 1694 4888 species
1719 4836 1731 4883 ;

347 4903 507 4955 Tunc
536 4901 709 4956 statio
741 4899 912 4968 sacri,
948 4905 1089 4956 tunc
1124 4902 1249 4973 ipsa
1270 4904 1476 4960 sedilia
1501 4905 1639 4961 cleri

418 4988 763 5045 Demulcent
792 4988 993 5045 oculos
1024 5007 1266 5047 munere
1288 4997 1438 5050 tecta
1470 5012 1596 5050 meo
1621 5014 1634 5062 ;

346 5079 427 5134 Ex
457 5078 580 5135 solo
601 5079 810 5135 doctus
844 5079 1028 5136 nostri
1059 5081 1368 5152 splendore
1400 5090 1639 5154 paratus

419 5166 708 5239 Percipiet
736 5167 1021 5225 celebrem
1056 5170 1302 5242 quilibet
1329 5188 1458 5227 esse
1489 5173 1667 5229 diem.

350 5255 624 5312 Ecclesiis
654 5262 876 5329 septem
909 5263 1097 5314 totum
1128 5257 1422 5332 vulganda
1448 5278 1549 5332 per
1575 5263 1774 5320 orbem

423 5344 642 5400 Scribit
671 5346 920 5403 dilectus
951 5347 1217 5420 mystica,
1242 5348 1488 5415 Christe,
1516 5355 1675 5407 tuus.

353 5435 485 5486 Haec
517 5433 712 5489 divina
734 5435 849 5507 piis
879 5437 1113 5492 oracula
1145 5436 1314 5509 plena
1343 5440 1546 5513 ﬁguris

429 5520 554 5583 Qua
578 5520 748 5578 debet
774 5540 914 5579 cura
944 5526 1194 5598 suscipit
1224 5526 1481 5585 Ecclesia
1505 5548 1518 5597 ;

359 5604 473 5663 Sed
504 5604 651 5664 nihil
680 5614 765 5669 est
794 5612 949 5685 quod
981 5613 1067 5671 sic
1096 5614 1281 5688 pietas
1313 5618 1687 5693 amplectitur
1713 5620 1851 5681 illuc

2156 1344 2497 1400 Luminibus
2528 1349 2771 1415 septem,
2804 1344 3082 1399 cornibus
3103 1348 3160 1399 et
3180 1342 3423 1399 totidem
3451 1360 3464 1409 ;

2084 1437 2155 1488 At
2186 1433 2429 1505 pulcher
2451 1450 2713 1498 numero,
2751 1433 2975 1488 meritis
3008 1432 3445 1504 pulcherrimus
3468 1431 3614 1487 ordo

2156 1522 2388 1576 Patrum
2421 1522 2625 1595 viginti
2659 1527 2938 1594 quattuor
2967 1526 3121 1577 astat
3148 1521 3198 1576 ei
3225 1539 3239 1589 ;

2083 1613 2248 1668 Hunc
2265 1628 2496 1685 quoque
2514 1629 2639 1683 quae
2657 1611 2951 1667 celebrant
2962 1610 3242 1666 animalia
3256 1613 3537 1683 quattuor
3551 1613 3764 1666 astant

2152 1700 2472 1757 Sedulitate
2515 1700 2761 1772 pia,vir,
2795 1699 2906 1766 leo,
2939 1701 3067 1768 bos,
3100 1699 3316 1772 aquila.

2006 1831 2053 1894 Β
2082 1791 2365 1856 Quzerenti
2396 1789 2613 1845 librum
2643 1790 2788 1845 ccelo
2817 1794 3101 1861 terraeque
3127 1793 3409 1863 negatum

2160 1879 2420 1935 Porrexit
2450 1880 2648 1951 magni
2676 1880 2878 1936 dextra
2904 1879 3162 1935 sedentis
3192 1879 3266 1935 ei.

2090 1970 2315 2023 Atl‘ectu
2348 1968 2542 2035 tacito,
2573 1966 2667 2039 pia
2699 1968 2915 2039 gaudia
2944 1983 3182 2023 munere
3210 1971 3373 2023 tanto

2162 2056 2260 2111 Ille
2277 2056 2377 2111 Dei
2412 2056 2663 2129 populus
2696 2074 2810 2112 non
2841 2061 2999 2112 tenet
3029 2056 3297 2112 ulterius.

2089 2147 2344 2217 Corpora
2374 2151 2789 2217 prosternunt;
2819 2147 2875 2200 in
2910 2145 3115 2201 laudes
3146 2163 3249 2201 ora
3277 2145 3609 2212 resolvunt;

2162 2236 2208 2288 lt
2232 2251 2410 2289 sonus
2441 2251 2475 2289 a
2500 2234 2755 2305 eytharis
2786 2252 2850 2289 ac
2884 2235 3023 2289 odor
3053 2233 3325 2306 aphialis.

2091 2327 2208 2386 Est,
2239 2322 2422 2388 aiunt,
2447 2323 2758 2394 agnushoc
2791 2322 2951 2395 iungi
2988 2339 3229 2379 munere
3256 2323 3516 2395 dignus;

2164 2413 2277 2465 Nos
2310 2412 2608 2466 moriendo
2643 2411 2735 2466 Dei
2770 2413 3020 2467 reddidit
3049 2428 3237 2485 agnus
3262 2413 3336 2467 ei.

2092 2505 2135 2556 Ο
2166 2517 2294 2554 vere
2330 2518 2605 2572 magnum
2642 2501 2767 2565 tibi,
2800 2504 2932 2555 trux
2960 2501 3071 2568 leo,
3095 2506 3262 2573 rapta
3287 2517 3389 2573 per
3414 2515 3639 2572 agnum

2162 2589 2348 2655 Natio,
2384 2589 2604 2661 lingua,
2638 2589 2850 2655 tribus,
2886 2607 2989 2645 nec
3021 2607 3185 2645 sacer
3213 2594 3303 2645 est
3332 2587 3612 2661 populus.

2094 2679 2347 2733 Vocibus
2378 2683 2433 2733 et
2463 2678 2656 2751 dignis
2682 2678 2928 2734 istorum
2962 2684 3244 2735 consonat
3272 2679 3466 2734 omnis

2170 2767 2332 2822 Illius
2364 2768 2599 2823 excelsae
2630 2767 2793 2823 curia
2821 2768 3044 2823 militiae
3072 2787 3085 2835 ;

2097 2857 2200 2921 Qui
2238 2856 2381 2911 nulli
2415 2873 2656 2912 numero
2687 2855 2938 2913 caelestis
2970 2857 3232 2927 subjacet
3261 2857 3423 2924 ordo,

2175 2947 2395 3001 Laudes
2418 2951 2611 3001 mente
2642 2946 2766 3018 pari
2798 2946 3073 3011 concinit,
3101 2947 3281 3017 Agnc,
3312 2944 3440 3000 tibi.

2098 3035 2279 3090 Voces
2313 3034 2706 3106 multiplicant
2734 3034 2948 3106 quibus
2996 3035 3149 3090 atria
3193 3050 3428 3090 summa
3457 3031 3754 3088 resultant

2178 3128 2249 3181 Et
2278 3127 2443 3181 labor
2469 3123 2560 3177 hic
2596 3122 2726 3178 felix
2755 3124 2929 3179 taedia
2960 3123 3122 3179 nulla
3150 3123 3323 3195 capit.

2016 3198 2057 3263 Ε
2098 3218 2314 3283 Gloria,
2350 3214 2647 3284 majestas,
2682 3213 2871 3267 honor
2900 3217 2958 3267 et
2988 3212 3188 3268 divina
3211 3216 3472 3284 potestas

2168 3308 2460 3363 Debentur
2489 3302 2733 3366 meritis,
2764 3304 2925 3373 Agne
2953 3305 3272 3373 perempta,
3304 3300 3445 3356 tuis.

2095 3402 2278 3470 Agne,
2301 3394 2405 3450 tibi
2437 3391 2632 3457 tellus,
2668 3390 2773 3446 tibi
2805 3391 3042 3447 subdita
3071 3390 3248 3447 servit
3275 3390 3527 3461 abyssus
3552 3407 3567 3457 ;

2169 3489 2256 3541 Tu
2289 3483 2463 3555 regis,
2497 3483 2679 3552 Agne,
2713 3480 2877 3551 polos
2907 3479 3270 3551 inferiusque
3297 3479 3512 3545 chaos;

2097 3581 2278 3647 Agne,
2309 3573 2394 3629 tui
2418 3571 2573 3642 juris
2604 3569 2726 3624 hmc
2753 3568 2870 3624 sint
2895 3573 2953 3623 et
2973 3569 3260 3641 quidquid
3284 3569 3342 3624 in
3376 3566 3492 3623 illis
3517 3584 3530 3633 ;

2171 3664 2336 3719 Talia
2365 3659 2629 3734 gratuitae
2660 3658 2899 3730 prmmia
2924 3658 3131 3714 mortis
3151 3658 3319 3714 habe.

2099 3753 2314 3825 Collige
2346 3750 2489 3823 quid
2510 3747 2711 3820 paucis
2742 3748 2887 3809 ferat
2914 3747 3030 3802 huc
3062 3747 3355 3803 sententia
3381 3744 3575 3802 verbis

2171 3843 2240 3897 Et
2266 3840 2355 3896 vel
2388 3856 2566 3903 nunc,
2599 3854 2748 3909 agno
2773 3837 2996 3908 judice,
3028 3837 3168 3892 cede
3190 3835 3344 3908 polo.

2100 3932 2158 3988 Si
2191 3933 2416 4003 partem
2451 3944 2646 3983 rerum
2679 3943 2958 3981 numeras
2991 3927 3048 3981 in
3080 3930 3287 3981 caitera
3315 3924 3524 3991 linum,

2171 4023 2332 4091 Agno
2357 4017 2490 4088 jure
2521 4016 2743 4083 subest,
2772 4015 2872 4087 qui
2905 4014 3041 4070 facit
3070 4030 3242 4070 omne
3272 4015 3426 4086 quod
3458 4017 3569 4069 est.

2099 4107 2398 4180 Ambigua:
2429 4104 2590 4160 vocis
2621 4121 2692 4160 ne
2724 4104 2855 4176 plus
2887 4120 3081 4160 errore
3111 4102 3388 4169 traharis,

2176 4196 2275 4251 Hic
2304 4211 2490 4267 agnus
2522 4194 2675 4249 Deus
2707 4197 2826 4259 est;
2860 4192 2969 4249 hoc
2998 4196 3155 4248 tenet
3183 4191 3341 4247 alma
3372 4191 3535 4246 ﬁdes.

2101 4285 2161 4341 Si
2195 4284 2361 4355 cupis
2392 4284 2461 4337 ad
2494 4282 2745 4352 veniam,
2778 4282 2883 4337 tibi
2906 4283 3025 4337 dux
3045 4299 3142 4338 ero
3167 4303 3181 4352 ;
3205 4284 3269 4334 tu
3293 4279 3466 4336 modo
3486 4277 3746 4351 linguam

2172 4371 2605 4444 Magniloquam
2642 4387 2783 4426 sane
2814 4372 3038 4444 corrige
3067 4371 3332 4428 consilio.

2104 4462 2355 4517 Possunt
2384 4464 2595 4514 cuncta
2623 4460 2727 4513 tibi
2757 4459 3039 4532 suffragia
3068 4465 3269 4517 nostra
3286 4456 3537 4524 mereri;

2030 4568 2075 4632 D
2180 4551 2342 4621 Saepe
2363 4549 2546 4604 Deum
2573 4548 2804 4604 miseris
2835 4549 3166 4604 conciliavit
3196 4548 3339 4605 ovis.
3373 4577 3443 4586 —

2110 4639 2212 4695 Hic
2245 4637 2474 4710 stupuit
2504 4636 2761 4709 primum
2787 4638 3094 4710 tenuitque
3126 4636 3359 4694 silentia
3387 4634 3578 4690 linum
3605 4649 3619 4700 ;

2181 4728 2321 4783 Inde
2347 4725 2652 4783 recollecto
2676 4726 2945 4781 subdidit
2973 4726 3096 4783 haec
3127 4726 3344 4783 animo.

2821 4833 3024 4873 LINUM.

2102 4919 2269 4971 Certa
2302 4916 2444 4970 ﬁdes
2476 4914 2641 4969 nobis
2672 4914 3046 4970 commendat
3064 4915 3220 4970 dicta
3247 4911 3558 4977 Johannis,

2177 5004 2295 5059 Prae
2328 5003 2568 5076 reliquis
2598 5020 2729 5059 caro
2760 5003 2959 5058 debita
2991 5003 3317 5076 discipulo;

2108 5094 2331 5165 Desipit
2354 5093 2448 5147 ille
2478 5099 2669 5148 tamen
2704 5108 2890 5163 neque
2916 5093 3103 5163 tangit
3124 5098 3316 5148 mente
3340 5092 3643 5161 Johznem,

2178 5183 2400 5237 Factum
2434 5183 2479 5237 si
2505 5182 2639 5253 quis
2671 5180 2792 5235 ovis
2819 5182 3003 5236 credit
3032 5182 3225 5238 inesse
3258 5181 3430 5254 polis.

2110 5270 2444 5326 Ridiculum
2476 5287 2605 5325 vere
2636 5270 2683 5324 si
2715 5269 2903 5324 sancti
2934 5271 3112 5326 verba
3141 5271 3436 5343 prophetae

2183 5358 2418 5431 Ingenio
2452 5360 2512 5428 [ι.
2547 5362 2604 5413 et
2635 5359 2652 5428 )
2686 5358 2870 5412 teneri
2905 5359 3077 5415 corde
3106 5359 3265 5432 capis
3288 5360 3475 5432 pueri.

2108 5446 2364 5503 Alitibus
2397 5446 2666 5518 nunquid
2700 5445 3009 5519 pecorique
3036 5448 3293 5521 ferisque
3323 5448 3549 5521 paravit

2183 5536 2383 5609 Regna
2413 5551 2669 5608 superna
2696 5535 2849 5590 Deus
2881 5542 3350 5611 perpetuumque
3380 5538 3559 5595 decus
3591 5536 3617 5595 7

2116 5624 2274 5682 Inter
2302 5623 2559 5683 viventes
2589 5622 2698 5683 soli
2727 5622 2951 5682 ratione
2979 5625 3266 5706 vigentes,
