  <div class='ocr_page' id='page_1' title='image "/cluster/home/n/w/nwhite01/storage/ocr_20150623/143/uva.x000829790/234.png"; bbox 0 0 3964 6206; ppageno 0'>
   <div class='ocr_carea' id='block_1_1' title="bbox 155 374 3561 450">
    <p class='ocr_par' dir='ltr' id='par_1_1' title="bbox 155 374 3561 450">
     <span class='ocr_line' id='line_1_1' title="bbox 155 374 3561 450; baseline 0.004 -13"><span class='ocrx_word' id='word_1_1' title='bbox 155 374 267 438; x_wconf 73' lang='grc'>457</span> <span class='ocrx_word' id='word_1_2' title='bbox 636 377 700 437; x_wconf 92' lang='lat' dir='ltr'>S.</span> <span class='ocrx_word' id='word_1_3' title='bbox 749 376 900 438; x_wconf 86' lang='lat' dir='ltr'>LEO</span> <span class='ocrx_word' id='word_1_4' title='bbox 943 376 1022 437; x_wconf 87' lang='lat' dir='ltr'>IX</span> <span class='ocrx_word' id='word_1_5' title='bbox 1065 377 1292 438; x_wconf 76' lang='lat' dir='ltr'>PAPA.</span> <span class='ocrx_word' id='word_1_6' title='bbox 1328 406 1405 422; x_wconf 93' lang='lat'>-</span> <span class='ocrx_word' id='word_1_7' title='bbox 1435 376 1762 438; x_wconf 80' lang='lat' dir='ltr'>PROLEG.</span> <span class='ocrx_word' id='word_1_8' title='bbox 1796 409 1872 422; x_wconf 91' lang='lat'><strong><em>-—</em></strong></span> <span class='ocrx_word' id='word_1_9' title='bbox 1902 378 2088 440; x_wconf 82' lang='lat' dir='ltr'>VITA</span> <span class='ocrx_word' id='word_1_10' title='bbox 2133 381 2196 440; x_wconf 92' lang='lat' dir='ltr'>S.</span> <span class='ocrx_word' id='word_1_11' title='bbox 2245 379 2550 441; x_wconf 88' lang='lat' dir='ltr'>LEONIS.</span> <span class='ocrx_word' id='word_1_12' title='bbox 2581 411 2660 424; x_wconf 91' lang='lat'>——</span> <span class='ocrx_word' id='word_1_13' title='bbox 2689 379 3080 446; x_wconf 84' lang='lat' dir='ltr'>MONITUM.</span> <span class='ocrx_word' id='word_1_14' title='bbox 3440 381 3561 450; x_wconf 68' lang='grc'>458</span> 
     </span>
    </p>
   </div>
   <div class='ocr_carea' id='block_1_2' title="bbox 223 509 3016 581">
    <p class='ocr_par' dir='ltr' id='par_1_2' title="bbox 223 509 3016 581">
     <span class='ocr_line' id='line_1_2' title="bbox 223 509 3016 581; baseline 0.002 -15"><span class='ocrx_word' id='word_1_15' title='bbox 223 510 336 566; x_wconf 87' lang='lat' dir='ltr'>Has</span> <span class='ocrx_word' id='word_1_16' title='bbox 367 509 540 565; x_wconf 82' lang='lat' dir='ltr'>sedes</span> <span class='ocrx_word' id='word_1_17' title='bbox 566 509 805 574; x_wconf 89' lang='lat' dir='ltr'>adeunt,</span> <span class='ocrx_word' id='word_1_18' title='bbox 839 509 989 564; x_wconf 87' lang='lat' dir='ltr'>hanc</span> <span class='ocrx_word' id='word_1_19' title='bbox 1022 509 1283 580; x_wconf 86' lang='lat' dir='ltr'>requiem</span> <span class='ocrx_word' id='word_1_20' title='bbox 1315 509 1568 581; x_wconf 91' lang='lat' dir='ltr'>capiunt.</span> <span class='ocrx_word' id='word_1_21' title='bbox 1829 512 1884 578; x_wconf 77' lang='grc' dir='ltr'><strong>Α</strong></span> <span class='ocrx_word' id='word_1_22' title='bbox 1984 509 2209 567; x_wconf 90' lang='lat' dir='ltr'>Electos</span> <span class='ocrx_word' id='word_1_23' title='bbox 2240 529 2442 567; x_wconf 89' lang='lat' dir='ltr'>omnes</span> <span class='ocrx_word' id='word_1_24' title='bbox 2475 512 2679 569; x_wconf 79' lang='lat' dir='ltr'>liberat</span> <span class='ocrx_word' id='word_1_25' title='bbox 2709 514 2820 569; x_wconf 87' lang='lat' dir='ltr'>ista</span> <span class='ocrx_word' id='word_1_26' title='bbox 2851 515 3016 572; x_wconf 81' lang='lat' dir='ltr'>fides.</span> 
     </span>
    </p>
   </div>
   <div class='ocr_carea' id='block_1_3' title="bbox 158 597 3312 677">
    <p class='ocr_par' dir='ltr' id='par_1_3' title="bbox 158 597 3312 677">
     <span class='ocr_line' id='line_1_3' title="bbox 158 597 3312 677; baseline 0.003 -22"><span class='ocrx_word' id='word_1_27' title='bbox 158 599 342 655; x_wconf 85' lang='lat' dir='ltr'>Renas</span> <span class='ocrx_word' id='word_1_28' title='bbox 372 613 402 654; x_wconf 93' lang='lat' dir='ltr'>e</span> <span class='ocrx_word' id='word_1_29' title='bbox 433 597 578 654; x_wconf 71' lang='lat' dir='ltr'>cmlo</span> <span class='ocrx_word' id='word_1_30' title='bbox 609 597 909 652; x_wconf 80' lang='lat' dir='ltr'>summisit</span> <span class='ocrx_word' id='word_1_31' title='bbox 937 597 1081 653; x_wconf 84' lang='lat' dir='ltr'>visio</span> <span class='ocrx_word' id='word_1_32' title='bbox 1115 598 1300 665; x_wconf 87' lang='lat' dir='ltr'>Petro,</span> <span class='ocrx_word' id='word_1_33' title='bbox 1912 598 2011 654; x_wconf 89' lang='lat' dir='ltr'>Ille</span> <span class='ocrx_word' id='word_1_34' title='bbox 2042 600 2218 655; x_wconf 89' lang='lat' dir='ltr'>semel</span> <span class='ocrx_word' id='word_1_35' title='bbox 2252 601 2418 657; x_wconf 85' lang='lat' dir='ltr'>fusus</span> <span class='ocrx_word' id='word_1_36' title='bbox 2442 602 2763 658; x_wconf 81' lang='lat' dir='ltr'>redimendi</span> <span class='ocrx_word' id='word_1_37' title='bbox 2787 605 3032 677; x_wconf 84' lang='lat' dir='ltr'>sanguis</span> <span class='ocrx_word' id='word_1_38' title='bbox 3062 607 3132 662; x_wconf 92' lang='lat' dir='ltr'>ad</span> <span class='ocrx_word' id='word_1_39' title='bbox 3167 623 3312 665; x_wconf 86' lang='lat' dir='ltr'>usus</span> 
     </span>
    </p>
   </div>
   <div class='ocr_carea' id='block_1_4' title="bbox 231 685 3130 764">
    <p class='ocr_par' dir='ltr' id='par_1_4' title="bbox 231 685 3130 764">
     <span class='ocr_line' id='line_1_4' title="bbox 231 685 3130 764; baseline 0.003 -22"><span class='ocrx_word' id='word_1_40' title='bbox 231 691 377 742; x_wconf 84' lang='lat' dir='ltr'>[nter</span> <span class='ocrx_word' id='word_1_41' title='bbox 407 685 694 742; x_wconf 70' lang='lat' dir='ltr'>cmlicolas</span> <span class='ocrx_word' id='word_1_42' title='bbox 724 686 830 740; x_wconf 88' lang='lat' dir='ltr'>bas</span> <span class='ocrx_word' id='word_1_43' title='bbox 863 687 990 741; x_wconf 90' lang='lat' dir='ltr'>ideo</span> <span class='ocrx_word' id='word_1_44' title='bbox 1018 692 1254 757; x_wconf 90' lang='lat' dir='ltr'>reputas</span> <span class='ocrx_word' id='word_1_45' title='bbox 1269 688 1295 740; x_wconf 68' lang='grc' dir='ltr'>’ἶ</span> <span class='ocrx_word' id='word_1_46' title='bbox 1983 690 2266 743; x_wconf 82' lang='lat' dir='ltr'>Funditur</span> <span class='ocrx_word' id='word_1_47' title='bbox 2299 690 2354 744; x_wconf 91' lang='lat' dir='ltr'>in</span> <span class='ocrx_word' id='word_1_48' title='bbox 2389 695 2592 746; x_wconf 86' lang='lat' dir='ltr'>sancta</span> <span class='ocrx_word' id='word_1_49' title='bbox 2622 693 2836 764; x_wconf 70' lang='lat' dir='ltr'>saepius</span> <span class='ocrx_word' id='word_1_50' title='bbox 2861 694 3130 750; x_wconf 84' lang='lat' dir='ltr'>Ecclesia.</span> 
     </span>
    </p>
   </div>
   <div class='ocr_carea' id='block_1_5' title="bbox 152 774 3352 857">
    <p class='ocr_par' dir='ltr' id='par_1_5' title="bbox 152 774 3352 857">
     <span class='ocr_line' id='line_1_5' title="bbox 152 774 3352 857; baseline 0.003 -25"><span class='ocrx_word' id='word_1_51' title='bbox 152 778 252 832; x_wconf 92' lang='lat' dir='ltr'>Est</span> <span class='ocrx_word' id='word_1_52' title='bbox 272 775 491 848; x_wconf 84' lang='lat' dir='ltr'>aliquid</span> <span class='ocrx_word' id='word_1_53' title='bbox 521 791 690 847; x_wconf 88' lang='lat' dir='ltr'>porro</span> <span class='ocrx_word' id='word_1_54' title='bbox 723 791 825 830; x_wconf 92' lang='lat' dir='ltr'>cur</span> <span class='ocrx_word' id='word_1_55' title='bbox 856 791 918 830; x_wconf 86' lang='lat' dir='ltr'>se</span> <span class='ocrx_word' id='word_1_56' title='bbox 950 774 1295 833; x_wconf 88' lang='lat' dir='ltr'>similaverit</span> <span class='ocrx_word' id='word_1_57' title='bbox 1323 792 1494 846; x_wconf 88' lang='lat' dir='ltr'>agno,</span> <span class='ocrx_word' id='word_1_58' title='bbox 1910 777 2094 844; x_wconf 89' lang='lat' dir='ltr'>Quod,</span> <span class='ocrx_word' id='word_1_59' title='bbox 2127 778 2273 831; x_wconf 91' lang='lat' dir='ltr'>duce</span> <span class='ocrx_word' id='word_1_60' title='bbox 2303 779 2569 848; x_wconf 75' lang='lat' dir='ltr'>perﬁdia,</span> <span class='ocrx_word' id='word_1_61' title='bbox 2602 784 2741 836; x_wconf 90' lang='lat' dir='ltr'>tunc</span> <span class='ocrx_word' id='word_1_62' title='bbox 2774 781 2932 838; x_wconf 85' lang='lat' dir='ltr'>natio</span> <span class='ocrx_word' id='word_1_63' title='bbox 2965 783 3097 838; x_wconf 84' lang='lat' dir='ltr'>fecit</span> <span class='ocrx_word' id='word_1_64' title='bbox 3126 783 3352 857; x_wconf 89' lang='lat' dir='ltr'>iniqua,</span> 
     </span>
    </p>
   </div>
   <div class='ocr_carea' id='block_1_6' title="bbox 218 863 3156 938">
    <p class='ocr_par' dir='ltr' id='par_1_6' title="bbox 218 863 3156 938">
     <span class='ocr_line' id='line_1_6' title="bbox 218 863 3156 938; baseline 0.003 -18"><span class='ocrx_word' id='word_1_65' title='bbox 218 865 332 921; x_wconf 89' lang='lat' dir='ltr'>Nec</span> <span class='ocrx_word' id='word_1_66' title='bbox 363 868 559 920; x_wconf 90' lang='lat' dir='ltr'>tamen</span> <span class='ocrx_word' id='word_1_67' title='bbox 588 864 713 935; x_wconf 88' lang='lat' dir='ltr'>ipse</span> <span class='ocrx_word' id='word_1_68' title='bbox 741 863 878 919; x_wconf 86' lang='lat' dir='ltr'>tulit</span> <span class='ocrx_word' id='word_1_69' title='bbox 906 863 1124 919; x_wconf 79' lang='lat' dir='ltr'>vellera</span> <span class='ocrx_word' id='word_1_70' title='bbox 1153 864 1340 920; x_wconf 84' lang='lat' dir='ltr'>factus</span> <span class='ocrx_word' id='word_1_71' title='bbox 1371 863 1513 919; x_wconf 91' lang='lat' dir='ltr'>ovis.</span> <span class='ocrx_word' id='word_1_72' title='bbox 1979 865 2086 920; x_wconf 89' lang='lat' dir='ltr'>Per</span> <span class='ocrx_word' id='word_1_73' title='bbox 2118 865 2348 937; x_wconf 90' lang='lat' dir='ltr'>pietatis</span> <span class='ocrx_word' id='word_1_74' title='bbox 2379 883 2528 938; x_wconf 90' lang='lat' dir='ltr'>opus</span> <span class='ocrx_word' id='word_1_75' title='bbox 2563 869 2798 925; x_wconf 88' lang='lat' dir='ltr'>transiit</span> <span class='ocrx_word' id='word_1_76' title='bbox 2831 871 2890 925; x_wconf 90' lang='lat' dir='ltr'>in</span> <span class='ocrx_word' id='word_1_77' title='bbox 2923 872 3156 928; x_wconf 90' lang='lat' dir='ltr'>melius.</span> 
     </span>
    </p>
   </div>
   <div class='ocr_carea' id='block_1_7' title="bbox 149 951 3102 1030">
    <p class='ocr_par' dir='ltr' id='par_1_7' title="bbox 149 951 3102 1030">
     <span class='ocr_line' id='line_1_7' title="bbox 149 951 3102 1030; baseline 0.002 -21"><span class='ocrx_word' id='word_1_78' title='bbox 149 952 608 1024; x_wconf 83' lang='lat' dir='ltr'>Signiﬁcativam</span> <span class='ocrx_word' id='word_1_79' title='bbox 639 952 892 1023; x_wconf 88' lang='lat' dir='ltr'>speciem</span> <span class='ocrx_word' id='word_1_80' title='bbox 923 951 1140 1008; x_wconf 86' lang='lat' dir='ltr'>vidisse</span> <span class='ocrx_word' id='word_1_81' title='bbox 1171 952 1515 1024; x_wconf 85' lang='lat' dir='ltr'>prophetam</span> <span class='ocrx_word' id='word_1_82' title='bbox 1908 952 2120 1008; x_wconf 81' lang='lat' dir='ltr'>Dividit</span> <span class='ocrx_word' id='word_1_83' title='bbox 2151 953 2259 1008; x_wconf 87' lang='lat' dir='ltr'>iste</span> <span class='ocrx_word' id='word_1_84' title='bbox 2290 954 2439 1009; x_wconf 84' lang='lat' dir='ltr'>calix</span> <span class='ocrx_word' id='word_1_85' title='bbox 2473 954 2630 1011; x_wconf 92' lang='lat' dir='ltr'>illius</span> <span class='ocrx_word' id='word_1_86' title='bbox 2655 957 2808 1012; x_wconf 91' lang='lat' dir='ltr'>dona</span> <span class='ocrx_word' id='word_1_87' title='bbox 2838 956 3102 1030; x_wconf 86' lang='lat' dir='ltr'>liquoris.</span> 
     </span>
    </p>
   </div>
   <div class='ocr_carea' id='block_1_8' title="bbox 215 1041 3193 1121">
    <p class='ocr_par' dir='ltr' id='par_1_8' title="bbox 215 1041 3193 1121">
     <span class='ocr_line' id='line_1_8' title="bbox 215 1041 3193 1121; baseline 0.002 -24"><span class='ocrx_word' id='word_1_88' title='bbox 215 1041 323 1097; x_wconf 87' lang='lat' dir='ltr'>Jus</span> <span class='ocrx_word' id='word_1_89' title='bbox 355 1047 501 1111; x_wconf 87' lang='lat' dir='ltr'>erat,</span> <span class='ocrx_word' id='word_1_90' title='bbox 535 1041 593 1096; x_wconf 89' lang='lat' dir='ltr'>id</span> <span class='ocrx_word' id='word_1_91' title='bbox 626 1041 832 1113; x_wconf 79' lang='lat' dir='ltr'>typicis</span> <span class='ocrx_word' id='word_1_92' title='bbox 865 1042 1134 1097; x_wconf 88' lang='lat' dir='ltr'>convenit</span> <span class='ocrx_word' id='word_1_93' title='bbox 1163 1041 1431 1112; x_wconf 88' lang='lat' dir='ltr'>eloquiis.</span> <span class='ocrx_word' id='word_1_94' title='bbox 1980 1044 2100 1106; x_wconf 90' lang='lat' dir='ltr'>Quo</span> <span class='ocrx_word' id='word_1_95' title='bbox 2133 1043 2368 1113; x_wconf 82' lang='lat' dir='ltr'>profusa</span> <span class='ocrx_word' id='word_1_96' title='bbox 2399 1044 2509 1099; x_wconf 83' lang='lat' dir='ltr'>fuit</span> <span class='ocrx_word' id='word_1_97' title='bbox 2537 1043 2737 1100; x_wconf 85' lang='lat' dir='ltr'>lancea</span> <span class='ocrx_word' id='word_1_98' title='bbox 2768 1063 2893 1118; x_wconf 81' lang='lat' dir='ltr'>quae</span> <span class='ocrx_word' id='word_1_99' title='bbox 2925 1049 3193 1121; x_wconf 86' lang='lat' dir='ltr'>pupugit.</span> 
     </span>
    </p>
   </div>
   <div class='ocr_carea' id='block_1_9' title="bbox 145 1129 3234 1206">
    <p class='ocr_par' dir='ltr' id='par_1_9' title="bbox 145 1129 3234 1206">
     <span class='ocr_line' id='line_1_9' title="bbox 145 1129 3234 1206; baseline 0.003 -22"><span class='ocrx_word' id='word_1_100' title='bbox 145 1129 206 1184; x_wconf 90' lang='lat' dir='ltr'>Si</span> <span class='ocrx_word' id='word_1_101' title='bbox 237 1130 482 1186; x_wconf 86' lang='lat' dir='ltr'>debetur</span> <span class='ocrx_word' id='word_1_102' title='bbox 511 1129 600 1185; x_wconf 91' lang='lat' dir='ltr'>ovi</span> <span class='ocrx_word' id='word_1_103' title='bbox 633 1146 736 1201; x_wconf 89' lang='lat' dir='ltr'>pro</span> <span class='ocrx_word' id='word_1_104' title='bbox 768 1146 1011 1185; x_wconf 89' lang='lat' dir='ltr'>munere</span> <span class='ocrx_word' id='word_1_105' title='bbox 1043 1129 1228 1201; x_wconf 89' lang='lat' dir='ltr'>gloria</span> <span class='ocrx_word' id='word_1_106' title='bbox 1257 1130 1382 1197; x_wconf 89' lang='lat' dir='ltr'>tali,</span> <span class='ocrx_word' id='word_1_107' title='bbox 1909 1131 2031 1194; x_wconf 89' lang='lat' dir='ltr'>Qua</span> <span class='ocrx_word' id='word_1_108' title='bbox 2061 1130 2274 1201; x_wconf 86' lang='lat' dir='ltr'>pietate</span> <span class='ocrx_word' id='word_1_109' title='bbox 2310 1133 2486 1186; x_wconf 86' lang='lat' dir='ltr'>Deum</span> <span class='ocrx_word' id='word_1_110' title='bbox 2520 1133 2725 1188; x_wconf 87' lang='lat' dir='ltr'>celavit</span> <span class='ocrx_word' id='word_1_111' title='bbox 2755 1151 2994 1206; x_wconf 89' lang='lat' dir='ltr'>corpore</span> <span class='ocrx_word' id='word_1_112' title='bbox 3024 1141 3234 1204; x_wconf 89' lang='lat' dir='ltr'>totum,</span> 
     </span>
    </p>
   </div>
   <div class='ocr_carea' id='block_1_10' title="bbox 220 1218 3344 1290">
    <p class='ocr_par' dir='ltr' id='par_1_10' title="bbox 220 1218 3344 1290">
     <span class='ocr_line' id='line_1_10' title="bbox 220 1218 3344 1290; baseline 0.002 -17"><span class='ocrx_word' id='word_1_113' title='bbox 220 1219 292 1273; x_wconf 89' lang='lat' dir='ltr'>Et</span> <span class='ocrx_word' id='word_1_114' title='bbox 319 1224 552 1290; x_wconf 88' lang='lat' dir='ltr'>propter</span> <span class='ocrx_word' id='word_1_115' title='bbox 580 1234 795 1273; x_wconf 87' lang='lat' dir='ltr'>nomen</span> <span class='ocrx_word' id='word_1_116' title='bbox 813 1218 1030 1274; x_wconf 87' lang='lat' dir='ltr'>vermis</span> <span class='ocrx_word' id='word_1_117' title='bbox 1061 1219 1299 1274; x_wconf 83' lang='lat' dir='ltr'>habebit</span> <span class='ocrx_word' id='word_1_118' title='bbox 1329 1219 1511 1285; x_wconf 89' lang='lat' dir='ltr'>idem;</span> <span class='ocrx_word' id='word_1_119' title='bbox 1978 1222 2095 1272; x_wconf 82' lang='lat' dir='ltr'>Hac</span> <span class='ocrx_word' id='word_1_120' title='bbox 2124 1219 2266 1290; x_wconf 82' lang='lat' dir='ltr'>tegit</span> <span class='ocrx_word' id='word_1_121' title='bbox 2299 1220 2574 1276; x_wconf 88' lang='lat' dir='ltr'>humanis</span> <span class='ocrx_word' id='word_1_122' title='bbox 2605 1221 2726 1277; x_wconf 75' lang='lat' dir='ltr'>haec</span> <span class='ocrx_word' id='word_1_123' title='bbox 2758 1239 2924 1278; x_wconf 89' lang='lat' dir='ltr'>sacra</span> <span class='ocrx_word' id='word_1_124' title='bbox 2954 1241 3110 1279; x_wconf 90' lang='lat' dir='ltr'>nunc</span> <span class='ocrx_word' id='word_1_125' title='bbox 3139 1224 3344 1282; x_wconf 90' lang='lat' dir='ltr'>oculis.</span> 
     </span>
    </p>
   </div>
   <div class='ocr_carea' id='block_1_11' title="bbox 146 1306 3380 1383">
    <p class='ocr_par' dir='ltr' id='par_1_11' title="bbox 146 1306 3380 1383">
     <span class='ocr_line' id='line_1_11' title="bbox 146 1306 3380 1383; baseline 0.002 -21"><span class='ocrx_word' id='word_1_126' title='bbox 146 1308 298 1362; x_wconf 87' lang='lat' dir='ltr'>Tum</span> <span class='ocrx_word' id='word_1_127' title='bbox 331 1324 556 1378; x_wconf 91' lang='lat' dir='ltr'>quoque</span> <span class='ocrx_word' id='word_1_128' title='bbox 585 1309 895 1379; x_wconf 87' lang='lat' dir='ltr'>serpentis,</span> <span class='ocrx_word' id='word_1_129' title='bbox 929 1314 1055 1362; x_wconf 89' lang='lat' dir='ltr'>tum</span> <span class='ocrx_word' id='word_1_130' title='bbox 1087 1309 1323 1364; x_wconf 87' lang='lat' dir='ltr'>nomine</span> <span class='ocrx_word' id='word_1_131' title='bbox 1355 1325 1504 1380; x_wconf 76' lang='lat' dir='ltr'>saepe</span> <span class='ocrx_word' id='word_1_132' title='bbox 1535 1307 1718 1363; x_wconf 90' lang='lat' dir='ltr'>leonis</span> <span class='ocrx_word' id='word_1_133' title='bbox 1908 1306 2248 1362; x_wconf 84' lang='lat' dir='ltr'>Exhorreret</span> <span class='ocrx_word' id='word_1_134' title='bbox 2277 1308 2450 1364; x_wconf 91' lang='lat' dir='ltr'>homo</span> <span class='ocrx_word' id='word_1_135' title='bbox 2483 1326 2687 1365; x_wconf 85' lang='lat' dir='ltr'>carnes</span> <span class='ocrx_word' id='word_1_136' title='bbox 2720 1327 2852 1366; x_wconf 90' lang='lat' dir='ltr'>cum</span> <span class='ocrx_word' id='word_1_137' title='bbox 2883 1312 3171 1383; x_wconf 86' lang='lat' dir='ltr'>sanguine</span> <span class='ocrx_word' id='word_1_138' title='bbox 3202 1314 3380 1370; x_wconf 90' lang='lat' dir='ltr'>crudo</span> 
     </span>
    </p>
   </div>
   <div class='ocr_carea' id='block_1_12' title="bbox 220 1396 3116 1467">
    <p class='ocr_par' dir='ltr' id='par_1_12' title="bbox 220 1396 3116 1467">
     <span class='ocr_line' id='line_1_12' title="bbox 220 1396 3116 1467; baseline 0.001 -15"><span class='ocrx_word' id='word_1_139' title='bbox 220 1396 634 1467; x_wconf 80' lang='lat' dir='ltr'>Signiﬁcamus</span> <span class='ocrx_word' id='word_1_140' title='bbox 664 1413 820 1462; x_wconf 89' lang='lat' dir='ltr'>eum,</span> <span class='ocrx_word' id='word_1_141' title='bbox 841 1396 942 1452; x_wconf 91' lang='lat' dir='ltr'>sed</span> <span class='ocrx_word' id='word_1_142' title='bbox 974 1402 1170 1452; x_wconf 89' lang='lat' dir='ltr'>tamen</span> <span class='ocrx_word' id='word_1_143' title='bbox 1202 1401 1292 1451; x_wconf 87' lang='lat' dir='ltr'>est</span> <span class='ocrx_word' id='word_1_144' title='bbox 1321 1401 1617 1451; x_wconf 68' lang='lat' dir='ltr'>neutrum.</span> <span class='ocrx_word' id='word_1_145' title='bbox 1983 1396 2045 1449; x_wconf 83' lang='lat' dir='ltr'>Et</span> <span class='ocrx_word' id='word_1_146' title='bbox 2076 1397 2539 1467; x_wconf 82' lang='lat' dir='ltr'>consanguineos</span> <span class='ocrx_word' id='word_1_147' title='bbox 2571 1398 2749 1453; x_wconf 85' lang='lat' dir='ltr'>nollet</span> <span class='ocrx_word' id='word_1_148' title='bbox 2778 1399 2924 1455; x_wconf 89' lang='lat' dir='ltr'>inire</span> <span class='ocrx_word' id='word_1_149' title='bbox 2955 1400 3116 1456; x_wconf 90' lang='lat' dir='ltr'>cibos</span> 
     </span>
    </p>
   </div>
   <div class='ocr_carea' id='block_1_13' title="bbox 146 1483 3398 1560">
    <p class='ocr_par' dir='ltr' id='par_1_13' title="bbox 146 1483 3398 1560">
     <span class='ocr_line' id='line_1_13' title="bbox 146 1483 3398 1560; baseline 0.001 -20"><span class='ocrx_word' id='word_1_150' title='bbox 146 1484 256 1540; x_wconf 88' lang='lat' dir='ltr'>Sed</span> <span class='ocrx_word' id='word_1_151' title='bbox 286 1483 381 1555; x_wconf 86' lang='lat' dir='ltr'>pia</span> <span class='ocrx_word' id='word_1_152' title='bbox 409 1483 604 1539; x_wconf 87' lang='lat' dir='ltr'>divino</span> <span class='ocrx_word' id='word_1_153' title='bbox 634 1501 748 1539; x_wconf 90' lang='lat' dir='ltr'>non</span> <span class='ocrx_word' id='word_1_154' title='bbox 781 1485 945 1540; x_wconf 90' lang='lat' dir='ltr'>deest</span> <span class='ocrx_word' id='word_1_155' title='bbox 974 1485 1295 1540; x_wconf 89' lang='lat' dir='ltr'>reverentia</span> <span class='ocrx_word' id='word_1_156' title='bbox 1325 1484 1473 1552; x_wconf 91' lang='lat' dir='ltr'>lino;</span> <span class='ocrx_word' id='word_1_157' title='bbox 1908 1484 2085 1538; x_wconf 86' lang='lat' dir='ltr'>Crede</span> <span class='ocrx_word' id='word_1_158' title='bbox 2117 1488 2312 1539; x_wconf 89' lang='lat' dir='ltr'>tamen</span> <span class='ocrx_word' id='word_1_159' title='bbox 2345 1486 2598 1556; x_wconf 86' lang='lat' dir='ltr'>penitus,</span> <span class='ocrx_word' id='word_1_160' title='bbox 2633 1487 2816 1542; x_wconf 89' lang='lat' dir='ltr'>versis</span> <span class='ocrx_word' id='word_1_161' title='bbox 2847 1487 2917 1543; x_wconf 89' lang='lat' dir='ltr'>ab</span> <span class='ocrx_word' id='word_1_162' title='bbox 2949 1488 3171 1560; x_wconf 90' lang='lat' dir='ltr'>origine</span> <span class='ocrx_word' id='word_1_163' title='bbox 3201 1488 3398 1558; x_wconf 86' lang='lat' dir='ltr'>rebus,</span> 
     </span>
    </p>
   </div>
   <div class='ocr_carea' id='block_1_14' title="bbox 215 1572 3154 1646">
    <p class='ocr_par' dir='ltr' id='par_1_14' title="bbox 215 1572 3154 1646">
     <span class='ocr_line' id='line_1_14' title="bbox 215 1572 3154 1646; baseline 0.002 -19"><span class='ocrx_word' id='word_1_164' title='bbox 215 1575 401 1638; x_wconf 89' lang='lat' dir='ltr'>Quam</span> <span class='ocrx_word' id='word_1_165' title='bbox 435 1589 528 1629; x_wconf 91' lang='lat' dir='ltr'>res</span> <span class='ocrx_word' id='word_1_166' title='bbox 551 1589 686 1628; x_wconf 86' lang='lat' dir='ltr'>vera</span> <span class='ocrx_word' id='word_1_167' title='bbox 718 1572 874 1640; x_wconf 79' lang='lat' dir='ltr'>facit,</span> <span class='ocrx_word' id='word_1_168' title='bbox 907 1590 1023 1630; x_wconf 91' lang='lat' dir='ltr'>non</span> <span class='ocrx_word' id='word_1_169' title='bbox 1053 1577 1218 1628; x_wconf 88' lang='lat' dir='ltr'>vetus</span> <span class='ocrx_word' id='word_1_170' title='bbox 1251 1574 1462 1629; x_wconf 90' lang='lat' dir='ltr'>umbra</span> <span class='ocrx_word' id='word_1_171' title='bbox 1492 1573 1661 1645; x_wconf 89' lang='lat' dir='ltr'>parit.</span> <span class='ocrx_word' id='word_1_172' title='bbox 1981 1574 2118 1628; x_wconf 89' lang='lat' dir='ltr'>Esse</span> <span class='ocrx_word' id='word_1_173' title='bbox 2150 1579 2446 1630; x_wconf 89' lang='lat' dir='ltr'>creaturas</span> <span class='ocrx_word' id='word_1_174' title='bbox 2479 1575 2599 1630; x_wconf 70' lang='lat' dir='ltr'>haec</span> <span class='ocrx_word' id='word_1_175' title='bbox 2629 1574 2919 1632; x_wconf 90' lang='lat' dir='ltr'>elementa</span> <span class='ocrx_word' id='word_1_176' title='bbox 2943 1594 3154 1646; x_wconf 90' lang='lat' dir='ltr'>novas;</span> 
     </span>
    </p>
   </div>
   <div class='ocr_carea' id='block_1_15' title="bbox 143 1661 3382 1736">
    <p class='ocr_par' dir='ltr' id='par_1_15' title="bbox 143 1661 3382 1736">
     <span class='ocr_line' id='line_1_15' title="bbox 143 1661 3382 1736; baseline 0.001 -19"><span class='ocrx_word' id='word_1_177' title='bbox 143 1666 324 1729; x_wconf 83' lang='lat' dir='ltr'>Hanc,</span> <span class='ocrx_word' id='word_1_178' title='bbox 353 1662 469 1716; x_wconf 89' lang='lat' dir='ltr'>nisi</span> <span class='ocrx_word' id='word_1_179' title='bbox 502 1661 656 1733; x_wconf 89' lang='lat' dir='ltr'>quad</span> <span class='ocrx_word' id='word_1_180' title='bbox 689 1666 955 1717; x_wconf 88' lang='lat' dir='ltr'>nostrum</span> <span class='ocrx_word' id='word_1_181' title='bbox 988 1661 1264 1734; x_wconf 81' lang='lat' dir='ltr'>mysteria</span> <span class='ocrx_word' id='word_1_182' title='bbox 1291 1665 1454 1718; x_wconf 89' lang='lat' dir='ltr'>tanta</span> <span class='ocrx_word' id='word_1_183' title='bbox 1486 1661 1732 1718; x_wconf 88' lang='lat' dir='ltr'>relatum</span> <span class='ocrx_word' id='word_1_184' title='bbox 1908 1663 1975 1717; x_wconf 88' lang='lat' dir='ltr'>Ni</span> <span class='ocrx_word' id='word_1_185' title='bbox 2008 1663 2153 1717; x_wconf 84' lang='lat' dir='ltr'>foret</span> <span class='ocrx_word' id='word_1_186' title='bbox 2184 1663 2292 1718; x_wconf 91' lang='lat' dir='ltr'>hoc</span> <span class='ocrx_word' id='word_1_187' title='bbox 2324 1662 2503 1730; x_wconf 90' lang='lat' dir='ltr'>aliud,</span> <span class='ocrx_word' id='word_1_188' title='bbox 2542 1681 2916 1736; x_wconf 86' lang='lat' dir='ltr'>nequaquam</span> <span class='ocrx_word' id='word_1_189' title='bbox 2948 1669 3208 1722; x_wconf 87' lang='lat' dir='ltr'>sumeret</span> <span class='ocrx_word' id='word_1_190' title='bbox 3236 1665 3382 1721; x_wconf 92' lang='lat' dir='ltr'>illud</span> 
     </span>
    </p>
   </div>
   <div class='ocr_carea' id='block_1_16' title="bbox 213 1750 3416 1823">
    <p class='ocr_par' dir='ltr' id='par_1_16' title="bbox 213 1750 3416 1823">
     <span class='ocr_line' id='line_1_16' title="bbox 213 1750 3416 1823; baseline 0.002 -17"><span class='ocrx_word' id='word_1_191' title='bbox 213 1751 690 1818; x_wconf 88' lang='lat' dir='ltr'>Transcendunt,</span> <span class='ocrx_word' id='word_1_192' title='bbox 721 1751 969 1806; x_wconf 90' lang='lat' dir='ltr'>breviter</span> <span class='ocrx_word' id='word_1_193' title='bbox 993 1767 1452 1807; x_wconf 88' lang='lat' dir='ltr'>commemorare</span> <span class='ocrx_word' id='word_1_194' title='bbox 1483 1751 1686 1823; x_wconf 81' lang='lat' dir='ltr'>placet.</span> <span class='ocrx_word' id='word_1_195' title='bbox 1977 1750 2079 1804; x_wconf 84' lang='lat' dir='ltr'>Vel</span> <span class='ocrx_word' id='word_1_196' title='bbox 2115 1750 2306 1806; x_wconf 90' lang='lat' dir='ltr'>malus</span> <span class='ocrx_word' id='word_1_197' title='bbox 2338 1752 2408 1806; x_wconf 90' lang='lat' dir='ltr'>ad</span> <span class='ocrx_word' id='word_1_198' title='bbox 2443 1769 2694 1823; x_wconf 71' lang='lat' dir='ltr'>pmnam,</span> <span class='ocrx_word' id='word_1_199' title='bbox 2719 1753 2806 1807; x_wconf 88' lang='lat' dir='ltr'>vel</span> <span class='ocrx_word' id='word_1_200' title='bbox 2839 1754 3030 1810; x_wconf 88' lang='lat' dir='ltr'>bonus</span> <span class='ocrx_word' id='word_1_201' title='bbox 3060 1754 3133 1809; x_wconf 88' lang='lat' dir='ltr'>ad</span> <span class='ocrx_word' id='word_1_202' title='bbox 3163 1753 3416 1811; x_wconf 84' lang='lat' dir='ltr'>veniam.</span> 
     </span>
    </p>
   </div>
   <div class='ocr_carea' id='block_1_17' title="bbox 149 1839 3304 1941">
    <p class='ocr_par' dir='ltr' id='par_1_17' title="bbox 149 1839 3304 1941">
     <span class='ocr_line' id='line_1_17' title="bbox 149 1839 3304 1941; baseline 0.001 -47"><span class='ocrx_word' id='word_1_203' title='bbox 149 1841 378 1895; x_wconf 88' lang='lat' dir='ltr'>Interea</span> <span class='ocrx_word' id='word_1_204' title='bbox 408 1839 564 1894; x_wconf 88' lang='lat' dir='ltr'>cordi</span> <span class='ocrx_word' id='word_1_205' title='bbox 595 1844 657 1894; x_wconf 85' lang='lat' dir='ltr'>tu</span> <span class='ocrx_word' id='word_1_206' title='bbox 691 1855 959 1911; x_wconf 90' lang='lat' dir='ltr'>suggere,</span> <span class='ocrx_word' id='word_1_207' title='bbox 992 1839 1220 1896; x_wconf 88' lang='lat' dir='ltr'>Christe</span> <span class='ocrx_word' id='word_1_208' title='bbox 1247 1839 1334 1895; x_wconf 92' lang='lat' dir='ltr'>vel</span> <span class='ocrx_word' id='word_1_209' title='bbox 1367 1841 1452 1895; x_wconf 88' lang='lat' dir='ltr'>ori</span> <span class='ocrx_word' id='word_1_210' title='bbox 1831 1877 1877 1941; x_wconf 79' lang='grc' dir='ltr'><strong>Β</strong></span> <span class='ocrx_word' id='word_1_211' title='bbox 1909 1839 2033 1894; x_wconf 73' lang='lat' dir='ltr'>Non</span> <span class='ocrx_word' id='word_1_212' title='bbox 2064 1839 2293 1894; x_wconf 88' lang='lat' dir='ltr'>animas</span> <span class='ocrx_word' id='word_1_213' title='bbox 2323 1839 2522 1906; x_wconf 88' lang='lat' dir='ltr'>aleret,</span> <span class='ocrx_word' id='word_1_214' title='bbox 2557 1841 2605 1896; x_wconf 91' lang='lat' dir='ltr'>si</span> <span class='ocrx_word' id='word_1_215' title='bbox 2637 1841 2808 1913; x_wconf 89' lang='lat' dir='ltr'>panis</span> <span class='ocrx_word' id='word_1_216' title='bbox 2838 1841 3098 1914; x_wconf 89' lang='lat' dir='ltr'>corporis</span> <span class='ocrx_word' id='word_1_217' title='bbox 3129 1846 3304 1910; x_wconf 88' lang='lat' dir='ltr'>esset,</span> 
     </span>
    </p>
   </div>
   <div class='ocr_carea' id='block_1_18' title="bbox 219 1926 3286 2000">
    <p class='ocr_par' dir='ltr' id='par_1_18' title="bbox 219 1926 3286 2000">
     <span class='ocr_line' id='line_1_18' title="bbox 219 1926 3286 2000; baseline 0.001 -17"><span class='ocrx_word' id='word_1_218' title='bbox 219 1926 310 1983; x_wconf 91' lang='lat' dir='ltr'>Illi</span> <span class='ocrx_word' id='word_1_219' title='bbox 347 1927 450 1999; x_wconf 91' lang='lat' dir='ltr'>qui</span> <span class='ocrx_word' id='word_1_220' title='bbox 481 1927 686 1998; x_wconf 86' lang='lat' dir='ltr'>sapiat,</span> <span class='ocrx_word' id='word_1_221' title='bbox 719 1927 857 1984; x_wconf 87' lang='lat' dir='ltr'>huic</span> <span class='ocrx_word' id='word_1_222' title='bbox 889 1945 1121 2000; x_wconf 89' lang='lat' dir='ltr'>quoque</span> <span class='ocrx_word' id='word_1_223' title='bbox 1148 1929 1288 1999; x_wconf 92' lang='lat' dir='ltr'>quid</span> <span class='ocrx_word' id='word_1_224' title='bbox 1317 1929 1544 1984; x_wconf 82' lang='lat' dir='ltr'>referat.</span> <span class='ocrx_word' id='word_1_225' title='bbox 1833 1926 1876 1941; x_wconf 77' lang='lat'>”</span> <span class='ocrx_word' id='word_1_226' title='bbox 1979 1928 2092 1982; x_wconf 87' lang='lat' dir='ltr'>Nec</span> <span class='ocrx_word' id='word_1_227' title='bbox 2125 1927 2280 1982; x_wconf 89' lang='lat' dir='ltr'>mala</span> <span class='ocrx_word' id='word_1_228' title='bbox 2310 1934 2660 2000; x_wconf 84' lang='lat' dir='ltr'>compuncto</span> <span class='ocrx_word' id='word_1_229' title='bbox 2693 1934 2941 2000; x_wconf 88' lang='lat' dir='ltr'>tergeret</span> <span class='ocrx_word' id='word_1_230' title='bbox 2970 1947 3040 1985; x_wconf 86' lang='lat' dir='ltr'>ex</span> <span class='ocrx_word' id='word_1_231' title='bbox 3070 1930 3286 1986; x_wconf 88' lang='lat' dir='ltr'>animo.</span> 
     </span>
    </p>
   </div>
   <div class='ocr_carea' id='block_1_19' title="bbox 144 2015 3310 2085">
    <p class='ocr_par' dir='ltr' id='par_1_19' title="bbox 144 2015 3310 2085">
     <span class='ocr_line' id='line_1_19' title="bbox 144 2015 3310 2085; baseline 0.001 -16"><span class='ocrx_word' id='word_1_232' title='bbox 144 2016 296 2072; x_wconf 83' lang='lat' dir='ltr'>Vera</span> <span class='ocrx_word' id='word_1_233' title='bbox 322 2016 443 2072; x_wconf 90' lang='lat' dir='ltr'>Deo</span> <span class='ocrx_word' id='word_1_234' title='bbox 476 2016 625 2071; x_wconf 88' lang='lat' dir='ltr'>Patri</span> <span class='ocrx_word' id='word_1_235' title='bbox 657 2015 810 2071; x_wconf 88' lang='lat' dir='ltr'>Deus</span> <span class='ocrx_word' id='word_1_236' title='bbox 833 2016 1059 2084; x_wconf 83' lang='lat' dir='ltr'>hostia;</span> <span class='ocrx_word' id='word_1_237' title='bbox 1096 2015 1276 2072; x_wconf 90' lang='lat' dir='ltr'>Filius</span> <span class='ocrx_word' id='word_1_238' title='bbox 1309 2016 1393 2071; x_wconf 90' lang='lat' dir='ltr'>illi</span> <span class='ocrx_word' id='word_1_239' title='bbox 1907 2015 2031 2071; x_wconf 74' lang='lat' dir='ltr'>Non</span> <span class='ocrx_word' id='word_1_240' title='bbox 2062 2016 2214 2071; x_wconf 87' lang='lat' dir='ltr'>vires</span> <span class='ocrx_word' id='word_1_241' title='bbox 2245 2015 2470 2071; x_wconf 89' lang='lat' dir='ltr'>homini</span> <span class='ocrx_word' id='word_1_242' title='bbox 2502 2017 2695 2085; x_wconf 83' lang='lat' dir='ltr'>ferret,</span> <span class='ocrx_word' id='word_1_243' title='bbox 2729 2034 2844 2071; x_wconf 90' lang='lat' dir='ltr'>non</span> <span class='ocrx_word' id='word_1_244' title='bbox 2878 2017 3106 2072; x_wconf 89' lang='lat' dir='ltr'>tolleret</span> <span class='ocrx_word' id='word_1_245' title='bbox 3134 2017 3310 2084; x_wconf 87' lang='lat' dir='ltr'>hosti,</span> 
     </span>
    </p>
   </div>
   <div class='ocr_carea' id='block_1_20' title="bbox 213 2103 3236 2177">
    <p class='ocr_par' dir='ltr' id='par_1_20' title="bbox 213 2103 3236 2177">
     <span class='ocr_line' id='line_1_20' title="bbox 213 2103 3236 2177; baseline 0.001 -18"><span class='ocrx_word' id='word_1_246' title='bbox 213 2105 439 2160; x_wconf 86' lang='lat' dir='ltr'>Arbore</span> <span class='ocrx_word' id='word_1_247' title='bbox 470 2103 745 2169; x_wconf 86' lang='lat' dir='ltr'>restituit,</span> <span class='ocrx_word' id='word_1_248' title='bbox 778 2105 982 2160; x_wconf 88' lang='lat' dir='ltr'>arbore</span> <span class='ocrx_word' id='word_1_249' title='bbox 1014 2106 1167 2175; x_wconf 91' lang='lat' dir='ltr'>quod</span> <span class='ocrx_word' id='word_1_250' title='bbox 1199 2104 1387 2177; x_wconf 89' lang='lat' dir='ltr'>periit.</span> <span class='ocrx_word' id='word_1_251' title='bbox 1979 2105 2104 2159; x_wconf 90' lang='lat' dir='ltr'>Non</span> <span class='ocrx_word' id='word_1_252' title='bbox 2138 2120 2371 2160; x_wconf 89' lang='lat' dir='ltr'>carnem</span> <span class='ocrx_word' id='word_1_253' title='bbox 2404 2104 2617 2159; x_wconf 89' lang='lat' dir='ltr'>mentis</span> <span class='ocrx_word' id='word_1_254' title='bbox 2649 2104 2927 2160; x_wconf 88' lang='lat' dir='ltr'>subderet</span> <span class='ocrx_word' id='word_1_255' title='bbox 2951 2105 3236 2176; x_wconf 90' lang='lat' dir='ltr'>imperiis.</span> 
     </span>
    </p>
   </div>
   <div class='ocr_carea' id='block_1_21' title="bbox 147 2191 3310 2264">
    <p class='ocr_par' dir='ltr' id='par_1_21' title="bbox 147 2191 3310 2264">
     <span class='ocr_line' id='line_1_21' title="bbox 147 2191 3310 2264; baseline -0.001 -16"><span class='ocrx_word' id='word_1_256' title='bbox 147 2200 290 2250; x_wconf 82' lang='lat' dir='ltr'>Ante</span> <span class='ocrx_word' id='word_1_257' title='bbox 320 2196 655 2250; x_wconf 87' lang='lat' dir='ltr'>Creatorem</span> <span class='ocrx_word' id='word_1_258' title='bbox 683 2197 916 2264; x_wconf 88' lang='lat' dir='ltr'>gratum</span> <span class='ocrx_word' id='word_1_259' title='bbox 941 2194 1150 2248; x_wconf 86' lang='lat' dir='ltr'>direxit</span> <span class='ocrx_word' id='word_1_260' title='bbox 1169 2195 1407 2249; x_wconf 90' lang='lat' dir='ltr'>odorem</span> <span class='ocrx_word' id='word_1_261' title='bbox 1908 2194 1951 2248; x_wconf 92' lang='grc' dir='ltr'><strong>Ο</strong></span> <span class='ocrx_word' id='word_1_262' title='bbox 1983 2209 2160 2264; x_wconf 89' lang='lat' dir='ltr'>quam</span> <span class='ocrx_word' id='word_1_263' title='bbox 2191 2198 2326 2248; x_wconf 91' lang='lat' dir='ltr'>sunt</span> <span class='ocrx_word' id='word_1_264' title='bbox 2358 2194 2491 2259; x_wconf 92' lang='lat' dir='ltr'>tuti,</span> <span class='ocrx_word' id='word_1_265' title='bbox 2525 2210 2701 2264; x_wconf 90' lang='lat' dir='ltr'>quam</span> <span class='ocrx_word' id='word_1_266' title='bbox 2733 2191 2925 2249; x_wconf 89' lang='lat' dir='ltr'>carnis</span> <span class='ocrx_word' id='word_1_267' title='bbox 2957 2193 3083 2264; x_wconf 91' lang='lat' dir='ltr'>lege</span> <span class='ocrx_word' id='word_1_268' title='bbox 3115 2193 3310 2260; x_wconf 91' lang='lat' dir='ltr'>soluti,</span> 
     </span>
    </p>
   </div>
   <div class='ocr_carea' id='block_1_22' title="bbox 219 2280 3351 2354">
    <p class='ocr_par' dir='ltr' id='par_1_22' title="bbox 219 2280 3351 2354">
     <span class='ocr_line' id='line_1_22' title="bbox 219 2280 3351 2354; baseline 0 -16"><span class='ocrx_word' id='word_1_269' title='bbox 219 2284 441 2339; x_wconf 88' lang='lat' dir='ltr'>Fumus</span> <span class='ocrx_word' id='word_1_270' title='bbox 472 2298 646 2354; x_wconf 89' lang='lat' dir='ltr'>quem</span> <span class='ocrx_word' id='word_1_271' title='bbox 679 2281 814 2337; x_wconf 89' lang='lat' dir='ltr'>talis</span> <span class='ocrx_word' id='word_1_272' title='bbox 843 2282 1054 2337; x_wconf 89' lang='lat' dir='ltr'>vicima</span> <span class='ocrx_word' id='word_1_273' title='bbox 1084 2287 1290 2354; x_wconf 88' lang='lat' dir='ltr'>sponte</span> <span class='ocrx_word' id='word_1_274' title='bbox 1318 2283 1493 2337; x_wconf 90' lang='lat' dir='ltr'>dedit.</span> <span class='ocrx_word' id='word_1_275' title='bbox 1981 2283 2164 2345; x_wconf 88' lang='lat' dir='ltr'>Quam</span> <span class='ocrx_word' id='word_1_276' title='bbox 2195 2281 2306 2336; x_wconf 86' lang='lat' dir='ltr'>sibi</span> <span class='ocrx_word' id='word_1_277' title='bbox 2337 2281 2676 2348; x_wconf 85' lang='lat' dir='ltr'>dissimiles,</span> <span class='ocrx_word' id='word_1_278' title='bbox 2710 2281 2803 2336; x_wconf 89' lang='lat' dir='ltr'>his</span> <span class='ocrx_word' id='word_1_279' title='bbox 2834 2280 3021 2353; x_wconf 89' lang='lat' dir='ltr'>epulis</span> <span class='ocrx_word' id='word_1_280' title='bbox 3053 2280 3351 2348; x_wconf 89' lang='lat' dir='ltr'>homines;</span> 
     </span>
    </p>
   </div>
   <div class='ocr_carea' id='block_1_23' title="bbox 153 2368 3158 2443">
    <p class='ocr_par' dir='ltr' id='par_1_23' title="bbox 153 2368 3158 2443">
     <span class='ocr_line' id='line_1_23' title="bbox 153 2368 3158 2443; baseline -0.001 -17"><span class='ocrx_word' id='word_1_281' title='bbox 153 2373 362 2428; x_wconf 85' lang='lat' dir='ltr'>Hostia</span> <span class='ocrx_word' id='word_1_282' title='bbox 389 2371 655 2427; x_wconf 89' lang='lat' dir='ltr'>Christus</span> <span class='ocrx_word' id='word_1_283' title='bbox 687 2375 832 2439; x_wconf 76' lang='lat' dir='ltr'>erat,</span> <span class='ocrx_word' id='word_1_284' title='bbox 861 2370 1127 2426; x_wconf 82' lang='lat' dir='ltr'>Christus</span> <span class='ocrx_word' id='word_1_285' title='bbox 1156 2374 1349 2426; x_wconf 91' lang='lat' dir='ltr'>tamen</span> <span class='ocrx_word' id='word_1_286' title='bbox 1398 2371 1525 2443; x_wconf 89' lang='lat' dir='ltr'>ipse</span> <span class='ocrx_word' id='word_1_287' title='bbox 1557 2369 1794 2440; x_wconf 87' lang='lat' dir='ltr'>litabat;</span> <span class='ocrx_word' id='word_1_288' title='bbox 1907 2371 2080 2425; x_wconf 86' lang='lat' dir='ltr'>Ebria</span> <span class='ocrx_word' id='word_1_289' title='bbox 2110 2370 2284 2424; x_wconf 89' lang='lat' dir='ltr'>corda</span> <span class='ocrx_word' id='word_1_290' title='bbox 2314 2369 2407 2440; x_wconf 92' lang='lat' dir='ltr'>pio</span> <span class='ocrx_word' id='word_1_291' title='bbox 2435 2369 2586 2441; x_wconf 87' lang='lat' dir='ltr'>rapit</span> <span class='ocrx_word' id='word_1_292' title='bbox 2615 2369 2687 2423; x_wconf 88' lang='lat' dir='ltr'>ad</span> <span class='ocrx_word' id='word_1_293' title='bbox 2721 2368 2976 2425; x_wconf 74' lang='lat' dir='ltr'>cmlestia</span> <span class='ocrx_word' id='word_1_294' title='bbox 3004 2373 3158 2440; x_wconf 89' lang='lat' dir='ltr'>voto,</span> 
     </span>
    </p>
   </div>
   <div class='ocr_carea' id='block_1_24' title="bbox 214 2456 3236 2531">
    <p class='ocr_par' dir='ltr' id='par_1_24' title="bbox 214 2456 3236 2531">
     <span class='ocr_line' id='line_1_24' title="bbox 214 2456 3236 2531; baseline -0.001 -16"><span class='ocrx_word' id='word_1_295' title='bbox 214 2467 265 2515; x_wconf 81' lang='grc' dir='ltr'>Α</span> <span class='ocrx_word' id='word_1_296' title='bbox 298 2460 542 2516; x_wconf 91' lang='lat' dir='ltr'>Domino</span> <span class='ocrx_word' id='word_1_297' title='bbox 571 2460 814 2527; x_wconf 88' lang='lat' dir='ltr'>factum,</span> <span class='ocrx_word' id='word_1_298' title='bbox 849 2460 1022 2514; x_wconf 89' lang='lat' dir='ltr'>corda</span> <span class='ocrx_word' id='word_1_299' title='bbox 1053 2465 1292 2531; x_wconf 87' lang='lat' dir='ltr'>stupent</span> <span class='ocrx_word' id='word_1_300' title='bbox 1322 2460 1650 2515; x_wconf 90' lang='lat' dir='ltr'>hominum.</span> <span class='ocrx_word' id='word_1_301' title='bbox 1978 2459 2038 2514; x_wconf 91' lang='lat' dir='ltr'>Si</span> <span class='ocrx_word' id='word_1_302' title='bbox 2070 2459 2242 2513; x_wconf 83' lang='lat' dir='ltr'>fuerit</span> <span class='ocrx_word' id='word_1_303' title='bbox 2273 2463 2567 2530; x_wconf 88' lang='lat' dir='ltr'>sumptus,</span> <span class='ocrx_word' id='word_1_304' title='bbox 2602 2461 2665 2512; x_wconf 95' lang='lat' dir='ltr'>ut</span> <span class='ocrx_word' id='word_1_305' title='bbox 2694 2458 2879 2528; x_wconf 88' lang='lat' dir='ltr'>decet,</span> <span class='ocrx_word' id='word_1_306' title='bbox 2913 2458 3021 2512; x_wconf 85' lang='lat' dir='ltr'>iste</span> <span class='ocrx_word' id='word_1_307' title='bbox 3051 2456 3236 2513; x_wconf 91' lang='lat' dir='ltr'>cibus.</span> 
     </span>
    </p>
   </div>
   <div class='ocr_carea' id='block_1_25' title="bbox 148 2545 3413 2619">
    <p class='ocr_par' dir='ltr' id='par_1_25' title="bbox 148 2545 3413 2619">
     <span class='ocr_line' id='line_1_25' title="bbox 148 2545 3413 2619; baseline -0.002 -14"><span class='ocrx_word' id='word_1_308' title='bbox 148 2550 248 2606; x_wconf 88' lang='lat' dir='ltr'>Hic</span> <span class='ocrx_word' id='word_1_309' title='bbox 282 2547 466 2606; x_wconf 87' lang='lat' dir='ltr'>semel</span> <span class='ocrx_word' id='word_1_310' title='bbox 497 2548 725 2604; x_wconf 87' lang='lat' dir='ltr'>oblatus</span> <span class='ocrx_word' id='word_1_311' title='bbox 755 2546 926 2604; x_wconf 89' lang='lat' dir='ltr'>solvit</span> <span class='ocrx_word' id='word_1_312' title='bbox 956 2563 1335 2619; x_wconf 90' lang='lat' dir='ltr'>quoscunque</span> <span class='ocrx_word' id='word_1_313' title='bbox 1365 2552 1580 2615; x_wconf 88' lang='lat' dir='ltr'>reatus,</span> <span class='ocrx_word' id='word_1_314' title='bbox 1905 2548 2052 2614; x_wconf 89' lang='lat' dir='ltr'>Quid</span> <span class='ocrx_word' id='word_1_315' title='bbox 2082 2546 2313 2602; x_wconf 90' lang='lat' dir='ltr'>miraris</span> <span class='ocrx_word' id='word_1_316' title='bbox 2345 2546 2558 2602; x_wconf 84' lang='lat' dir='ltr'>homo?</span> <span class='ocrx_word' id='word_1_317' title='bbox 2588 2551 2744 2602; x_wconf 91' lang='lat' dir='ltr'>Deus</span> <span class='ocrx_word' id='word_1_318' title='bbox 2774 2549 2862 2602; x_wconf 88' lang='lat' dir='ltr'>est</span> <span class='ocrx_word' id='word_1_319' title='bbox 2891 2545 2948 2602; x_wconf 93' lang='lat' dir='ltr'>in</span> <span class='ocrx_word' id='word_1_320' title='bbox 2982 2560 3222 2618; x_wconf 87' lang='lat' dir='ltr'>corpore</span> <span class='ocrx_word' id='word_1_321' title='bbox 3246 2561 3413 2614; x_wconf 90' lang='lat' dir='ltr'>vero;</span> 
     </span>
    </p>
   </div>
   <div class='ocr_carea' id='block_1_26' title="bbox 214 2633 3233 2710">
    <p class='ocr_par' dir='ltr' id='par_1_26' title="bbox 214 2633 3233 2710">
     <span class='ocr_line' id='line_1_26' title="bbox 214 2633 3233 2710; baseline -0.001 -17"><span class='ocrx_word' id='word_1_322' title='bbox 214 2637 411 2694; x_wconf 84' lang='lat' dir='ltr'>Traxit</span> <span class='ocrx_word' id='word_1_323' title='bbox 438 2637 614 2693; x_wconf 88' lang='lat' dir='ltr'>homo</span> <span class='ocrx_word' id='word_1_324' title='bbox 647 2637 879 2710; x_wconf 89' lang='lat' dir='ltr'>proprio</span> <span class='ocrx_word' id='word_1_325' title='bbox 911 2652 1013 2692; x_wconf 92' lang='lat' dir='ltr'>seu</span> <span class='ocrx_word' id='word_1_326' title='bbox 1045 2636 1275 2708; x_wconf 89' lang='lat' dir='ltr'>generis</span> <span class='ocrx_word' id='word_1_327' title='bbox 1301 2636 1459 2693; x_wconf 92' lang='lat' dir='ltr'>vitio.</span> <span class='ocrx_word' id='word_1_328' title='bbox 1979 2636 2140 2692; x_wconf 91' lang='lat' dir='ltr'>Unde</span> <span class='ocrx_word' id='word_1_329' title='bbox 2172 2636 2336 2707; x_wconf 91' lang='lat' dir='ltr'>prius</span> <span class='ocrx_word' id='word_1_330' title='bbox 2369 2635 2622 2701; x_wconf 86' lang='lat' dir='ltr'>redimit,</span> <span class='ocrx_word' id='word_1_331' title='bbox 2656 2634 2792 2690; x_wconf 89' lang='lat' dir='ltr'>inde</span> <span class='ocrx_word' id='word_1_332' title='bbox 2823 2634 2996 2690; x_wconf 89' lang='lat' dir='ltr'>modo</span> <span class='ocrx_word' id='word_1_333' title='bbox 3029 2633 3233 2690; x_wconf 78' lang='lat' dir='ltr'>reﬁcit.</span> 
     </span>
    </p>
   </div>
   <div class='ocr_carea' id='block_1_27' title="bbox 153 2721 3271 2794">
    <p class='ocr_par' dir='ltr' id='par_1_27' title="bbox 153 2721 3271 2794">
     <span class='ocr_line' id='line_1_27' title="bbox 153 2721 3271 2794; baseline -0.001 -12"><span class='ocrx_word' id='word_1_334' title='bbox 153 2732 377 2784; x_wconf 83' lang='lat' dir='ltr'>Hostem</span> <span class='ocrx_word' id='word_1_335' title='bbox 410 2726 708 2793; x_wconf 90' lang='lat' dir='ltr'>delusum,</span> <span class='ocrx_word' id='word_1_336' title='bbox 743 2742 902 2781; x_wconf 89' lang='lat' dir='ltr'>mors</span> <span class='ocrx_word' id='word_1_337' title='bbox 931 2725 1051 2780; x_wconf 56' lang='lat' dir='ltr'>haec</span> <span class='ocrx_word' id='word_1_338' title='bbox 1082 2724 1314 2780; x_wconf 90' lang='lat' dir='ltr'>eludere</span> <span class='ocrx_word' id='word_1_339' title='bbox 1346 2725 1608 2780; x_wconf 89' lang='lat' dir='ltr'>nondum</span> <span class='ocrx_word' id='word_1_340' title='bbox 1905 2726 2008 2780; x_wconf 83' lang='lat' dir='ltr'>His</span> <span class='ocrx_word' id='word_1_341' title='bbox 2041 2730 2236 2780; x_wconf 88' lang='lat' dir='ltr'>tamen</span> <span class='ocrx_word' id='word_1_342' title='bbox 2261 2723 2319 2777; x_wconf 90' lang='lat' dir='ltr'>in</span> <span class='ocrx_word' id='word_1_343' title='bbox 2353 2723 2541 2778; x_wconf 86' lang='lat' dir='ltr'>verbis</span> <span class='ocrx_word' id='word_1_344' title='bbox 2574 2723 2724 2778; x_wconf 86' lang='lat' dir='ltr'>ridet</span> <span class='ocrx_word' id='word_1_345' title='bbox 2757 2722 3047 2794; x_wconf 85' lang='lat' dir='ltr'>sapientia</span> <span class='ocrx_word' id='word_1_346' title='bbox 3077 2721 3271 2778; x_wconf 90' lang='lat' dir='ltr'>carnis</span> 
     </span>
    </p>
   </div>
   <div class='ocr_carea' id='block_1_28' title="bbox 216 2809 3271 2885">
    <p class='ocr_par' dir='ltr' id='par_1_28' title="bbox 216 2809 3271 2885">
     <span class='ocr_line' id='line_1_28' title="bbox 216 2809 3271 2885; baseline -0.002 -14"><span class='ocrx_word' id='word_1_347' title='bbox 216 2816 456 2879; x_wconf 89' lang='lat' dir='ltr'>Desinit,</span> <span class='ocrx_word' id='word_1_348' title='bbox 490 2814 706 2870; x_wconf 89' lang='lat' dir='ltr'>ablatis</span> <span class='ocrx_word' id='word_1_349' title='bbox 737 2813 997 2885; x_wconf 89' lang='lat' dir='ltr'>quotidie</span> <span class='ocrx_word' id='word_1_350' title='bbox 1029 2812 1250 2884; x_wconf 90' lang='lat' dir='ltr'>spoliis.</span> <span class='ocrx_word' id='word_1_351' title='bbox 1977 2815 2045 2869; x_wconf 86' lang='lat' dir='ltr'>Et</span> <span class='ocrx_word' id='word_1_352' title='bbox 2074 2813 2270 2868; x_wconf 89' lang='lat' dir='ltr'>divina</span> <span class='ocrx_word' id='word_1_353' title='bbox 2300 2811 2422 2868; x_wconf 91' lang='lat' dir='ltr'>suis</span> <span class='ocrx_word' id='word_1_354' title='bbox 2453 2812 2704 2867; x_wconf 89' lang='lat' dir='ltr'>subdere</span> <span class='ocrx_word' id='word_1_355' title='bbox 2733 2811 2857 2867; x_wconf 91' lang='lat' dir='ltr'>vult</span> <span class='ocrx_word' id='word_1_356' title='bbox 2887 2809 3104 2882; x_wconf 82' lang='lat' dir='ltr'>regulis</span> <span class='ocrx_word' id='word_1_357' title='bbox 3129 2811 3271 2883; x_wconf 77' lang='lat' dir='ltr'>(sic).</span> 
     </span>
    </p>
   </div>
   <div class='ocr_carea' id='block_1_29' title="bbox 157 2899 3558 2974">
    <p class='ocr_par' dir='ltr' id='par_1_29' title="bbox 157 2899 3558 2974">
     <span class='ocr_line' id='line_1_29' title="bbox 157 2899 3558 2974; baseline -0.001 -16"><span class='ocrx_word' id='word_1_358' title='bbox 157 2903 248 2959; x_wconf 91' lang='lat' dir='ltr'>llla</span> <span class='ocrx_word' id='word_1_359' title='bbox 278 2903 413 2960; x_wconf 87' lang='lat' dir='ltr'>facit</span> <span class='ocrx_word' id='word_1_360' title='bbox 441 2903 635 2959; x_wconf 86' lang='lat' dir='ltr'>virtus</span> <span class='ocrx_word' id='word_1_361' title='bbox 671 2903 844 2958; x_wconf 88' lang='lat' dir='ltr'>modo</span> <span class='ocrx_word' id='word_1_362' title='bbox 876 2917 1026 2974; x_wconf 62' lang='lat' dir='ltr'>saepe</span> <span class='ocrx_word' id='word_1_363' title='bbox 1057 2917 1358 2973; x_wconf 88' lang='lat' dir='ltr'>resurgere</span> <span class='ocrx_word' id='word_1_364' title='bbox 1387 2917 1613 2956; x_wconf 89' lang='lat' dir='ltr'>rursus.</span> <span class='ocrx_word' id='word_1_365' title='bbox 1906 2901 2119 2956; x_wconf 91' lang='lat' dir='ltr'>Dicunt</span> <span class='ocrx_word' id='word_1_366' title='bbox 2153 2919 2164 2955; x_wconf 91' lang='lat'>:</span> <span class='ocrx_word' id='word_1_367' title='bbox 2200 2902 2335 2964; x_wconf 72' lang='lat' dir='ltr'>Quae</span> <span class='ocrx_word' id='word_1_368' title='bbox 2367 2899 2534 2965; x_wconf 91' lang='lat' dir='ltr'>ratio,</span> <span class='ocrx_word' id='word_1_369' title='bbox 2568 2899 2698 2971; x_wconf 91' lang='lat' dir='ltr'>quis</span> <span class='ocrx_word' id='word_1_370' title='bbox 2728 2900 2788 2954; x_wconf 89' lang='lat' dir='ltr'>in</span> <span class='ocrx_word' id='word_1_371' title='bbox 2819 2899 2911 2954; x_wconf 91' lang='lat' dir='ltr'>his</span> <span class='ocrx_word' id='word_1_372' title='bbox 2944 2900 3324 2973; x_wconf 90' lang='lat' dir='ltr'>deprenditur</span> <span class='ocrx_word' id='word_1_373' title='bbox 3369 2899 3558 2956; x_wconf 82' lang='lat' dir='ltr'>ordo?</span> 
     </span>
    </p>
   </div>
   <div class='ocr_carea' id='block_1_30' title="bbox 214 2987 3341 3063">
    <p class='ocr_par' dir='ltr' id='par_1_30' title="bbox 214 2987 3341 3063">
     <span class='ocr_line' id='line_1_30' title="bbox 214 2987 3341 3063; baseline -0.002 -13"><span class='ocrx_word' id='word_1_374' title='bbox 214 2993 494 3050; x_wconf 87' lang='lat' dir='ltr'>Mortibus</span> <span class='ocrx_word' id='word_1_375' title='bbox 527 2994 834 3063; x_wconf 87' lang='lat' dir='ltr'>absorptat</span> <span class='ocrx_word' id='word_1_376' title='bbox 865 2990 1192 3046; x_wconf 89' lang='lat' dir='ltr'>innumeris</span> <span class='ocrx_word' id='word_1_377' title='bbox 1222 2989 1471 3046; x_wconf 88' lang='lat' dir='ltr'>animus.</span> <span class='ocrx_word' id='word_1_378' title='bbox 1977 2990 2085 3045; x_wconf 91' lang='lat' dir='ltr'>Ore</span> <span class='ocrx_word' id='word_1_379' title='bbox 2116 2989 2323 3046; x_wconf 89' lang='lat' dir='ltr'>nolunt</span> <span class='ocrx_word' id='word_1_380' title='bbox 2353 2988 2638 3059; x_wconf 88' lang='lat' dir='ltr'>(volunt?)</span> <span class='ocrx_word' id='word_1_381' title='bbox 2667 2988 2753 3042; x_wconf 93' lang='lat' dir='ltr'>illi</span> <span class='ocrx_word' id='word_1_382' title='bbox 2780 2987 3049 3044; x_wconf 89' lang='lat' dir='ltr'>claudere</span> <span class='ocrx_word' id='word_1_383' title='bbox 3071 2990 3212 3060; x_wconf 87' lang='lat' dir='ltr'>jura</span> <span class='ocrx_word' id='word_1_384' title='bbox 3240 2988 3341 3045; x_wconf 92' lang='lat' dir='ltr'>Dei</span> 
     </span>
    </p>
   </div>
   <div class='ocr_carea' id='block_1_31' title="bbox 149 3078 3559 3156">
    <p class='ocr_par' dir='ltr' id='par_1_31' title="bbox 149 3078 3559 3156">
     <span class='ocr_line' id='line_1_31' title="bbox 149 3078 3559 3156; baseline -0.001 -18"><span class='ocrx_word' id='word_1_385' title='bbox 149 3087 264 3140; x_wconf 72' lang='lat' dir='ltr'>Haec</span> <span class='ocrx_word' id='word_1_386' title='bbox 291 3082 460 3156; x_wconf 89' lang='lat' dir='ltr'>quasi</span> <span class='ocrx_word' id='word_1_387' title='bbox 496 3079 850 3154; x_wconf 64' lang='lat' dir='ltr'>praeteritas,</span> <span class='ocrx_word' id='word_1_388' title='bbox 876 3080 1001 3151; x_wconf 83' lang='lat' dir='ltr'>jam</span> <span class='ocrx_word' id='word_1_389' title='bbox 1030 3078 1196 3134; x_wconf 88' lang='lat' dir='ltr'>tersit</span> <span class='ocrx_word' id='word_1_390' title='bbox 1223 3078 1410 3150; x_wconf 87' lang='lat' dir='ltr'>gratia</span> <span class='ocrx_word' id='word_1_391' title='bbox 1431 3078 1635 3150; x_wconf 89' lang='lat' dir='ltr'>culpas</span> <span class='ocrx_word' id='word_1_392' title='bbox 1905 3081 1974 3135; x_wconf 91' lang='lat' dir='ltr'>Et</span> <span class='ocrx_word' id='word_1_393' title='bbox 2003 3080 2167 3147; x_wconf 90' lang='lat' dir='ltr'>dum,</span> <span class='ocrx_word' id='word_1_394' title='bbox 2192 3095 2366 3150; x_wconf 90' lang='lat' dir='ltr'>quem</span> <span class='ocrx_word' id='word_1_395' title='bbox 2396 3081 2698 3150; x_wconf 88' lang='lat' dir='ltr'>nequeunt</span> <span class='ocrx_word' id='word_1_396' title='bbox 2717 3082 2974 3135; x_wconf 90' lang='lat' dir='ltr'>montem</span> <span class='ocrx_word' id='word_1_397' title='bbox 2997 3079 3559 3148; x_wconf 79' lang='lat' dir='ltr'>transcendere,tan-</span> 
     </span>
    </p>
   </div>
   <div class='ocr_carea' id='block_1_32' title="bbox 203 3157 3479 3242">
    <p class='ocr_par' dir='ltr' id='par_1_32' title="bbox 203 3157 3479 3242">
     <span class='ocr_line' id='line_1_32' title="bbox 203 3157 3479 3242; baseline -0.009 -13"><span class='ocrx_word' id='word_1_398' title='bbox 203 3176 262 3230; x_wconf 82' lang='lat' dir='ltr'>In</span> <span class='ocrx_word' id='word_1_399' title='bbox 291 3173 568 3230; x_wconf 88' lang='lat' dir='ltr'>nondum</span> <span class='ocrx_word' id='word_1_400' title='bbox 607 3169 765 3226; x_wconf 89' lang='lat' dir='ltr'>natis</span> <span class='ocrx_word' id='word_1_401' title='bbox 795 3167 1061 3224; x_wconf 70' lang='lat' dir='ltr'>Ecclesiae</span> <span class='ocrx_word' id='word_1_402' title='bbox 1095 3166 1347 3240; x_wconf 90' lang='lat' dir='ltr'>populis.</span> <span class='ocrx_word' id='word_1_403' title='bbox 1845 3240 1857 3242; x_wconf 85' lang='lat'>_</span> <span class='ocrx_word' id='word_1_404' title='bbox 2525 3157 2532 3164; x_wconf 85' lang='lat'>&#39;</span> <span class='ocrx_word' id='word_1_405' title='bbox 3261 3168 3433 3242; x_wconf 63' lang='lat' dir='ltr'>[sunt</span> <span class='ocrx_word' id='word_1_406' title='bbox 3463 3182 3479 3199; x_wconf 92' lang='lat'>.</span> 
     </span>
    </p>
   </div>
   <div class='ocr_carea' id='block_1_33' title="bbox 140 3240 2950 3337">
    <p class='ocr_par' dir='ltr' id='par_1_33' title="bbox 140 3240 2950 3337">
     <span class='ocr_line' id='line_1_33' title="bbox 140 3240 2950 3337; baseline -0.004 -16"><span class='ocrx_word' id='word_1_407' title='bbox 140 3266 280 3331; x_wconf 87' lang='lat' dir='ltr'>Quos</span> <span class='ocrx_word' id='word_1_408' title='bbox 307 3263 554 3337; x_wconf 89' lang='lat' dir='ltr'>primus</span> <span class='ocrx_word' id='word_1_409' title='bbox 588 3258 822 3324; x_wconf 89' lang='lat' dir='ltr'>habuit,</span> <span class='ocrx_word' id='word_1_410' title='bbox 843 3274 990 3328; x_wconf 89' lang='lat' dir='ltr'>quos</span> <span class='ocrx_word' id='word_1_411' title='bbox 1020 3256 1256 3320; x_wconf 79' lang='lat' dir='ltr'>tandem</span> <span class='ocrx_word' id='word_1_412' title='bbox 1288 3257 1546 3312; x_wconf 89' lang='lat' dir='ltr'>mundus</span> <span class='ocrx_word' id='word_1_413' title='bbox 1564 3256 1800 3313; x_wconf 89' lang='lat' dir='ltr'>habebit</span> <span class='ocrx_word' id='word_1_414' title='bbox 1830 3240 1872 3305; x_wconf 68' lang='grc' dir='ltr'><strong>ί]</strong></span> <span class='ocrx_word' id='word_1_415' title='bbox 1982 3299 1995 3311; x_wconf 94' lang='grc'>.</span> <span class='ocrx_word' id='word_1_416' title='bbox 2077 3301 2087 3311; x_wconf 95' lang='grc'>.</span> <span class='ocrx_word' id='word_1_417' title='bbox 2171 3299 2182 3311; x_wconf 95' lang='grc'>.</span> <span class='ocrx_word' id='word_1_418' title='bbox 2267 3298 2278 3310; x_wconf 93' lang='grc'>.</span> <span class='ocrx_word' id='word_1_419' title='bbox 2363 3301 2373 3310; x_wconf 95' lang='grc'>.</span> <span class='ocrx_word' id='word_1_420' title='bbox 2453 3256 2683 3327; x_wconf 58' lang='lat' dir='ltr'>(Caetera</span> <span class='ocrx_word' id='word_1_421' title='bbox 2715 3257 2950 3328; x_wconf 78' lang='lat' dir='ltr'>desunt.)</span> 
     </span>
    </p>
   </div>
   <div class='ocr_carea' id='block_1_34' title="bbox 2269 3377 3550 3420">
    <p class='ocr_par' dir='ltr' id='par_1_34' title="bbox 2269 3377 3550 3420">
     <span class='ocr_line' id='line_1_34' title="bbox 2269 3377 3550 3420; baseline 0.002 -3"><span class='ocrx_word' id='word_1_422' title='bbox 2269 3377 3550 3420; x_wconf 44' lang='grc' dir='ltr'>ζῇ</span> 
     </span>
    </p>
   </div>
   <div class='ocr_carea' id='block_1_35' title="bbox 1525 3514 2163 3562">
    <p class='ocr_par' dir='ltr' id='par_1_35' title="bbox 1525 3514 2163 3562">
     <span class='ocr_line' id='line_1_35' title="bbox 1525 3514 2163 3562; baseline 0 -2"><span class='ocrx_word' id='word_1_423' title='bbox 1525 3515 1690 3562; x_wconf 77' lang='lat' dir='ltr'><strong>ANNO</strong></span> <span class='ocrx_word' id='word_1_424' title='bbox 1733 3514 1948 3561; x_wconf 70' lang='lat' dir='ltr'>DOMINI</span> <span class='ocrx_word' id='word_1_425' title='bbox 1990 3515 2137 3562; x_wconf 76' lang='lat' dir='ltr'>MLIY</span> <span class='ocrx_word' id='word_1_426' title='bbox 2148 3542 2163 3560; x_wconf 76' lang='grc' dir='ltr'><strong>ο</strong></span> 
     </span>
    </p>
   </div>
   <div class='ocr_carea' id='block_1_36' title="bbox 685 3671 2250 3877">
    <p class='ocr_par' dir='ltr' id='par_1_36' title="bbox 685 3674 2250 3877">
     <span class='ocr_line' id='line_1_36' title="bbox 685 3674 2250 3877; baseline -0.004 0"><span class='ocrx_word' id='word_1_427' title='bbox 685 3674 1892 3877; x_wconf 83' lang='lat' dir='ltr'>SANCTUS</span> <span class='ocrx_word' id='word_1_428' title='bbox 2052 3675 2250 3872; x_wconf 43' lang='lat' dir='ltr'>Li</span> 
     </span>
    </p>
   </div>
   <div class='ocr_carea' id='block_1_37' title="bbox 1459 3671 3024 3877">
    <p class='ocr_par' dir='ltr' id='par_1_37' title="bbox 1459 3671 3024 3876">
     <span class='ocr_line' id='line_1_37' title="bbox 1459 3671 3024 3876; baseline -0.002 -3"><span class='ocrx_word' id='word_1_429' title='bbox 1459 3675 1892 3876; x_wconf 64' lang='lat' dir='ltr'>l‘US</span> <span class='ocrx_word' id='word_1_430' title='bbox 2052 3671 2570 3873; x_wconf 72' lang='grc' dir='ltr'>[ΕΟ</span> <span class='ocrx_word' id='word_1_431' title='bbox 2737 3671 3024 3871; x_wconf 86' lang='lat' dir='ltr'><strong>IX</strong></span> 
     </span>
    </p>
   </div>
   <div class='ocr_carea' id='block_1_38' title="bbox 1433 3969 2282 4034">
    <p class='ocr_par' dir='ltr' id='par_1_38' title="bbox 1433 3969 2282 4034">
     <span class='ocr_line' id='line_1_38' title="bbox 1433 3969 2282 4034; baseline -0.004 -1"><span class='ocrx_word' id='word_1_432' title='bbox 1433 3971 1720 4034; x_wconf 89' lang='lat' dir='ltr'><strong>PONTIF</strong></span> <span class='ocrx_word' id='word_1_433' title='bbox 1727 3971 1831 4032; x_wconf 88' lang='lat' dir='ltr'><strong>EX</strong></span> <span class='ocrx_word' id='word_1_434' title='bbox 1876 3969 2282 4032; x_wconf 83' lang='lat' dir='ltr'>ROMANUS.</span> 
     </span>
    </p>
   </div>
   <div class='ocr_carea' id='block_1_39' title="bbox 1227 4223 2498 4361">
    <p class='ocr_par' dir='ltr' id='par_1_39' title="bbox 1227 4223 2498 4361">
     <span class='ocr_line' id='line_1_39' title="bbox 1227 4223 2498 4361; baseline -0.002 -5"><span class='ocrx_word' id='word_1_435' title='bbox 1227 4223 2498 4361; x_wconf 81' lang='lat' dir='ltr'>PBOLEGOMENA.</span> 
     </span>
    </p>
   </div>
   <div class='ocr_carea' id='block_1_40' title="bbox 542 4536 3180 4674">
    <p class='ocr_par' dir='ltr' id='par_1_40' title="bbox 542 4536 3180 4674">
     <span class='ocr_line' id='line_1_40' title="bbox 542 4536 3180 4674; baseline -0.004 0"><span class='ocrx_word' id='word_1_436' title='bbox 542 4543 1441 4674; x_wconf 76' lang='lat' dir='ltr'>SANCTI</span> <span class='ocrx_word' id='word_1_437' title='bbox 1578 4540 2469 4671; x_wconf 80' lang='lat' dir='ltr'>LEONIS</span> <span class='ocrx_word' id='word_1_438' title='bbox 2594 4536 3180 4667; x_wconf 75' lang='lat' dir='ltr'>VITA</span> 
     </span>
    </p>
   </div>
   <div class='ocr_carea' id='block_1_41' title="bbox 1204 4758 2550 4882">
    <p class='ocr_par' dir='ltr' id='par_1_41' title="bbox 1204 4758 2550 4882">
     <span class='ocr_line' id='line_1_41' title="bbox 1204 4758 2550 4882; baseline -0.006 -26"><span class='ocrx_word' id='word_1_439' title='bbox 1204 4760 1619 4856; x_wconf 79' lang='lat' dir='ltr'>Auctore</span> <span class='ocrx_word' id='word_1_440' title='bbox 1705 4759 2122 4854; x_wconf 69' lang='lat' dir='ltr'>Wiberto</span> <span class='ocrx_word' id='word_1_441' title='bbox 2191 4758 2550 4882; x_wconf 65' lang='lat' dir='ltr'>(aquati</span> 
     </span>
    </p>
   </div>
   <div class='ocr_carea' id='block_1_42' title="bbox 844 4949 2909 5028">
    <p class='ocr_par' dir='ltr' id='par_1_42' title="bbox 844 4949 2909 5028">
     <span class='ocr_line' id='line_1_42' title="bbox 844 4949 2909 5028; baseline -0.004 -16"><span class='ocrx_word' id='word_1_442' title='bbox 844 4957 1033 5028; x_wconf 84' lang='lat' dir='ltr'>(Apud</span> <span class='ocrx_word' id='word_1_443' title='bbox 1066 4955 1309 5022; x_wconf 90' lang='lat' dir='ltr'>Mabill.,</span> <span class='ocrx_word' id='word_1_444' title='bbox 1339 4957 1471 5011; x_wconf 83' lang='lat' dir='ltr'>Acta</span> <span class='ocrx_word' id='word_1_445' title='bbox 1501 4955 1596 5011; x_wconf 90' lang='lat' dir='ltr'>SS.</span> <span class='ocrx_word' id='word_1_446' title='bbox 1627 4954 1743 5010; x_wconf 84' lang='lat' dir='ltr'>0rd.</span> <span class='ocrx_word' id='word_1_447' title='bbox 1778 4954 1833 5011; x_wconf 91' lang='lat' dir='ltr'>S.</span> <span class='ocrx_word' id='word_1_448' title='bbox 1866 4953 2088 5022; x_wconf 80' lang='lat' dir='ltr'>Bened.,</span> <span class='ocrx_word' id='word_1_449' title='bbox 2118 4958 2256 5008; x_wconf 82' lang='lat' dir='ltr'>Saec.</span> <span class='ocrx_word' id='word_1_450' title='bbox 2290 4951 2382 5019; x_wconf 88' lang='lat' dir='ltr'>VI,</span> <span class='ocrx_word' id='word_1_451' title='bbox 2415 4955 2576 5022; x_wconf 85' lang='lat' dir='ltr'>parte</span> <span class='ocrx_word' id='word_1_452' title='bbox 2610 4968 2670 5017; x_wconf 87' lang='lat' dir='ltr'>II,</span> <span class='ocrx_word' id='word_1_453' title='bbox 2704 4967 2761 5021; x_wconf 93' lang='lat' dir='ltr'>p.</span> <span class='ocrx_word' id='word_1_454' title='bbox 2797 4949 2909 5019; x_wconf 73' lang='grc'>49.)</span> 
     </span>
    </p>
   </div>
   <div class='ocr_carea' id='block_1_43' title="bbox 1036 5099 2708 5202">
    <p class='ocr_par' dir='ltr' id='par_1_43' title="bbox 1036 5099 2708 5202">
     <span class='ocr_line' id='line_1_43' title="bbox 1036 5099 2708 5202; baseline -0.007 0"><span class='ocrx_word' id='word_1_455' title='bbox 1036 5105 2078 5202; x_wconf 86' lang='lat' dir='ltr'>OBSERVATIONES</span> <span class='ocrx_word' id='word_1_456' title='bbox 2150 5099 2708 5196; x_wconf 59' lang='lat' dir='ltr'>PRfEVIIE.</span> 
     </span>
    </p>
   </div>
   <div class='ocr_carea' id='block_1_44' title="bbox 190 5379 3586 5467">
    <p class='ocr_par' dir='ltr' id='par_1_44' title="bbox 190 5379 3586 5467">
     <span class='ocr_line' id='line_1_44' title="bbox 190 5379 3586 5467; baseline -0.009 -6"><span class='ocrx_word' id='word_1_457' title='bbox 190 5407 499 5462; x_wconf 52' lang='grc' dir='ltr'>ιρι-εῖδει·</span> <span class='ocrx_word' id='word_1_458' title='bbox 513 5400 792 5455; x_wconf 86' lang='lat' dir='ltr'>auctores</span> <span class='ocrx_word' id='word_1_459' title='bbox 809 5394 1297 5467; x_wconf 88' lang='lat' dir='ltr'>quisummorum</span> <span class='ocrx_word' id='word_1_460' title='bbox 1314 5391 1658 5464; x_wconf 77' lang='lat' dir='ltr'>pontificum</span> <span class='ocrx_word' id='word_1_461' title='bbox 1671 5397 1838 5465; x_wconf 88' lang='lat' dir='ltr'>gesta</span> <span class='ocrx_word' id='word_1_462' title='bbox 1870 5396 1915 5458; x_wconf 88' lang='lat' dir='ltr'>D</span> <span class='ocrx_word' id='word_1_463' title='bbox 1945 5393 2018 5460; x_wconf 90' lang='lat' dir='ltr'>1e,</span> <span class='ocrx_word' id='word_1_464' title='bbox 2051 5394 2363 5460; x_wconf 84' lang='lat' dir='ltr'>antequam</span> <span class='ocrx_word' id='word_1_465' title='bbox 2404 5386 2474 5440; x_wconf 88' lang='lat' dir='ltr'>ad</span> <span class='ocrx_word' id='word_1_466' title='bbox 2512 5383 2710 5439; x_wconf 86' lang='lat' dir='ltr'>sedem</span> <span class='ocrx_word' id='word_1_467' title='bbox 2753 5381 3134 5453; x_wconf 86' lang='lat' dir='ltr'>apostolicam</span> <span class='ocrx_word' id='word_1_468' title='bbox 3163 5379 3586 5467; x_wconf 85' lang='lat' dir='ltr'>proveheretur</span> 
     </span>
    </p>
   </div>
   <div class='ocr_carea' id='block_1_45' title="bbox 124 5465 3598 5565">
    <p class='ocr_par' dir='ltr' id='par_1_45' title="bbox 124 5465 3598 5565">
     <span class='ocr_line' id='line_1_45' title="bbox 124 5465 3598 5565; baseline -0.008 -16"><span class='ocrx_word' id='word_1_469' title='bbox 124 5465 1006 5565; x_wconf 63' lang='lat' dir='ltr'>scripseruntmonnullibeati</span> <span class='ocrx_word' id='word_1_470' title='bbox 1042 5483 1244 5540; x_wconf 83' lang='lat' dir='ltr'>Leonis</span> <span class='ocrx_word' id='word_1_471' title='bbox 1268 5483 1337 5537; x_wconf 92' lang='lat' dir='ltr'>I.\</span> <span class='ocrx_word' id='word_1_472' title='bbox 1367 5481 1559 5536; x_wconf 84' lang='lat' dir='ltr'>Vitam</span> <span class='ocrx_word' id='word_1_473' title='bbox 1583 5482 1830 5537; x_wconf 88' lang='lat' dir='ltr'>seorsim</span> <span class='ocrx_word' id='word_1_474' title='bbox 1944 5474 2511 5553; x_wconf 75' lang='lat' dir='ltr'>gesserat,Romanis</span> <span class='ocrx_word' id='word_1_475' title='bbox 2528 5471 2966 5544; x_wconf 89' lang='lat' dir='ltr'>relinquens,ut</span> <span class='ocrx_word' id='word_1_476' title='bbox 2995 5470 3246 5542; x_wconf 88' lang='lat' dir='ltr'>ipsemet</span> <span class='ocrx_word' id='word_1_477' title='bbox 3268 5471 3324 5524; x_wconf 93' lang='lat' dir='ltr'>in</span> <span class='ocrx_word' id='word_1_478' title='bbox 3357 5465 3598 5540; x_wconf 80' lang='lat' dir='ltr'>prologo</span> 
     </span>
    </p>
   </div>
   <div class='ocr_carea' id='block_1_46' title="bbox 130 5562 3604 5644">
    <p class='ocr_par' dir='ltr' id='par_1_46' title="bbox 130 5562 3604 5644">
     <span class='ocr_line' id='line_1_46' title="bbox 130 5562 3604 5644; baseline -0.007 -8"><span class='ocrx_word' id='word_1_479' title='bbox 130 5562 406 5636; x_wconf 77' lang='lat' dir='ltr'>edidere.</span> <span class='ocrx_word' id='word_1_480' title='bbox 442 5575 780 5640; x_wconf 74' lang='lat' dir='ltr'>VVibertus,</span> <span class='ocrx_word' id='word_1_481' title='bbox 816 5574 945 5644; x_wconf 82' lang='lat' dir='ltr'>ejus</span> <span class='ocrx_word' id='word_1_482' title='bbox 975 5574 1031 5628; x_wconf 90' lang='lat' dir='ltr'>in</span> <span class='ocrx_word' id='word_1_483' title='bbox 1067 5573 1408 5644; x_wconf 84' lang='lat' dir='ltr'>episcOpatu</span> <span class='ocrx_word' id='word_1_484' title='bbox 1449 5568 1707 5624; x_wconf 89' lang='lat' dir='ltr'>Tullensi</span> <span class='ocrx_word' id='word_1_485' title='bbox 1741 5587 1833 5625; x_wconf 85' lang='lat' dir='ltr'>ar-</span> <span class='ocrx_word' id='word_1_486' title='bbox 1946 5569 2299 5639; x_wconf 81' lang='lat' dir='ltr'>loquitur,ea</span> <span class='ocrx_word' id='word_1_487' title='bbox 2325 5565 2554 5636; x_wconf 75' lang='lat' dir='ltr'>posteris</span> <span class='ocrx_word' id='word_1_488' title='bbox 2584 5564 2952 5620; x_wconf 82' lang='lat' dir='ltr'>transmittere</span> <span class='ocrx_word' id='word_1_489' title='bbox 2981 5576 3105 5633; x_wconf 68' lang='lat' dir='ltr'>qua:</span> <span class='ocrx_word' id='word_1_490' title='bbox 3147 5576 3293 5631; x_wconf 84' lang='lat' dir='ltr'>papa</span> <span class='ocrx_word' id='word_1_491' title='bbox 3322 5562 3604 5644; x_wconf 63' lang='lat' dir='ltr'>Romanus</span> 
     </span>
    </p>
   </div>
   <div class='ocr_carea' id='block_1_47' title="bbox 135 5642 3601 5735">
    <p class='ocr_par' dir='ltr' id='par_1_47' title="bbox 135 5642 3601 5735">
     <span class='ocr_line' id='line_1_47' title="bbox 135 5642 3601 5735; baseline -0.008 -9"><span class='ocrx_word' id='word_1_492' title='bbox 135 5662 775 5735; x_wconf 86' lang='lat' dir='ltr'>chidiaconus,primo</span> <span class='ocrx_word' id='word_1_493' title='bbox 799 5642 982 5718; x_wconf 85' lang='lat' dir='ltr'>unum</span> <span class='ocrx_word' id='word_1_494' title='bbox 1004 5642 1224 5719; x_wconf 75' lang='lat' dir='ltr'>librum</span> <span class='ocrx_word' id='word_1_495' title='bbox 1242 5658 1426 5717; x_wconf 89' lang='lat' dir='ltr'>edidit</span> <span class='ocrx_word' id='word_1_496' title='bbox 1442 5657 1512 5714; x_wconf 89' lang='lat' dir='ltr'>de</span> <span class='ocrx_word' id='word_1_497' title='bbox 1533 5657 1606 5716; x_wconf 89' lang='lat' dir='ltr'>iis</span> <span class='ocrx_word' id='word_1_498' title='bbox 1620 5674 1747 5731; x_wconf 79' lang='lat' dir='ltr'>quae</span> <span class='ocrx_word' id='word_1_499' title='bbox 1769 5657 1837 5714; x_wconf 87' lang='lat' dir='ltr'>il-</span> <span class='ocrx_word' id='word_1_500' title='bbox 1947 5655 2384 5727; x_wconf 83' lang='lat' dir='ltr'>egisset.Verum</span> <span class='ocrx_word' id='word_1_501' title='bbox 2416 5656 2618 5724; x_wconf 85' lang='lat' dir='ltr'>postea</span> <span class='ocrx_word' id='word_1_502' title='bbox 2647 5657 2874 5714; x_wconf 90' lang='lat' dir='ltr'>mutata</span> <span class='ocrx_word' id='word_1_503' title='bbox 2905 5649 3213 5718; x_wconf 87' lang='lat' dir='ltr'>sententia,</span> <span class='ocrx_word' id='word_1_504' title='bbox 3244 5647 3465 5703; x_wconf 89' lang='lat' dir='ltr'>librum</span> <span class='ocrx_word' id='word_1_505' title='bbox 3516 5642 3601 5701; x_wconf 88' lang='lat' dir='ltr'>al-</span> 
     </span>
    </p>
   </div>
   <div class='ocr_carea' id='block_1_48' title="bbox 502 5777 3280 5856">
    <p class='ocr_par' dir='ltr' id='par_1_48' title="bbox 502 5777 3280 5856">
     <span class='ocr_line' id='line_1_48' title="bbox 502 5777 3280 5856; baseline -0.005 -1"><span class='ocrx_word' id='word_1_506' title='bbox 502 5791 770 5856; x_wconf 65' lang='lat' dir='ltr'>Pa&#39;rnoa.</span> <span class='ocrx_word' id='word_1_507' title='bbox 818 5788 1083 5856; x_wconf 82' lang='lat' dir='ltr'>CLXIII.</span> <span class='ocrx_word' id='word_1_508' title='bbox 3206 5777 3280 5840; x_wconf 73' lang='lat' dir='ltr'>Its</span> 
     </span>
    </p>
   </div>
  </div>
