  <div class='ocr_page' id='page_1' title='image "/cluster/home/n/w/nwhite01/storage/ocr_20150623/143/uva.x000829790/236.png"; bbox 0 0 3964 6206; ppageno 0'>
   <div class='ocr_carea' id='block_1_1' title="bbox 245 246 362 325">
    <p class='ocr_par' dir='ltr' id='par_1_1' title="bbox 245 246 362 325">
     <span class='ocr_line' id='line_1_1' title="bbox 245 246 362 325; baseline -0.026 -14"><span class='ocrx_word' id='word_1_1' title='bbox 245 246 362 325; x_wconf 56' lang='grc'>461</span> 
     </span>
    </p>
   </div>
   <div class='ocr_carea' id='block_1_2' title="bbox 1139 242 2790 308">
    <p class='ocr_par' dir='ltr' id='par_1_2' title="bbox 1139 242 2790 308">
     <span class='ocr_line' id='line_1_2' title="bbox 1139 242 2790 308; baseline -0.003 -1"><span class='ocrx_word' id='word_1_2' title='bbox 1139 244 1466 308; x_wconf 87' lang='lat' dir='ltr'>PROLEG.</span> <span class='ocrx_word' id='word_1_3' title='bbox 1505 277 1580 291; x_wconf 91' lang='lat'>--</span> <span class='ocrx_word' id='word_1_4' title='bbox 1608 246 1791 305; x_wconf 81' lang='lat' dir='ltr'><strong>VITA</strong></span> <span class='ocrx_word' id='word_1_5' title='bbox 1843 247 1906 306; x_wconf 89' lang='lat' dir='ltr'>S.</span> <span class='ocrx_word' id='word_1_6' title='bbox 1955 242 2259 306; x_wconf 86' lang='lat' dir='ltr'>LEONIS.</span> <span class='ocrx_word' id='word_1_7' title='bbox 2293 275 2368 286; x_wconf 93' lang='lat'><strong>—</strong></span> <span class='ocrx_word' id='word_1_8' title='bbox 2400 242 2790 305; x_wconf 83' lang='lat' dir='ltr'>MONITUM.</span> 
     </span>
    </p>
   </div>
   <div class='ocr_carea' id='block_1_3' title="bbox 3544 245 3666 323">
    <p class='ocr_par' dir='ltr' id='par_1_3' title="bbox 3544 245 3666 323">
     <span class='ocr_line' id='line_1_3' title="bbox 3544 245 3666 323; baseline 0.049 -6"><span class='ocrx_word' id='word_1_9' title='bbox 3544 245 3666 323; x_wconf 64' lang='lat'>469.</span> 
     </span>
    </p>
   </div>
   <div class='ocr_carea' id='block_1_4' title="bbox 244 375 3662 455">
    <p class='ocr_par' dir='ltr' id='par_1_4' title="bbox 244 375 3662 455">
     <span class='ocr_line' id='line_1_4' title="bbox 244 375 3662 455; baseline -0.002 -16"><span class='ocrx_word' id='word_1_10' title='bbox 244 399 352 455; x_wconf 88' lang='lat' dir='ltr'>per</span> <span class='ocrx_word' id='word_1_11' title='bbox 378 380 688 455; x_wconf 88' lang='lat' dir='ltr'>gradiens,</span> <span class='ocrx_word' id='word_1_12' title='bbox 719 378 1068 452; x_wconf 80' lang='lat' dir='ltr'>apostolicos</span> <span class='ocrx_word' id='word_1_13' title='bbox 1098 379 1273 434; x_wconf 89' lang='lat' dir='ltr'>etiam</span> <span class='ocrx_word' id='word_1_14' title='bbox 1308 380 1461 434; x_wconf 90' lang='lat' dir='ltr'>viros</span> <span class='ocrx_word' id='word_1_15' title='bbox 1510 379 1569 433; x_wconf 91' lang='lat' dir='ltr'>in</span> <span class='ocrx_word' id='word_1_16' title='bbox 1606 378 1907 434; x_wconf 82' lang='lat' dir='ltr'>miraculis</span> <span class='ocrx_word' id='word_1_17' title='bbox 1936 381 1982 445; x_wconf 84' lang='grc' dir='ltr'><strong>Λ</strong></span> <span class='ocrx_word' id='word_1_18' title='bbox 2020 378 2130 433; x_wconf 86' lang='lat' dir='ltr'>bus</span> <span class='ocrx_word' id='word_1_19' title='bbox 2161 376 2408 447; x_wconf 91' lang='lat' dir='ltr'>aliisque</span> <span class='ocrx_word' id='word_1_20' title='bbox 2428 377 2668 447; x_wconf 83' lang='lat' dir='ltr'>majoris</span> <span class='ocrx_word' id='word_1_21' title='bbox 2699 375 2979 431; x_wconf 88' lang='lat' dir='ltr'>momenti</span> <span class='ocrx_word' id='word_1_22' title='bbox 2994 376 3241 448; x_wconf 87' lang='lat' dir='ltr'>negotiis</span> <span class='ocrx_word' id='word_1_23' title='bbox 3270 376 3542 448; x_wconf 90' lang='lat' dir='ltr'>gerendis</span> <span class='ocrx_word' id='word_1_24' title='bbox 3558 378 3662 433; x_wconf 88' lang='lat' dir='ltr'>ad-</span> 
     </span>
    </p>
   </div>
   <div class='ocr_carea' id='block_1_5' title="bbox 245 467 1903 541">
    <p class='ocr_par' dir='ltr' id='par_1_5' title="bbox 245 467 1903 541">
     <span class='ocr_line' id='line_1_5' title="bbox 245 467 1903 541; baseline -0.004 -15"><span class='ocrx_word' id='word_1_25' title='bbox 245 475 336 528; x_wconf 88' lang='lat' dir='ltr'>est</span> <span class='ocrx_word' id='word_1_26' title='bbox 358 470 651 525; x_wconf 82' lang='lat' dir='ltr'>imitatus.</span> <span class='ocrx_word' id='word_1_27' title='bbox 679 468 761 524; x_wconf 88' lang='lat' dir='ltr'>De</span> <span class='ocrx_word' id='word_1_28' title='bbox 791 485 907 540; x_wconf 90' lang='lat' dir='ltr'>quo</span> <span class='ocrx_word' id='word_1_29' title='bbox 938 467 1174 541; x_wconf 83' lang='lat' dir='ltr'>quidem</span> <span class='ocrx_word' id='word_1_30' title='bbox 1209 467 1375 539; x_wconf 81' lang='lat' dir='ltr'>plura</span> <span class='ocrx_word' id='word_1_31' title='bbox 1407 467 1611 522; x_wconf 63' lang='lat' dir='ltr'>audire</span> <span class='ocrx_word' id='word_1_32' title='bbox 1647 483 1735 521; x_wconf 85' lang='lat' dir='ltr'>me</span> <span class='ocrx_word' id='word_1_33' title='bbox 1768 482 1903 520; x_wconf 91' lang='lat' dir='ltr'>con-</span> 
     </span>
    </p>
   </div>
   <div class='ocr_carea' id='block_1_6' title="bbox 246 554 1902 633">
    <p class='ocr_par' dir='ltr' id='par_1_6' title="bbox 246 554 1902 633">
     <span class='ocr_line' id='line_1_6' title="bbox 246 554 1902 633; baseline -0.004 -18"><span class='ocrx_word' id='word_1_34' title='bbox 246 559 401 633; x_wconf 88' lang='lat' dir='ltr'>tigit,</span> <span class='ocrx_word' id='word_1_35' title='bbox 425 581 453 610; x_wconf 82' lang='lat'>»</span> <span class='ocrx_word' id='word_1_36' title='bbox 488 562 600 615; x_wconf 87' lang='lat' dir='ltr'>etc.</span> <span class='ocrx_word' id='word_1_37' title='bbox 637 558 740 614; x_wconf 88' lang='lat' dir='ltr'>His</span> <span class='ocrx_word' id='word_1_38' title='bbox 772 558 973 631; x_wconf 79' lang='lat' dir='ltr'>paucis</span> <span class='ocrx_word' id='word_1_39' title='bbox 1006 557 1197 612; x_wconf 78' lang='lat' dir='ltr'>verbis</span> <span class='ocrx_word' id='word_1_40' title='bbox 1228 555 1423 609; x_wconf 75' lang='lat' dir='ltr'>Victor</span> <span class='ocrx_word' id='word_1_41' title='bbox 1450 554 1698 610; x_wconf 80' lang='lat' dir='ltr'>absolvit</span> <span class='ocrx_word' id='word_1_42' title='bbox 1742 572 1902 609; x_wconf 88' lang='lat' dir='ltr'>sum-</span> 
     </span>
    </p>
   </div>
   <div class='ocr_carea' id='block_1_7' title="bbox 250 642 1910 719">
    <p class='ocr_par' dir='ltr' id='par_1_7' title="bbox 250 642 1910 719">
     <span class='ocr_line' id='line_1_7' title="bbox 250 642 1910 719; baseline -0.005 -14"><span class='ocrx_word' id='word_1_43' title='bbox 250 666 412 705; x_wconf 89' lang='lat' dir='ltr'>mam</span> <span class='ocrx_word' id='word_1_44' title='bbox 433 647 607 719; x_wconf 87' lang='lat' dir='ltr'>elogii</span> <span class='ocrx_word' id='word_1_45' title='bbox 642 644 799 701; x_wconf 88' lang='lat' dir='ltr'>beati</span> <span class='ocrx_word' id='word_1_46' title='bbox 834 644 1168 716; x_wconf 79' lang='lat' dir='ltr'>l.eonis,qui</span> <span class='ocrx_word' id='word_1_47' title='bbox 1193 643 1464 699; x_wconf 80' lang='lat' dir='ltr'>similiter</span> <span class='ocrx_word' id='word_1_48' title='bbox 1484 645 1649 698; x_wconf 80' lang='lat' dir='ltr'>totam</span> <span class='ocrx_word' id='word_1_49' title='bbox 1672 642 1910 697; x_wconf 74' lang='lat' dir='ltr'>Galliam</span> 
     </span>
    </p>
   </div>
   <div class='ocr_carea' id='block_1_8' title="bbox 254 730 1907 803">
    <p class='ocr_par' dir='ltr' id='par_1_8' title="bbox 254 730 1907 803">
     <span class='ocr_line' id='line_1_8' title="bbox 254 730 1907 803; baseline -0.004 -11"><span class='ocrx_word' id='word_1_50' title='bbox 254 738 602 793; x_wconf 69' lang='lat' dir='ltr'>illuminasse</span> <span class='ocrx_word' id='word_1_51' title='bbox 630 733 850 789; x_wconf 86' lang='lat' dir='ltr'>dicitur</span> <span class='ocrx_word' id='word_1_52' title='bbox 878 733 938 788; x_wconf 90' lang='lat' dir='ltr'>in</span> <span class='ocrx_word' id='word_1_53' title='bbox 965 736 1314 788; x_wconf 88' lang='lat' dir='ltr'>testamento</span> <span class='ocrx_word' id='word_1_54' title='bbox 1338 730 1586 786; x_wconf 89' lang='lat' dir='ltr'>Odalrici</span> <span class='ocrx_word' id='word_1_55' title='bbox 1613 731 1907 803; x_wconf 73' lang='lat' dir='ltr'>prmpositi</span> 
     </span>
    </p>
   </div>
   <div class='ocr_carea' id='block_1_9' title="bbox 247 819 1907 892">
    <p class='ocr_par' dir='ltr' id='par_1_9' title="bbox 247 819 1907 892">
     <span class='ocr_line' id='line_1_9' title="bbox 247 819 1907 892; baseline -0.005 -10"><span class='ocrx_word' id='word_1_56' title='bbox 247 825 519 882; x_wconf 76' lang='lat' dir='ltr'>Ecclesiae</span> <span class='ocrx_word' id='word_1_57' title='bbox 562 822 891 891; x_wconf 87' lang='lat' dir='ltr'>Remensis,</span> <span class='ocrx_word' id='word_1_58' title='bbox 940 821 1038 877; x_wconf 88' lang='lat' dir='ltr'>ubi</span> <span class='ocrx_word' id='word_1_59' title='bbox 1080 825 1241 877; x_wconf 86' lang='lat' dir='ltr'>tanta</span> <span class='ocrx_word' id='word_1_60' title='bbox 1287 834 1421 876; x_wconf 87' lang='lat' dir='ltr'>cum</span> <span class='ocrx_word' id='word_1_61' title='bbox 1471 819 1814 892; x_wconf 74' lang='lat' dir='ltr'>eloquentiae</span> <span class='ocrx_word' id='word_1_62' title='bbox 1853 819 1907 875; x_wconf 92' lang='lat' dir='ltr'>vi</span> 
     </span>
    </p>
   </div>
   <div class='ocr_carea' id='block_1_10' title="bbox 244 908 1906 986">
    <p class='ocr_par' dir='ltr' id='par_1_10' title="bbox 244 908 1906 986">
     <span class='ocr_line' id='line_1_10' title="bbox 244 908 1906 986; baseline -0.004 -16"><span class='ocrx_word' id='word_1_63' title='bbox 244 919 454 970; x_wconf 85' lang='lat' dir='ltr'>contra</span> <span class='ocrx_word' id='word_1_64' title='bbox 484 929 695 986; x_wconf 87' lang='lat' dir='ltr'>pravos</span> <span class='ocrx_word' id='word_1_65' title='bbox 726 910 1256 968; x_wconf 90' lang='lat' dir='ltr'>ecclesiasticorum</span> <span class='ocrx_word' id='word_1_66' title='bbox 1311 927 1502 965; x_wconf 90' lang='lat' dir='ltr'>mores</span> <span class='ocrx_word' id='word_1_67' title='bbox 1547 910 1605 964; x_wconf 90' lang='lat' dir='ltr'>in</span> <span class='ocrx_word' id='word_1_68' title='bbox 1663 908 1906 965; x_wconf 90' lang='lat' dir='ltr'>concilio</span> 
     </span>
    </p>
   </div>
   <div class='ocr_carea' id='block_1_11' title="bbox 244 998 1906 1070">
    <p class='ocr_par' dir='ltr' id='par_1_11' title="bbox 244 998 1906 1070">
     <span class='ocr_line' id='line_1_11' title="bbox 244 998 1906 1070; baseline -0.005 -10"><span class='ocrx_word' id='word_1_69' title='bbox 244 1004 522 1060; x_wconf 86' lang='lat' dir='ltr'>Remensi</span> <span class='ocrx_word' id='word_1_70' title='bbox 555 1001 908 1058; x_wconf 82' lang='lat' dir='ltr'>disseruisse</span> <span class='ocrx_word' id='word_1_71' title='bbox 941 1006 1320 1070; x_wconf 81' lang='lat' dir='ltr'>memoratur,</span> <span class='ocrx_word' id='word_1_72' title='bbox 1354 1002 1417 1053; x_wconf 91' lang='lat' dir='ltr'>ut</span> <span class='ocrx_word' id='word_1_73' title='bbox 1446 998 1615 1054; x_wconf 89' lang='lat' dir='ltr'>multi</span> <span class='ocrx_word' id='word_1_74' title='bbox 1634 999 1762 1069; x_wconf 89' lang='lat' dir='ltr'>ejus</span> <span class='ocrx_word' id='word_1_75' title='bbox 1782 1014 1906 1053; x_wconf 91' lang='lat' dir='ltr'>ver-</span> 
     </span>
    </p>
   </div>
   <div class='ocr_carea' id='block_1_12' title="bbox 244 1086 1905 1165">
    <p class='ocr_par' dir='ltr' id='par_1_12' title="bbox 244 1086 1905 1165">
     <span class='ocr_line' id='line_1_12' title="bbox 244 1086 1905 1165; baseline -0.005 -16"><span class='ocrx_word' id='word_1_76' title='bbox 244 1094 337 1149; x_wconf 91' lang='lat' dir='ltr'>bis</span> <span class='ocrx_word' id='word_1_77' title='bbox 367 1091 661 1165; x_wconf 81' lang='lat' dir='ltr'>perterriti</span> <span class='ocrx_word' id='word_1_78' title='bbox 714 1091 1019 1156; x_wconf 89' lang='lat' dir='ltr'>beneﬁcia,</span> <span class='ocrx_word' id='word_1_79' title='bbox 1072 1090 1247 1144; x_wconf 87' lang='lat' dir='ltr'>etiam</span> <span class='ocrx_word' id='word_1_80' title='bbox 1301 1087 1707 1160; x_wconf 70' lang='lat' dir='ltr'>qumlegitime</span> <span class='ocrx_word' id='word_1_81' title='bbox 1758 1086 1905 1141; x_wconf 88' lang='lat' dir='ltr'>obti-</span> 
     </span>
    </p>
   </div>
   <div class='ocr_carea' id='block_1_13' title="bbox 251 1176 1907 1251">
    <p class='ocr_par' dir='ltr' id='par_1_13' title="bbox 251 1176 1907 1251">
     <span class='ocr_line' id='line_1_13' title="bbox 251 1176 1907 1251; baseline -0.005 -13"><span class='ocrx_word' id='word_1_82' title='bbox 251 1187 520 1250; x_wconf 88' lang='lat' dir='ltr'>nuerant,</span> <span class='ocrx_word' id='word_1_83' title='bbox 555 1180 853 1235; x_wconf 84' lang='lat' dir='ltr'>dimittere</span> <span class='ocrx_word' id='word_1_84' title='bbox 886 1177 1286 1251; x_wconf 88' lang='lat' dir='ltr'>cogitaverint.</span> <span class='ocrx_word' id='word_1_85' title='bbox 1344 1178 1420 1231; x_wconf 83' lang='lat' dir='ltr'>Ex</span> <span class='ocrx_word' id='word_1_86' title='bbox 1471 1176 1562 1231; x_wconf 85' lang='lat' dir='ltr'>his</span> <span class='ocrx_word' id='word_1_87' title='bbox 1613 1193 1673 1231; x_wconf 90' lang='lat' dir='ltr'>se</span> <span class='ocrx_word' id='word_1_88' title='bbox 1726 1176 1907 1232; x_wconf 91' lang='lat' dir='ltr'>fuisse</span> 
     </span>
    </p>
   </div>
   <div class='ocr_carea' id='block_1_14' title="bbox 254 1265 1903 1341">
    <p class='ocr_par' dir='ltr' id='par_1_14' title="bbox 254 1265 1903 1341">
     <span class='ocr_line' id='line_1_14' title="bbox 254 1265 1903 1341; baseline -0.005 -14"><span class='ocrx_word' id='word_1_89' title='bbox 254 1271 474 1327; x_wconf 81' lang='lat' dir='ltr'>fatetur</span> <span class='ocrx_word' id='word_1_90' title='bbox 526 1268 856 1336; x_wconf 90' lang='lat' dir='ltr'>Oldaricus,</span> <span class='ocrx_word' id='word_1_91' title='bbox 910 1268 1009 1340; x_wconf 89' lang='lat' dir='ltr'>qui</span> <span class='ocrx_word' id='word_1_92' title='bbox 1070 1267 1257 1322; x_wconf 88' lang='lat' dir='ltr'>eidem</span> <span class='ocrx_word' id='word_1_93' title='bbox 1304 1265 1547 1321; x_wconf 80' lang='lat' dir='ltr'>concilio</span> <span class='ocrx_word' id='word_1_94' title='bbox 1608 1266 1903 1341; x_wconf 78' lang='lat' dir='ltr'>intererat.</span> 
     </span>
    </p>
   </div>
   <div class='ocr_carea' id='block_1_15' title="bbox 253 1354 1901 1416">
    <p class='ocr_par' dir='ltr' id='par_1_15' title="bbox 253 1354 1901 1416">
     <span class='ocr_line' id='line_1_15' title="bbox 253 1354 1901 1416; baseline -0.005 0"><span class='ocrx_word' id='word_1_95' title='bbox 253 1359 442 1416; x_wconf 81' lang='lat' dir='ltr'>Testis</span> <span class='ocrx_word' id='word_1_96' title='bbox 471 1364 557 1414; x_wconf 88' lang='lat' dir='ltr'>est</span> <span class='ocrx_word' id='word_1_97' title='bbox 576 1359 689 1413; x_wconf 89' lang='lat' dir='ltr'>Leo</span> <span class='ocrx_word' id='word_1_98' title='bbox 712 1357 1078 1413; x_wconf 85' lang='lat' dir='ltr'>Marsicanus</span> <span class='ocrx_word' id='word_1_99' title='bbox 1097 1354 1246 1411; x_wconf 87' lang='lat' dir='ltr'>libro</span> <span class='ocrx_word' id='word_1_100' title='bbox 1271 1373 1310 1409; x_wconf 81' lang='grc' dir='ltr'>ιι</span> <span class='ocrx_word' id='word_1_101' title='bbox 1336 1354 1603 1411; x_wconf 84' lang='lat' dir='ltr'>Chronici</span> <span class='ocrx_word' id='word_1_102' title='bbox 1627 1354 1901 1409; x_wconf 86' lang='lat' dir='ltr'>Casinen-</span> 
     </span>
    </p>
   </div>
   <div class='ocr_carea' id='block_1_16' title="bbox 248 1442 1903 1521">
    <p class='ocr_par' dir='ltr' id='par_1_16' title="bbox 248 1442 1903 1521">
     <span class='ocr_line' id='line_1_16' title="bbox 248 1442 1903 1521; baseline -0.004 -17"><span class='ocrx_word' id='word_1_103' title='bbox 248 1448 332 1505; x_wconf 90' lang='lat' dir='ltr'>sis</span> <span class='ocrx_word' id='word_1_104' title='bbox 362 1464 491 1521; x_wconf 87' lang='lat' dir='ltr'>cap.</span> <span class='ocrx_word' id='word_1_105' title='bbox 516 1448 609 1517; x_wconf 87' lang='lat'>88,</span> <span class='ocrx_word' id='word_1_106' title='bbox 644 1448 917 1503; x_wconf 89' lang='lat' dir='ltr'>eumdem</span> <span class='ocrx_word' id='word_1_107' title='bbox 960 1446 1196 1501; x_wconf 90' lang='lat' dir='ltr'>beatum</span> <span class='ocrx_word' id='word_1_108' title='bbox 1248 1444 1603 1517; x_wconf 80' lang='lat' dir='ltr'>pontiﬁcem,</span> <span class='ocrx_word' id='word_1_109' title='bbox 1645 1442 1903 1515; x_wconf 90' lang='lat' dir='ltr'>quandiu</span> 
     </span>
    </p>
   </div>
   <div class='ocr_carea' id='block_1_17' title="bbox 246 1532 1906 1604">
    <p class='ocr_par' dir='ltr' id='par_1_17' title="bbox 246 1532 1906 1604">
     <span class='ocr_line' id='line_1_17' title="bbox 246 1532 1906 1604; baseline -0.004 -10"><span class='ocrx_word' id='word_1_110' title='bbox 246 1538 445 1594; x_wconf 69' lang='lat' dir='ltr'>Remre</span> <span class='ocrx_word' id='word_1_111' title='bbox 477 1540 743 1592; x_wconf 89' lang='lat' dir='ltr'>moratus</span> <span class='ocrx_word' id='word_1_112' title='bbox 762 1549 869 1601; x_wconf 87' lang='lat' dir='ltr'>est,</span> <span class='ocrx_word' id='word_1_113' title='bbox 888 1534 1128 1591; x_wconf 90' lang='lat' dir='ltr'>solitum</span> <span class='ocrx_word' id='word_1_114' title='bbox 1145 1532 1324 1589; x_wconf 90' lang='lat' dir='ltr'>fuisse</span> <span class='ocrx_word' id='word_1_115' title='bbox 1342 1532 1531 1588; x_wconf 90' lang='lat' dir='ltr'>tribus</span> <span class='ocrx_word' id='word_1_116' title='bbox 1550 1532 1759 1588; x_wconf 91' lang='lat' dir='ltr'>diebus</span> <span class='ocrx_word' id='word_1_117' title='bbox 1802 1548 1906 1604; x_wconf 87' lang='lat' dir='ltr'>per</span> 
     </span>
    </p>
   </div>
   <div class='ocr_carea' id='block_1_18' title="bbox 242 1618 1904 1694">
    <p class='ocr_par' dir='ltr' id='par_1_18' title="bbox 242 1618 1904 1694">
     <span class='ocr_line' id='line_1_18' title="bbox 242 1618 1904 1694; baseline -0.004 -11"><span class='ocrx_word' id='word_1_118' title='bbox 242 1624 705 1692; x_wconf 83' lang='lat' dir='ltr'>hebdomadam,</span> <span class='ocrx_word' id='word_1_119' title='bbox 740 1640 771 1679; x_wconf 91' lang='lat' dir='ltr'>e</span> <span class='ocrx_word' id='word_1_120' title='bbox 801 1622 1175 1679; x_wconf 87' lang='lat' dir='ltr'>Lateranensi</span> <span class='ocrx_word' id='word_1_121' title='bbox 1200 1620 1444 1677; x_wconf 89' lang='lat' dir='ltr'>ecclesia</span> <span class='ocrx_word' id='word_1_122' title='bbox 1469 1618 1750 1694; x_wconf 81' lang='lat' dir='ltr'>usquead</span> <span class='ocrx_word' id='word_1_123' title='bbox 1774 1638 1904 1676; x_wconf 87' lang='lat' dir='ltr'>san-</span> 
     </span>
    </p>
   </div>
   <div class='ocr_carea' id='block_1_19' title="bbox 246 1710 1897 1785">
    <p class='ocr_par' dir='ltr' id='par_1_19' title="bbox 246 1710 1897 1785">
     <span class='ocr_line' id='line_1_19' title="bbox 246 1710 1897 1785; baseline -0.004 -13"><span class='ocrx_word' id='word_1_124' title='bbox 246 1720 413 1772; x_wconf 89' lang='lat' dir='ltr'>ctum</span> <span class='ocrx_word' id='word_1_125' title='bbox 436 1712 925 1785; x_wconf 83' lang='lat' dir='ltr'>Petrum,privato</span> <span class='ocrx_word' id='word_1_126' title='bbox 950 1712 1154 1767; x_wconf 90' lang='lat' dir='ltr'>habitu</span> <span class='ocrx_word' id='word_1_127' title='bbox 1179 1728 1242 1766; x_wconf 91' lang='lat' dir='ltr'>ac</span> <span class='ocrx_word' id='word_1_128' title='bbox 1267 1711 1442 1767; x_wconf 90' lang='lat' dir='ltr'>nudis</span> <span class='ocrx_word' id='word_1_129' title='bbox 1465 1710 1733 1783; x_wconf 84' lang='lat' dir='ltr'>pedibus,</span> <span class='ocrx_word' id='word_1_130' title='bbox 1766 1727 1897 1765; x_wconf 86' lang='lat' dir='ltr'>cum</span> 
     </span>
    </p>
   </div>
   <div class='ocr_carea' id='block_1_20' title="bbox 246 1798 1899 1872">
    <p class='ocr_par' dir='ltr' id='par_1_20' title="bbox 246 1798 1899 1872">
     <span class='ocr_line' id='line_1_20' title="bbox 246 1798 1899 1872; baseline -0.004 -12"><span class='ocrx_word' id='word_1_131' title='bbox 246 1806 484 1861; x_wconf 86' lang='lat' dir='ltr'>duobus</span> <span class='ocrx_word' id='word_1_132' title='bbox 501 1803 803 1859; x_wconf 89' lang='lat' dir='ltr'>auttribus</span> <span class='ocrx_word' id='word_1_133' title='bbox 822 1798 1580 1872; x_wconf 89' lang='lat' dir='ltr'>clericis,noctu,psallendo</span> <span class='ocrx_word' id='word_1_134' title='bbox 1593 1806 1647 1855; x_wconf 89' lang='lat' dir='ltr'>et</span> <span class='ocrx_word' id='word_1_135' title='bbox 1660 1800 1899 1868; x_wconf 91' lang='lat' dir='ltr'>orando,</span> 
     </span>
    </p>
   </div>
   <div class='ocr_carea' id='block_1_21' title="bbox 251 1888 1903 1966">
    <p class='ocr_par' dir='ltr' id='par_1_21' title="bbox 251 1888 1903 1966">
     <span class='ocr_line' id='line_1_21' title="bbox 251 1888 1903 1966; baseline -0.004 -17"><span class='ocrx_word' id='word_1_136' title='bbox 251 1908 516 1966; x_wconf 87' lang='lat' dir='ltr'>pergere.</span> <span class='ocrx_word' id='word_1_137' title='bbox 547 1892 859 1947; x_wconf 83' lang='lat' dir='ltr'>Historiam</span> <span class='ocrx_word' id='word_1_138' title='bbox 883 1888 1349 1946; x_wconf 87' lang='lat' dir='ltr'>sanctimonialis</span> <span class='ocrx_word' id='word_1_139' title='bbox 1381 1889 1712 1960; x_wconf 86' lang='lat' dir='ltr'>cujusdam,</span> <span class='ocrx_word' id='word_1_140' title='bbox 1748 1889 1903 1945; x_wconf 90' lang='lat' dir='ltr'>beati</span> 
     </span>
    </p>
   </div>
   <div class='ocr_carea' id='block_1_22' title="bbox 254 1976 1899 2053">
    <p class='ocr_par' dir='ltr' id='par_1_22' title="bbox 254 1976 1899 2053">
     <span class='ocr_line' id='line_1_22' title="bbox 254 1976 1899 2053; baseline -0.004 -15"><span class='ocrx_word' id='word_1_141' title='bbox 254 1982 469 2039; x_wconf 87' lang='lat' dir='ltr'>Leonis</span> <span class='ocrx_word' id='word_1_142' title='bbox 498 1980 840 2053; x_wconf 45' lang='lat' dir='ltr'>amitaeque:</span> <span class='ocrx_word' id='word_1_143' title='bbox 867 1978 1034 2051; x_wconf 87' lang='lat' dir='ltr'>signo</span> <span class='ocrx_word' id='word_1_144' title='bbox 1066 1977 1567 2034; x_wconf 88' lang='lat' dir='ltr'>crucisdiabolum</span> <span class='ocrx_word' id='word_1_145' title='bbox 1585 1976 1899 2049; x_wconf 83' lang='lat' dir='ltr'>fugaverat,</span> 
     </span>
    </p>
   </div>
   <div class='ocr_carea' id='block_1_23' title="bbox 249 2065 1899 2140">
    <p class='ocr_par' dir='ltr' id='par_1_23' title="bbox 249 2065 1899 2140">
     <span class='ocr_line' id='line_1_23' title="bbox 249 2065 1899 2140; baseline -0.005 -13"><span class='ocrx_word' id='word_1_146' title='bbox 249 2071 430 2127; x_wconf 81' lang='lat' dir='ltr'>refert</span> <span class='ocrx_word' id='word_1_147' title='bbox 458 2068 663 2125; x_wconf 87' lang='lat' dir='ltr'>Petrus</span> <span class='ocrx_word' id='word_1_148' title='bbox 685 2068 952 2125; x_wconf 88' lang='lat' dir='ltr'>Damiani</span> <span class='ocrx_word' id='word_1_149' title='bbox 989 2068 1046 2122; x_wconf 93' lang='lat' dir='ltr'>in</span> <span class='ocrx_word' id='word_1_150' title='bbox 1080 2065 1365 2140; x_wconf 88' lang='lat' dir='ltr'>opusculo</span> <span class='ocrx_word' id='word_1_151' title='bbox 1396 2067 1484 2134; x_wconf 83' lang='grc'>47,</span> <span class='ocrx_word' id='word_1_152' title='bbox 1516 2081 1642 2138; x_wconf 86' lang='lat' dir='ltr'>cap.</span> <span class='ocrx_word' id='word_1_153' title='bbox 1676 2067 1709 2119; x_wconf 88' lang='lat'>3</span> <span class='ocrx_word' id='word_1_154' title='bbox 1752 2068 1809 2121; x_wconf 91' lang='lat' dir='ltr'>et</span> <span class='ocrx_word' id='word_1_155' title='bbox 1847 2066 1899 2132; x_wconf 84' lang='grc'>4,</span> 
     </span>
    </p>
   </div>
   <div class='ocr_carea' id='block_1_24' title="bbox 247 2153 1901 2232">
    <p class='ocr_par' dir='ltr' id='par_1_24' title="bbox 247 2153 1901 2232">
     <span class='ocr_line' id='line_1_24' title="bbox 247 2153 1901 2232; baseline -0.003 -16"><span class='ocrx_word' id='word_1_156' title='bbox 247 2176 427 2232; x_wconf 82' lang='lat' dir='ltr'>quam</span> <span class='ocrx_word' id='word_1_157' title='bbox 459 2176 531 2216; x_wconf 76' lang='lat' dir='ltr'>ex</span> <span class='ocrx_word' id='word_1_158' title='bbox 558 2175 651 2214; x_wconf 79' lang='lat' dir='ltr'>ore</span> <span class='ocrx_word' id='word_1_159' title='bbox 699 2158 843 2213; x_wconf 79' lang='lat' dir='ltr'>beati</span> <span class='ocrx_word' id='word_1_160' title='bbox 860 2158 1054 2213; x_wconf 78' lang='lat' dir='ltr'>Leonis</span> <span class='ocrx_word' id='word_1_161' title='bbox 1082 2158 1149 2212; x_wconf 84' lang='lat' dir='ltr'>IX</span> <span class='ocrx_word' id='word_1_162' title='bbox 1169 2171 1332 2228; x_wconf 67' lang='lat' dir='ltr'>papa:</span> <span class='ocrx_word' id='word_1_163' title='bbox 1362 2156 1433 2211; x_wconf 90' lang='lat' dir='ltr'>ab</span> <span class='ocrx_word' id='word_1_164' title='bbox 1463 2153 1778 2210; x_wconf 87' lang='lat' dir='ltr'>Adhelaide</span> <span class='ocrx_word' id='word_1_165' title='bbox 1799 2170 1901 2211; x_wconf 88' lang='lat' dir='ltr'>au-</span> 
     </span>
    </p>
   </div>
   <div class='ocr_carea' id='block_1_25' title="bbox 249 2244 1789 2322">
    <p class='ocr_par' dir='ltr' id='par_1_25' title="bbox 249 2244 1789 2322">
     <span class='ocr_line' id='line_1_25' title="bbox 249 2244 1789 2322; baseline -0.004 -17"><span class='ocrx_word' id='word_1_166' title='bbox 249 2253 425 2322; x_wconf 89' lang='lat' dir='ltr'>gusta</span> <span class='ocrx_word' id='word_1_167' title='bbox 455 2248 720 2304; x_wconf 87' lang='lat' dir='ltr'>auditam</span> <span class='ocrx_word' id='word_1_168' title='bbox 754 2247 932 2302; x_wconf 89' lang='lat' dir='ltr'>fuisse</span> <span class='ocrx_word' id='word_1_169' title='bbox 963 2249 1231 2301; x_wconf 89' lang='lat' dir='ltr'>testatur.</span> <span class='ocrx_word' id='word_1_170' title='bbox 1263 2245 1374 2300; x_wconf 89' lang='lat' dir='ltr'>Sed</span> <span class='ocrx_word' id='word_1_171' title='bbox 1406 2245 1476 2300; x_wconf 91' lang='lat' dir='ltr'>de</span> <span class='ocrx_word' id='word_1_172' title='bbox 1500 2244 1594 2298; x_wconf 90' lang='lat' dir='ltr'>his</span> <span class='ocrx_word' id='word_1_173' title='bbox 1624 2244 1789 2300; x_wconf 86' lang='lat' dir='ltr'>satis.</span> 
     </span>
    </p>
   </div>
   <div class='ocr_carea' id='block_1_26' title="bbox 317 2326 1899 2405">
    <p class='ocr_par' dir='ltr' id='par_1_26' title="bbox 317 2326 1899 2405">
     <span class='ocr_line' id='line_1_26' title="bbox 317 2326 1899 2405; baseline -0.005 -12"><span class='ocrx_word' id='word_1_174' title='bbox 317 2340 371 2393; x_wconf 76' lang='grc'>4.</span> <span class='ocrx_word' id='word_1_175' title='bbox 406 2337 695 2393; x_wconf 88' lang='lat' dir='ltr'>Dubitant</span> <span class='ocrx_word' id='word_1_176' title='bbox 725 2333 991 2391; x_wconf 89' lang='lat' dir='ltr'>nonnulli</span> <span class='ocrx_word' id='word_1_177' title='bbox 1023 2351 1096 2388; x_wconf 91' lang='lat' dir='ltr'>an</span> <span class='ocrx_word' id='word_1_178' title='bbox 1129 2350 1387 2405; x_wconf 88' lang='lat' dir='ltr'>unquam</span> <span class='ocrx_word' id='word_1_179' title='bbox 1412 2326 1616 2387; x_wconf 83' lang='lat' dir='ltr'>beatus</span> <span class='ocrx_word' id='word_1_180' title='bbox 1631 2332 1740 2387; x_wconf 90' lang='lat' dir='ltr'>Leo</span> <span class='ocrx_word' id='word_1_181' title='bbox 1766 2348 1899 2404; x_wconf 89' lang='lat' dir='ltr'>pro-</span> 
     </span>
    </p>
   </div>
   <div class='ocr_carea' id='block_1_27' title="bbox 251 2419 1898 2482">
    <p class='ocr_par' dir='ltr' id='par_1_27' title="bbox 251 2419 1898 2482">
     <span class='ocr_line' id='line_1_27' title="bbox 251 2419 1898 2482; baseline -0.004 -2"><span class='ocrx_word' id='word_1_182' title='bbox 251 2425 566 2482; x_wconf 81' lang='lat' dir='ltr'>fessionem</span> <span class='ocrx_word' id='word_1_183' title='bbox 597 2423 987 2481; x_wconf 87' lang='lat' dir='ltr'>monasticam</span> <span class='ocrx_word' id='word_1_184' title='bbox 1021 2421 1317 2478; x_wconf 88' lang='lat' dir='ltr'>emiserit:</span> <span class='ocrx_word' id='word_1_185' title='bbox 1354 2424 1505 2476; x_wconf 90' lang='lat' dir='ltr'>certe</span> <span class='ocrx_word' id='word_1_186' title='bbox 1528 2420 1685 2476; x_wconf 89' lang='lat' dir='ltr'>hunc</span> <span class='ocrx_word' id='word_1_187' title='bbox 1707 2419 1898 2475; x_wconf 91' lang='lat' dir='ltr'>ordini</span> 
     </span>
    </p>
   </div>
   <div class='ocr_carea' id='block_1_28' title="bbox 248 2509 1896 2585">
    <p class='ocr_par' dir='ltr' id='par_1_28' title="bbox 248 2509 1896 2585">
     <span class='ocr_line' id='line_1_28' title="bbox 248 2509 1896 2585; baseline -0.003 -15"><span class='ocrx_word' id='word_1_188' title='bbox 248 2519 454 2570; x_wconf 89' lang='lat' dir='ltr'>nostro</span> <span class='ocrx_word' id='word_1_189' title='bbox 474 2513 776 2569; x_wconf 88' lang='lat' dir='ltr'>ascribunt</span> <span class='ocrx_word' id='word_1_190' title='bbox 791 2516 999 2585; x_wconf 63' lang='lat' dir='ltr'>praeter</span> <span class='ocrx_word' id='word_1_191' title='bbox 1015 2509 1418 2566; x_wconf 88' lang='lat' dir='ltr'>Benedictinos</span> <span class='ocrx_word' id='word_1_192' title='bbox 1438 2510 1751 2582; x_wconf 86' lang='lat' dir='ltr'>scriptores</span> <span class='ocrx_word' id='word_1_193' title='bbox 1775 2509 1896 2582; x_wconf 92' lang='lat' dir='ltr'>ple-</span> 
     </span>
    </p>
   </div>
   <div class='ocr_carea' id='block_1_29' title="bbox 244 2598 1894 2676">
    <p class='ocr_par' dir='ltr' id='par_1_29' title="bbox 244 2598 1894 2676">
     <span class='ocr_line' id='line_1_29' title="bbox 244 2598 1894 2676; baseline -0.004 -17"><span class='ocrx_word' id='word_1_194' title='bbox 244 2604 413 2676; x_wconf 88' lang='lat' dir='ltr'>rique</span> <span class='ocrx_word' id='word_1_195' title='bbox 431 2603 608 2659; x_wconf 84' lang='lat' dir='ltr'>etiam</span> <span class='ocrx_word' id='word_1_196' title='bbox 623 2602 800 2659; x_wconf 86' lang='lat' dir='ltr'>exteri</span> <span class='ocrx_word' id='word_1_197' title='bbox 831 2627 844 2668; x_wconf 87' lang='lat'><strong>;</strong></span> <span class='ocrx_word' id='word_1_198' title='bbox 867 2602 924 2655; x_wconf 67' lang='lat' dir='ltr'>int</span> <span class='ocrx_word' id='word_1_199' title='bbox 944 2601 1142 2673; x_wconf 89' lang='lat' dir='ltr'>ipsum</span> <span class='ocrx_word' id='word_1_200' title='bbox 1164 2599 1379 2654; x_wconf 90' lang='lat' dir='ltr'>diserte</span> <span class='ocrx_word' id='word_1_201' title='bbox 1402 2598 1894 2655; x_wconf 88' lang='lat' dir='ltr'>afﬁrmatTrithe-</span> 
     </span>
    </p>
   </div>
   <div class='ocr_carea' id='block_1_30' title="bbox 244 2687 1893 2761">
    <p class='ocr_par' dir='ltr' id='par_1_30' title="bbox 244 2687 1893 2761">
     <span class='ocr_line' id='line_1_30' title="bbox 244 2687 1893 2761; baseline -0.004 -12"><span class='ocrx_word' id='word_1_202' title='bbox 244 2694 401 2749; x_wconf 85' lang='lat' dir='ltr'>mins</span> <span class='ocrx_word' id='word_1_203' title='bbox 435 2692 493 2747; x_wconf 91' lang='lat' dir='ltr'>in</span> <span class='ocrx_word' id='word_1_204' title='bbox 527 2691 814 2747; x_wconf 87' lang='lat' dir='ltr'>Chronico</span> <span class='ocrx_word' id='word_1_205' title='bbox 840 2687 1243 2761; x_wconf 86' lang='lat' dir='ltr'>IIirsaugiensi</span> <span class='ocrx_word' id='word_1_206' title='bbox 1273 2689 1345 2743; x_wconf 84' lang='lat' dir='ltr'>ad</span> <span class='ocrx_word' id='word_1_207' title='bbox 1380 2704 1603 2742; x_wconf 83' lang='lat' dir='ltr'>annum</span> <span class='ocrx_word' id='word_1_208' title='bbox 1630 2688 1893 2757; x_wconf 68' lang='lat' dir='ltr'>1048,ubi</span> 
     </span>
    </p>
   </div>
   <div class='ocr_carea' id='block_1_31' title="bbox 245 2775 1894 2851">
    <p class='ocr_par' dir='ltr' id='par_1_31' title="bbox 245 2775 1894 2851">
     <span class='ocr_line' id='line_1_31' title="bbox 245 2775 1894 2851; baseline -0.003 -14"><span class='ocrx_word' id='word_1_209' title='bbox 245 2781 328 2839; x_wconf 89' lang='lat' dir='ltr'>sic</span> <span class='ocrx_word' id='word_1_210' title='bbox 359 2780 542 2837; x_wconf 87' lang='lat' dir='ltr'>habet</span> <span class='ocrx_word' id='word_1_211' title='bbox 566 2798 579 2835; x_wconf 90' lang='lat'><strong>:</strong></span> <span class='ocrx_word' id='word_1_212' title='bbox 600 2798 629 2830; x_wconf 81' lang='grc'>‹‹</span> <span class='ocrx_word' id='word_1_213' title='bbox 652 2780 846 2835; x_wconf 90' lang='lat' dir='ltr'>Bruno</span> <span class='ocrx_word' id='word_1_214' title='bbox 862 2777 1171 2851; x_wconf 86' lang='lat' dir='ltr'>episcopus</span> <span class='ocrx_word' id='word_1_215' title='bbox 1195 2775 1561 2832; x_wconf 89' lang='lat' dir='ltr'>Tullensis...</span> <span class='ocrx_word' id='word_1_216' title='bbox 1591 2780 1713 2832; x_wconf 89' lang='lat' dir='ltr'>erat</span> <span class='ocrx_word' id='word_1_217' title='bbox 1739 2776 1894 2832; x_wconf 88' lang='lat' dir='ltr'>ﬁlius</span> 
     </span>
    </p>
   </div>
   <div class='ocr_carea' id='block_1_32' title="bbox 240 2856 1889 2941">
    <p class='ocr_par' dir='ltr' id='par_1_32' title="bbox 240 2856 1889 2941">
     <span class='ocr_line' id='line_1_32' title="bbox 240 2856 1889 2941; baseline -0.007 -14"><span class='ocrx_word' id='word_1_218' title='bbox 240 2869 475 2927; x_wconf 89' lang='lat' dir='ltr'>comitis</span> <span class='ocrx_word' id='word_1_219' title='bbox 506 2856 578 2925; x_wconf 87' lang='lat' dir='ltr'>de</span> <span class='ocrx_word' id='word_1_220' title='bbox 610 2868 897 2941; x_wconf 90' lang='lat' dir='ltr'>Elingem,</span> <span class='ocrx_word' id='word_1_221' title='bbox 930 2871 988 2923; x_wconf 92' lang='lat' dir='ltr'>et</span> <span class='ocrx_word' id='word_1_222' title='bbox 1016 2864 1339 2922; x_wconf 85' lang='lat' dir='ltr'>monachus</span> <span class='ocrx_word' id='word_1_223' title='bbox 1372 2865 1594 2921; x_wconf 90' lang='lat' dir='ltr'>ordinis</span> <span class='ocrx_word' id='word_1_224' title='bbox 1625 2865 1827 2921; x_wconf 89' lang='lat' dir='ltr'>nostri.</span> <span class='ocrx_word' id='word_1_225' title='bbox 1862 2888 1889 2916; x_wconf 83' lang='grc'>››</span> 
     </span>
    </p>
   </div>
   <div class='ocr_carea' id='block_1_33' title="bbox 238 2954 1892 3027">
    <p class='ocr_par' dir='ltr' id='par_1_33' title="bbox 238 2954 1892 3027">
     <span class='ocr_line' id='line_1_33' title="bbox 238 2954 1892 3027; baseline -0.004 -11"><span class='ocrx_word' id='word_1_226' title='bbox 238 2958 610 3016; x_wconf 83' lang='lat' dir='ltr'>Bollundiani</span> <span class='ocrx_word' id='word_1_227' title='bbox 645 2962 866 3027; x_wconf 86' lang='lat' dir='ltr'>tamen,</span> <span class='ocrx_word' id='word_1_228' title='bbox 896 2955 994 3027; x_wconf 92' lang='lat' dir='ltr'>qui</span> <span class='ocrx_word' id='word_1_229' title='bbox 1027 2968 1088 3011; x_wconf 88' lang='lat' dir='ltr'>se</span> <span class='ocrx_word' id='word_1_230' title='bbox 1119 2959 1319 3026; x_wconf 88' lang='lat' dir='ltr'>optare</span> <span class='ocrx_word' id='word_1_231' title='bbox 1335 2954 1504 3009; x_wconf 90' lang='lat' dir='ltr'>aiunt</span> <span class='ocrx_word' id='word_1_232' title='bbox 1534 2954 1592 3008; x_wconf 91' lang='lat' dir='ltr'>in</span> <span class='ocrx_word' id='word_1_233' title='bbox 1624 2954 1892 3010; x_wconf 82' lang='lat' dir='ltr'>observa-</span> 
     </span>
    </p>
   </div>
   <div class='ocr_carea' id='block_1_34' title="bbox 235 3043 1891 3120">
    <p class='ocr_par' dir='ltr' id='par_1_34' title="bbox 235 3043 1891 3120">
     <span class='ocr_line' id='line_1_34' title="bbox 235 3043 1891 3120; baseline -0.002 -17"><span class='ocrx_word' id='word_1_234' title='bbox 235 3048 392 3103; x_wconf 87' lang='lat' dir='ltr'>tione</span> <span class='ocrx_word' id='word_1_235' title='bbox 425 3046 641 3120; x_wconf 66' lang='lat' dir='ltr'>praevia</span> <span class='ocrx_word' id='word_1_236' title='bbox 671 3049 738 3100; x_wconf 87' lang='lat' dir='ltr'>ut</span> <span class='ocrx_word' id='word_1_237' title='bbox 767 3048 968 3101; x_wconf 89' lang='lat' dir='ltr'>tantus</span> <span class='ocrx_word' id='word_1_238' title='bbox 990 3043 1249 3116; x_wconf 83' lang='lat' dir='ltr'>pontifex</span> <span class='ocrx_word' id='word_1_239' title='bbox 1278 3043 1433 3099; x_wconf 82' lang='lat' dir='ltr'>inter</span> <span class='ocrx_word' id='word_1_240' title='bbox 1463 3043 1685 3098; x_wconf 89' lang='lat' dir='ltr'>ordinis</span> <span class='ocrx_word' id='word_1_241' title='bbox 1718 3044 1891 3099; x_wconf 84' lang='lat' dir='ltr'>Bene-</span> 
     </span>
    </p>
   </div>
   <div class='ocr_carea' id='block_1_35' title="bbox 2018 464 3662 539">
    <p class='ocr_par' dir='ltr' id='par_1_35' title="bbox 2018 464 3662 539">
     <span class='ocr_line' id='line_1_35' title="bbox 2018 464 3662 539; baseline 0.002 -19"><span class='ocrx_word' id='word_1_242' title='bbox 2018 465 2325 533; x_wconf 87' lang='lat' dir='ltr'>hibuit,vel</span> <span class='ocrx_word' id='word_1_243' title='bbox 2344 483 2491 536; x_wconf 89' lang='lat' dir='ltr'>quos</span> <span class='ocrx_word' id='word_1_244' title='bbox 2512 466 2581 519; x_wconf 87' lang='lat' dir='ltr'>ad</span> <span class='ocrx_word' id='word_1_245' title='bbox 2596 464 2954 538; x_wconf 80' lang='lat' dir='ltr'>episcopales</span> <span class='ocrx_word' id='word_1_246' title='bbox 2977 466 3143 520; x_wconf 86' lang='lat' dir='ltr'>sedes</span> <span class='ocrx_word' id='word_1_247' title='bbox 3163 465 3382 534; x_wconf 85' lang='lat' dir='ltr'>evexit;</span> <span class='ocrx_word' id='word_1_248' title='bbox 3405 466 3662 539; x_wconf 87' lang='lat' dir='ltr'>denique</span> 
     </span>
    </p>
   </div>
   <div class='ocr_carea' id='block_1_36' title="bbox 2019 552 3664 627">
    <p class='ocr_par' dir='ltr' id='par_1_36' title="bbox 2019 552 3664 627">
     <span class='ocr_line' id='line_1_36' title="bbox 2019 552 3664 627; baseline 0.002 -19"><span class='ocrx_word' id='word_1_249' title='bbox 2019 571 2152 609; x_wconf 82' lang='lat' dir='ltr'>eum</span> <span class='ocrx_word' id='word_1_250' title='bbox 2183 560 2333 610; x_wconf 90' lang='lat' dir='ltr'>esset</span> <span class='ocrx_word' id='word_1_251' title='bbox 2366 554 2537 609; x_wconf 85' lang='lat' dir='ltr'>morti</span> <span class='ocrx_word' id='word_1_252' title='bbox 2573 554 2893 627; x_wconf 76' lang='lat' dir='ltr'>proximus,</span> <span class='ocrx_word' id='word_1_253' title='bbox 2922 552 3261 611; x_wconf 82' lang='lat' dir='ltr'>Ricberium</span> <span class='ocrx_word' id='word_1_254' title='bbox 3284 554 3664 612; x_wconf 85' lang='lat' dir='ltr'>Casinensem</span> 
     </span>
    </p>
   </div>
   <div class='ocr_carea' id='block_1_37' title="bbox 2020 643 3665 709">
    <p class='ocr_par' dir='ltr' id='par_1_37' title="bbox 2020 643 3665 709">
     <span class='ocr_line' id='line_1_37' title="bbox 2020 643 3665 709; baseline 0.002 -10"><span class='ocrx_word' id='word_1_255' title='bbox 2020 644 2293 699; x_wconf 83' lang='lat' dir='ltr'>abbatem</span> <span class='ocrx_word' id='word_1_256' title='bbox 2322 643 2717 709; x_wconf 86' lang='lat' dir='ltr'>accersivit,ut</span> <span class='ocrx_word' id='word_1_257' title='bbox 2747 643 2987 699; x_wconf 83' lang='lat' dir='ltr'>Romam</span> <span class='ocrx_word' id='word_1_258' title='bbox 3015 643 3309 699; x_wconf 89' lang='lat' dir='ltr'>redeundo</span> <span class='ocrx_word' id='word_1_259' title='bbox 3330 660 3465 700; x_wconf 91' lang='lat' dir='ltr'>eum</span> <span class='ocrx_word' id='word_1_260' title='bbox 3485 644 3665 702; x_wconf 87' lang='lat' dir='ltr'>hahe-</span> 
     </span>
    </p>
   </div>
   <div class='ocr_carea' id='block_1_38' title="bbox 2018 732 3666 806">
    <p class='ocr_par' dir='ltr' id='par_1_38' title="bbox 2018 732 3666 806">
     <span class='ocr_line' id='line_1_38' title="bbox 2018 732 3666 806; baseline 0.002 -19"><span class='ocrx_word' id='word_1_261' title='bbox 2018 738 2105 787; x_wconf 88' lang='lat' dir='ltr'>ret</span> <span class='ocrx_word' id='word_1_262' title='bbox 2143 732 2368 787; x_wconf 88' lang='lat' dir='ltr'>itineris</span> <span class='ocrx_word' id='word_1_263' title='bbox 2400 733 2645 787; x_wconf 85' lang='lat' dir='ltr'>socium.</span> <span class='ocrx_word' id='word_1_264' title='bbox 2698 733 2807 787; x_wconf 88' lang='lat' dir='ltr'>Sed</span> <span class='ocrx_word' id='word_1_265' title='bbox 2853 732 2993 804; x_wconf 91' lang='lat' dir='ltr'>quid</span> <span class='ocrx_word' id='word_1_266' title='bbox 3027 733 3153 803; x_wconf 88' lang='lat' dir='ltr'>ejus</span> <span class='ocrx_word' id='word_1_267' title='bbox 3202 733 3284 787; x_wconf 90' lang='lat' dir='ltr'>rei</span> <span class='ocrx_word' id='word_1_268' title='bbox 3316 737 3666 806; x_wconf 85' lang='lat' dir='ltr'>argumenta</span> 
     </span>
    </p>
   </div>
   <div class='ocr_carea' id='block_1_39' title="bbox 2017 820 3665 894">
    <p class='ocr_par' dir='ltr' id='par_1_39' title="bbox 2017 820 3665 894">
     <span class='ocr_line' id='line_1_39' title="bbox 2017 820 3665 894; baseline 0.001 -18"><span class='ocrx_word' id='word_1_269' title='bbox 2017 820 2253 876; x_wconf 90' lang='lat' dir='ltr'>aliunde</span> <span class='ocrx_word' id='word_1_270' title='bbox 2285 820 2629 892; x_wconf 70' lang='lat' dir='ltr'>qumrimus,</span> <span class='ocrx_word' id='word_1_271' title='bbox 2663 837 2795 875; x_wconf 90' lang='lat' dir='ltr'>cum</span> <span class='ocrx_word' id='word_1_272' title='bbox 2822 820 2944 893; x_wconf 90' lang='lat' dir='ltr'>ipse</span> <span class='ocrx_word' id='word_1_273' title='bbox 2964 820 3171 876; x_wconf 88' lang='lat' dir='ltr'>beatus</span> <span class='ocrx_word' id='word_1_274' title='bbox 3200 820 3458 894; x_wconf 78' lang='lat' dir='ltr'>pontifex</span> <span class='ocrx_word' id='word_1_275' title='bbox 3486 821 3665 878; x_wconf 82' lang='lat' dir='ltr'>morti</span> 
     </span>
    </p>
   </div>
   <div class='ocr_carea' id='block_1_40' title="bbox 2019 909 3665 982">
    <p class='ocr_par' dir='ltr' id='par_1_40' title="bbox 2019 909 3665 982">
     <span class='ocr_line' id='line_1_40' title="bbox 2019 909 3665 982; baseline 0.001 -18"><span class='ocrx_word' id='word_1_276' title='bbox 2019 909 2323 982; x_wconf 81' lang='lat' dir='ltr'>proximus</span> <span class='ocrx_word' id='word_1_277' title='bbox 2356 926 2414 964; x_wconf 91' lang='lat' dir='ltr'>se</span> <span class='ocrx_word' id='word_1_278' title='bbox 2448 909 2800 965; x_wconf 85' lang='lat' dir='ltr'>monachum</span> <span class='ocrx_word' id='word_1_279' title='bbox 2836 909 3015 965; x_wconf 88' lang='lat' dir='ltr'>fuisse</span> <span class='ocrx_word' id='word_1_280' title='bbox 3063 909 3299 967; x_wconf 83' lang='lat' dir='ltr'>disertis</span> <span class='ocrx_word' id='word_1_281' title='bbox 3329 909 3522 967; x_wconf 85' lang='lat' dir='ltr'>verbis</span> <span class='ocrx_word' id='word_1_282' title='bbox 3575 910 3665 966; x_wconf 89' lang='lat' dir='ltr'>di-</span> 
     </span>
    </p>
   </div>
   <div class='ocr_carea' id='block_1_41' title="bbox 2016 998 3663 1070">
    <p class='ocr_par' dir='ltr' id='par_1_41' title="bbox 2016 998 3663 1070">
     <span class='ocr_line' id='line_1_41' title="bbox 2016 998 3663 1070; baseline 0.003 -17"><span class='ocrx_word' id='word_1_283' title='bbox 2016 999 2209 1054; x_wconf 84' lang='lat' dir='ltr'>xerit?</span> <span class='ocrx_word' id='word_1_284' title='bbox 2240 998 2473 1065; x_wconf 83' lang='lat' dir='ltr'>Cellam,</span> <span class='ocrx_word' id='word_1_285' title='bbox 2508 998 2723 1070; x_wconf 88' lang='lat' dir='ltr'>inquit,</span> <span class='ocrx_word' id='word_1_286' title='bbox 2748 1016 2913 1069; x_wconf 86' lang='lat' dir='ltr'>quam</span> <span class='ocrx_word' id='word_1_287' title='bbox 2939 1000 3237 1055; x_wconf 80' lang='lat' dir='ltr'>monachus</span> <span class='ocrx_word' id='word_1_288' title='bbox 3269 1002 3496 1069; x_wconf 77' lang='lat' dir='ltr'>incolui,</span> <span class='ocrx_word' id='word_1_289' title='bbox 3528 1004 3663 1058; x_wconf 85' lang='lat' dir='ltr'>etc..</span> 
     </span>
    </p>
   </div>
   <div class='ocr_carea' id='block_1_42' title="bbox 2018 1087 3668 1162">
    <p class='ocr_par' dir='ltr' id='par_1_42' title="bbox 2018 1087 3668 1162">
     <span class='ocr_line' id='line_1_42' title="bbox 2018 1087 3668 1162; baseline 0.002 -19"><span class='ocrx_word' id='word_1_290' title='bbox 2018 1089 2173 1160; x_wconf 87' lang='lat' dir='ltr'>apud</span> <span class='ocrx_word' id='word_1_291' title='bbox 2194 1105 2551 1160; x_wconf 75' lang='lat' dir='ltr'>anonymum</span> <span class='ocrx_word' id='word_1_292' title='bbox 2579 1087 2636 1142; x_wconf 91' lang='lat' dir='ltr'>in</span> <span class='ocrx_word' id='word_1_293' title='bbox 2658 1087 2935 1143; x_wconf 87' lang='lat' dir='ltr'>relatione</span> <span class='ocrx_word' id='word_1_294' title='bbox 2951 1089 3078 1159; x_wconf 90' lang='lat' dir='ltr'>ejus</span> <span class='ocrx_word' id='word_1_295' title='bbox 3103 1089 3514 1161; x_wconf 87' lang='lat' dir='ltr'>mortis,quam</span> <span class='ocrx_word' id='word_1_296' title='bbox 3532 1092 3668 1162; x_wconf 87' lang='lat' dir='ltr'>post</span> 
     </span>
    </p>
   </div>
   <div class='ocr_carea' id='block_1_43' title="bbox 2018 1176 3667 1247">
    <p class='ocr_par' dir='ltr' id='par_1_43' title="bbox 2018 1176 3667 1247">
     <span class='ocr_line' id='line_1_43' title="bbox 2018 1176 3667 1247; baseline 0.003 -16"><span class='ocrx_word' id='word_1_297' title='bbox 2018 1177 2351 1247; x_wconf 86' lang='lat' dir='ltr'>ejusVitam</span> <span class='ocrx_word' id='word_1_298' title='bbox 2371 1176 2881 1243; x_wconf 83' lang='lat' dir='ltr'>exhibebimus,nu</span> <span class='ocrx_word' id='word_1_299' title='bbox 2894 1177 3187 1233; x_wconf 64' lang='lat' dir='ltr'>m./1.Hinc</span> <span class='ocrx_word' id='word_1_300' title='bbox 3202 1179 3417 1233; x_wconf 91' lang='lat' dir='ltr'>mirum</span> <span class='ocrx_word' id='word_1_301' title='bbox 3436 1196 3553 1236; x_wconf 89' lang='lat' dir='ltr'>non</span> <span class='ocrx_word' id='word_1_302' title='bbox 3576 1183 3667 1236; x_wconf 86' lang='lat' dir='ltr'>est</span> 
     </span>
    </p>
   </div>
   <div class='ocr_carea' id='block_1_44' title="bbox 2020 1265 3665 1340">
    <p class='ocr_par' dir='ltr' id='par_1_44' title="bbox 2020 1265 3665 1340">
     <span class='ocr_line' id='line_1_44' title="bbox 2020 1265 3665 1340; baseline 0.004 -21"><span class='ocrx_word' id='word_1_303' title='bbox 2020 1265 2066 1319; x_wconf 87' lang='lat' dir='ltr'>si</span> <span class='ocrx_word' id='word_1_304' title='bbox 2102 1265 2344 1337; x_wconf 83' lang='lat' dir='ltr'>injurias</span> <span class='ocrx_word' id='word_1_305' title='bbox 2378 1265 2682 1320; x_wconf 82' lang='lat' dir='ltr'>monachis</span> <span class='ocrx_word' id='word_1_306' title='bbox 2713 1265 2999 1338; x_wconf 88' lang='lat' dir='ltr'>irrogatas</span> <span class='ocrx_word' id='word_1_307' title='bbox 3030 1267 3141 1322; x_wconf 88' lang='lat' dir='ltr'>sibi</span> <span class='ocrx_word' id='word_1_308' title='bbox 3164 1267 3275 1340; x_wconf 89' lang='lat' dir='ltr'>ipsi</span> <span class='ocrx_word' id='word_1_309' title='bbox 3306 1267 3487 1324; x_wconf 89' lang='lat' dir='ltr'>factas</span> <span class='ocrx_word' id='word_1_310' title='bbox 3509 1266 3665 1326; x_wconf 86' lang='lat' dir='ltr'>dice-</span> 
     </span>
    </p>
   </div>
   <div class='ocr_carea' id='block_1_45' title="bbox 2018 1354 3665 1429">
    <p class='ocr_par' dir='ltr' id='par_1_45' title="bbox 2018 1354 3665 1429">
     <span class='ocr_line' id='line_1_45' title="bbox 2018 1354 3665 1429; baseline 0.004 -19"><span class='ocrx_word' id='word_1_311' title='bbox 2018 1360 2120 1422; x_wconf 88' lang='lat' dir='ltr'>ret,</span> <span class='ocrx_word' id='word_1_312' title='bbox 2158 1360 2219 1409; x_wconf 90' lang='lat' dir='ltr'>ut</span> <span class='ocrx_word' id='word_1_313' title='bbox 2250 1354 2373 1426; x_wconf 86' lang='lat' dir='ltr'>ipse</span> <span class='ocrx_word' id='word_1_314' title='bbox 2407 1355 2486 1410; x_wconf 90' lang='lat' dir='ltr'>ait</span> <span class='ocrx_word' id='word_1_315' title='bbox 2516 1354 2571 1409; x_wconf 87' lang='lat' dir='ltr'>in</span> <span class='ocrx_word' id='word_1_316' title='bbox 2606 1354 2851 1427; x_wconf 87' lang='lat' dir='ltr'>epistola</span> <span class='ocrx_word' id='word_1_317' title='bbox 2868 1356 2939 1411; x_wconf 87' lang='lat' dir='ltr'>ad</span> <span class='ocrx_word' id='word_1_318' title='bbox 2964 1357 3327 1429; x_wconf 86' lang='lat' dir='ltr'>Stephanum</span> <span class='ocrx_word' id='word_1_319' title='bbox 3355 1358 3665 1416; x_wconf 87' lang='lat' dir='ltr'>dominum</span> 
     </span>
    </p>
   </div>
   <div class='ocr_carea' id='block_1_46' title="bbox 2014 1430 3666 1516">
    <p class='ocr_par' dir='ltr' id='par_1_46' title="bbox 2014 1430 3666 1516">
     <span class='ocr_line' id='line_1_46' title="bbox 2014 1430 3666 1516; baseline 0.003 -17"><span class='ocrx_word' id='word_1_320' title='bbox 2014 1443 2446 1512; x_wconf 83' lang='lat' dir='ltr'>Castelli-Novi,</span> <span class='ocrx_word' id='word_1_321' title='bbox 2482 1461 2657 1516; x_wconf 87' lang='lat' dir='ltr'>quam</span> <span class='ocrx_word' id='word_1_322' title='bbox 2691 1461 2823 1499; x_wconf 91' lang='lat' dir='ltr'>cum</span> <span class='ocrx_word' id='word_1_323' title='bbox 2857 1445 3049 1501; x_wconf 92' lang='lat' dir='ltr'>adhuc</span> <span class='ocrx_word' id='word_1_324' title='bbox 3091 1451 3248 1502; x_wconf 85' lang='lat' dir='ltr'>esset</span> <span class='ocrx_word' id='word_1_325' title='bbox 3294 1430 3666 1505; x_wconf 86' lang='lat' dir='ltr'>Tullensium</span> 
     </span>
    </p>
   </div>
   <div class='ocr_carea' id='block_1_47' title="bbox 2013 1534 3667 1606">
    <p class='ocr_par' dir='ltr' id='par_1_47' title="bbox 2013 1534 3667 1606">
     <span class='ocr_line' id='line_1_47' title="bbox 2013 1534 3667 1606; baseline 0.004 -18"><span class='ocrx_word' id='word_1_326' title='bbox 2013 1534 2325 1606; x_wconf 76' lang='lat' dir='ltr'>episCOpus</span> <span class='ocrx_word' id='word_1_327' title='bbox 2359 1534 2615 1605; x_wconf 86' lang='lat' dir='ltr'>scripsit.</span> <span class='ocrx_word' id='word_1_328' title='bbox 2649 1535 2906 1589; x_wconf 84' lang='lat' dir='ltr'>Habetur</span> <span class='ocrx_word' id='word_1_329' title='bbox 2936 1535 3089 1606; x_wconf 88' lang='lat' dir='ltr'>apud</span> <span class='ocrx_word' id='word_1_330' title='bbox 3124 1535 3443 1591; x_wconf 85' lang='lat' dir='ltr'>Perardum</span> <span class='ocrx_word' id='word_1_331' title='bbox 3473 1536 3535 1592; x_wconf 92' lang='lat' dir='ltr'>in</span> <span class='ocrx_word' id='word_1_332' title='bbox 3555 1536 3667 1594; x_wconf 89' lang='lat' dir='ltr'>col-</span> 
     </span>
    </p>
   </div>
   <div class='ocr_carea' id='block_1_48' title="bbox 2013 1622 3667 1698">
    <p class='ocr_par' dir='ltr' id='par_1_48' title="bbox 2013 1622 3667 1698">
     <span class='ocr_line' id='line_1_48' title="bbox 2013 1622 3667 1698; baseline 0.004 -21"><span class='ocrx_word' id='word_1_333' title='bbox 2013 1622 2258 1678; x_wconf 88' lang='lat' dir='ltr'>lectione</span> <span class='ocrx_word' id='word_1_334' title='bbox 2271 1623 2608 1678; x_wconf 87' lang='lat' dir='ltr'>chartarum</span> <span class='ocrx_word' id='word_1_335' title='bbox 2624 1623 3164 1695; x_wconf 87' lang='lat' dir='ltr'>Burgundicarum;</span> <span class='ocrx_word' id='word_1_336' title='bbox 3196 1628 3255 1679; x_wconf 92' lang='lat' dir='ltr'>at</span> <span class='ocrx_word' id='word_1_337' title='bbox 3269 1624 3327 1679; x_wconf 91' lang='lat' dir='ltr'>in</span> <span class='ocrx_word' id='word_1_338' title='bbox 3346 1624 3551 1682; x_wconf 84' lang='lat' dir='ltr'>charta</span> <span class='ocrx_word' id='word_1_339' title='bbox 3562 1642 3667 1698; x_wconf 82' lang='lat' dir='ltr'>pro</span> 
     </span>
    </p>
   </div>
   <div class='ocr_carea' id='block_1_49' title="bbox 2011 1711 3668 1789">
    <p class='ocr_par' dir='ltr' id='par_1_49' title="bbox 2011 1711 3668 1789">
     <span class='ocr_line' id='line_1_49' title="bbox 2011 1711 3668 1789; baseline 0.004 -20"><span class='ocrx_word' id='word_1_340' title='bbox 2011 1711 2156 1769; x_wconf 8' lang='lat' dir='ltr'>ofella</span> <span class='ocrx_word' id='word_1_341' title='bbox 2189 1712 2992 1783; x_wconf 59' lang='lat' dir='ltr'>Bertiniacmcurtisibidem,</span> <span class='ocrx_word' id='word_1_342' title='bbox 3016 1714 3098 1770; x_wconf 87' lang='lat' dir='ltr'>sic</span> <span class='ocrx_word' id='word_1_343' title='bbox 3125 1713 3424 1787; x_wconf 88' lang='lat' dir='ltr'>loquitur:</span> <span class='ocrx_word' id='word_1_344' title='bbox 3458 1739 3493 1769; x_wconf 68' lang='grc' dir='ltr'><strong>«ι</strong></span> <span class='ocrx_word' id='word_1_345' title='bbox 3520 1716 3668 1789; x_wconf 80' lang='lat' dir='ltr'>Cum</span> 
     </span>
    </p>
   </div>
   <div class='ocr_carea' id='block_1_50' title="bbox 2014 1800 3671 1876">
    <p class='ocr_par' dir='ltr' id='par_1_50' title="bbox 2014 1800 3671 1876">
     <span class='ocr_line' id='line_1_50' title="bbox 2014 1800 3671 1876; baseline 0.005 -20"><span class='ocrx_word' id='word_1_346' title='bbox 2014 1801 2273 1872; x_wconf 87' lang='lat' dir='ltr'>primum</span> <span class='ocrx_word' id='word_1_347' title='bbox 2301 1801 2497 1856; x_wconf 89' lang='lat' dir='ltr'>divina</span> <span class='ocrx_word' id='word_1_348' title='bbox 2529 1800 2847 1858; x_wconf 88' lang='lat' dir='ltr'>clementia</span> <span class='ocrx_word' id='word_1_349' title='bbox 2870 1819 2963 1858; x_wconf 89' lang='lat' dir='ltr'>me</span> <span class='ocrx_word' id='word_1_350' title='bbox 2996 1804 3067 1859; x_wconf 92' lang='lat' dir='ltr'>ad</span> <span class='ocrx_word' id='word_1_351' title='bbox 3089 1805 3469 1876; x_wconf 90' lang='lat' dir='ltr'>pontiﬁcatus</span> <span class='ocrx_word' id='word_1_352' title='bbox 3490 1806 3671 1864; x_wconf 92' lang='lat' dir='ltr'>hono-</span> 
     </span>
    </p>
   </div>
   <div class='ocr_carea' id='block_1_51' title="bbox 2015 1890 3665 1964">
    <p class='ocr_par' dir='ltr' id='par_1_51' title="bbox 2015 1890 3665 1964">
     <span class='ocr_line' id='line_1_51' title="bbox 2015 1890 3665 1964; baseline 0.006 -20"><span class='ocrx_word' id='word_1_353' title='bbox 2015 1908 2134 1945; x_wconf 89' lang='lat' dir='ltr'>rem</span> <span class='ocrx_word' id='word_1_354' title='bbox 2158 1890 2439 1961; x_wconf 81' lang='lat' dir='ltr'>provexit,</span> <span class='ocrx_word' id='word_1_355' title='bbox 2457 1908 2588 1945; x_wconf 83' lang='lat' dir='ltr'>mox</span> <span class='ocrx_word' id='word_1_356' title='bbox 2616 1890 2888 1947; x_wconf 89' lang='lat' dir='ltr'>anhelare</span> <span class='ocrx_word' id='word_1_357' title='bbox 2911 1893 3055 1964; x_wconf 70' lang='lat' dir='ltr'>ccepi</span> <span class='ocrx_word' id='word_1_358' title='bbox 3075 1893 3147 1948; x_wconf 90' lang='lat' dir='ltr'>ad</span> <span class='ocrx_word' id='word_1_359' title='bbox 3176 1896 3665 1955; x_wconf 84' lang='lat' dir='ltr'>restaurationem</span> 
     </span>
    </p>
   </div>
   <div class='ocr_carea' id='block_1_52' title="bbox 2012 1979 3667 2056">
    <p class='ocr_par' dir='ltr' id='par_1_52' title="bbox 2012 1979 3667 2056">
     <span class='ocr_line' id='line_1_52' title="bbox 2012 1979 3667 2056; baseline 0.005 -23"><span class='ocrx_word' id='word_1_360' title='bbox 2012 1996 2152 2035; x_wconf 66' lang='lat' dir='ltr'>mea:</span> <span class='ocrx_word' id='word_1_361' title='bbox 2178 1979 2473 2047; x_wconf 58' lang='lat' dir='ltr'>Ecclesia),</span> <span class='ocrx_word' id='word_1_362' title='bbox 2518 1996 2583 2034; x_wconf 89' lang='lat' dir='ltr'>ac</span> <span class='ocrx_word' id='word_1_363' title='bbox 2610 1980 2919 2035; x_wconf 89' lang='lat' dir='ltr'>monastici</span> <span class='ocrx_word' id='word_1_364' title='bbox 2951 1981 3174 2037; x_wconf 89' lang='lat' dir='ltr'>ordinis</span> <span class='ocrx_word' id='word_1_365' title='bbox 3191 1982 3667 2056; x_wconf 87' lang='lat' dir='ltr'>religionem,aut</span> 
     </span>
    </p>
   </div>
   <div class='ocr_carea' id='block_1_53' title="bbox 2015 2067 3663 2145">
    <p class='ocr_par' dir='ltr' id='par_1_53' title="bbox 2015 2067 3663 2145">
     <span class='ocr_line' id='line_1_53' title="bbox 2015 2067 3663 2145; baseline 0.004 -22"><span class='ocrx_word' id='word_1_366' title='bbox 2015 2067 2111 2123; x_wconf 90' lang='lat' dir='ltr'>ubi</span> <span class='ocrx_word' id='word_1_367' title='bbox 2138 2073 2281 2135; x_wconf 90' lang='lat' dir='ltr'>erat,</span> <span class='ocrx_word' id='word_1_368' title='bbox 2313 2072 2716 2140; x_wconf 83' lang='lat' dir='ltr'>augmentare,</span> <span class='ocrx_word' id='word_1_369' title='bbox 2748 2073 2850 2124; x_wconf 88' lang='lat' dir='ltr'>aut</span> <span class='ocrx_word' id='word_1_370' title='bbox 2879 2069 2979 2123; x_wconf 91' lang='lat' dir='ltr'>ubi</span> <span class='ocrx_word' id='word_1_371' title='bbox 3010 2070 3284 2142; x_wconf 89' lang='lat' dir='ltr'>perierat,</span> <span class='ocrx_word' id='word_1_372' title='bbox 3329 2088 3465 2145; x_wconf 69' lang='lat' dir='ltr'>pro,</span> <span class='ocrx_word' id='word_1_373' title='bbox 3490 2088 3663 2145; x_wconf 83' lang='lat' dir='ltr'>posse</span> 
     </span>
    </p>
   </div>
   <div class='ocr_carea' id='block_1_54' title="bbox 2011 2173 2576 2229">
    <p class='ocr_par' dir='ltr' id='par_1_54' title="bbox 2011 2173 2576 2229">
     <span class='ocr_line' id='line_1_54' title="bbox 2011 2173 2576 2229; baseline -0.011 -17"><span class='ocrx_word' id='word_1_374' title='bbox 2011 2173 2140 2213; x_wconf 89' lang='lat' dir='ltr'>meo</span> <span class='ocrx_word' id='word_1_375' title='bbox 2170 2174 2576 2229; x_wconf 75' lang='lat' dir='ltr'>recuperare.»</span> 
     </span>
    </p>
   </div>
   <div class='ocr_carea' id='block_1_55' title="bbox 2079 2245 3664 2320">
    <p class='ocr_par' dir='ltr' id='par_1_55' title="bbox 2079 2245 3664 2320">
     <span class='ocr_line' id='line_1_55' title="bbox 2079 2245 3664 2320; baseline 0.006 -20"><span class='ocrx_word' id='word_1_376' title='bbox 2079 2245 2291 2305; x_wconf 84' lang='lat' dir='ltr'>5..Jam</span> <span class='ocrx_word' id='word_1_377' title='bbox 2322 2263 2454 2302; x_wconf 87' lang='lat' dir='ltr'>vero</span> <span class='ocrx_word' id='word_1_378' title='bbox 2491 2246 2536 2302; x_wconf 91' lang='lat' dir='ltr'>si</span> <span class='ocrx_word' id='word_1_379' title='bbox 2571 2247 2639 2302; x_wconf 91' lang='lat' dir='ltr'>de</span> <span class='ocrx_word' id='word_1_380' title='bbox 2690 2246 2991 2304; x_wconf 89' lang='lat' dir='ltr'>beneﬁciis</span> <span class='ocrx_word' id='word_1_381' title='bbox 3044 2248 3260 2320; x_wconf 90' lang='lat' dir='ltr'>quibus</span> <span class='ocrx_word' id='word_1_382' title='bbox 3306 2252 3664 2311; x_wconf 83' lang='lat' dir='ltr'>monasteria</span> 
     </span>
    </p>
   </div>
   <div class='ocr_carea' id='block_1_56' title="bbox 2012 2335 3662 2410">
    <p class='ocr_par' dir='ltr' id='par_1_56' title="bbox 2012 2335 3662 2410">
     <span class='ocr_line' id='line_1_56' title="bbox 2012 2335 3662 2410; baseline 0.005 -22"><span class='ocrx_word' id='word_1_383' title='bbox 2012 2339 2210 2390; x_wconf 74' lang='lat' dir='ltr'>nostra</span> <span class='ocrx_word' id='word_1_384' title='bbox 2242 2335 2447 2390; x_wconf 84' lang='lat' dir='ltr'>beatus</span> <span class='ocrx_word' id='word_1_385' title='bbox 2478 2335 2737 2406; x_wconf 79' lang='lat' dir='ltr'>pontifex</span> <span class='ocrx_word' id='word_1_386' title='bbox 2766 2335 3111 2404; x_wconf 84' lang='lat' dir='ltr'>cumulavit,</span> <span class='ocrx_word' id='word_1_387' title='bbox 3141 2337 3303 2410; x_wconf 91' lang='lat' dir='ltr'>loqui</span> <span class='ocrx_word' id='word_1_388' title='bbox 3338 2338 3542 2409; x_wconf 80' lang='lat' dir='ltr'>libeat,</span> <span class='ocrx_word' id='word_1_389' title='bbox 3568 2340 3662 2397; x_wconf 88' lang='lat' dir='ltr'>in-</span> 
     </span>
    </p>
   </div>
   <div class='ocr_carea' id='block_1_57' title="bbox 2010 2424 3660 2497">
    <p class='ocr_par' dir='ltr' id='par_1_57' title="bbox 2010 2424 3660 2497">
     <span class='ocr_line' id='line_1_57' title="bbox 2010 2424 3660 2497; baseline 0.006 -20"><span class='ocrx_word' id='word_1_390' title='bbox 2010 2441 2254 2497; x_wconf 83' lang='lat' dir='ltr'>numera</span> <span class='ocrx_word' id='word_1_391' title='bbox 2267 2425 2689 2496; x_wconf 86' lang='lat' dir='ltr'>propemodum</span> <span class='ocrx_word' id='word_1_392' title='bbox 2714 2424 2971 2481; x_wconf 84' lang='lat' dir='ltr'>fuerunt.</span> <span class='ocrx_word' id='word_1_393' title='bbox 2992 2426 3296 2483; x_wconf 87' lang='lat' dir='ltr'>Casinensi</span> <span class='ocrx_word' id='word_1_394' title='bbox 3312 2428 3510 2485; x_wconf 85' lang='lat' dir='ltr'>abbati</span> <span class='ocrx_word' id='word_1_395' title='bbox 3524 2446 3660 2487; x_wconf 83' lang='lat' dir='ltr'>san-</span> 
     </span>
    </p>
   </div>
   <div class='ocr_carea' id='block_1_58' title="bbox 2008 2511 3662 2591">
    <p class='ocr_par' dir='ltr' id='par_1_58' title="bbox 2008 2511 3662 2591">
     <span class='ocr_line' id='line_1_58' title="bbox 2008 2511 3662 2591; baseline 0.005 -23"><span class='ocrx_word' id='word_1_396' title='bbox 2008 2511 2318 2577; x_wconf 84' lang='lat' dir='ltr'>daliorum,</span> <span class='ocrx_word' id='word_1_397' title='bbox 2354 2513 2677 2569; x_wconf 68' lang='lat' dir='ltr'>dalmatica:</span> <span class='ocrx_word' id='word_1_398' title='bbox 2692 2518 2748 2569; x_wconf 92' lang='lat' dir='ltr'>et</span> <span class='ocrx_word' id='word_1_399' title='bbox 2768 2514 3237 2571; x_wconf 87' lang='lat' dir='ltr'>ehirothecarum</span> <span class='ocrx_word' id='word_1_400' title='bbox 3251 2534 3427 2574; x_wconf 90' lang='lat' dir='ltr'>usum</span> <span class='ocrx_word' id='word_1_401' title='bbox 3438 2519 3662 2591; x_wconf 87' lang='lat' dir='ltr'>permi-</span> 
     </span>
    </p>
   </div>
   <div class='ocr_carea' id='block_1_59' title="bbox 2008 2602 3659 2670">
    <p class='ocr_par' dir='ltr' id='par_1_59' title="bbox 2008 2602 3659 2670">
     <span class='ocr_line' id='line_1_59' title="bbox 2008 2602 3659 2670; baseline 0.005 -14"><span class='ocrx_word' id='word_1_402' title='bbox 2008 2602 2534 2670; x_wconf 82' lang='lat' dir='ltr'>sit;monasterium</span> <span class='ocrx_word' id='word_1_403' title='bbox 2552 2603 2925 2659; x_wconf 84' lang='lat' dir='ltr'>Saxonanum</span> <span class='ocrx_word' id='word_1_404' title='bbox 2942 2603 3098 2660; x_wconf 92' lang='lat' dir='ltr'>intra</span> <span class='ocrx_word' id='word_1_405' title='bbox 3115 2605 3439 2663; x_wconf 80' lang='lat' dir='ltr'>Romanam</span> <span class='ocrx_word' id='word_1_406' title='bbox 3452 2607 3659 2665; x_wconf 86' lang='lat' dir='ltr'>urbem</span> 
     </span>
    </p>
   </div>
   <div class='ocr_carea' id='block_1_60' title="bbox 2006 2690 3661 2767">
    <p class='ocr_par' dir='ltr' id='par_1_60' title="bbox 2006 2690 3661 2767">
     <span class='ocr_line' id='line_1_60' title="bbox 2006 2690 3661 2767; baseline 0.005 -21"><span class='ocrx_word' id='word_1_407' title='bbox 2006 2691 2231 2747; x_wconf 90' lang='lat' dir='ltr'>eisdem</span> <span class='ocrx_word' id='word_1_408' title='bbox 2263 2690 2681 2749; x_wconf 84' lang='lat' dir='ltr'>Casinensibus</span> <span class='ocrx_word' id='word_1_409' title='bbox 2713 2693 3196 2767; x_wconf 83' lang='lat' dir='ltr'>subjecit,eisque</span> <span class='ocrx_word' id='word_1_410' title='bbox 3242 2695 3661 2755; x_wconf 83' lang='lat' dir='ltr'>Terracinense</span> 
     </span>
    </p>
   </div>
   <div class='ocr_carea' id='block_1_61' title="bbox 2007 2779 3658 2844">
    <p class='ocr_par' dir='ltr' id='par_1_61' title="bbox 2007 2779 3658 2844">
     <span class='ocr_line' id='line_1_61' title="bbox 2007 2779 3658 2844; baseline 0.007 -11"><span class='ocrx_word' id='word_1_411' title='bbox 2007 2779 2429 2835; x_wconf 87' lang='lat' dir='ltr'>monasterium</span> <span class='ocrx_word' id='word_1_412' title='bbox 2480 2781 2847 2837; x_wconf 80' lang='lat' dir='ltr'>confirmavit</span> <span class='ocrx_word' id='word_1_413' title='bbox 2914 2799 2980 2838; x_wconf 90' lang='lat' dir='ltr'>ac</span> <span class='ocrx_word' id='word_1_414' title='bbox 3032 2800 3238 2840; x_wconf 90' lang='lat' dir='ltr'>navem</span> <span class='ocrx_word' id='word_1_415' title='bbox 3286 2784 3348 2840; x_wconf 89' lang='lat' dir='ltr'>in</span> <span class='ocrx_word' id='word_1_416' title='bbox 3397 2785 3658 2844; x_wconf 86' lang='lat' dir='ltr'>Romano</span> 
     </span>
    </p>
   </div>
   <div class='ocr_carea' id='block_1_62' title="bbox 2004 2868 3657 2943">
    <p class='ocr_par' dir='ltr' id='par_1_62' title="bbox 2004 2868 3657 2943">
     <span class='ocr_line' id='line_1_62' title="bbox 2004 2868 3657 2943; baseline 0.006 -20"><span class='ocrx_word' id='word_1_417' title='bbox 2004 2873 2174 2940; x_wconf 89' lang='lat' dir='ltr'>portu</span> <span class='ocrx_word' id='word_1_418' title='bbox 2208 2868 2451 2924; x_wconf 85' lang='lat' dir='ltr'>liberam</span> <span class='ocrx_word' id='word_1_419' title='bbox 2475 2871 2763 2927; x_wconf 88' lang='lat' dir='ltr'>concessit</span> <span class='ocrx_word' id='word_1_420' title='bbox 2793 2875 2967 2943; x_wconf 89' lang='lat' dir='ltr'>atque</span> <span class='ocrx_word' id='word_1_421' title='bbox 2998 2872 3112 2928; x_wconf 90' lang='lat' dir='ltr'>alia</span> <span class='ocrx_word' id='word_1_422' title='bbox 3142 2873 3333 2929; x_wconf 84' lang='lat' dir='ltr'>multa</span> <span class='ocrx_word' id='word_1_423' title='bbox 3353 2874 3411 2929; x_wconf 88' lang='lat' dir='ltr'>in</span> <span class='ocrx_word' id='word_1_424' title='bbox 3451 2890 3657 2933; x_wconf 88' lang='lat' dir='ltr'>eorum</span> 
     </span>
    </p>
   </div>
   <div class='ocr_carea' id='block_1_63' title="bbox 2004 2957 3657 3033">
    <p class='ocr_par' dir='ltr' id='par_1_63' title="bbox 2004 2957 3657 3033">
     <span class='ocr_line' id='line_1_63' title="bbox 2004 2957 3657 3033; baseline 0.006 -21"><span class='ocrx_word' id='word_1_425' title='bbox 2004 2957 2250 3029; x_wconf 80' lang='lat' dir='ltr'>gratiam</span> <span class='ocrx_word' id='word_1_426' title='bbox 2284 2958 2575 3030; x_wconf 71' lang='lat' dir='ltr'>praestitit,</span> <span class='ocrx_word' id='word_1_427' title='bbox 2607 2977 2733 3031; x_wconf 72' lang='lat' dir='ltr'>qua:</span> <span class='ocrx_word' id='word_1_428' title='bbox 2767 2962 2924 3033; x_wconf 89' lang='lat' dir='ltr'>apud</span> <span class='ocrx_word' id='word_1_429' title='bbox 2959 2962 3211 3018; x_wconf 90' lang='lat' dir='ltr'>Leonem</span> <span class='ocrx_word' id='word_1_430' title='bbox 3261 2964 3657 3022; x_wconf 85' lang='lat' dir='ltr'>Marsicanum</span> 
     </span>
    </p>
   </div>
   <div class='ocr_carea' id='block_1_64' title="bbox 2002 3045 3655 3128">
    <p class='ocr_par' dir='ltr' id='par_1_64' title="bbox 2002 3045 3655 3128">
     <span class='ocr_line' id='line_1_64' title="bbox 2002 3045 3655 3128; baseline 0.007 -29"><span class='ocrx_word' id='word_1_431' title='bbox 2002 3045 2149 3101; x_wconf 90' lang='lat' dir='ltr'>libro</span> <span class='ocrx_word' id='word_1_432' title='bbox 2182 3047 2435 3101; x_wconf 91' lang='lat' dir='ltr'>secundo</span> <span class='ocrx_word' id='word_1_433' title='bbox 2467 3047 3179 3107; x_wconf 88' lang='lat' dir='ltr'>referuntur.Sublacense</span> <span class='ocrx_word' id='word_1_434' title='bbox 3204 3053 3655 3128; x_wconf 85' lang='lat' dir='ltr'>monasterium,</span> 
     </span>
    </p>
   </div>
   <div class='ocr_carea' id='block_1_65' title="bbox 237 3120 3654 3212">
    <p class='ocr_par' dir='ltr' id='par_1_65' title="bbox 237 3120 3654 3212">
     <span class='ocr_line' id='line_1_65' title="bbox 237 3120 3654 3212; baseline 0.002 -18"><span class='ocrx_word' id='word_1_435' title='bbox 237 3136 439 3194; x_wconf 86' lang='lat' dir='ltr'>dictini</span> <span class='ocrx_word' id='word_1_436' title='bbox 472 3135 749 3191; x_wconf 89' lang='lat' dir='ltr'>alumnos</span> <span class='ocrx_word' id='word_1_437' title='bbox 782 3131 1069 3189; x_wconf 88' lang='lat' dir='ltr'>recenseri</span> <span class='ocrx_word' id='word_1_438' title='bbox 1103 3132 1309 3205; x_wconf 86' lang='lat' dir='ltr'>possit,</span> <span class='ocrx_word' id='word_1_439' title='bbox 1336 3136 1540 3204; x_wconf 90' lang='lat' dir='ltr'>postea</span> <span class='ocrx_word' id='word_1_440' title='bbox 1564 3131 1624 3186; x_wconf 91' lang='lat' dir='ltr'>in</span> <span class='ocrx_word' id='word_1_441' title='bbox 1654 3132 1803 3188; x_wconf 89' lang='lat' dir='ltr'>notis</span> <span class='ocrx_word' id='word_1_442' title='bbox 1822 3133 1891 3188; x_wconf 86' lang='lat' dir='ltr'>ad</span> <span class='ocrx_word' id='word_1_443' title='bbox 1925 3120 1968 3185; x_wconf 85' lang='lat' dir='ltr'>C</span> <span class='ocrx_word' id='word_1_444' title='bbox 2009 3135 2079 3190; x_wconf 91' lang='lat' dir='ltr'>ab</span> <span class='ocrx_word' id='word_1_445' title='bbox 2112 3135 2376 3191; x_wconf 88' lang='lat' dir='ltr'>invasere</span> <span class='ocrx_word' id='word_1_446' title='bbox 2409 3136 2524 3192; x_wconf 89' lang='lat' dir='ltr'>fere</span> <span class='ocrx_word' id='word_1_447' title='bbox 2550 3138 2936 3210; x_wconf 89' lang='lat' dir='ltr'>destructum,</span> <span class='ocrx_word' id='word_1_448' title='bbox 2968 3139 3028 3196; x_wconf 91' lang='lat' dir='ltr'>in</span> <span class='ocrx_word' id='word_1_449' title='bbox 3061 3141 3377 3212; x_wconf 90' lang='lat' dir='ltr'>pristinum</span> <span class='ocrx_word' id='word_1_450' title='bbox 3432 3120 3654 3201; x_wconf 72' lang='lat' dir='ltr'>statum</span> 
     </span>
    </p>
   </div>
   <div class='ocr_carea' id='block_1_66' title="bbox 237 3222 1893 3299">
    <p class='ocr_par' dir='ltr' id='par_1_66' title="bbox 237 3222 1893 3299">
     <span class='ocr_line' id='line_1_66' title="bbox 237 3222 1893 3299; baseline -0.004 -17"><span class='ocrx_word' id='word_1_451' title='bbox 237 3227 472 3299; x_wconf 81' lang='lat' dir='ltr'>raput5</span> <span class='ocrx_word' id='word_1_452' title='bbox 502 3224 645 3279; x_wconf 65' lang='lat' dir='ltr'>Vitae</span> <span class='ocrx_word' id='word_1_453' title='bbox 678 3240 781 3295; x_wconf 89' lang='lat' dir='ltr'>per</span> <span class='ocrx_word' id='word_1_454' title='bbox 808 3222 1141 3277; x_wconf 89' lang='lat' dir='ltr'>Wibertum</span> <span class='ocrx_word' id='word_1_455' title='bbox 1176 3222 1423 3293; x_wconf 58' lang='lat' dir='ltr'>scriptm,</span> <span class='ocrx_word' id='word_1_456' title='bbox 1476 3222 1677 3276; x_wconf 85' lang='lat' dir='ltr'>dicunt</span> <span class='ocrx_word' id='word_1_457' title='bbox 1717 3222 1893 3277; x_wconf 90' lang='lat' dir='ltr'>videri</span> 
     </span>
    </p>
   </div>
   <div class='ocr_carea' id='block_1_67' title="bbox 242 3307 1895 3381">
    <p class='ocr_par' dir='ltr' id='par_1_67' title="bbox 242 3307 1895 3381">
     <span class='ocr_line' id='line_1_67' title="bbox 242 3307 1895 3381; baseline -0.002 -11"><span class='ocrx_word' id='word_1_458' title='bbox 242 3314 352 3370; x_wconf 87' lang='lat' dir='ltr'>sibi</span> <span class='ocrx_word' id='word_1_459' title='bbox 384 3330 458 3369; x_wconf 86' lang='lat' dir='ltr'>ex</span> <span class='ocrx_word' id='word_1_460' title='bbox 488 3310 736 3367; x_wconf 87' lang='lat' dir='ltr'>Wiberti</span> <span class='ocrx_word' id='word_1_461' title='bbox 770 3310 959 3366; x_wconf 80' lang='lat' dir='ltr'>verbis</span> <span class='ocrx_word' id='word_1_462' title='bbox 992 3307 1187 3381; x_wconf 86' lang='lat' dir='ltr'>colligi</span> <span class='ocrx_word' id='word_1_463' title='bbox 1230 3309 1396 3365; x_wconf 88' lang='lat' dir='ltr'>facile</span> <span class='ocrx_word' id='word_1_464' title='bbox 1444 3326 1614 3381; x_wconf 86' lang='lat' dir='ltr'>posse</span> <span class='ocrx_word' id='word_1_465' title='bbox 1647 3311 1895 3367; x_wconf 91' lang='lat' dir='ltr'>Leonem</span> 
     </span>
    </p>
   </div>
   <div class='ocr_carea' id='block_1_68' title="bbox 200 3398 1897 3473">
    <p class='ocr_par' dir='ltr' id='par_1_68' title="bbox 200 3398 1897 3473">
     <span class='ocr_line' id='line_1_68' title="bbox 200 3398 1897 3473; baseline -0.003 -13"><span class='ocrx_word' id='word_1_466' title='bbox 200 3400 205 3403; x_wconf 33' lang='grc'><strong>⁴</strong></span> <span class='ocrx_word' id='word_1_467' title='bbox 248 3401 651 3460; x_wconf 87' lang='lat' dir='ltr'>Benedictinis</span> <span class='ocrx_word' id='word_1_468' title='bbox 690 3398 1205 3473; x_wconf 86' lang='lat' dir='ltr'>nequaquamesse</span> <span class='ocrx_word' id='word_1_469' title='bbox 1224 3399 1797 3468; x_wconf 89' lang='lat' dir='ltr'>ascribendum,cum</span> <span class='ocrx_word' id='word_1_470' title='bbox 1813 3401 1897 3455; x_wconf 92' lang='lat' dir='ltr'>sic</span> 
     </span>
    </p>
   </div>
   <div class='ocr_carea' id='block_1_69' title="bbox 245 3486 1895 3565">
    <p class='ocr_par' dir='ltr' id='par_1_69' title="bbox 245 3486 1895 3565">
     <span class='ocr_line' id='line_1_69' title="bbox 245 3486 1895 3565; baseline -0.002 -17"><span class='ocrx_word' id='word_1_471' title='bbox 245 3493 562 3565; x_wconf 83' lang='lat' dir='ltr'>loquatur:</span> <span class='ocrx_word' id='word_1_472' title='bbox 587 3513 618 3539; x_wconf 82' lang='lat'><strong><em>«</em></strong></span> <span class='ocrx_word' id='word_1_473' title='bbox 667 3489 844 3545; x_wconf 88' lang='lat' dir='ltr'>Porro</span> <span class='ocrx_word' id='word_1_474' title='bbox 873 3487 1179 3560; x_wconf 89' lang='lat' dir='ltr'>sequentia</span> <span class='ocrx_word' id='word_1_475' title='bbox 1208 3486 1414 3543; x_wconf 85' lang='lat' dir='ltr'>lecturi</span> <span class='ocrx_word' id='word_1_476' title='bbox 1463 3489 1731 3545; x_wconf 90' lang='lat' dir='ltr'>desinent</span> <span class='ocrx_word' id='word_1_477' title='bbox 1760 3506 1895 3562; x_wconf 89' lang='lat' dir='ltr'>pro-</span> 
     </span>
    </p>
   </div>
   <div class='ocr_carea' id='block_1_70' title="bbox 246 3577 1897 3651">
    <p class='ocr_par' dir='ltr' id='par_1_70' title="bbox 246 3577 1897 3651">
     <span class='ocr_line' id='line_1_70' title="bbox 246 3577 1897 3651; baseline -0.002 -14"><span class='ocrx_word' id='word_1_478' title='bbox 246 3582 393 3639; x_wconf 89' lang='lat' dir='ltr'>fecto</span> <span class='ocrx_word' id='word_1_479' title='bbox 427 3579 634 3636; x_wconf 87' lang='lat' dir='ltr'>mirari</span> <span class='ocrx_word' id='word_1_480' title='bbox 666 3577 823 3634; x_wconf 88' lang='lat' dir='ltr'>hunc</span> <span class='ocrx_word' id='word_1_481' title='bbox 855 3577 1050 3651; x_wconf 91' lang='lat' dir='ltr'>potius</span> <span class='ocrx_word' id='word_1_482' title='bbox 1083 3593 1185 3648; x_wconf 90' lang='lat' dir='ltr'>per</span> <span class='ocrx_word' id='word_1_483' title='bbox 1214 3582 1480 3632; x_wconf 89' lang='lat' dir='ltr'>sanctum</span> <span class='ocrx_word' id='word_1_484' title='bbox 1520 3578 1897 3634; x_wconf 89' lang='lat' dir='ltr'>Benedictum</span> 
     </span>
    </p>
   </div>
   <div class='ocr_carea' id='block_1_71' title="bbox 248 3665 1903 3743">
    <p class='ocr_par' dir='ltr' id='par_1_71' title="bbox 248 3665 1903 3743">
     <span class='ocr_line' id='line_1_71' title="bbox 248 3665 1903 3743; baseline -0.001 -18"><span class='ocrx_word' id='word_1_485' title='bbox 248 3687 425 3743; x_wconf 88' lang='lat' dir='ltr'>quam</span> <span class='ocrx_word' id='word_1_486' title='bbox 456 3686 563 3743; x_wconf 90' lang='lat' dir='ltr'>per</span> <span class='ocrx_word' id='word_1_487' title='bbox 593 3668 775 3725; x_wconf 88' lang='lat' dir='ltr'>alium</span> <span class='ocrx_word' id='word_1_488' title='bbox 809 3665 1132 3739; x_wconf 84' lang='lat' dir='ltr'>quemlibet</span> <span class='ocrx_word' id='word_1_489' title='bbox 1154 3669 1796 3740; x_wconf 75' lang='lat' dir='ltr'>sanctorum,503pitate</span> <span class='ocrx_word' id='word_1_490' title='bbox 1818 3685 1903 3724; x_wconf 88' lang='lat' dir='ltr'>re-</span> 
     </span>
    </p>
   </div>
   <div class='ocr_carea' id='block_1_72' title="bbox 251 3755 1900 3830">
    <p class='ocr_par' dir='ltr' id='par_1_72' title="bbox 251 3755 1900 3830">
     <span class='ocr_line' id='line_1_72' title="bbox 251 3755 1900 3830; baseline -0.001 -16"><span class='ocrx_word' id='word_1_491' title='bbox 251 3758 558 3827; x_wconf 81' lang='lat' dir='ltr'>stitutum,</span> <span class='ocrx_word' id='word_1_492' title='bbox 588 3757 690 3815; x_wconf 89' lang='lat' dir='ltr'>ubi</span> <span class='ocrx_word' id='word_1_493' title='bbox 714 3758 979 3813; x_wconf 86' lang='lat' dir='ltr'>volvente</span> <span class='ocrx_word' id='word_1_494' title='bbox 1028 3755 1318 3812; x_wconf 90' lang='lat' dir='ltr'>sermonis</span> <span class='ocrx_word' id='word_1_495' title='bbox 1369 3760 1497 3811; x_wconf 86' lang='lat' dir='ltr'>rota</span> <span class='ocrx_word' id='word_1_496' title='bbox 1543 3758 1900 3830; x_wconf 87' lang='lat' dir='ltr'>perpendere</span> 
     </span>
    </p>
   </div>
   <div class='ocr_carea' id='block_1_73' title="bbox 200 3843 1901 3923">
    <p class='ocr_par' dir='ltr' id='par_1_73' title="bbox 200 3843 1901 3923">
     <span class='ocr_line' id='line_1_73' title="bbox 200 3843 1901 3923; baseline -0.001 -20"><span class='ocrx_word' id='word_1_497' title='bbox 200 3922 209 3923; x_wconf 15' lang='grc' dir='ltr'>ί</span> <span class='ocrx_word' id='word_1_498' title='bbox 248 3850 532 3920; x_wconf 87' lang='lat' dir='ltr'>poterunt</span> <span class='ocrx_word' id='word_1_499' title='bbox 558 3864 626 3902; x_wconf 85' lang='lat' dir='ltr'>ex</span> <span class='ocrx_word' id='word_1_500' title='bbox 654 3843 859 3919; x_wconf 90' lang='lat' dir='ltr'>paucis</span> <span class='ocrx_word' id='word_1_501' title='bbox 880 3848 1101 3918; x_wconf 86' lang='lat' dir='ltr'>quanto</span> <span class='ocrx_word' id='word_1_502' title='bbox 1131 3843 1252 3900; x_wconf 88' lang='lat' dir='ltr'>zelo</span> <span class='ocrx_word' id='word_1_503' title='bbox 1278 3843 1355 3917; x_wconf 90' lang='lat' dir='ltr'>pii</span> <span class='ocrx_word' id='word_1_504' title='bbox 1379 3845 1595 3901; x_wconf 90' lang='lat' dir='ltr'>amoris</span> <span class='ocrx_word' id='word_1_505' title='bbox 1616 3862 1754 3918; x_wconf 90' lang='lat' dir='ltr'>erga</span> <span class='ocrx_word' id='word_1_506' title='bbox 1774 3862 1901 3901; x_wconf 85' lang='lat' dir='ltr'>mo-</span> 
     </span>
    </p>
   </div>
   <div class='ocr_carea' id='block_1_74' title="bbox 249 3930 1902 4007">
    <p class='ocr_par' dir='ltr' id='par_1_74' title="bbox 249 3930 1902 4007">
     <span class='ocr_line' id='line_1_74' title="bbox 249 3930 1902 4007; baseline -0.001 -15"><span class='ocrx_word' id='word_1_507' title='bbox 249 3935 576 3992; x_wconf 84' lang='lat' dir='ltr'>nachorum</span> <span class='ocrx_word' id='word_1_508' title='bbox 608 3934 1043 3991; x_wconf 88' lang='lat' dir='ltr'>institutionem</span> <span class='ocrx_word' id='word_1_509' title='bbox 1077 3930 1135 3990; x_wconf 86' lang='lat' dir='ltr'>et</span> <span class='ocrx_word' id='word_1_510' title='bbox 1164 3934 1580 3990; x_wconf 89' lang='lat' dir='ltr'>correctionem</span> <span class='ocrx_word' id='word_1_511' title='bbox 1623 3933 1902 4007; x_wconf 85' lang='lat' dir='ltr'>ﬂagrave-</span> 
     </span>
    </p>
   </div>
   <div class='ocr_carea' id='block_1_75' title="bbox 247 4022 1901 4097">
    <p class='ocr_par' dir='ltr' id='par_1_75' title="bbox 247 4022 1901 4097">
     <span class='ocr_line' id='line_1_75' title="bbox 247 4022 1901 4097; baseline -0.001 -16"><span class='ocrx_word' id='word_1_512' title='bbox 247 4027 341 4082; x_wconf 88' lang='lat' dir='ltr'>rit.</span> <span class='ocrx_word' id='word_1_513' title='bbox 379 4048 408 4076; x_wconf 75' lang='grc' dir='ltr'>υ</span> <span class='ocrx_word' id='word_1_514' title='bbox 441 4025 663 4081; x_wconf 86' lang='lat' dir='ltr'>Verum</span> <span class='ocrx_word' id='word_1_515' title='bbox 695 4023 816 4080; x_wconf 85' lang='lat' dir='ltr'>haec</span> <span class='ocrx_word' id='word_1_516' title='bbox 841 4023 1022 4079; x_wconf 87' lang='lat' dir='ltr'>verba</span> <span class='ocrx_word' id='word_1_517' title='bbox 1051 4022 1204 4079; x_wconf 87' lang='lat' dir='ltr'>beati</span> <span class='ocrx_word' id='word_1_518' title='bbox 1235 4022 1343 4078; x_wconf 90' lang='lat' dir='ltr'>viri</span> <span class='ocrx_word' id='word_1_519' title='bbox 1392 4024 1728 4079; x_wconf 80' lang='lat' dir='ltr'>monasticae</span> <span class='ocrx_word' id='word_1_520' title='bbox 1771 4042 1901 4097; x_wconf 90' lang='lat' dir='ltr'>pro-</span> 
     </span>
    </p>
   </div>
   <div class='ocr_carea' id='block_1_76' title="bbox 249 4112 1904 4184">
    <p class='ocr_par' dir='ltr' id='par_1_76' title="bbox 249 4112 1904 4184">
     <span class='ocr_line' id='line_1_76' title="bbox 249 4112 1904 4184; baseline -0.001 -13"><span class='ocrx_word' id='word_1_521' title='bbox 249 4114 491 4172; x_wconf 77' lang='lat' dir='ltr'>fessioni</span> <span class='ocrx_word' id='word_1_522' title='bbox 508 4131 623 4171; x_wconf 90' lang='lat' dir='ltr'>non</span> <span class='ocrx_word' id='word_1_523' title='bbox 640 4114 1043 4180; x_wconf 87' lang='lat' dir='ltr'>adversantur,</span> <span class='ocrx_word' id='word_1_524' title='bbox 1068 4130 1195 4184; x_wconf 83' lang='lat' dir='ltr'>quae</span> <span class='ocrx_word' id='word_1_525' title='bbox 1218 4112 1437 4184; x_wconf 89' lang='lat' dir='ltr'>optime</span> <span class='ocrx_word' id='word_1_526' title='bbox 1454 4130 1588 4169; x_wconf 90' lang='lat' dir='ltr'>cum</span> <span class='ocrx_word' id='word_1_527' title='bbox 1603 4112 1698 4169; x_wconf 93' lang='lat' dir='ltr'>illo</span> <span class='ocrx_word' id='word_1_528' title='bbox 1719 4114 1904 4170; x_wconf 81' lang='lat' dir='ltr'>sancti</span> 
     </span>
    </p>
   </div>
   <div class='ocr_carea' id='block_1_77' title="bbox 249 4202 1904 4276">
    <p class='ocr_par' dir='ltr' id='par_1_77' title="bbox 249 4202 1904 4276">
     <span class='ocr_line' id='line_1_77' title="bbox 249 4202 1904 4276; baseline 0.001 -17"><span class='ocrx_word' id='word_1_529' title='bbox 249 4203 550 4276; x_wconf 89' lang='lat' dir='ltr'>pontiﬁcis</span> <span class='ocrx_word' id='word_1_530' title='bbox 569 4203 625 4258; x_wconf 90' lang='lat' dir='ltr'>in</span> <span class='ocrx_word' id='word_1_531' title='bbox 651 4219 774 4258; x_wconf 89' lang='lat' dir='ltr'>rem</span> <span class='ocrx_word' id='word_1_532' title='bbox 798 4202 1185 4258; x_wconf 86' lang='lat' dir='ltr'>monasticam</span> <span class='ocrx_word' id='word_1_533' title='bbox 1211 4202 1407 4258; x_wconf 89' lang='lat' dir='ltr'>studio</span> <span class='ocrx_word' id='word_1_534' title='bbox 1434 4202 1904 4261; x_wconf 84' lang='lat' dir='ltr'>coaluerit.Certe</span> 
     </span>
    </p>
   </div>
   <div class='ocr_carea' id='block_1_78' title="bbox 250 4289 1908 4366">
    <p class='ocr_par' dir='ltr' id='par_1_78' title="bbox 250 4289 1908 4366">
     <span class='ocr_line' id='line_1_78' title="bbox 250 4289 1908 4366; baseline 0 -17"><span class='ocrx_word' id='word_1_535' title='bbox 250 4297 592 4349; x_wconf 89' lang='lat' dir='ltr'>nostrorum</span> <span class='ocrx_word' id='word_1_536' title='bbox 625 4308 815 4348; x_wconf 68' lang='lat' dir='ltr'>causae</span> <span class='ocrx_word' id='word_1_537' title='bbox 848 4291 1042 4347; x_wconf 87' lang='lat' dir='ltr'>favent</span> <span class='ocrx_word' id='word_1_538' title='bbox 1070 4289 1348 4363; x_wconf 89' lang='lat' dir='ltr'>pleraque</span> <span class='ocrx_word' id='word_1_539' title='bbox 1380 4291 1569 4348; x_wconf 84' lang='lat' dir='ltr'>sancti</span> <span class='ocrx_word' id='word_1_540' title='bbox 1613 4292 1908 4366; x_wconf 85' lang='lat' dir='ltr'>pontiﬁcis</span> 
     </span>
    </p>
   </div>
   <div class='ocr_carea' id='block_1_79' title="bbox 248 4380 1907 4455">
    <p class='ocr_par' dir='ltr' id='par_1_79' title="bbox 248 4380 1907 4455">
     <span class='ocr_line' id='line_1_79' title="bbox 248 4380 1907 4455; baseline 0.002 -17"><span class='ocrx_word' id='word_1_541' title='bbox 248 4387 432 4455; x_wconf 88' lang='lat' dir='ltr'>gesta.</span> <span class='ocrx_word' id='word_1_542' title='bbox 468 4381 699 4437; x_wconf 87' lang='lat' dir='ltr'>Etenim</span> <span class='ocrx_word' id='word_1_543' title='bbox 729 4380 822 4437; x_wconf 80' lang='lat' dir='ltr'>vix</span> <span class='ocrx_word' id='word_1_544' title='bbox 850 4384 1011 4437; x_wconf 86' lang='lat' dir='ltr'>extra</span> <span class='ocrx_word' id='word_1_545' title='bbox 1040 4382 1237 4435; x_wconf 91' lang='lat' dir='ltr'>nostra</span> <span class='ocrx_word' id='word_1_546' title='bbox 1266 4382 1619 4437; x_wconf 88' lang='lat' dir='ltr'>monasteria</span> <span class='ocrx_word' id='word_1_547' title='bbox 1648 4381 1708 4439; x_wconf 87' lang='lat' dir='ltr'>in</span> <span class='ocrx_word' id='word_1_548' title='bbox 1740 4383 1907 4441; x_wconf 89' lang='lat' dir='ltr'>itine-</span> 
     </span>
    </p>
   </div>
   <div class='ocr_carea' id='block_1_80' title="bbox 253 4469 1909 4544">
    <p class='ocr_par' dir='ltr' id='par_1_80' title="bbox 253 4469 1909 4544">
     <span class='ocr_line' id='line_1_80' title="bbox 253 4469 1909 4544; baseline 0.001 -17"><span class='ocrx_word' id='word_1_549' title='bbox 253 4472 585 4544; x_wconf 69' lang='lat' dir='ltr'>ribus,quas</span> <span class='ocrx_word' id='word_1_550' title='bbox 616 4487 757 4526; x_wconf 88' lang='lat' dir='ltr'>sane</span> <span class='ocrx_word' id='word_1_551' title='bbox 788 4470 860 4526; x_wconf 89' lang='lat' dir='ltr'>ab</span> <span class='ocrx_word' id='word_1_552' title='bbox 893 4486 958 4525; x_wconf 91' lang='lat' dir='ltr'>eo</span> <span class='ocrx_word' id='word_1_553' title='bbox 990 4469 1325 4541; x_wconf 88' lang='lat' dir='ltr'>frequenter</span> <span class='ocrx_word' id='word_1_554' title='bbox 1357 4470 1509 4526; x_wconf 88' lang='lat' dir='ltr'>facta</span> <span class='ocrx_word' id='word_1_555' title='bbox 1542 4471 1909 4541; x_wconf 85' lang='lat' dir='ltr'>fuerunt,ho-</span> 
     </span>
    </p>
   </div>
   <div class='ocr_carea' id='block_1_81' title="bbox 251 4558 1909 4634">
    <p class='ocr_par' dir='ltr' id='par_1_81' title="bbox 251 4558 1909 4634">
     <span class='ocr_line' id='line_1_81' title="bbox 251 4558 1909 4634; baseline 0.001 -18"><span class='ocrx_word' id='word_1_556' title='bbox 251 4560 593 4634; x_wconf 90' lang='lat' dir='ltr'>spitabatur</span> <span class='ocrx_word' id='word_1_557' title='bbox 618 4578 633 4629; x_wconf 90' lang='lat'><strong>;</strong></span> <span class='ocrx_word' id='word_1_558' title='bbox 667 4564 875 4615; x_wconf 92' lang='lat' dir='ltr'>etcum</span> <span class='ocrx_word' id='word_1_559' title='bbox 897 4558 955 4614; x_wconf 88' lang='lat' dir='ltr'>in</span> <span class='ocrx_word' id='word_1_560' title='bbox 976 4558 1346 4615; x_wconf 88' lang='lat' dir='ltr'>monasteriis</span> <span class='ocrx_word' id='word_1_561' title='bbox 1363 4560 1909 4634; x_wconf 78' lang='lat' dir='ltr'>versabatur,potis-</span> 
     </span>
    </p>
   </div>
   <div class='ocr_carea' id='block_1_82' title="bbox 250 4646 1920 4721">
    <p class='ocr_par' dir='ltr' id='par_1_82' title="bbox 250 4646 1920 4721">
     <span class='ocr_line' id='line_1_82' title="bbox 250 4646 1920 4721; baseline 0.002 -15"><span class='ocrx_word' id='word_1_562' title='bbox 250 4649 474 4707; x_wconf 89' lang='lat' dir='ltr'>simum</span> <span class='ocrx_word' id='word_1_563' title='bbox 507 4649 566 4704; x_wconf 90' lang='lat' dir='ltr'>in</span> <span class='ocrx_word' id='word_1_564' title='bbox 598 4647 928 4721; x_wconf 69' lang='lat' dir='ltr'>praecipuis,</span> <span class='ocrx_word' id='word_1_565' title='bbox 947 4646 1203 4720; x_wconf 88' lang='lat' dir='ltr'>capitulo</span> <span class='ocrx_word' id='word_1_566' title='bbox 1235 4647 1512 4704; x_wconf 88' lang='lat' dir='ltr'>intererat</span> <span class='ocrx_word' id='word_1_567' title='bbox 1533 4652 1588 4705; x_wconf 89' lang='lat' dir='ltr'>et</span> <span class='ocrx_word' id='word_1_568' title='bbox 1619 4651 1920 4711; x_wconf 88' lang='lat' dir='ltr'>refcctorio</span> 
     </span>
    </p>
   </div>
   <div class='ocr_carea' id='block_1_83' title="bbox 260 4736 1922 4809">
    <p class='ocr_par' dir='ltr' id='par_1_83' title="bbox 260 4736 1922 4809">
     <span class='ocr_line' id='line_1_83' title="bbox 260 4736 1922 4809; baseline 0.004 -14"><span class='ocrx_word' id='word_1_569' title='bbox 260 4756 398 4795; x_wconf 91' lang='lat' dir='ltr'>cum</span> <span class='ocrx_word' id='word_1_570' title='bbox 432 4738 665 4795; x_wconf 69' lang='lat' dir='ltr'>ezeteris</span> <span class='ocrx_word' id='word_1_571' title='bbox 696 4736 1120 4793; x_wconf 87' lang='lat' dir='ltr'>monachis.Sic</span> <span class='ocrx_word' id='word_1_572' title='bbox 1152 4736 1348 4793; x_wconf 85' lang='lat' dir='ltr'>Remis</span> <span class='ocrx_word' id='word_1_573' title='bbox 1382 4744 1612 4809; x_wconf 82' lang='lat' dir='ltr'>peracta</span> <span class='ocrx_word' id='word_1_574' title='bbox 1664 4742 1922 4801; x_wconf 65' lang='lat' dir='ltr'>basilica:</span> 
     </span>
    </p>
   </div>
   <div class='ocr_carea' id='block_1_84' title="bbox 256 4825 1920 4898">
    <p class='ocr_par' dir='ltr' id='par_1_84' title="bbox 256 4825 1920 4898">
     <span class='ocr_line' id='line_1_84' title="bbox 256 4825 1920 4898; baseline 0.004 -15"><span class='ocrx_word' id='word_1_575' title='bbox 256 4827 772 4884; x_wconf 80' lang='lat' dir='ltr'>archimonasterii</span> <span class='ocrx_word' id='word_1_576' title='bbox 804 4825 1131 4898; x_wconf 89' lang='lat' dir='ltr'>Remigiani</span> <span class='ocrx_word' id='word_1_577' title='bbox 1181 4826 1566 4897; x_wconf 89' lang='lat' dir='ltr'>dedicatione,</span> <span class='ocrx_word' id='word_1_578' title='bbox 1619 4846 1685 4885; x_wconf 89' lang='lat' dir='ltr'>ac</span> <span class='ocrx_word' id='word_1_579' title='bbox 1731 4832 1920 4890; x_wconf 91' lang='lat' dir='ltr'>soluto</span> 
     </span>
    </p>
   </div>
   <div class='ocr_carea' id='block_1_85' title="bbox 256 4916 1918 4988">
    <p class='ocr_par' dir='ltr' id='par_1_85' title="bbox 256 4916 1918 4988">
     <span class='ocr_line' id='line_1_85' title="bbox 256 4916 1918 4988; baseline 0.002 -15"><span class='ocrx_word' id='word_1_580' title='bbox 256 4916 533 4986; x_wconf 88' lang='lat' dir='ltr'>concilio,</span> <span class='ocrx_word' id='word_1_581' title='bbox 564 4918 626 4971; x_wconf 77' lang='lat' dir='ltr'>in</span> <span class='ocrx_word' id='word_1_582' title='bbox 655 4916 961 4988; x_wconf 73' lang='lat' dir='ltr'>capitulum</span> <span class='ocrx_word' id='word_1_583' title='bbox 993 4918 1137 4970; x_wconf 77' lang='lat' dir='ltr'>venit</span> <span class='ocrx_word' id='word_1_584' title='bbox 1153 4919 1315 4986; x_wconf 76' lang='lat' dir='ltr'>atque</span> <span class='ocrx_word' id='word_1_585' title='bbox 1338 4934 1372 4971; x_wconf 89' lang='lat' dir='ltr'>a</span> <span class='ocrx_word' id='word_1_586' title='bbox 1398 4918 1672 4987; x_wconf 67' lang='lat' dir='ltr'>fratribus</span> <span class='ocrx_word' id='word_1_587' title='bbox 1692 4924 1918 4977; x_wconf 68' lang='lat' dir='ltr'>societa-</span> 
     </span>
    </p>
   </div>
   <div class='ocr_carea' id='block_1_86' title="bbox 259 5004 1926 5079">
    <p class='ocr_par' dir='ltr' id='par_1_86' title="bbox 259 5004 1926 5079">
     <span class='ocr_line' id='line_1_86' title="bbox 259 5004 1926 5079; baseline 0.004 -18"><span class='ocrx_word' id='word_1_588' title='bbox 259 5016 368 5063; x_wconf 79' lang='lat' dir='ltr'>tem</span> <span class='ocrx_word' id='word_1_589' title='bbox 393 5008 561 5079; x_wconf 73' lang='lat' dir='ltr'>petii!</span> <span class='ocrx_word' id='word_1_590' title='bbox 598 5011 647 5062; x_wconf 78' lang='lat' dir='ltr'>et</span> <span class='ocrx_word' id='word_1_591' title='bbox 676 5007 909 5076; x_wconf 76' lang='lat' dir='ltr'>accepit.</span> <span class='ocrx_word' id='word_1_592' title='bbox 934 5006 991 5059; x_wconf 90' lang='lat' dir='ltr'>ln</span> <span class='ocrx_word' id='word_1_593' title='bbox 1014 5008 1208 5060; x_wconf 88' lang='lat' dir='ltr'>monte</span> <span class='ocrx_word' id='word_1_594' title='bbox 1231 5004 1438 5061; x_wconf 73' lang='lat' dir='ltr'>Casino</span> <span class='ocrx_word' id='word_1_595' title='bbox 1470 5023 1601 5061; x_wconf 91' lang='lat' dir='ltr'>cum</span> <span class='ocrx_word' id='word_1_596' title='bbox 1626 5008 1749 5065; x_wconf 88' lang='lat' dir='ltr'>dies</span> <span class='ocrx_word' id='word_1_597' title='bbox 1772 5016 1926 5068; x_wconf 84' lang='lat' dir='ltr'>esset</span> 
     </span>
    </p>
   </div>
   <div class='ocr_carea' id='block_1_87' title="bbox 256 5092 1917 5166">
    <p class='ocr_par' dir='ltr' id='par_1_87' title="bbox 256 5092 1917 5166">
     <span class='ocr_line' id='line_1_87' title="bbox 256 5092 1917 5166; baseline 0.002 -15"><span class='ocrx_word' id='word_1_598' title='bbox 256 5095 815 5161; x_wconf 88' lang='lat' dir='ltr'>Sabbati,mandato</span> <span class='ocrx_word' id='word_1_599' title='bbox 832 5094 1077 5148; x_wconf 89' lang='lat' dir='ltr'>fratrum</span> <span class='ocrx_word' id='word_1_600' title='bbox 1089 5094 1159 5148; x_wconf 87' lang='lat' dir='ltr'>ad</span> <span class='ocrx_word' id='word_1_601' title='bbox 1171 5092 1517 5166; x_wconf 87' lang='lat' dir='ltr'>fuit,pedcsq</span> <span class='ocrx_word' id='word_1_602' title='bbox 1529 5112 1596 5151; x_wconf 91' lang='lat' dir='ltr'>ue</span> <span class='ocrx_word' id='word_1_603' title='bbox 1610 5097 1917 5155; x_wconf 83' lang='lat' dir='ltr'>duodecim</span> 
     </span>
    </p>
   </div>
   <div class='ocr_carea' id='block_1_88' title="bbox 260 5181 1916 5255">
    <p class='ocr_par' dir='ltr' id='par_1_88' title="bbox 260 5181 1916 5255">
     <span class='ocr_line' id='line_1_88' title="bbox 260 5181 1916 5255; baseline 0.004 -15"><span class='ocrx_word' id='word_1_604' title='bbox 260 5184 574 5240; x_wconf 90' lang='lat' dir='ltr'>monachis</span> <span class='ocrx_word' id='word_1_605' title='bbox 602 5182 767 5252; x_wconf 91' lang='lat' dir='ltr'>lavit,</span> <span class='ocrx_word' id='word_1_606' title='bbox 792 5199 825 5239; x_wconf 90' lang='lat' dir='ltr'>a</span> <span class='ocrx_word' id='word_1_607' title='bbox 845 5182 1060 5255; x_wconf 90' lang='lat' dir='ltr'>quibus</span> <span class='ocrx_word' id='word_1_608' title='bbox 1088 5181 1348 5238; x_wconf 89' lang='lat' dir='ltr'>vicissim</span> <span class='ocrx_word' id='word_1_609' title='bbox 1379 5186 1437 5237; x_wconf 88' lang='lat' dir='ltr'>et</span> <span class='ocrx_word' id='word_1_610' title='bbox 1466 5183 1593 5255; x_wconf 90' lang='lat' dir='ltr'>ipse</span> <span class='ocrx_word' id='word_1_611' title='bbox 1624 5184 1782 5244; x_wconf 90' lang='lat' dir='ltr'>lotus</span> <span class='ocrx_word' id='word_1_612' title='bbox 1809 5195 1916 5245; x_wconf 87' lang='lat' dir='ltr'>est:</span> 
     </span>
    </p>
   </div>
   <div class='ocr_carea' id='block_1_89' title="bbox 256 5270 1920 5345">
    <p class='ocr_par' dir='ltr' id='par_1_89' title="bbox 256 5270 1920 5345">
     <span class='ocr_line' id='line_1_89' title="bbox 256 5270 1920 5345; baseline 0.004 -17"><span class='ocrx_word' id='word_1_613' title='bbox 256 5277 460 5345; x_wconf 88' lang='lat' dir='ltr'>postea</span> <span class='ocrx_word' id='word_1_614' title='bbox 486 5273 548 5328; x_wconf 90' lang='lat' dir='ltr'>in</span> <span class='ocrx_word' id='word_1_615' title='bbox 572 5270 956 5328; x_wconf 87' lang='lat' dir='ltr'>refectorium</span> <span class='ocrx_word' id='word_1_616' title='bbox 972 5286 1202 5342; x_wconf 90' lang='lat' dir='ltr'>quoque</span> <span class='ocrx_word' id='word_1_617' title='bbox 1216 5270 1526 5343; x_wconf 88' lang='lat' dir='ltr'>ingressus</span> <span class='ocrx_word' id='word_1_618' title='bbox 1542 5290 1920 5334; x_wconf 91' lang='lat' dir='ltr'>communem</span> 
     </span>
    </p>
   </div>
   <div class='ocr_carea' id='block_1_90' title="bbox 252 5358 1923 5430">
    <p class='ocr_par' dir='ltr' id='par_1_90' title="bbox 252 5358 1923 5430">
     <span class='ocr_line' id='line_1_90' title="bbox 252 5358 1923 5430; baseline 0.003 -13"><span class='ocrx_word' id='word_1_619' title='bbox 252 5376 389 5419; x_wconf 87' lang='lat' dir='ltr'>eum</span> <span class='ocrx_word' id='word_1_620' title='bbox 420 5361 560 5419; x_wconf 85' lang='lat' dir='ltr'>aliis</span> <span class='ocrx_word' id='word_1_621' title='bbox 596 5360 980 5418; x_wconf 85' lang='lat' dir='ltr'>refectionem</span> <span class='ocrx_word' id='word_1_622' title='bbox 1012 5358 1257 5430; x_wconf 90' lang='lat' dir='ltr'>accepit,</span> <span class='ocrx_word' id='word_1_623' title='bbox 1292 5366 1357 5415; x_wconf 90' lang='lat' dir='ltr'>ut</span> <span class='ocrx_word' id='word_1_624' title='bbox 1386 5366 1587 5418; x_wconf 87' lang='lat' dir='ltr'>narrat</span> <span class='ocrx_word' id='word_1_625' title='bbox 1615 5362 1725 5421; x_wconf 88' lang='lat' dir='ltr'>Leo</span> <span class='ocrx_word' id='word_1_626' title='bbox 1746 5366 1923 5422; x_wconf 87' lang='lat' dir='ltr'>Chro-</span> 
     </span>
    </p>
   </div>
   <div class='ocr_carea' id='block_1_91' title="bbox 265 5445 1925 5521">
    <p class='ocr_par' dir='ltr' id='par_1_91' title="bbox 265 5445 1925 5521">
     <span class='ocr_line' id='line_1_91' title="bbox 265 5445 1925 5521; baseline 0.003 -15"><span class='ocrx_word' id='word_1_627' title='bbox 265 5450 379 5506; x_wconf 89' lang='lat' dir='ltr'>nici</span> <span class='ocrx_word' id='word_1_628' title='bbox 406 5449 759 5509; x_wconf 86' lang='lat' dir='ltr'>Casinensis</span> <span class='ocrx_word' id='word_1_629' title='bbox 789 5448 940 5506; x_wconf 91' lang='lat' dir='ltr'>libro</span> <span class='ocrx_word' id='word_1_630' title='bbox 955 5449 1245 5521; x_wconf 79' lang='lat' dir='ltr'>u,cap.85.</span> <span class='ocrx_word' id='word_1_631' title='bbox 1265 5445 1484 5507; x_wconf 90' lang='lat' dir='ltr'>Omitto</span> <span class='ocrx_word' id='word_1_632' title='bbox 1501 5453 1725 5509; x_wconf 89' lang='lat' dir='ltr'>ordinis</span> <span class='ocrx_word' id='word_1_633' title='bbox 1742 5456 1925 5511; x_wconf 87' lang='lat' dir='ltr'>nostri</span> 
     </span>
    </p>
   </div>
   <div class='ocr_carea' id='block_1_92' title="bbox 268 5536 1929 5622">
    <p class='ocr_par' dir='ltr' id='par_1_92' title="bbox 268 5536 1929 5622">
     <span class='ocr_line' id='line_1_92' title="bbox 268 5536 1929 5622; baseline -0.007 -22"><span class='ocrx_word' id='word_1_634' title='bbox 268 5539 624 5622; x_wconf 82' lang='lat' dir='ltr'>monachos,</span> <span class='ocrx_word' id='word_1_635' title='bbox 660 5554 810 5612; x_wconf 88' lang='lat' dir='ltr'>quos</span> <span class='ocrx_word' id='word_1_636' title='bbox 835 5556 865 5596; x_wconf 92' lang='lat' dir='ltr'>e</span> <span class='ocrx_word' id='word_1_637' title='bbox 888 5536 1259 5596; x_wconf 87' lang='lat' dir='ltr'>monasteriis</span> <span class='ocrx_word' id='word_1_638' title='bbox 1281 5537 1522 5601; x_wconf 89' lang='lat' dir='ltr'>eductos</span> <span class='ocrx_word' id='word_1_639' title='bbox 1543 5540 1601 5601; x_wconf 87' lang='lat' dir='ltr'>in</span> <span class='ocrx_word' id='word_1_640' title='bbox 1620 5540 1929 5618; x_wconf 77' lang='lat' dir='ltr'>legationi-</span> 
     </span>
    </p>
   </div>
   <div class='ocr_carea' id='block_1_93' title="bbox 2009 3224 3655 3305">
    <p class='ocr_par' dir='ltr' id='par_1_93' title="bbox 2009 3224 3655 3305">
     <span class='ocr_line' id='line_1_93' title="bbox 2009 3224 3655 3305; baseline 0.006 -24"><span class='ocrx_word' id='word_1_641' title='bbox 2009 3224 2280 3281; x_wconf 84' lang='lat' dir='ltr'>restituit.</span> <span class='ocrx_word' id='word_1_642' title='bbox 2303 3225 2364 3280; x_wconf 91' lang='lat' dir='ltr'>ln</span> <span class='ocrx_word' id='word_1_643' title='bbox 2380 3224 2565 3281; x_wconf 85' lang='lat' dir='ltr'>Gallia</span> <span class='ocrx_word' id='word_1_644' title='bbox 2578 3227 2964 3300; x_wconf 85' lang='lat' dir='ltr'>Corbeiensis,</span> <span class='ocrx_word' id='word_1_645' title='bbox 2990 3230 3316 3305; x_wconf 87' lang='lat' dir='ltr'>Remigiani</span> <span class='ocrx_word' id='word_1_646' title='bbox 3349 3233 3655 3292; x_wconf 86' lang='lat' dir='ltr'>Remensis</span> 
     </span>
    </p>
   </div>
   <div class='ocr_carea' id='block_1_94' title="bbox 2005 3313 3655 3388">
    <p class='ocr_par' dir='ltr' id='par_1_94' title="bbox 2005 3313 3655 3388">
     <span class='ocr_line' id='line_1_94' title="bbox 2005 3313 3655 3388; baseline 0.005 -18"><span class='ocrx_word' id='word_1_647' title='bbox 2005 3313 2425 3380; x_wconf 88' lang='lat' dir='ltr'>Cluniacensis,</span> <span class='ocrx_word' id='word_1_648' title='bbox 2468 3317 2653 3371; x_wconf 89' lang='lat' dir='ltr'>sancti</span> <span class='ocrx_word' id='word_1_649' title='bbox 2714 3317 2940 3373; x_wconf 81' lang='lat' dir='ltr'>Arnulﬁ</span> <span class='ocrx_word' id='word_1_650' title='bbox 3003 3320 3298 3388; x_wconf 84' lang='lat' dir='ltr'>Metensis,</span> <span class='ocrx_word' id='word_1_651' title='bbox 3346 3322 3502 3378; x_wconf 70' lang='lat' dir='ltr'>Casze</span> <span class='ocrx_word' id='word_1_652' title='bbox 3550 3323 3655 3380; x_wconf 89' lang='lat' dir='ltr'>Dei</span> 
     </span>
    </p>
   </div>
   <div class='ocr_carea' id='block_1_95' title="bbox 2006 3405 3648 3482">
    <p class='ocr_par' dir='ltr' id='par_1_95' title="bbox 2006 3405 3648 3482">
     <span class='ocr_line' id='line_1_95' title="bbox 2006 3405 3648 3482; baseline 0.007 -23"><span class='ocrx_word' id='word_1_653' title='bbox 2006 3405 2379 3476; x_wconf 85' lang='lat' dir='ltr'>aliorumque</span> <span class='ocrx_word' id='word_1_654' title='bbox 2412 3406 2859 3462; x_wconf 88' lang='lat' dir='ltr'>monasteriorm</span> <span class='ocrx_word' id='word_1_655' title='bbox 2892 3410 3304 3482; x_wconf 56' lang='lat' dir='ltr'>prwrogativas</span> <span class='ocrx_word' id='word_1_656' title='bbox 3335 3413 3648 3472; x_wconf 87' lang='lat' dir='ltr'>conﬁrma-</span> 
     </span>
    </p>
   </div>
   <div class='ocr_carea' id='block_1_96' title="bbox 2006 3495 3646 3565">
    <p class='ocr_par' dir='ltr' id='par_1_96' title="bbox 2006 3495 3646 3565">
     <span class='ocr_line' id='line_1_96' title="bbox 2006 3495 3646 3565; baseline 0.008 -15"><span class='ocrx_word' id='word_1_657' title='bbox 2006 3495 2087 3551; x_wconf 91' lang='lat' dir='ltr'>vit</span> <span class='ocrx_word' id='word_1_658' title='bbox 2119 3499 2176 3550; x_wconf 88' lang='lat' dir='ltr'>et</span> <span class='ocrx_word' id='word_1_659' title='bbox 2205 3511 2405 3549; x_wconf 87' lang='lat' dir='ltr'>eorum</span> <span class='ocrx_word' id='word_1_660' title='bbox 2438 3495 2838 3565; x_wconf 88' lang='lat' dir='ltr'>possessiones</span> <span class='ocrx_word' id='word_1_661' title='bbox 2860 3498 3128 3554; x_wconf 88' lang='lat' dir='ltr'>asseruit.</span> <span class='ocrx_word' id='word_1_662' title='bbox 3158 3499 3512 3560; x_wconf 83' lang='lat' dir='ltr'>Monasteria</span> <span class='ocrx_word' id='word_1_663' title='bbox 3526 3521 3646 3563; x_wconf 64' lang='lat' dir='ltr'>suae</span> 
     </span>
    </p>
   </div>
   <div class='ocr_carea' id='block_1_97' title="bbox 2007 3583 3649 3652">
    <p class='ocr_par' dir='ltr' id='par_1_97' title="bbox 2007 3583 3649 3652">
     <span class='ocr_line' id='line_1_97' title="bbox 2007 3583 3649 3652; baseline 0.007 -13"><span class='ocrx_word' id='word_1_664' title='bbox 2007 3585 2345 3647; x_wconf 78' lang='lat' dir='ltr'>dimccseos,</span> <span class='ocrx_word' id='word_1_665' title='bbox 2378 3583 2653 3638; x_wconf 89' lang='lat' dir='ltr'>advocato</span> <span class='ocrx_word' id='word_1_666' title='bbox 2683 3585 2852 3640; x_wconf 86' lang='lat' dir='ltr'>beato</span> <span class='ocrx_word' id='word_1_667' title='bbox 2899 3585 3194 3643; x_wconf 87' lang='lat' dir='ltr'>Willelmo</span> <span class='ocrx_word' id='word_1_668' title='bbox 3244 3589 3455 3647; x_wconf 85' lang='lat' dir='ltr'>abbate</span> <span class='ocrx_word' id='word_1_669' title='bbox 3508 3596 3649 3652; x_wconf 85' lang='lat' dir='ltr'>tunc</span> 
     </span>
    </p>
   </div>
   <div class='ocr_carea' id='block_1_98' title="bbox 2009 3670 3654 3746">
    <p class='ocr_par' dir='ltr' id='par_1_98' title="bbox 2009 3670 3654 3746">
     <span class='ocr_line' id='line_1_98' title="bbox 2009 3670 3654 3746; baseline 0.006 -18"><span class='ocrx_word' id='word_1_670' title='bbox 2009 3671 2218 3728; x_wconf 86' lang='lat' dir='ltr'>celebri</span> <span class='ocrx_word' id='word_1_671' title='bbox 2231 3671 2321 3737; x_wconf 90' lang='lat' dir='ltr'>,ad</span> <span class='ocrx_word' id='word_1_672' title='bbox 2341 3670 2550 3742; x_wconf 86' lang='lat' dir='ltr'>regulae</span> <span class='ocrx_word' id='word_1_673' title='bbox 2569 3671 2957 3728; x_wconf 68' lang='lat' dir='ltr'>Benedictinas</span> <span class='ocrx_word' id='word_1_674' title='bbox 2969 3675 3196 3746; x_wconf 87' lang='lat' dir='ltr'>praxim</span> <span class='ocrx_word' id='word_1_675' title='bbox 3208 3682 3545 3736; x_wconf 87' lang='lat' dir='ltr'>accuratam</span> <span class='ocrx_word' id='word_1_676' title='bbox 3555 3698 3654 3738; x_wconf 89' lang='lat' dir='ltr'>re-</span> 
     </span>
    </p>
   </div>
   <div class='ocr_carea' id='block_1_99' title="bbox 2009 3759 3659 3839">
    <p class='ocr_par' dir='ltr' id='par_1_99' title="bbox 2009 3759 3659 3839">
     <span class='ocr_line' id='line_1_99' title="bbox 2009 3759 3659 3839; baseline 0.008 -24"><span class='ocrx_word' id='word_1_677' title='bbox 2009 3759 2252 3817; x_wconf 90' lang='lat' dir='ltr'>vocavit.</span> <span class='ocrx_word' id='word_1_678' title='bbox 2269 3759 2441 3814; x_wconf 88' lang='lat' dir='ltr'>Nulla</span> <span class='ocrx_word' id='word_1_679' title='bbox 2453 3764 2541 3815; x_wconf 89' lang='lat' dir='ltr'>est</span> <span class='ocrx_word' id='word_1_680' title='bbox 2562 3761 2742 3816; x_wconf 88' lang='lat' dir='ltr'>ferme</span> <span class='ocrx_word' id='word_1_681' title='bbox 2761 3761 2820 3816; x_wconf 90' lang='lat' dir='ltr'>in</span> <span class='ocrx_word' id='word_1_682' title='bbox 2840 3763 2977 3818; x_wconf 91' lang='lat' dir='ltr'>orbe</span> <span class='ocrx_word' id='word_1_683' title='bbox 3004 3763 3334 3822; x_wconf 89' lang='lat' dir='ltr'>Christiano</span> <span class='ocrx_word' id='word_1_684' title='bbox 3355 3767 3659 3839; x_wconf 85' lang='lat' dir='ltr'>provincia</span> 
     </span>
    </p>
   </div>
   <div class='ocr_carea' id='block_1_100' title="bbox 2010 3847 3661 3922">
    <p class='ocr_par' dir='ltr' id='par_1_100' title="bbox 2010 3847 3661 3922">
     <span class='ocr_line' id='line_1_100' title="bbox 2010 3847 3661 3922; baseline 0.006 -17"><span class='ocrx_word' id='word_1_685' title='bbox 2010 3851 2071 3905; x_wconf 91' lang='lat' dir='ltr'>in</span> <span class='ocrx_word' id='word_1_686' title='bbox 2107 3866 2224 3921; x_wconf 86' lang='lat' dir='ltr'>qua</span> <span class='ocrx_word' id='word_1_687' title='bbox 2254 3847 2558 3904; x_wconf 89' lang='lat' dir='ltr'>ecclesiam</span> <span class='ocrx_word' id='word_1_688' title='bbox 2592 3849 2853 3922; x_wconf 90' lang='lat' dir='ltr'>aliquam</span> <span class='ocrx_word' id='word_1_689' title='bbox 2885 3852 3106 3908; x_wconf 90' lang='lat' dir='ltr'>ordinis</span> <span class='ocrx_word' id='word_1_690' title='bbox 3128 3854 3313 3911; x_wconf 88' lang='lat' dir='ltr'>nostri</span> <span class='ocrx_word' id='word_1_691' title='bbox 3345 3873 3461 3913; x_wconf 90' lang='lat' dir='ltr'>non</span> <span class='ocrx_word' id='word_1_692' title='bbox 3491 3858 3661 3915; x_wconf 88' lang='lat' dir='ltr'>dedi-</span> 
     </span>
    </p>
   </div>
   <div class='ocr_carea' id='block_1_101' title="bbox 2012 3937 3658 4017">
    <p class='ocr_par' dir='ltr' id='par_1_101' title="bbox 2012 3937 3658 4017">
     <span class='ocr_line' id='line_1_101' title="bbox 2012 3937 3658 4017; baseline 0.008 -24"><span class='ocrx_word' id='word_1_693' title='bbox 2012 3938 2227 3995; x_wconf 86' lang='lat' dir='ltr'>caverit</span> <span class='ocrx_word' id='word_1_694' title='bbox 2258 3942 2314 3992; x_wconf 91' lang='lat' dir='ltr'>et</span> <span class='ocrx_word' id='word_1_695' title='bbox 2344 3937 2661 4010; x_wconf 85' lang='lat' dir='ltr'>privilegiis</span> <span class='ocrx_word' id='word_1_696' title='bbox 2694 3939 2993 3996; x_wconf 89' lang='lat' dir='ltr'>munierit.</span> <span class='ocrx_word' id='word_1_697' title='bbox 3014 3940 3077 3996; x_wconf 92' lang='lat' dir='ltr'>In</span> <span class='ocrx_word' id='word_1_698' title='bbox 3102 3941 3506 4017; x_wconf 88' lang='lat' dir='ltr'>Hirsaugiensi</span> <span class='ocrx_word' id='word_1_699' title='bbox 3529 3963 3658 4006; x_wconf 89' lang='lat' dir='ltr'>mo-</span> 
     </span>
    </p>
   </div>
   <div class='ocr_carea' id='block_1_102' title="bbox 2013 4027 3679 4104">
    <p class='ocr_par' dir='ltr' id='par_1_102' title="bbox 2013 4027 3679 4104">
     <span class='ocr_line' id='line_1_102' title="bbox 2013 4027 3679 4104; baseline 0.006 -21"><span class='ocrx_word' id='word_1_700' title='bbox 2013 4027 2290 4099; x_wconf 81' lang='lat' dir='ltr'>nasterio,</span> <span class='ocrx_word' id='word_1_701' title='bbox 2336 4027 2490 4099; x_wconf 90' lang='lat' dir='ltr'>quod</span> <span class='ocrx_word' id='word_1_702' title='bbox 2535 4028 2607 4083; x_wconf 90' lang='lat' dir='ltr'>ab</span> <span class='ocrx_word' id='word_1_703' title='bbox 2638 4029 2809 4083; x_wconf 85' lang='lat' dir='ltr'>annis</span> <span class='ocrx_word' id='word_1_704' title='bbox 2858 4030 3248 4104; x_wconf 86' lang='lat' dir='ltr'>quadraginta</span> <span class='ocrx_word' id='word_1_705' title='bbox 3276 4038 3336 4089; x_wconf 89' lang='lat' dir='ltr'>et</span> <span class='ocrx_word' id='word_1_706' title='bbox 3377 4037 3504 4091; x_wconf 86' lang='lat' dir='ltr'>octo</span> <span class='ocrx_word' id='word_1_707' title='bbox 3553 4036 3679 4097; x_wconf 63' lang='grc' dir='ltr'>ᾶθ-,</span> 
     </span>
    </p>
   </div>
   <div class='ocr_carea' id='block_1_103' title="bbox 2013 4116 3657 4195">
    <p class='ocr_par' dir='ltr' id='par_1_103' title="bbox 2013 4116 3657 4195">
     <span class='ocr_line' id='line_1_103' title="bbox 2013 4116 3657 4195; baseline 0.006 -23"><span class='ocrx_word' id='word_1_708' title='bbox 2013 4120 2304 4172; x_wconf 90' lang='lat' dir='ltr'>structum</span> <span class='ocrx_word' id='word_1_709' title='bbox 2333 4116 2539 4186; x_wconf 87' lang='lat' dir='ltr'>fuerat,</span> <span class='ocrx_word' id='word_1_710' title='bbox 2574 4118 2684 4173; x_wconf 89' lang='lat' dir='ltr'>sub</span> <span class='ocrx_word' id='word_1_711' title='bbox 2725 4118 3115 4195; x_wconf 88' lang='lat' dir='ltr'>anathematis</span> <span class='ocrx_word' id='word_1_712' title='bbox 3159 4121 3384 4192; x_wconf 84' lang='lat' dir='ltr'>judicio</span> <span class='ocrx_word' id='word_1_713' title='bbox 3444 4141 3657 4183; x_wconf 88' lang='lat' dir='ltr'>mona-</span> 
     </span>
    </p>
   </div>
   <div class='ocr_carea' id='block_1_104' title="bbox 2013 4205 3660 4283">
    <p class='ocr_par' dir='ltr' id='par_1_104' title="bbox 2013 4205 3660 4283">
     <span class='ocr_line' id='line_1_104' title="bbox 2013 4205 3660 4283; baseline 0.007 -22"><span class='ocrx_word' id='word_1_714' title='bbox 2013 4206 2156 4261; x_wconf 90' lang='lat' dir='ltr'>chos</span> <span class='ocrx_word' id='word_1_715' title='bbox 2172 4205 2397 4261; x_wconf 85' lang='lat' dir='ltr'>restitui</span> <span class='ocrx_word' id='word_1_716' title='bbox 2412 4205 2741 4279; x_wconf 87' lang='lat' dir='ltr'>imperavit,</span> <span class='ocrx_word' id='word_1_717' title='bbox 2764 4208 3031 4266; x_wconf 86' lang='lat' dir='ltr'>utfusius</span> <span class='ocrx_word' id='word_1_718' title='bbox 3049 4212 3284 4283; x_wconf 82' lang='lat' dir='ltr'>exponit</span> <span class='ocrx_word' id='word_1_719' title='bbox 3298 4211 3660 4272; x_wconf 86' lang='lat' dir='ltr'>Trithemius</span> 
     </span>
    </p>
   </div>
   <div class='ocr_carea' id='block_1_105' title="bbox 2014 4294 3672 4377">
    <p class='ocr_par' dir='ltr' id='par_1_105' title="bbox 2014 4294 3672 4377">
     <span class='ocr_line' id='line_1_105' title="bbox 2014 4294 3672 4377; baseline 0.008 -28"><span class='ocrx_word' id='word_1_720' title='bbox 2014 4295 2073 4349; x_wconf 91' lang='lat' dir='ltr'>in</span> <span class='ocrx_word' id='word_1_721' title='bbox 2107 4295 2373 4366; x_wconf 88' lang='lat' dir='ltr'>ejusdem</span> <span class='ocrx_word' id='word_1_722' title='bbox 2405 4294 2515 4351; x_wconf 91' lang='lat' dir='ltr'>loci</span> <span class='ocrx_word' id='word_1_723' title='bbox 2563 4296 2868 4353; x_wconf 88' lang='lat' dir='ltr'>Chronico.</span> <span class='ocrx_word' id='word_1_724' title='bbox 2916 4299 2998 4355; x_wconf 91' lang='lat' dir='ltr'>De</span> <span class='ocrx_word' id='word_1_725' title='bbox 3052 4300 3255 4357; x_wconf 89' lang='lat' dir='ltr'>eadem</span> <span class='ocrx_word' id='word_1_726' title='bbox 3314 4319 3376 4359; x_wconf 89' lang='lat' dir='ltr'>re</span> <span class='ocrx_word' id='word_1_727' title='bbox 3433 4302 3672 4377; x_wconf 88' lang='lat' dir='ltr'>scripsit</span> 
     </span>
    </p>
   </div>
   <div class='ocr_carea' id='block_1_106' title="bbox 2018 4383 3672 4465">
    <p class='ocr_par' dir='ltr' id='par_1_106' title="bbox 2018 4383 3672 4465">
     <span class='ocr_line' id='line_1_106' title="bbox 2018 4383 3672 4465; baseline 0.007 -24"><span class='ocrx_word' id='word_1_728' title='bbox 2018 4383 2503 4457; x_wconf 89' lang='lat' dir='ltr'>chronographus</span> <span class='ocrx_word' id='word_1_729' title='bbox 2535 4386 3079 4461; x_wconf 83' lang='lat' dir='ltr'>Magdeburgensis,</span> <span class='ocrx_word' id='word_1_730' title='bbox 3123 4408 3298 4463; x_wconf 91' lang='lat' dir='ltr'>quem</span> <span class='ocrx_word' id='word_1_731' title='bbox 3326 4409 3506 4465; x_wconf 88' lang='lat' dir='ltr'>penes</span> <span class='ocrx_word' id='word_1_732' title='bbox 3565 4410 3672 4452; x_wconf 87' lang='lat' dir='ltr'>nos</span> 
     </span>
    </p>
   </div>
   <div class='ocr_carea' id='block_1_107' title="bbox 1939 4473 3677 4563">
    <p class='ocr_par' dir='ltr' id='par_1_107' title="bbox 1939 4473 3677 4563">
     <span class='ocr_line' id='line_1_107' title="bbox 1939 4473 3677 4563; baseline 0.007 -34"><span class='ocrx_word' id='word_1_733' title='bbox 1939 4498 1986 4563; x_wconf 69' lang='grc' dir='ltr'><strong>Β</strong></span> <span class='ocrx_word' id='word_1_734' title='bbox 2019 4473 2448 4563; x_wconf 85' lang='lat' dir='ltr'>ms.habemus,</span> <span class='ocrx_word' id='word_1_735' title='bbox 2485 4475 2553 4530; x_wconf 89' lang='lat' dir='ltr'>ad</span> <span class='ocrx_word' id='word_1_736' title='bbox 2587 4494 2809 4532; x_wconf 87' lang='lat' dir='ltr'>annum</span> <span class='ocrx_word' id='word_1_737' title='bbox 2842 4479 3002 4549; x_wconf 67' lang='grc'>4048,</span> <span class='ocrx_word' id='word_1_738' title='bbox 3026 4480 3125 4535; x_wconf 91' lang='lat' dir='ltr'>ubi</span> <span class='ocrx_word' id='word_1_739' title='bbox 3157 4480 3357 4552; x_wconf 90' lang='lat' dir='ltr'>etiam,</span> <span class='ocrx_word' id='word_1_740' title='bbox 3380 4483 3536 4540; x_wconf 90' lang='lat' dir='ltr'>inter</span> <span class='ocrx_word' id='word_1_741' title='bbox 3558 4481 3677 4543; x_wconf 86' lang='lat' dir='ltr'>alia</span> 
     </span>
    </p>
   </div>
   <div class='ocr_carea' id='block_1_108' title="bbox 2021 4562 3677 4646">
    <p class='ocr_par' dir='ltr' id='par_1_108' title="bbox 2021 4562 3677 4646">
     <span class='ocr_line' id='line_1_108' title="bbox 2021 4562 3677 4646; baseline 0.008 -29"><span class='ocrx_word' id='word_1_742' title='bbox 2021 4562 2227 4619; x_wconf 86' lang='lat' dir='ltr'>Leonis</span> <span class='ocrx_word' id='word_1_743' title='bbox 2257 4567 2734 4635; x_wconf 83' lang='lat' dir='ltr'>gesta.memorat</span> <span class='ocrx_word' id='word_1_744' title='bbox 2763 4565 3145 4626; x_wconf 89' lang='lat' dir='ltr'>elevationem</span> <span class='ocrx_word' id='word_1_745' title='bbox 3168 4587 3199 4625; x_wconf 89' lang='lat' dir='ltr'>e</span> <span class='ocrx_word' id='word_1_746' title='bbox 3221 4572 3452 4629; x_wconf 93' lang='lat' dir='ltr'>tumulo</span> <span class='ocrx_word' id='word_1_747' title='bbox 3473 4588 3677 4646; x_wconf 90' lang='lat' dir='ltr'>corpo-</span> 
     </span>
    </p>
   </div>
   <div class='ocr_carea' id='block_1_109' title="bbox 2031 4652 3679 4736">
    <p class='ocr_par' dir='ltr' id='par_1_109' title="bbox 2031 4652 3679 4736">
     <span class='ocr_line' id='line_1_109' title="bbox 2031 4652 3679 4736; baseline 0.007 -27"><span class='ocrx_word' id='word_1_748' title='bbox 2031 4652 2115 4710; x_wconf 88' lang='lat' dir='ltr'>ris</span> <span class='ocrx_word' id='word_1_749' title='bbox 2147 4657 2358 4709; x_wconf 81' lang='lat' dir='ltr'>sanctac</span> <span class='ocrx_word' id='word_1_750' title='bbox 2393 4652 2699 4710; x_wconf 86' lang='lat' dir='ltr'>Richardis</span> <span class='ocrx_word' id='word_1_751' title='bbox 2731 4655 3119 4728; x_wconf 89' lang='lat' dir='ltr'>impcratricis</span> <span class='ocrx_word' id='word_1_752' title='bbox 3141 4659 3202 4716; x_wconf 91' lang='lat' dir='ltr'>in</span> <span class='ocrx_word' id='word_1_753' title='bbox 3222 4662 3483 4719; x_wconf 88' lang='lat' dir='ltr'>eoenobio</span> <span class='ocrx_word' id='word_1_754' title='bbox 3504 4661 3679 4736; x_wconf 85' lang='lat' dir='ltr'>virgi-</span> 
     </span>
    </p>
   </div>
   <div class='ocr_carea' id='block_1_110' title="bbox 2033 4742 3675 4825">
    <p class='ocr_par' dir='ltr' id='par_1_110' title="bbox 2033 4742 3675 4825">
     <span class='ocr_line' id='line_1_110' title="bbox 2033 4742 3675 4825; baseline 0.006 -26"><span class='ocrx_word' id='word_1_755' title='bbox 2033 4760 2172 4799; x_wconf 90' lang='lat' dir='ltr'>num</span> <span class='ocrx_word' id='word_1_756' title='bbox 2209 4743 2361 4816; x_wconf 88' lang='lat' dir='ltr'>apud</span> <span class='ocrx_word' id='word_1_757' title='bbox 2388 4742 2718 4798; x_wconf 76' lang='lat' dir='ltr'>Andelaum</span> <span class='ocrx_word' id='word_1_758' title='bbox 2742 4744 2801 4800; x_wconf 89' lang='lat' dir='ltr'>in</span> <span class='ocrx_word' id='word_1_759' title='bbox 2820 4745 3227 4820; x_wconf 88' lang='lat' dir='ltr'>Alsatia,quod</span> <span class='ocrx_word' id='word_1_760' title='bbox 3250 4750 3379 4825; x_wconf 90' lang='lat' dir='ltr'>ipsa</span> <span class='ocrx_word' id='word_1_761' title='bbox 3400 4750 3675 4825; x_wconf 87' lang='lat' dir='ltr'>fundave-</span> 
     </span>
    </p>
   </div>
   <div class='ocr_carea' id='block_1_111' title="bbox 2034 4831 3680 4913">
    <p class='ocr_par' dir='ltr' id='par_1_111' title="bbox 2034 4831 3680 4913">
     <span class='ocr_line' id='line_1_111' title="bbox 2034 4831 3680 4913; baseline 0.007 -27"><span class='ocrx_word' id='word_1_762' title='bbox 2034 4837 2142 4887; x_wconf 88' lang='lat' dir='ltr'>rat.</span> <span class='ocrx_word' id='word_1_763' title='bbox 2178 4832 2333 4888; x_wconf 90' lang='lat' dir='ltr'>ldem</span> <span class='ocrx_word' id='word_1_764' title='bbox 2366 4831 2623 4904; x_wconf 82' lang='lat' dir='ltr'>pontifex</span> <span class='ocrx_word' id='word_1_765' title='bbox 2652 4834 2990 4892; x_wconf 86' lang='lat' dir='ltr'>Eduardum</span> <span class='ocrx_word' id='word_1_766' title='bbox 3021 4853 3216 4910; x_wconf 88' lang='lat' dir='ltr'>regem</span> <span class='ocrx_word' id='word_1_767' title='bbox 3263 4838 3589 4913; x_wconf 84' lang='lat' dir='ltr'>Anglorum</span> <span class='ocrx_word' id='word_1_768' title='bbox 3644 4857 3680 4897; x_wconf 90' lang='lat' dir='ltr'>a</span> 
     </span>
    </p>
   </div>
   <div class='ocr_carea' id='block_1_112' title="bbox 2033 4921 3678 5002">
    <p class='ocr_par' dir='ltr' id='par_1_112' title="bbox 2033 4921 3678 5002">
     <span class='ocr_line' id='line_1_112' title="bbox 2033 4921 3678 5002; baseline 0.009 -29"><span class='ocrx_word' id='word_1_769' title='bbox 2033 4924 2161 4974; x_wconf 89' lang='lat' dir='ltr'>voto</span> <span class='ocrx_word' id='word_1_770' title='bbox 2195 4921 2438 4975; x_wconf 83' lang='lat' dir='ltr'>Romam</span> <span class='ocrx_word' id='word_1_771' title='bbox 2472 4922 2704 4993; x_wconf 78' lang='lat' dir='ltr'>petendi</span> <span class='ocrx_word' id='word_1_772' title='bbox 2728 4923 3000 4994; x_wconf 87' lang='lat' dir='ltr'>absolvit,</span> <span class='ocrx_word' id='word_1_773' title='bbox 3024 4926 3195 4983; x_wconf 91' lang='lat' dir='ltr'>modo</span> <span class='ocrx_word' id='word_1_774' title='bbox 3218 4930 3678 5002; x_wconf 82' lang='lat' dir='ltr'>pecunias,quas</span> 
     </span>
    </p>
   </div>
   <div class='ocr_carea' id='block_1_113' title="bbox 2035 5007 3677 5078">
    <p class='ocr_par' dir='ltr' id='par_1_113' title="bbox 2035 5007 3677 5078">
     <span class='ocr_line' id='line_1_113' title="bbox 2035 5007 3677 5078; baseline 0.009 -16"><span class='ocrx_word' id='word_1_775' title='bbox 2035 5008 2321 5063; x_wconf 87' lang='lat' dir='ltr'>initinere</span> <span class='ocrx_word' id='word_1_776' title='bbox 2352 5007 2741 5078; x_wconf 81' lang='lat' dir='ltr'>expendisset,</span> <span class='ocrx_word' id='word_1_777' title='bbox 2774 5013 3062 5069; x_wconf 90' lang='lat' dir='ltr'>conferret</span> <span class='ocrx_word' id='word_1_778' title='bbox 3119 5016 3193 5071; x_wconf 89' lang='lat' dir='ltr'>ad</span> <span class='ocrx_word' id='word_1_779' title='bbox 3251 5018 3677 5076; x_wconf 87' lang='lat' dir='ltr'>monasterium</span> 
     </span>
    </p>
   </div>
   <div class='ocr_carea' id='block_1_114' title="bbox 2027 5096 3674 5171">
    <p class='ocr_par' dir='ltr' id='par_1_114' title="bbox 2027 5096 3674 5171">
     <span class='ocr_line' id='line_1_114' title="bbox 2027 5096 3674 5171; baseline 0.009 -19"><span class='ocrx_word' id='word_1_780' title='bbox 2027 5097 2282 5168; x_wconf 82' lang='lat' dir='ltr'>aliquod,</span> <span class='ocrx_word' id='word_1_781' title='bbox 2308 5096 2394 5151; x_wconf 87' lang='lat' dir='ltr'>vel</span> <span class='ocrx_word' id='word_1_782' title='bbox 2418 5098 2485 5151; x_wconf 86' lang='lat' dir='ltr'>de</span> <span class='ocrx_word' id='word_1_783' title='bbox 2509 5113 2655 5152; x_wconf 83' lang='lat' dir='ltr'>novo</span> <span class='ocrx_word' id='word_1_784' title='bbox 2680 5100 3171 5171; x_wconf 80' lang='lat' dir='ltr'>excitandum,vel</span> <span class='ocrx_word' id='word_1_785' title='bbox 3196 5107 3674 5166; x_wconf 89' lang='lat' dir='ltr'>restaurandum.</span> 
     </span>
    </p>
   </div>
   <div class='ocr_carea' id='block_1_115' title="bbox 2032 5184 3678 5268">
    <p class='ocr_par' dir='ltr' id='par_1_115' title="bbox 2032 5184 3678 5268">
     <span class='ocr_line' id='line_1_115' title="bbox 2032 5184 3678 5268; baseline 0.008 -27"><span class='ocrx_word' id='word_1_786' title='bbox 2032 5186 2194 5242; x_wconf 91' lang='lat' dir='ltr'>Illius</span> <span class='ocrx_word' id='word_1_787' title='bbox 2222 5200 2288 5239; x_wconf 89' lang='lat' dir='ltr'>ea</span> <span class='ocrx_word' id='word_1_788' title='bbox 2320 5184 2389 5239; x_wconf 91' lang='lat' dir='ltr'>de</span> <span class='ocrx_word' id='word_1_789' title='bbox 2421 5200 2480 5238; x_wconf 90' lang='lat' dir='ltr'>re</span> <span class='ocrx_word' id='word_1_790' title='bbox 2512 5184 2762 5255; x_wconf 89' lang='lat' dir='ltr'>epistola</span> <span class='ocrx_word' id='word_1_791' title='bbox 2808 5193 2996 5245; x_wconf 84' lang='lat' dir='ltr'>exstat</span> <span class='ocrx_word' id='word_1_792' title='bbox 3051 5193 3206 5262; x_wconf 89' lang='lat' dir='ltr'>apud</span> <span class='ocrx_word' id='word_1_793' title='bbox 3255 5195 3678 5268; x_wconf 89' lang='lat' dir='ltr'>Spelmannum</span> 
     </span>
    </p>
   </div>
   <div class='ocr_carea' id='block_1_116' title="bbox 2033 5272 3681 5350">
    <p class='ocr_par' dir='ltr' id='par_1_116' title="bbox 2033 5272 3681 5350">
     <span class='ocr_line' id='line_1_116' title="bbox 2033 5272 3681 5350; baseline 0.009 -19"><span class='ocrx_word' id='word_1_794' title='bbox 2033 5280 2191 5331; x_wconf 84' lang='lat' dir='ltr'>torno</span> <span class='ocrx_word' id='word_1_795' title='bbox 2228 5277 2246 5330; x_wconf 93' lang='grc' dir='ltr'>Ι</span> <span class='ocrx_word' id='word_1_796' title='bbox 2277 5272 2666 5330; x_wconf 86' lang='lat' dir='ltr'>Conciliorum</span> <span class='ocrx_word' id='word_1_797' title='bbox 2696 5274 2938 5347; x_wconf 61' lang='lat' dir='ltr'>Anglia),</span> <span class='ocrx_word' id='word_1_798' title='bbox 2970 5280 3192 5350; x_wconf 90' lang='lat' dir='ltr'>etapud</span> <span class='ocrx_word' id='word_1_799' title='bbox 3211 5282 3681 5345; x_wconf 88' lang='lat' dir='ltr'>Labbeumtomo</span> 
     </span>
    </p>
   </div>
   <div class='ocr_carea' id='block_1_117' title="bbox 2037 5362 2940 5435">
    <p class='ocr_par' dir='ltr' id='par_1_117' title="bbox 2037 5362 2940 5435">
     <span class='ocr_line' id='line_1_117' title="bbox 2037 5362 2940 5435; baseline 0 -15"><span class='ocrx_word' id='word_1_800' title='bbox 2037 5364 2109 5420; x_wconf 89' lang='lat' dir='ltr'><strong>IX</strong></span> <span class='ocrx_word' id='word_1_801' title='bbox 2133 5362 2525 5420; x_wconf 85' lang='lat' dir='ltr'>Conciliorum</span> <span class='ocrx_word' id='word_1_802' title='bbox 2556 5363 2940 5435; x_wconf 87' lang='lat' dir='ltr'>generalium.</span> 
     </span>
    </p>
   </div>
   <div class='ocr_carea' id='block_1_118' title="bbox 2109 5450 3685 5537">
    <p class='ocr_par' dir='ltr' id='par_1_118' title="bbox 2109 5450 3685 5537">
     <span class='ocr_line' id='line_1_118' title="bbox 2109 5450 3685 5537; baseline 0.009 -30"><span class='ocrx_word' id='word_1_803' title='bbox 2109 5455 2162 5507; x_wconf 88' lang='lat'>6.</span> <span class='ocrx_word' id='word_1_804' title='bbox 2197 5450 2355 5508; x_wconf 87' lang='lat' dir='ltr'>Nihil</span> <span class='ocrx_word' id='word_1_805' title='bbox 2385 5469 2517 5507; x_wconf 90' lang='lat' dir='ltr'>vero</span> <span class='ocrx_word' id='word_1_806' title='bbox 2549 5451 2765 5508; x_wconf 89' lang='lat' dir='ltr'>mirum</span> <span class='ocrx_word' id='word_1_807' title='bbox 2793 5461 2883 5510; x_wconf 90' lang='lat' dir='ltr'>est</span> <span class='ocrx_word' id='word_1_808' title='bbox 2910 5455 2961 5511; x_wconf 90' lang='lat' dir='ltr'>si</span> <span class='ocrx_word' id='word_1_809' title='bbox 2991 5456 3527 5529; x_wconf 34' lang='lat' dir='ltr'>tantajfueritbeati</span> <span class='ocrx_word' id='word_1_810' title='bbox 3545 5482 3685 5537; x_wconf 88' lang='lat' dir='ltr'>pon-</span> 
     </span>
    </p>
   </div>
   <div class='ocr_carea' id='block_1_119' title="bbox 2065 5538 3682 5627">
    <p class='ocr_par' dir='ltr' id='par_1_119' title="bbox 2065 5538 3682 5627">
     <span class='ocr_line' id='line_1_119' title="bbox 2065 5538 3682 5627; baseline 0.009 -28"><span class='ocrx_word' id='word_1_811' title='bbox 2065 5541 2215 5601; x_wconf 85' lang='lat' dir='ltr'>iﬁcis</span> <span class='ocrx_word' id='word_1_812' title='bbox 2245 5541 2305 5599; x_wconf 88' lang='lat' dir='ltr'>in</span> <span class='ocrx_word' id='word_1_813' title='bbox 2331 5538 2596 5601; x_wconf 88' lang='lat' dir='ltr'>ordinem</span> <span class='ocrx_word' id='word_1_814' title='bbox 2613 5547 2878 5603; x_wconf 86' lang='lat' dir='ltr'>nostrum</span> <span class='ocrx_word' id='word_1_815' title='bbox 2901 5546 3238 5625; x_wconf 88' lang='lat' dir='ltr'>propensio,</span> <span class='ocrx_word' id='word_1_816' title='bbox 3255 5565 3387 5609; x_wconf 89' lang='lat' dir='ltr'>cum</span> <span class='ocrx_word' id='word_1_817' title='bbox 3401 5566 3530 5609; x_wconf 87' lang='lat' dir='ltr'>eam</span> <span class='ocrx_word' id='word_1_818' title='bbox 3544 5553 3682 5627; x_wconf 76' lang='lat' dir='ltr'>jure</span> 
     </span>
    </p>
   </div>
  </div>
