3964 6206
281 220 400 284 463

1655 223 1719 282 S.
1766 223 1916 282 LEO
1958 222 2039 282 IX
2085 220 2315 284 PAPA.

3559 218 3678 282 464

285 353 454 429 quasi
483 352 849 412 haereditario
881 371 913 409 a
944 354 1281 427 parentibus
1340 354 1464 408 suis
1525 354 1826 426 acceperit.
1881 354 1920 409 Ii
1953 357 2007 424 Α
2039 356 2196 412 Idcm
2230 355 2603 422 auctor,libro
2636 373 2712 423 ιν,
2746 372 2871 429 cap.
2904 353 3220 428 21,0misso
3252 352 3521 412 Lutrensi
3553 371 3677 414 me-.

286 445 443 502 enim
475 457 590 501 non
641 444 830 501 solum
884 460 1011 511 sua,
1073 443 1172 498 sed
1228 448 1284 497 et
1335 443 1494 513 ipsos
1553 445 1663 498 sub
1720 444 1924 500 habitu

287 534 612 606 monastico
641 531 973 591 serviendos
1005 532 1117 587 Deo
1149 549 1576 588 consecravere.
1602 537 1928 605 Utrumque

285 618 521 682 disertis
547 623 734 680 verbis
754 621 927 676 habet
947 620 1401 692 Wibertus,cap.
1429 619 1617 687 1,1icet
1632 623 1847 693 quibus
1869 622 1925 676 id

286 700 519 771 in‘locis
551 712 769 766 factum
801 709 977 764 fuerit
1008 726 1122 764 non
1151 711 1599 782 expresserit.At
1628 710 1687 765 in
1739 711 1925 766 Altor-

287 799 454 860 ﬁensi
481 798 763 866 ccenobio,
797 798 951 870 quod
971 815 1004 855 a
1036 797 1185 854 beati
1205 798 1415 854 Leonis
1436 800 1778 871 parentibus
1791 816 1927 856 con-

288 891 478 949 ditum
524 887 706 945 fuisse
745 887 900 944 idem
956 891 1159 944 auctor
1188 889 1463 955 afﬁrmat,
1511 888 1720 944 visitur
1767 894 1930 946 vetus

289 971 610 1037 oratorium
655 978 820 1033 beato
851 977 1126 1049 Gregorio
1176 994 1434 1047 sacrum,
1490 978 1548 1032 in
1600 994 1714 1049 quo
1753 978 1930 1033 iidem

291 1064 558 1144 parentes
588 1066 742 1122 beati
773 1065 1086 1138 pontiﬁcis,
1144 1066 1255 1122 loci
1303 1066 1521 1122 scilicet
1570 1067 1928 1133 fundatores,

291 1157 506 1231 sepulti
538 1161 979 1225 memorantur;
1013 1156 1072 1211 in
1131 1155 1466 1228 Nccrologio
1521 1161 1716 1212 autem
1776 1159 1930 1228 quod

291 1247 508 1305 ibidem
538 1245 793 1316 vidimus
824 1245 943 1300 haec
973 1245 1262 1300 habentur
1315 1245 1406 1300 die
1463 1247 1494 1299 4
1541 1246 1930 1318 Septembris:

293 1362 319 1387 α
343 1337 448 1394 Ob.
483 1335 893 1404 Heberhardus
913 1335 1235 1405 comes,qui
1269 1335 1586 1405 requiescit
1609 1336 1664 1389 in
1699 1352 1931 1391 summo

294 1428 468 1486 choro
494 1444 507 1497 ;
541 1426 705 1494 item,
736 1424 976 1480 domina
1005 1423 1216 1479 Bertha
1249 1423 1550 1479 comitissa
1580 1425 1709 1494 ejus
1769 1442 1933 1492 uxor,

292 1515 454 1582 item,
488 1513 651 1586 l‘lugo
684 1528 879 1568 comes
910 1515 967 1568 et
998 1511 1318 1567 monachus
1351 1511 1528 1581 hujus
1559 1512 1690 1580 loci,
1714 1513 1811 1585 qui
1847 1531 1935 1569 re-

296 1603 546 1678 quiescit
594 1607 730 1659 ante
787 1601 969 1658 altare
1020 1600 1206 1657 sancti
1267 1601 1528 1673 Gregorii
1558 1601 1616 1656 in
1675 1601 1934 1674 capella;

296 1694 454 1760 item,
481 1692 646 1766 Hugo
687 1706 882 1746 comes
910 1689 1087 1745 frater
1118 1689 1376 1761 praedicti
1404 1689 1683 1762 Hugonis,
1717 1691 1816 1762 qui
1849 1707 1939 1747 re-
1973 1728 2019 1792 Β

296 1779 546 1857 quiescit
573 1778 633 1834 in
664 1778 774 1835 hoc
806 1779 1182 1834 monasterio.
1217 1778 1282 1833 Hi
1318 1779 1552 1834 fuerunt
1601 1780 1938 1837 fundatores

298 1869 658 1927 monasterii.
679 1890 708 1920 »
738 1869 965 1924 Habent
992 1868 1257 1938 ejusdem
1279 1867 1389 1922 loci
1418 1868 1690 1924 monachi
1716 1869 1937 1925 bullam

299 1960 468 2031 cujus
497 1957 900 2034 apographum
939 1956 1214 2023 vidimus,
1275 1974 1392 2029 qua
1422 1957 1627 2013 beatus
1684 1959 1940 2030 pontifex

299 2048 498 2120 omnia
526 2049 679 2104 bona
711 2063 744 2101 a
776 2047 901 2102 suis
934 2047 1279 2118 parentibus
1337 2046 1528 2101 eidem
1587 2048 1939 2103 monasterio

299 2137 511 2194 collata
539 2137 848 2193 conﬁrmat
877 2153 946 2191 ea
975 2135 1101 2208 lege
1133 2141 1196 2191 ut
1228 2136 1337 2190 sub
1365 2135 1568 2207 regula
1625 2138 1778 2192 beati
1837 2137 1938 2193 Be-

300 2212 515 2284 nedicti
545 2228 960 2299 perseveraret.
992 2225 1068 2280 De
1115 2224 1352 2280 Helvide
1408 2241 1540 2279 vero
1572 2226 1698 2295 ejus
1757 2230 1940 2280 matre

300 2315 504 2373 scribit
530 2316 785 2372 Joannes
813 2313 882 2368 de
911 2314 1103 2384 Bayon
1137 2313 1194 2366 in
1245 2312 1499 2367 Historia
1547 2313 1941 2370 Medianensis

301 2403 642 2462 monasterii
673 2403 851 2473 quod,
883 2417 1018 2456 cum
1051 2400 1270 2456 bellum
1305 2400 1456 2456 inter
1484 2401 1797 2458 Henricum
1820 2404 1940 2458 Cae-

301 2507 492 2550 sarem
521 2495 578 2548 et
606 2490 1033 2547 Theodericum
1065 2489 1381 2545 Metensem
1414 2490 1751 2562 episcopum
1780 2508 1942 2546 exar-

302 2580 625 2658 sisset,i_lla,
658 2579 906 2635 ﬁrmatis
939 2579 1146 2634 castris
1178 2595 1304 2651 quae
1336 2580 1407 2635 ad
1431 2596 1558 2634 eam
1578 2580 1946 2652 pertinebant

298 2669 606 2729 secesserit
649 2669 707 2724 in
749 2668 1171 2724 monasterium
1221 2668 1618 2740 Medianensc,
1675 2670 1770 2725 ubi
1830 2669 1944 2741 piis

301 2759 578 2833 operibus
608 2774 844 2825 vacans,
875 2774 1117 2829 corpora
1147 2763 1482 2814 sanctorum
1541 2759 1740 2814 Lazari
1793 2757 1944 2832 regis

302 2855 358 2907 et
387 2850 512 2905 Azaa
538 2848 667 2920 ejus
700 2846 853 2914 ﬁlias,
886 2863 1012 2918 quae
1053 2850 1186 2902 ante
1239 2865 1422 2903 annos
1495 2848 1838 2921 monaginta
1889 2853 1948 2904 et

304 2939 566 3015 quinque
585 2937 646 2992 in
677 2934 929 2992 maceria
957 2935 1209 2991 basilicas
1243 2937 1430 2991 sancti
1462 2937 1614 2992 Petri
1673 2937 1735 2992 ob
1795 2942 1944 2992 Pan-

302 3029 559 3086 nonicam
595 3033 802 3098 gentem
835 3025 1040 3081 Gallias
1073 3026 1386 3097 pulsantem
1435 3026 1777 3081 abscondita
1824 3025 1945 3082 fue-

2038 446 2313 510 nasterio,
2330 446 2438 500 tria
2452 445 2564 500 alia
2577 463 2611 501 a
2637 445 2787 501 beati
2813 445 3020 500 Leonis
3043 463 3203 518 papae
3222 449 3385 518 patre
3401 444 3681 501 aediﬁcata

2039 541 2096 590 et
2127 537 2324 591 dotata
2351 535 2531 591 fuisse
2563 534 2783 590 scribit.
2817 536 2888 590 Et
2918 535 3158 606 quidem
3219 536 3500 591 Lutrense
3553 551 3681 591 mo-

2040 623 2360 679 nasterium
2393 628 2526 679 ante
2559 640 2744 680 annos
2776 623 2892 680 fere
2936 625 3394 697 quadringentos
3427 640 3461 679 a
3517 624 3683 681 beato

2037 712 2263 768 Deicolo
2281 717 2683 768 constructum
2705 712 3132 780 fuerat,saeculo
3151 713 3404 784 septimo
3425 713 3679 771 ineunte.

2038 805 2113 855 At
2143 800 2295 856 beati
2327 801 2621 872 pontiﬁcis
2652 807 2924 873 parentes
2944 805 2999 857 et
3023 802 3152 873 ejus
3182 803 3295 869 avi,
3329 810 3394 858 ut
3423 802 3685 874 loquitur

2040 889 2365 955 \Vibertus,
2400 890 2472 944 ad
2509 889 2706 962 ipsum
2738 891 3190 947 restaurandum
3222 890 3490 946 nonnihil
3548 908 3683 948 con-

2043 978 2189 1032 ferre
2215 982 2550 1049 potuerunt,
2583 978 2808 1033 decimo
2841 978 3058 1034 saeculo
3090 978 3343 1045 labente,
3376 997 3490 1052 quo
3537 985 3686 1037 tem-

2043 1084 2199 1136 pore,
2235 1071 2296 1120 ut
2329 1067 2501 1121 refert
2531 1072 2735 1122 auctor
2767 1068 3202 1138 Vitae,ejusdem
3235 1069 3421 1124 sancti
3443 1068 3685 1139 Deieoli,‘

2044 1157 2321 1210 Lutrense
2334 1156 2846 1227 cwnobium,quod
2865 1157 3233 1212 devastatum
3252 1159 3686 1226 fuerat,restau-

2044 1250 2237 1300 ratum
2287 1249 2375 1300 est
2404 1245 2476 1298 ab
2532 1245 2773 1316 Hugone
2823 1245 3055 1313 comite,
3118 1255 3317 1316 postea
3378 1249 3684 1314 monacho,

2045 1340 2102 1388 et
2132 1333 2260 1404 ejus
2290 1333 2444 1387 ﬁliis.
2480 1333 2555 1386 Ea
2583 1332 2654 1388 de
2682 1349 2740 1388 re
2790 1333 3019 1390 Ottonis
3082 1333 3278 1406 Magni
3334 1341 3683 1409 praeceptum

2045 1428 2232 1478 exstat
2267 1422 2324 1475 in
2385 1423 2635 1476 favorem
2661 1420 3017 1489 Baldramni,
3078 1423 3180 1494 qui
3235 1423 3454 1481 ibidem
3514 1426 3687 1482 abbas

2047 1511 2349 1566 institutus
2373 1511 2498 1566 fuit.
2521 1511 2801 1566 Subsistit
2821 1511 3108 1582 hodieque
3130 1513 3553 1570 monasterium
3580 1517 3685 1572 Lu-

2053 1608 2266 1670 trense,
2300 1599 2472 1672 vulgo
2507 1605 2648 1655 Lure
2673 1599 2924 1671 dictum,
2956 1599 3017 1656 in
3075 1601 3311 1658 diceeesi
3361 1603 3681 1674 Bisuntina,

2049 1691 2202 1761 quod
2230 1689 2465 1745 unicum
2484 1706 2618 1744 cum
2643 1689 3012 1746 Murbacensi
3043 1691 3400 1759 monasterio
3421 1693 3684 1752 abbatem

2049 1779 2244 1844 habet,
2275 1779 2356 1833 ita
2397 1781 2586 1833 tamen
2621 1782 2685 1832 ut
2714 1776 2809 1833 ille
2839 1778 3021 1834 abbas
3051 1778 3110 1833 in
3157 1780 3410 1837 comitiis
3462 1782 3685 1855 imperii

2049 1867 2202 1922 inter
2233 1867 2528 1938 principes
2560 1867 2791 1923 duobus
2822 1867 3118 1940 suffragiis
3144 1869 3536 1940 gaudeat;sed
3551 1888 3682 1943 pace

2052 1956 2204 2010 inter
2236 1956 2547 2026 imperium
2577 1960 2631 2009 et
2662 1954 2911 2010 Galliam
2963 1973 3115 2011 anno
3149 1957 3285 2013 1697
3327 1961 3564 2028 sancita,
3616 1978 3679 2018 ea

2051 2045 2248 2100 omnia
2278 2062 2404 2116 quae
2435 2046 2580 2100 citra
2613 2044 2880 2100 Rhenum
2915 2045 3027 2101 sita
3056 2051 3194 2101 sunt
3233 2047 3306 2102 ad
3338 2048 3672 2106 Francorum

2051 2133 2362 2206 imperium
2396 2133 2683 2204 pertinere
2713 2133 2946 2200 debent,
2976 2151 3042 2189 ac
3071 2135 3156 2190 sic
3188 2142 3499 2209 utrumque
3540 2138 3675 2195 illud

2052 2226 2475 2278 monasterium
2510 2222 2679 2278 hodie
2709 2224 2820 2279 sub
2851 2223 3070 2279 Gallica
3119 2224 3342 2281 ditione
3373 2226 3550 2283 situm
3578 2232 3679 2284 est.

2053 2313 2224 2368 Hissa
2271 2312 2445 2367 etiam
2481 2329 2633 2366 nunc
2666 2313 2928 2383 priscum
2961 2329 3173 2368 nomen
3233 2314 3469 2382 retinet,
3523 2316 3688 2389 vulgo

2053 2404 2230 2464 ﬂesse,
2264 2418 2380 2456 una
2405 2400 2635 2456 circiter
2663 2401 2829 2457 leuca
2860 2401 3086 2458 distans
3137 2419 3171 2458 a
3200 2403 3501 2477 Sarburgo
3544 2405 3686 2474 (Sar-

2055 2490 2270 2561 bourg),
2305 2489 2696 2562 Lotharingia:
2723 2490 2935 2563 oppido
2957 2491 3028 2546 ad
3047 2492 3272 2549 radices
3297 2493 3517 2567 Vosagi
3540 2511 3689 2551 mon-

2053 2581 2150 2636 tis.
2185 2580 2284 2633 }lic
2322 2580 2480 2633 locus
2511 2579 2568 2632 in
2603 2578 2946 2650 prioratum,
2971 2580 3057 2636 uti
3089 2584 3318 2652 vocant,
3368 2581 3689 2656 simplicem

2055 2670 2326 2724 redactus
2381 2667 2627 2722 abbatias
2677 2666 2978 2724 Altissilvre
3039 2670 3416 2742 (Hauteseille)
3482 2673 3689 2730 ordinis

2055 2757 2456 2814 Cisterciensis
2489 2757 2689 2812 unitus
2746 2761 2854 2812 est.
2908 2757 3235 2814 Altorfense
3291 2760 3517 2833 (Altorf)
3573 2780 3692 2819 mo-

2057 2846 2402 2912 nasterium,
2433 2845 2587 2917 quod
2617 2846 2810 2900 Sancti
2841 2845 3061 2924 Cyriaci
3091 2847 3350 2920 appellat
3375 2849 3692 2920 Wibertus,

2057 2935 2345 3006 hodieque
2392 2934 2666 2990 subsistit
2722 2934 2911 2989 ordini
2956 2935 3331 2993 Benedictino
3374 2940 3692 3013 addictum,

2058 3025 2215 3080 haud
2250 3022 2449 3096 procul
2482 3041 2515 3079 a
2545 3023 2886 3080 Molshemio
2899 3023 3132 3080 Alsatiaa
3159 3027 3303 3082 urbe
3325 3028 3695 3101 nonignobili

305 3122 459 3185 rant,
491 3116 724 3177 detexit.
752 3113 926 3171 Plura
954 3115 1107 3170 idem
1139 3120 1340 3170 auctor
1392 3115 1567 3170 habet
1615 3116 1686 3170 de
1743 3120 1943 3171 sancto
1977 3098 2019 3167 C
2058 3115 2261 3170 situm.
2295 3114 2372 3168 De
2404 3130 2470 3168 eo
2500 3111 2810 3168 Bucelinus
2843 3112 2903 3167 in
2951 3111 3263 3170 Germania
3317 3098 3516 3174 sacra:
3570 3117 3699 3174 Wo-

306 3208 515 3277 Leone,
548 3221 675 3277 quas
706 3204 833 3261 suis
854 3204 995 3261 locis
1015 3221 1120 3276 pro
1133 3204 1569 3276 opportunitate
1590 3221 1944 3262 commemo-

304 3283 586 3352 rabimus.
619 3293 759 3366 Ejus
788 3309 921 3350 vero
965 3293 1266 3365 scriptoris
1326 3293 1620 3359 notitiam,
1681 3310 1943 3349 reveren-

302 3385 548 3442 dissimo
579 3383 732 3440 Patri
763 3383 977 3439 domno
1023 3381 1346 3455 Hyacinthe
1403 3382 1582 3438 Alliot
1610 3383 1946 3438 Medianen-

299 3475 382 3531 sis
413 3473 754 3530 monasterii
784 3472 980 3528 abbati
1013 3488 1042 3527 e
1063 3470 1508 3544 congregatione
1540 3470 1726 3526 sancti
1749 3471 1943 3527 Vitoni

296 3564 602 3630 debemus,
635 3563 737 3634 qui
772 3578 887 3618 non
919 3560 1112 3618 solum
1145 3562 1326 3632 hujus
1359 3561 1618 3616 auctoris
1676 3561 1940 3616 Historiae

297 3652 592 3725 exemplar
619 3653 693 3709 ad
725 3668 831 3708 nos
861 3649 1214 3716 transmisit,
1253 3650 1407 3705 sicut
1438 3654 1494 3705 et
1532 3648 1646 3705 alia
1697 3665 1941 3721 quaeque

297 3732 491 3799 vetera
518 3742 914 3797 instrumenta
930 3744 986 3795 et
1007 3740 1223 3810 scripta
1254 3756 1379 3810 qure
1407 3739 1466 3794 in
1491 3738 1868 3810 Lotharingia
1888 3743 1942 3793 et

293 3830 517 3887 Alsatia
543 3834 600 3887 et
627 3829 690 3886 in
723 3829 928 3886 vicinis
957 3828 1280 3884 Germaniae
1310 3827 1682 3883 monasteriis
1705 3844 1938 3899 compa-

295 3936 424 3977 rare
453 3920 666 3994 potuit,
700 3920 801 3976 sed
834 3935 938 3975 nec
969 3918 1126 3974 euris
1158 3923 1255 3972 aut
1278 3917 1600 3986 laboribus,
1625 3917 1742 3972 sive
1763 3917 1939 3972 etiam

293 4009 630 4081 sumptibus
661 4007 866 4081 parcit,
901 4011 965 4062 ut
1000 4005 1147 4062 actis
1202 4011 1544 4061 sanctorum
1603 4010 1936 4060 nostrorum

293 4097 658 4155 illustrandis
677 4094 1101 4152 autannalibus
1118 4095 1506 4150 Benedictinis
1519 4093 1940 4149 concinnaudis

293 4175 597 4258 suppetias
619 4185 876 4241 ferat.Ex
898 4199 964 4238 eo
996 4181 1281 4238 nonnulla
1293 4199 1523 4253 quoque
1537 4182 1852 4238 didicimus
1868 4184 1938 4240 de

293 4273 665 4330 monasteriis
695 4289 821 4344 quas
865 4287 900 4327 a
949 4271 1100 4326 beati
1143 4271 1346 4326 Leonis
1406 4271 1746 4342 parentibus
1803 4289 1936 4326 con-

291 4365 518 4418 structa
546 4377 580 4415 a
608 4361 867 4418 Wiberto
899 4359 1194 4415 dicuntur.
1245 4361 1504 4424 Quatuor
1560 4361 1935 4432 potissimum

2057 3203 2462 3259 senheimense
2483 3203 2735 3273 denique
2761 3202 3088 3258 coenobium
3121 3208 3253 3274 post
3281 3205 3483 3262 varias
3521 3208 3697 3263 fortu-

2056 3310 2162 3349 nas
2209 3293 2267 3347 in
2301 3291 2502 3347 cellam
2537 3291 2860 3354 redactum,
2895 3307 2960 3347 ac
2987 3307 3132 3363 pene
3162 3293 3408 3349 omnino
3443 3295 3696 3352 dirutum

2047 3383 2225 3454 jacet.
2261 3382 2399 3452 Ejus
2431 3380 2554 3438 sola
2585 3384 2904 3451 supersunt
2931 3381 3164 3450 rudera,
3217 3384 3390 3453 cujus
3451 3385 3696 3442 ecclesia

2055 3473 2422 3542 aliorumque
2451 3469 2830 3524 aediﬁciorum
2863 3469 3016 3525 muri
3047 3471 3271 3543 absque
3321 3474 3499 3530 tectis
3526 3474 3695 3531 etiam

2053 3575 2209 3614 nunc
2237 3559 2513 3614 visuntur
2543 3557 2701 3613 haud
2731 3557 2934 3630 procul
2967 3558 3039 3616 ab
3091 3559 3436 3632 Egarsemio
3466 3562 3692 3636 oppido.

2051 3651 2098 3704 A
2128 3664 2242 3721 quo
2275 3665 2388 3702 uno
2421 3647 2648 3704 circiter
2675 3646 2947 3703 milliario
2979 3646 3532 3708 Woeenheimensis
3571 3668 3696 3723 par-

2053 3737 2266 3793 thenon
2291 3736 2568 3803 distabat,
2601 3740 2854 3807 quatuor
2882 3751 3014 3791 vero
3045 3741 3147 3792 aut
3187 3737 3456 3809 quinque
3511 3756 3544 3794 a
3597 3738 3696 3796 Co-

2051 3825 2342 3881 luinbaria
2370 3825 2655 3896 (Colmar),
2690 3825 2950 3896 supremi
2978 3825 3210 3882 Alsatiae
3244 3833 3490 3884 senatus
3545 3829 3692 3884 sede.

2051 3917 2331 3972 Caeterum
2360 3914 2504 3970 illud
2535 3919 2625 3970 est
2654 3914 2851 3986 ipsum
2883 3913 3233 3971 ancillarum
3263 3915 3366 3971 Dei
3405 3921 3692 3974 monaste-

2049 4005 2202 4060 rium
2225 4005 2449 4060 Sancta:
2469 4003 2690 4072 Crucis,
2705 4003 2775 4059 de
2787 4005 2957 4076 cuius
2979 4004 3278 4060 advocatia
3292 4005 3695 4079 disceptabant

2048 4095 2214 4165 Hugo
2251 4097 2307 4151 et
2335 4093 2648 4160 Gerardus,
2682 4092 2835 4148 beati
2869 4093 3078 4148 Leonis
3126 4099 3392 4164 nepotes,
3441 4101 3691 4168 tempore

2049 4183 2310 4256 Gregorii
2338 4182 2459 4251 νυ,
2494 4188 2559 4238 ut
2589 4187 2745 4254 patet
2775 4199 2843 4237 ex
2872 4183 2999 4253 ejus
3029 4182 3278 4254 epistola
3307 4183 3377 4240 44
3403 4185 3533 4242 libri
3556 4183 3689 4254 ιι,δά

2049 4273 2437 4329 Guarnerium
2453 4271 2939 4345 Argentinensem
2956 4277 3012 4327 et
3025 4272 3323 4330 Burchard
3335 4291 3436 4330 um
3476 4273 3687 4330 Basile-

2047 4379 2246 4419 ensem
2279 4361 2604 4434 episcopos,
2639 4360 2738 4417 ubi
2769 4361 2924 4417 idem
2955 4362 3215 4434 pontifex
3246 4363 3498 4420 testatur
3537 4362 3686 4420 istud

290 4437 689 4515 recensentur,
727 4449 913 4517 Hissa,
948 4449 1136 4504 sancti
1169 4449 1411 4522 Cyriaci,
1443 4449 1620 4504 Lutra
1669 4455 1725 4504 et
1771 4449 1934 4506 Wof-
1968 4472 2012 4536 Β
2049 4476 2077 4504 ‹‹
2110 4451 2533 4508 monasterium
2565 4452 2787 4507 Sanctis
2809 4450 3031 4519 Crucis,
3066 4451 3125 4506 in
3155 4455 3311 4507 terra
3340 4450 3687 4510 hereditatis

289 4538 569 4596 fenheim.
603 4540 740 4605 Quae
765 4537 939 4594 etiam
999 4537 1300 4593 Richerius
1357 4538 1506 4594 libro
1567 4557 1604 4593 ll
1664 4539 1931 4596 Chronici

289 4627 688 4696 Senoniensis,
723 4627 911 4700 capite
942 4628 1026 4694 14,
1086 4632 1504 4683 commemorat
1560 4627 1652 4684 his
1707 4629 1930 4699 verbis;

289 4742 316 4770 «
340 4723 530 4786 Anno,
566 4717 776 4790 inquit,
799 4717 961 4784 4002,
993 4717 1268 4773 nativitas
1300 4718 1449 4772 beati
1477 4717 1928 4775 Brunonis.......

285 4809 457 4880 cujus
488 4812 757 4879 parentes
788 4807 1030 4864 Hessam
1061 4807 1481 4863 monasterium
1513 4808 1932 4863 sanctimonia-

285 4897 432 4952 lium
467 4914 644 4970 penes
676 4897 999 4953 Sareborch
1024 4897 1474 4952 aediﬁcaverunt.
1501 4897 1673 4950 Aliud
1697 4914 1931 4968 quoque

287 4988 710 5042 monasterium
757 4989 1230 5051 construxerunt,
1260 4986 1413 5056 quod
1468 4985 1926 5053 Aldort’dicitur,

283 5075 505 5132 ordinis
533 5075 722 5132 sancti
783 5075 1099 5140 Benedicti,
1152 5075 1307 5145 quod
1366 5074 1423 5128 in
1476 5074 1696 5129 Alsatia
1750 5075 1929 5130 situm

2044 4559 2162 4598 suae
2196 4560 2228 4597 a
2258 4542 2438 4596 beatas
2495 4541 2785 4598 memoria
2833 4540 3020 4596 Leone
3061 4558 3210 4614 papa
3259 4541 3594 4610 fundatum,
3624 4555 3684 4597 ac

2045 4631 2294 4704 propriis
2316 4630 2526 4703 Opibus
2556 4632 2684 4702 ejus
2715 4634 3144 4699 constructum,
3169 4636 3386 4688 sancta:
3419 4631 3683 4692 Romanae

2043 4719 2327 4787 Ecclesiae,
2360 4720 2453 4776 cui
2484 4719 2575 4792 pie
2598 4725 2654 4776 et
2679 4723 2878 4777 sancte
2910 4719 3356 4792 praesidebat,in
3385 4720 3683 4794 proprium

2039 4810 2136 4881 jus
2167 4811 2238 4864 ab
2271 4827 2335 4865 eo
2369 4810 2550 4865 fuisse
2578 4810 2883 4864 traditum.
2917 4831 2945 4859 »
2980 4807 3126 4865 Data
3167 4814 3255 4864 est
3283 4826 3376 4876 xiv
3419 4809 3541 4864 Kal.
3583 4807 3680 4863 Νο-

2040 4901 2294 4963 vembris,
2328 4899 2623 4953 imlz'ctione
2651 4895 2774 4953 xm.
2810 4902 3024 4952 Praeter
3044 4897 3164 4953 haec
3191 4899 3514 4954 Ludovicus
3540 4894 3681 4953 beati

2044 4987 2334 5060 pontiﬁcis
2365 5005 2530 5058 avus,
2563 4987 2612 5040 si
2642 4986 2850 5042 Joanni
2881 4986 2954 5041 de
2985 4987 3179 5059 Bayon
3210 4987 3529 5056 credimus,
3551 4984 3681 5041 dici-

2041 5081 2136 5131 tur
2167 5075 2372 5131 cellam
2403 5075 2722 5132 aediﬁcasse
2753 5074 3057 5131 monachis
3101 5075 3286 5132 Mauri
3345 5071 3678 5133 monasterii

283 5171 406 5232 est;
466 5165 704 5221 tertium
763 5166 964 5233 etiam,
1023 5165 1177 5235 quod
1239 5168 1550 5219 Lustrense
1582 5163 1833 5231 dicitur;
1875 5169 1932 5218 et
2038 5164 2479 5236 (Maurmunsler)
2512 5165 2571 5218 in
2602 5163 2882 5220 honorem
2907 5163 3094 5219 sancti
3118 5164 3529 5233 Quirini,haud
3551 5177 3677 5236 pro-

281 5259 556 5326 quartum
590 5252 1127 5309 sanctimonialium
1162 5253 1216 5307 in
1251 5253 1696 5308 honoresancta:
1713 5251 1926 5321 crucis;

283 5343 444 5410 item,
477 5341 536 5396 in
579 5342 822 5409 Alsatia,
866 5343 1022 5414 quod
1082 5343 1468 5399 Wofeinheim
1527 5346 1922 5414 nuncupatur.

2038 5253 2130 5308 cul
2163 5272 2196 5308 a
2229 5253 2530 5325 Dasburgo
2561 5259 2750 5309 castro
2777 5271 2788 5320 ;
2825 5253 2976 5324 quod
3004 5253 3242 5324 quidem
3265 5259 3523 5326 castrum
3549 5268 3679 5326 pre-

2035 5343 2269 5413 cipuam
2304 5343 2566 5414 Hugonis
2597 5343 2749 5397 beati
2784 5341 2990 5398 Leonis
3021 5341 3206 5414 patris
3247 5343 3446 5398 sedem
3503 5343 3678 5398 fuisse

283 5430 416 5494 Qua:
449 5430 806 5486 monasteria
836 5431 1008 5487 bonis
1037 5430 1288 5503 propriis
1346 5431 1426 5486 ita
1477 5432 1828 5496 ditavcrunt,
1863 5435 1926 5487 ut
2035 5432 2218 5486 aiunt.
2255 5431 2404 5495 Quin
2437 5436 2493 5486 et
2524 5431 2638 5487 alia
2667 5431 2812 5486 cella
2837 5430 3026 5486 eidem
3077 5431 3269 5488 vicina
3295 5432 3544 5488 habetur
3570 5430 3675 5488 sub

285 5515 550 5590 ipsorum
577 5523 893 5576 conventus
924 5519 1255 5593 largissime
1281 5520 1513 5578 valeant
1568 5524 1920 5578 sustentare.

2031 5519 2203 5578 titulo
2231 5519 2421 5578 sancti
2453 5519 2682 5588 Leonis,
2715 5519 2884 5592 cujus
2919 5519 3134 5578 rudera
3164 5525 3485 5596 supersunt
3513 5520 3570 5579 in
3589 5535 3672 5577 ve-
