3964 6206
241 449 352 518 168

1104 446 1437 514 PROLEG.
1474 483 1547 496 —
1577 446 1760 513 VlTA
1804 447 1867 511 S.
1916 446 2224 512 LEONIS.
2255 482 2334 497 --
2363 447 2798 517 PROLOGUS.

3539 450 3658 516 £66

248 589 349 647 teri
378 591 596 655 castro,
631 585 786 660 quod
818 584 971 643 sicut
1017 587 1075 642 et
1119 589 1433 642 comitatus
1486 587 1605 656 ipso
1639 585 1888 640 Dn.:.bur-
1919 596 1974 659 Α
2005 585 2089 642 sio
2113 586 2821 656 abbateexaratumest,et
2845 582 3103 660 primum
3120 601 3189 645 ex
3209 584 3656 662 Capuanis,qusi

257 679 443 754 gessis
474 678 533 733 in
566 675 850 733 comitum
877 674 1294 749 Linangiorum
1339 673 1680 730 Lutheranas
1731 677 1897 729 sectas

255 767 680 843 possessionem
712 764 1093 829 devenit.0ua
1121 781 1253 818 vero
1285 763 1505 818 ratione
1531 763 1624 818 hic
1657 762 1896 818 comita-

251 861 340 915 tus
369 874 399 914 e
437 857 594 914 beati
645 855 852 912 Leonis
911 853 1131 910 familia
1177 853 1473 908 transierit
1523 853 1591 908 ad
1651 857 1894 917 exteros,

251 946 483 1020 exponit
511 945 818 1001 Richerius
849 943 906 997 in
937 942 1220 998 Chronico
1248 941 1615 1009 Senonienei,
1639 941 1788 996 libro
1819 959 1895 1008 Iv,

251 1054 370 1110 cap.
420 1038 511 1090 21.
563 1035 834 1090 Castrum
884 1031 1050 1099 illud,
1085 1032 1241 1103 quod
1280 1030 1710 1086 validissimum
1753 1035 1896 1093 erat,

253 1125 536 1197 hodieque
568 1122 883 1196 pristinum
915 1135 1125 1176 nomen
1169 1119 1400 1185 retinet,
1435 1119 1734 1191 Dasbourg,
1771 1134 1897 1186 seu,

259 1219 320 1271 ut
338 1213 545 1286 vulgus
573 1210 856 1284 loquitur,
885 1209 1035 1266 Dabo
1064 1208 1497 1274 dictum,situm
1529 1209 1585 1262 in
1616 1223 1757 1278 rupe
1787 1207 1898 1262 Vo-

260 1304 376 1378 sagi
409 1302 623 1359 montis
655 1316 862 1357 versus
891 1297 1195 1362 Alsatiam,
1229 1297 1298 1352 ad
1327 1314 1504 1368 quam
1536 1297 1898 1366 attinet,cnm

258 1394 510 1464 subjecto
541 1389 652 1447 sibi
684 1387 962 1462 oppidulo
993 1391 1049 1444 et
1074 1386 1264 1442 vicino
1293 1389 1502 1448 tractu,
1536 1387 1898 1441 destructum

255 1482 375 1550 fuit,
399 1480 652 1554 jubente
682 1479 1039 1534 Francorum
1074 1491 1228 1548 rege,
1261 1491 1413 1529 anno
1451 1476 1612 1541 1678;
1647 1475 1746 1530 sed
1773 1475 1899 1545 jam

252 1573 321 1629 ab
352 1571 591 1627 beatum
625 1568 878 1623 Leonem
910 1565 1243 1621 redeamus.

317 1663 372 1714 7.
407 1660 490 1716 De
536 1657 742 1713 Leonis
790 1659 1049 1711 extremo
1098 1671 1250 1709 anno
1296 1652 1459 1708 nulla
1500 1652 1729 1708 videtur
1774 1668 1902 1708 esse

253 1748 599 1814 difﬁcultas;
620 1763 754 1802 eum
775 1745 990 1818 quippe
1007 1761 1159 1800 anno
1177 1744 1313 1798 1054
1335 1742 1406 1798 ad
1429 1758 1670 1814 superos
1688 1741 1902 1796 abiisse

256 1836 626 1896 consentiunt
654 1851 878 1902 omnes,
909 1837 1116 1906 praeter
1161 1831 1352 1888 solum
1401 1831 1754 1894 Wibertum,
1801 1829 1901 1901 qui

2007 692 2040 730 a
2063 673 2341 732 Michaslc
2372 675 2656 733 monacho
2688 675 2746 732 in
2769 675 3109 733 Sanctuario
3127 677 3476 735 referuntur.
3492 677 3657 746 Quod

2005 768 2062 821 et
2091 764 2150 820 in
2179 763 2306 820 aliis
2339 765 2558 837 passim
2592 783 2893 822 occurrere
2925 784 3039 822 non
3071 766 3499 836 dubitamus,in
3531 768 3660 841 qui-

2008 854 2118 910 bus
2149 854 2301 910 sicut
2329 858 2385 910 et
2413 854 2471 910 in
2506 854 2915 928 Martyrologio
2939 856 3322 928 Romano,die
3352 858 3418 913 19
3445 856 3660 930 Aprilis

2008 941 2350 997 celebratur.
2386 944 2507 998 Non
2541 945 2696 999 enim
2732 945 2923 999 Romae
2958 945 3149 1001 solum
3190 949 3291 1000 aut
3315 949 3374 1002 et
3404 945 3461 1001 in
3497 945 3663 1003 Italia

2009 1030 2220 1085 festum
2253 1032 2380 1101 ejus
2412 1032 2705 1100 recolitur,
2735 1034 2833 1088 sed
2863 1038 2920 1089 et
2950 1034 3006 1089 in
3039 1033 3170 1090 aliis
3201 1050 3433 1110 quoque
3471 1035 3660 1109 regio-

2009 1119 2183 1174 nibus
2210 1120 2492 1176 memoria
2535 1122 2660 1192 ejus
2720 1121 2963 1177 celebris
3012 1127 3134 1191 est;
3194 1123 3569 1196 potissimum
3600 1125 3660 1181 in

2007 1208 2266 1264 Tullensi
2303 1209 2557 1276 dimcesi,
2583 1210 2681 1264 ubi
2714 1211 2825 1265 sub
2857 1211 2969 1266 ritu
3007 1212 3224 1284 duplici
3256 1213 3663 1281 celebratur,et

2009 1298 2160 1368 apud
2198 1302 2428 1353 nostros
2460 1297 2833 1370 Remigianos
2863 1300 3254 1373 semiduplici.
3290 1303 3446 1358 Idem
3493 1301 3557 1357 fit
3600 1303 3659 1357 in

2009 1385 2241 1442 dimcesi
2277 1387 2612 1453 Basileensi,
2646 1404 2712 1442 ex
2742 1388 2986 1444 Joannis
3018 1407 3050 1443 a
3077 1390 3367 1446 Schonaw
3404 1391 3661 1464 episcopi

2010 1477 2305 1530 mandato.
2340 1477 2454 1531 Nec
2484 1478 2730 1532 dubium
2765 1481 2853 1533 est
2883 1477 3023 1548 quin
3054 1478 3209 1534 idem
3257 1483 3567 1552 priestetur
3600 1479 3661 1536 in

2008 1564 2185 1620 variis
2213 1565 2754 1633 Gallia3,Germania:
2787 1569 2843 1622 et
2872 1566 3113 1640 Belgica:
3138 1567 3304 1634 locis,
3336 1571 3484 1641 qua,
3519 1569 3660 1624 dum

2008 1653 2244 1721 viveret,
2278 1653 2547 1710 lustravit
2594 1671 2658 1710 ac
2711 1672 2820 1711 sua
2867 1657 3198 1728 praesentia,
3238 1661 3296 1713 et
3344 1655 3661 1730 pontificali

2011 1741 2412 1799 benedictione
2469 1761 2535 1799 ac
2593 1745 2771 1800 variis
2828 1745 3149 1819 privilegiis
3187 1747 3544 1802 consecravit
3597 1763 3663 1822 ac

2013 1831 2412 1886 communivit.
2463 1833 2771 1901 Caeterum,
2804 1833 2854 1888 si
2910 1835 2982 1890 ob
3030 1834 3160 1889 vitas
3215 1835 3662 1893 sanctimoniam

260 1944 480 1986 annum
511 1927 848 1996 sequentem
880 1921 1220 1994 assignavit.
1246 1921 1308 1976 Id
1336 1936 1403 1976 ex
1426 1919 1796 1976 librariorum
1818 1920 1901 1974 vi-
1933 1956 1978 2021 B
2014 1918 2302 1976 caelitibus
2331 1921 2622 1993 ascriptus
2661 1925 2768 1988 est,
2804 1922 2875 1978 ob
2906 1922 3233 1978 doctrinam
3283 1924 3434 1980 inter
3479 1923 3662 1981 eccle-

255 2017 334 2074 tio
371 2017 430 2071 in
466 2011 704 2070 Wiberti
750 2015 970 2066 textum
1022 2010 1326 2082 irrepsisse
1377 2013 1619 2065 censent
1666 2008 1902 2064 Bollan-

252 2103 440 2172 diani;
472 2106 530 2160 et
559 2101 801 2174 quidem
840 2100 1133 2156 versimile
1163 2104 1252 2155 est
1281 2100 1436 2154 hunc
1467 2114 1722 2154 errorem
1772 2114 1901 2170 pro-

248 2195 478 2252 venisse
511 2190 816 2248 occasione
845 2189 1145 2246 electionis
1175 2189 1424 2245 Victoris
1474 2189 1543 2256 ΙΙ,
1587 2188 1715 2258 ejus
1769 2203 1904 2242 suc-

252 2282 656 2353 cessoris,quae
677 2279 910 2335 nonnisi
941 2296 1094 2334 anno
1126 2280 1245 2335 fere
1276 2279 1502 2350 integro
1533 2281 1665 2350 post
1695 2276 1902 2332 Leonis

256 2373 476 2432 obitum
529 2371 683 2424 facta
732 2367 861 2422 fuit.
896 2367 989 2423 Sic
1038 2372 1232 2422 tamen
1285 2366 1502 2421 habent
1549 2381 1663 2420 non
1709 2365 1902 2420 solum

257 2460 416 2527 editi,
445 2459 544 2515 sed
577 2462 636 2513 et
666 2456 895 2513 codices
922 2459 958 2510 2
990 2473 1131 2511 mss.
1152 2455 1517 2510 Bibliothecas
1550 2453 1903 2525 Remigianas

255 2550 405 2622 apud
442 2549 832 2618 Remos,quos
859 2545 1302 2612 consuluimns;
1336 2545 1434 2599 sed
1459 2547 1523 2598 ut
1546 2547 1609 2598 ut
1631 2542 1905 2609 sit,unico

251 2637 499 2696 Wiberti
527 2635 862 2692 testimonio
885 2634 1305 2707 praeferendum
1329 2649 1637 2688 censemus
1659 2631 1904 2686 aliorum

250 2727 520 2786 omnium
555 2724 929 2796 scriptorum,
962 2724 1136 2779 etiam
1170 2722 1505 2796 aequalium,
1531 2737 1903 2777 consensum.

251 2817 539 2874 Caeterum
579 2817 686 2868 Leo
717 2813 916 2867 statim
948 2816 1080 2884 post
1112 2817 1358 2867 mortem
1405 2809 1512 2866 coli
1565 2809 1758 2882 erepit,
1792 2826 1908 2864 non

254 2904 449 2961 solum
483 2903 683 2957 Remis
715 2900 814 2955 ubi
846 2915 1078 2956 sacrum
1112 2900 1240 2970 ejus
1289 2915 1501 2970 corpus
1551 2898 1909 2970 quotidianis

255 2990 568 3050 miraculis
597 2989 964 3054 coruscabat,
994 3004 1197 3043 verum
1232 2987 1407 3044 etiam
1441 2987 1770 3053 Beneventi,
1810 2987 1907 3042 ubi

251 3082 540 3138 adificata
572 3078 682 3134 fuit
711 3076 769 3132 in
803 3078 929 3149 ejus
969 3076 1249 3133 honorem
1299 3076 1542 3132 ecclesia
1593 3079 1649 3132 et
1697 3076 1908 3131 festum

251 3170 442 3244 ipsius
473 3166 852 3224 celebratum.
889 3167 1045 3222 Idem
1095 3167 1164 3221 de
1213 3183 1323 3221 sua
1352 3165 1643 3240 Signicnsi
1669 3164 1914 3222 ecclesia

259 3262 519 3318 testatur
549 3257 763 3312 Bruno.
785 3255 1004 3311 Nomen
1037 3256 1166 3327 ejus
1197 3255 1471 3311 exhibent
1501 3253 1911 3310 Kalendarium

2013 2009 2280 2064 siasticos
2311 2011 2624 2082 scriptores
2648 2010 2839 2066 locum
2873 2012 3143 2066 obtinuit.
3176 2012 3255 2066 De
3285 2013 3414 2084 ejus
3461 2012 3662 2086 Operi-

2012 2097 2124 2152 bus
2158 2098 2298 2153 nihil
2333 2100 2654 2154 notandum
2681 2099 2932 2154 occurrit
2953 2116 3132 2171 quam
3155 2101 3309 2172 quod
3333 2101 3522 2158 caeteri
3539 2101 3664 2169 jam

2012 2186 2411 2243 observarunt.
2441 2187 2798 2262 Sigebertus,
2830 2189 3134 2245 recensitis
3180 2190 3309 2261 ejus
3357 2189 3664 2265 Operibus,

2013 2291 2147 2330 eum
2179 2277 2254 2332 ob
2284 2293 2350 2332 ea
2381 2294 2506 2349 quze
2540 2277 2596 2332 in
2631 2281 2967 2334 sanctorum
2999 2278 3280 2334 honorem
3312 2276 3663 2352 composuit,

2014 2366 2290 2439 Gregorio
2323 2366 2532 2439 Magno
2563 2371 3018 2438 comparat,cap.
3046 2368 3252 2423 149.Ι)θ
3283 2368 3666 2440 scriptoribus

2014 2453 2444 2511 ecclesiasticis.
2491 2455 2782 2510 Aubertus
2829 2455 3060 2510 Mimans
3101 2472 3236 2512 vero
3281 2456 3340 2510 in
3391 2455 3545 2512 notis
3593 2457 3666 2512 ad

2015 2544 2172 2599 hunc
2203 2543 2487 2614 Sigeberti
2521 2542 2734 2610 locum,
2769 2543 2970 2614 adjicit
3000 2547 3208 2615 praeter
3235 2543 3511 2616 epistolas
3542 2543 3670 2617 ejus

2015 2633 2226 2699 varias,
2260 2649 2385 2704 qum
2417 2632 2474 2686 in
2508 2631 2896 2688 Conciliorum
2937 2633 3292 2688 editionibus
3334 2637 3391 2689 et
3438 2625 3668 2690 Baronii

2017 2721 2345 2776 Annalibus
2375 2721 2686 2787 habentur,
2716 2722 2981 2792 ejusdem
3015 2721 3199 2777 sancti
3232 2721 3524 2793 pontiﬁcis
3566 2722 3668 2778 bo-

2018 2809 2210 2866 milias
2242 2814 2300 2865 et
2330 2826 2629 2865 sermones
2659 2810 2893 2865 Lovanii
2953 2827 3105 2865 anno
3137 2811 3276 2865 1565
3323 2818 3377 2866 et
3421 2809 3674 2882 Colonia:

2021 2901 2181 2964 1618,
2217 2899 2525 2970 prodiisse,
2557 2899 2709 2971 quod
2744 2899 2897 2956 idem
2921 2899 3141 2955 notavit
3190 2898 3507 2955 cardinalis
3536 2893 3671 2956 Bel-

2018 2987 2597 3059 larminus.Denique
2620 3004 2913 3043 summam
2937 2989 3067 3059 ejus
3087 2989 3146 3043 in
3169 2988 3391 3045 litteras
3421 3003 3671 3062 propen-

2022 3075 2245 3132 sionem
2279 3075 2505 3147 probat,
2538 3076 2714 3148 idque
2741 3075 2917 3132 veluti
2949 3076 3216 3133 mirabile
3246 3077 3518 3151 proponit
3544 3073 3670 3134 Wi-

2021 3167 2219 3221 bertns
2250 3165 2396 3220 libro
2431 3183 2490 3234 II,
2525 3183 2649 3237 cap.
2688 3167 2775 3236 1i,
2800 3167 2952 3238 quod
2989 3183 3198 3240 nempe
3227 3167 3377 3223 ultra
3405 3163 3674 3242 quinqua-

2023 3257 2281 3325 genarius
2309 3258 2459 3310 tanta
2487 3258 2718 3326 fervoret
2743 3255 3009 3324 studio,ut
3037 3255 3358 3312 divinarum
3389 3257 3673 3314 lectionem

251 3347 531 3408 breviarii
561 3344 1558 3417 ms.Casinensismonasterii,quod
1584 3345 1694 3400 sub
1717 3344 1913 3401 Oderi-
1943 3329 1985 3394 C
2022 3345 2436 3417 Scri'plurarum
2465 3343 2649 3402 Grzcco
2681 3345 2975 3401 addisccret
3005 3345 3242 3418 eloquio.

1635 3537 2305 3626 PROLOGUS.

325 3685 496 3739 Viam
550 3683 832 3740 universa
882 3681 1074 3738 carnis
1123 3681 1387 3755 ingresso
1436 3681 1708 3754 pontiﬁce
1752 3679 1912 3735 Heri-

258 3789 482 3828 manno
511 3770 866 3842 (1),sucessit
895 3769 1244 3826 venerabilis
1278 3771 1486 3836 Bruno,
1511 3769 1598 3824 vir
1629 3769 1914 3824 natalium

257 3861 641 3936 prairogativa
685 3865 864 3932 atque
924 3876 1154 3914 morum
1213 3859 1505 3931 elegantia
1568 3857 1920 3912 mirabiliter

255 3951 514 4007 donatus
547 3965 579 4005 a
608 3949 874 4004 Domino.
909 3947 1016 4013 Qui
1048 3947 1183 4002 licet
1207 3948 1329 4018 jam
1363 3948 1532 4019 quasi
1583 3951 1918 4019 postremus

256 4044 539 4112 appareat
559 4037 615 4092 in
637 4035 991 4110 pontificalis
1013 4035 1370 4091 decessionis
1400 4035 1919 4108 catalogo,primus

258 4133 458 4184 tamen
492 4126 703 4182 enituit
731 4143 795 4182 ex
828 4124 1044 4180 summi
1077 4125 1454 4196 pontificatus
1481 4124 1781 4196 privilegio
1817 4141 1829 4179 :
1865 4128 1919 4179 et

256 4216 420 4273 velut
448 4215 673 4271 Lucifer
702 4214 830 4271 οωιί
862 4213 1113 4270 statione
1137 4214 1621 4282 novissimus,sed
1656 4213 1760 4268 soli
1795 4230 1921 4284 pro-

259 4304 543 4378 pinquior
570 4303 728 4370 exiit,
760 4304 902 4357 dum
953 4306 1084 4374 post
1128 4301 1360 4375 longam
1412 4303 1784 4358 decessornm
1830 4317 1920 4357 se-

259 4394 434 4457 riem,
487 4409 594 4448 suo
644 4391 970 4448 sacerdotio
1022 4391 1274 4446 Leucam
1320 4392 1551 4457 urbem,
1583 4391 1701 4446 imo
1733 4396 1921 4446 totum

256 4481 736 4538 Christianorum
767 4481 964 4536 orbem
1012 4479 1344 4547 illustravit,
1393 4485 1448 4535 et
1496 4496 1695 4535 verum
1728 4479 1920 4535 Solem

255 4571 373 4627 sibi
408 4570 962 4637 vicinum,errorum
995 4569 1251 4641 fugando
1283 4568 1922 4642 caliginem,vivacitate

255 4660 354 4716 sui
408 4658 620 4714 nitoris
667 4657 942 4712 ostendit.
974 4657 1089 4712 Nec
1133 4656 1536 4728 prrsjudicium
1572 4657 1817 4712 incurrit
1855 4674 1922 4713 ex

2031 3678 2259 3750 negotio
2290 3678 2476 3750 stylus
2507 3679 2804 3744 reddatur,
2839 3683 2904 3734 ut
2949 3679 3019 3734 de
3067 3682 3231 3735 tanto
3279 3679 3525 3752 presule
3564 3697 3683 3738 non

2028 3771 2150 3822 tam
2183 3767 2402 3838 audita,
2435 3783 2612 3838 quam
2643 3767 2770 3822 visa
2796 3769 2866 3822 ad
2901 3767 3344 3824 aedificationem
3394 3768 3685 3842 plurimo-

2031 3873 2163 3911 rum
2194 3855 2688 3911 transcribantur.
2722 3856 2785 3910 Et
2835 3856 3073 3928 quidem
3123 3856 3456 3929 benignitas
3491 3857 3681 3930 ipsius

2033 3944 2272 4017 dignata
2302 3961 2490 4000 meam
2525 3945 2865 4016 parvitatem
2907 3945 3258 4001 familiarius
3307 3945 3418 4002 sibi
3461 3947 3687 4018 jugiter

2034 4035 2328 4100 assistere,
2361 4051 2475 4088 non
2509 4051 2614 4090 suo
2646 4034 2840 4090 studio
2862 4034 3142 4102 el'fecit,ut
3171 4035 3340 4107 plura
3369 4035 3442 4091 de
3470 4051 3536 4092 eo
3560 4035 3691 4090 imi-

2032 4124 2212 4180 tanda
2240 4123 2555 4177 valuissem
2609 4139 2712 4194 per
2746 4128 2961 4178 memet
3005 4123 3366 4195 dignoscere,
3408 4121 3694 4181 nonnulla

2033 4230 2268 4284 quoque
2301 4212 2592 4267 veracium
2625 4217 2682 4267 et
2713 4213 2976 4284 gravium
3022 4212 3318 4279 relatione,
3354 4214 3425 4270 de
3471 4213 3691 4286 quibus

2035 4303 2302 4373 quaedam
2326 4302 2419 4356 vix
2441 4307 2852 4357 summotenus
2866 4303 3487 4375 perstringo,quedam
3511 4303 3686 4359 etiam

2035 4391 2227 4446 sciens
2257 4396 2555 4462 praatereo,
2585 4409 2656 4446 ne
2685 4396 2786 4447 aut
2817 4391 2927 4446 sim
2961 4391 3172 4464 longus
3204 4391 3336 4464 plus
3366 4393 3552 4465 justo,
3583 4409 3686 4448 seu

2037 4479 2358 4536 adulatoris
2389 4487 2554 4536 noter
2574 4480 2758 4551 elogio
2785 4499 2798 4548 ;
2833 4485 2954 4548 aut,
2989 4481 3129 4553 quia
3158 4481 3351 4538 adhuc
3398 4486 3689 4556 superest,

2034 4568 2352 4640 impugner
2381 4568 2479 4622 illo
2509 4569 2843 4625 Salomonis
2876 4570 3177 4642 proverbio
3211 4586 3224 4624 :
3257 4573 3331 4627 Nc
3377 4572 3567 4627 laudes
3592 4571 3691 4626 ho-

2033 4659 2239 4712 minem
2272 4660 2331 4712 z'u
2364 4660 2476 4713 vita
2501 4675 2601 4714 sua
2633 4661 2819 4726 (Eccli.
2855 4677 2932 4713 xu.
2969 4661 3059 4731 30)
3115 4661 3186 4714 Et
3231 4660 3508 4731 quoniam
3559 4676 3692 4734 pro-

257 4745 611 4822 posteritate
641 4745 742 4818 qui
771 4750 907 4802 ante
936 4745 1147 4802 saecula
1177 4745 1458 4800 divinitus
1490 4746 1723 4816 praefixo
1748 4746 1923 4802 desti-
1960 4760 2004 4823 Π
2038 4746 2293 4818 positum
2326 4747 2612 4803 habemus
2639 4748 2791 4803 dona
2822 4747 2920 4802 Dei
2955 4747 3192 4804 laudare
3223 4748 3284 4803 in
3305 4765 3371 4804 eo
3394 4765 3526 4822 quae
3553 4752 3696 4804 sunt

254 4843 443 4894 natus
473 4839 568 4892 est
598 4839 881 4907 tempore.
917 4833 1308 4889 immutabilis
1338 4834 1494 4889 enim
1529 4833 1925 4903 divinitas,rui

255 4928 480 4993 cuncta
511 4922 802 4980 assistunt
832 4927 959 4978 acta
987 4927 1042 4978 et
1073 4923 1297 4994 agenda
1327 4922 1528 4987 simul,
1556 4921 1640 4978 sic
1670 4923 1930 4994 disponit

255 5012 693 5070 alternationes
737 5010 1135 5079 mutabilium,
1170 5015 1235 5066 ut
1281 5027 1396 5066 non
1444 5011 1556 5066 sibi
1603 5011 1926 5083 quidquam

255 5119 463 5160 serum
500 5106 603 5157 aut
633 5104 1055 5173 priaposterum
1087 5100 1302 5156 sentiat
1353 5100 1412 5154 in
1463 5100 1666 5155 ordine
1708 5117 1925 5158 rerum.

255 5196 512 5263 Nempe,
548 5195 614 5245 ut
643 5191 714 5246 de
745 5188 992 5261 reliquis
1024 5189 1256 5244 interim
1288 5192 1567 5257 taceatur,
1603 5189 1927 5260 redemptio

254 5281 464 5354 generi
498 5279 760 5335 humano
812 5279 1064 5334 maxime
1112 5278 1462 5342 necessaria,
1496 5279 1554 5332 in
1601 5280 1715 5333 ﬁne
1748 5296 1927 5332 saecu-

255 5368 460 5425 lorum
495 5368 755 5424 exhibita
785 5367 1228 5440 comprobatur;
1262 5371 1316 5422 et
1347 5367 1445 5438 qui
1480 5366 1613 5439 plus
1653 5367 1929 5422 omnibus

256 5454 556 5512 laboravit
585 5456 826 5524 Paulus,
846 5462 982 5530 post
1002 5456 1298 5528 apostolos
1329 5471 1533 5509 omnes
1565 5455 1635 5509 de
1667 5453 1809 5510 cmlo
1833 5472 1927 5510 vo-

259 5548 459 5612 catur,
493 5545 645 5601 unde
676 5547 856 5603 etiam
892 5545 1222 5600 abortivum
1246 5547 1428 5598 semet
1452 5560 1824 5614 nuncupasse
1849 5544 1930 5597 in-

259 5633 520 5689 venitur.
554 5633 770 5691 Verum
805 5651 878 5691 ne
908 5633 1135 5690 diutius
1176 5630 1270 5687 hic
1319 5631 1626 5700 haereatur,
1658 5637 1928 5703 suscepto

2040 4835 2334 4892 laudanda
2366 4836 2421 4890 in
2456 4853 2702 4907 pagano,
2737 4853 2849 4891 non
2885 4835 3183 4892 hominem
3226 4837 3562 4906 laudamus,
3591 4839 3690 4894 sed

2038 4923 2204 4979 illum
2239 4941 2270 4979 a
2303 4941 2416 4995 quo
2446 4929 2503 4978 et
2535 4941 2638 4994 per
2667 4941 2840 4995 quem
2882 4926 3075 4980 omnis
3119 4924 3294 4979 homo
3338 4925 3580 4982 veniens
3632 4927 3704 4982 in‘

2038 5012 2194 5068 hunc
2235 5011 2524 5066 mundum
2557 4997 2945 5080 illuminatur,
2999 5017 3062 5066 ut
3108 5015 3210 5066 aut
3258 5011 3412 5068 bona
3457 5013 3692 5086 cogitet,

2038 5101 2196 5156 dicat
2221 5099 2308 5154 vel
2341 5100 2911 5171 operetur.Nunquid
2945 5116 3080 5155 vero
3110 5103 3340 5155 tantum
3385 5101 3695 5172 prasulem

2038 5194 2436 5260 protestamur
2459 5187 2516 5240 in
2549 5187 2657 5241 hac
2690 5186 2906 5242 misera
2931 5187 3203 5260 vita,quaa
3223 5185 3426 5258 utique
3455 5193 3546 5243 est
3577 5193 3698 5244 tota

2040 5277 2304 5344 tentatio,
2340 5277 2465 5332 sine
2500 5280 2732 5347 pccrato
2763 5275 3080 5347 aliquando
3105 5276 3318 5332 vixisse
3349 5279 3450 5332 aut
3486 5275 3698 5346 vivere,

2040 5367 2192 5438 quod
2231 5384 2335 5421 nec
2371 5366 2544 5421 unius
2575 5365 2688 5420 diei
2726 5364 2933 5420 infanti
2964 5365 3114 5421 valet
3140 5365 3410 5423 evenire?
3437 5365 3546 5421 Sed
3575 5368 3704 5438 qui-

2039 5455 2152 5509 bus
2180 5460 2269 5509 est
2300 5456 2478 5509 studii
2514 5455 2743 5510 divinas
2769 5454 3007 5509 virtutes
3029 5455 3087 5509 in
3111 5455 3308 5527 aliquo
3334 5453 3571 5512 homine
3595 5454 3701 5511 im-

2041 5559 2275 5614 pressas
2318 5545 2387 5597 ad
2441 5545 2751 5600 utilitatem
2801 5543 3045 5599 aliorum
3094 5543 3428 5616 praedicare,
3462 5529 3702 5617 peccata

2039 5630 2296 5686 hominis
2318 5647 2443 5701 qua:
2469 5633 2593 5702 jam
2618 5651 2651 5688 a
2668 5635 2784 5692 Deo
2801 5638 2954 5691 tecta
2970 5631 3325 5704 sunt,nolint
3341 5633 3412 5690 ad
3427 5631 3700 5703 ejusdem

344 5740 426 5811 (1)
457 5740 838 5801 Hirimannus
867 5741 1184 5816 episcopus
1208 5737 1504 5795 Tullensis
1537 5753 1607 5792 ex
1647 5736 1756 5793 hac
1787 5738 1903 5793 vita
1939 5736 2214 5809 migravit
2243 5753 2397 5792 anno
2429 5739 2582 5792 1026.
