3964 6206
229 420 346 487 469

1191 423 1523 487 PROLEG.
1558 459 1635 472 —
1665 421 1848 486 VITA
1897 424 1961 485 S.
2013 424 2313 486 LEONIS.
2349 459 2423 472 —
2453 427 2602 488 LIB.
2648 425 2698 488 Ι.

3534 404 3654 486 4'70

237 556 497 616 carnales
527 573 716 632 supra
746 558 988 617 modum
1025 557 1415 617 intumescere
1447 575 1693 632 moxque
1722 559 1891 614 detu-
1921 557 1974 625 Α
2006 557 2101 630 pia
2130 557 2488 632 dispensatio
2520 563 2820 618 consuevit
2843 558 3014 617 donis
3038 558 3163 617 suis
3185 556 3414 632 ﬂagella
3443 563 3503 616 et
3530 562 3658 614 ten-

249 665 521 705 mescere.
551 649 693 705 Erat
724 648 943 722 quippe
983 648 1234 705 all'abilis
1273 648 1568 715 omnibus,
1602 647 1778 704 etiam
1809 648 1898 702 in-

239 738 416 803 fimis,
433 742 674 810 aspectu
695 742 754 794 et
776 739 952 794 affatu
977 755 1209 810 quoque
1233 738 1458 803 hilaris,
1485 736 1899 793 obedientissio

233 843 364 882 mus
397 844 513 883 non
545 832 782 882 tantum
819 827 1143 898 majoribus
1175 833 1231 882 et
1251 825 1668 899 coasqualibus,
1696 842 1897 880 verum

229 921 288 970 et
314 916 442 972 suis
467 916 824 972 minoribus.
851 917 991 988 Ejus
1013 916 1249 987 quidem
1276 915 1812 987 collegm,quamvis
1834 931 1898 969 eo

233 1004 551 1075 majusculi
580 1006 955 1071 exstiterunt,
979 1006 1096 1060 duo
1125 1004 1518 1060 Adalberones
1542 1001 1899 1058 contribules

231 1093 344 1159 sui,
369 1109 437 1148 ex
457 1093 679 1165 quibus
700 1094 862 1166 prior
881 1093 1198 1149 immaturo
1221 1098 1311 1148 est
1336 1093 1471 1148 hinc
1495 1096 1699 1163 raptus
1719 1091 1894 1166 exitu,

234 1180 402 1236 ducis
455 1181 724 1238 videlicet
782 1181 1130 1238 Theoderici
1183 1182 1342 1237 {ilius
1373 1181 1474 1250 (6),
1508 1181 1652 1236 alter
1703 1185 1897 1234 autem

232 1269 524 1326 Hezilonis
543 1271 713 1326 ducis
740 1287 1085 1343 germanus,
1102 1288 1169 1326 ac
1194 1269 1486 1326 Frcderici
1513 1269 1706 1324 eximii
1739 1268 1897 1340 prin-

238 1357 384 1430 cipis
418 1364 612 1427 natus,
647 1361 758 1415 sub
790 1360 1122 1416 scholarum
1157 1359 1463 1431 magistro,
1495 1359 1770 1430 magister
1799 1373 1896 1410 ne-

227 1447 411 1519 potuli
435 1449 527 1503 sui
551 1448 843 1504 Brunonis
865 1450 1257 1516 constitutus,
1288 1448 1426 1520 quia
1455 1452 1595 1503 tunc
1626 1464 1728 1518 pro
1750 1450 1898 1500 tem'

228 1552 367 1608 pore
398 1536 730 1592 habebatur
769 1537 1004 1593 sciolus.
1040 1538 1148 1602 Qui
1181 1543 1382 1609 postea
1421 1537 1492 1592 ad
1532 1536 1894 1592 antistitium

231 1624 692 1682 Mediomatricae
716 1627 881 1682 urbis
899 1631 1029 1682 voto
1048 1626 1184 1682 cleri
1209 1630 1266 1682 et
1286 1626 1494 1698 plebis,
1510 1626 1700 1697 magis
1717 1641 1895 1696 quam

229 1730 339 1776 suo
391 1716 870 1787 assumptus,vir
916 1716 1054 1770 huic
1104 1720 1306 1771 nostro
1362 1714 1612 1786 tempori
1670 1714 1898 1769 refulsit

232 1804 503 1875 apprime
550 1804 976 1874 praedicandus.
1010 1805 1158 1860 Nam
1205 1821 1238 1859 a
1287 1803 1582 1875 primaevo,
1617 1802 1725 1859 soli
1780 1802 1893 1857 Deo

232 1889 506 1962 placendi
543 1891 815 1964 cupidus,
850 1910 1030 1964 supra
1058 1897 1282 1948 aetatem
1319 1908 1488 1948 suam
1519 1896 1576 1947 et
1601 1890 1890 1946 valetudi-

226 1997 388 2045 nem,
411 1997 645 2036 carnem
694 1998 868 2036 suam
900 1998 1034 2036 cum
1065 1982 1225 2038 vitiis
1255 1981 1596 2052 cruciﬁgere
1644 1984 1887 2036 conatus

223 2073 342 2136 est;
378 2069 524 2124 adeo
555 2070 782 2126 fervens
812 2069 946 2142 igne
975 2070 1320 2137 divinitatis,
1341 2075 1405 2124 ut
1445 2070 1516 2124 ab
1548 2069 1693 2141 ipsis
1722 2067 1887 2124 Chri-

221 2158 404 2213 stiani
422 2158 693 2230 tyrocinii
713 2159 1062 2214 rudimentis
1079 2163 1380 2230 putaretur
1399 2156 1883 2230 perfectissimus.

221 2245 489 2318 Denique
519 2251 584 2301 ut
613 2246 673 2302 in
702 2248 1012 2318 praesentia
1042 2248 1112 2302 de
1143 2246 1396 2318 plurimo
1433 2249 1560 2316 ejus
1592 2245 1885 2311 caelibatu,

227 2335 302 2390 de
332 2335 673 2390 columbina
700 2335 1055 2400 innocentia,
1079 2335 1151 2390 de
1182 2335 1520 2406 serpentina
1552 2334 1885 2405 prudentia,

226 2423 304 2479 de
333 2423 583 2479 discreta
630 2424 975 2489 acrimonia,
1010 2425 1196 2495 deque
1229 2428 1458 2479 matura
1496 2423 1796 2492 gravitate,
1827 2423 1885 2477 in

230 2518 434 2567 tenera
463 2512 658 2570 indole
688 2517 971 2580 taceatur,
995 2513 1054 2567 in
1087 2518 1317 2568 tantum
1349 2517 1534 2567 semet
1556 2512 1801 2580 jejuniis
1833 2517 1890 2567 et

221 2600 440 2674 vigiliis
465 2603 684 2666 affecit,
708 2607 774 2656 ut
805 2601 948 2657 illud
983 2602 1131 2657 beati
1161 2602 1272 2656 Job
1300 2601 1474 2656 etiam
1506 2600 1889 2655 historialiter

229 2690 345 2746 dici
375 2690 566 2762 possit
597 2708 612 2746 :
643 2691 792 2746 Pelli
827 2706 967 2747 mea?
1005 2690 1340 2760 consumptis
1369 2689 1628 2743 carnibus
1658 2688 1888 2744 adhaesit

231 2794 288 2834 os
314 2794 503 2834 meum
533 2780 671 2850 (Job.
706 2796 820 2845 XIX,
855 2780 968 2848 20).

294 2866 389 2921 ιν.
415 2867 601 2922 Simul
631 2883 758 2922 cum
779 2883 840 2922 eo
870 2869 1054 2922 Bruno
1082 2866 1281 2921 studiis
1303 2869 1556 2921 vacat.—
1583 2864 1723 2920 Hinc
1752 2881 1888 2936 ergo

219 2954 326 3010 tali
361 2954 600 3027 collegae
634 2955 1068 3011 indivisibiliter
1087 2955 1320 3026 gemino
1343 2971 1636 3010 connexus
1657 2953 1886 3020 aliectu,

233 3043 579 3116 spectabilis
601 3061 746 3116 puer
767 3049 958 3100 Bruno
979 3043 1286 3099 insistebat
1305 3043 1629 3098 litterarum
1654 3058 1890 3114 gymna-

233 3133 344 3199 sio,
359 3133 552 3204 deque
574 3132 924 3188 liberalitate
939 3150 1049 3188 sua
1066 3132 1174 3187 sibi
1197 3131 1640 3203 congaudebant
1662 3137 1886 3186 mutuo.

221 3221 444 3287 Quibus
473 3221 590 3276 etsi
619 3220 994 3276 adhaerebant
1023 3219 1243 3275 nobilia
1267 3221 1885 3291 examinapuerorum,

2009 647 2258 704 tationee
2285 651 2653 720 permiscere,
2673 649 3170 721 quemadmodum
3195 648 3466 704 novimus
3488 647 3658 703 beato

2006 737 2132 802 Job,
2169 745 2340 809 atque
2381 739 2641 810 apostolo
2686 738 2886 802 Paulo,
2920 743 2977 793 et
3007 754 3152 810 pene
3183 737 3410 792 cunctis
3458 734 3657 790 electis

2008 827 2342 897 contigisse,
2367 829 2676 883 dicendum
2702 829 2932 883 videtur
2961 827 3214 898 qualiter
3242 827 3301 880 in
3333 825 3521 897 ipsius
3552 840 3657 896 pu-

2009 914 2248 968 bertatis
2278 915 2545 987 ingressu
2597 918 2771 973 fuerit
2821 916 3181 988 periclitatus
3213 919 3290 982 et,
3325 931 3458 971 mox
3488 930 3654 970 acce-

2009 1003 2178 1058 dente
2211 1005 2427 1059 cmlesti
2461 1006 2769 1069 medicina,
2801 1005 3079 1062 salvatus.

2079 1091 2144 1144 V.
2184 1093 2219 1146 A
2257 1095 2455 1163 bit/one
2482 1096 2782 1149 sauciat-ur.
2817 1096 2899 1149 Ea:
2927 1111 3030 1166 quo
3067 1097 3310 1164 graviter
3341 1095 3594 1151 laborans
3619 1109 3655 1149 a

2007 1181 2062 1234 S.
2099 1183 2382 1236 Benedicto
2409 1189 2660 1237 sanatur.
2690 1215 2755 1224 —
2782 1184 2927 1238 Cum
2962 1185 3086 1254 jam
3120 1183 3289 1239 solito
3319 1183 3652 1239 liberiorem

2007 1286 2041 1322 a
2073 1269 2317 1323 scholari
2343 1272 2487 1342 jugo
2520 1273 2766 1344 adeptus
2797 1271 3003 1328 fuisset
3027 1273 3327 1339 cervicem,
3351 1271 3654 1327 multoties

2008 1365 2314 1428 parentum
2349 1377 2587 1415 suorum
2621 1362 2911 1417 invisebat
2931 1361 3654 1428 mansionem,delectatus

2006 1462 2120 1500 non
2155 1453 2382 1502 tantum
2415 1450 2670 1520 genuina
2714 1450 3015 1505 affectione
3048 1453 3335 1520 quantum
3381 1448 3656 1520 religiosa

2005 1550 2205 1590 eorum
2238 1538 2673 1593 conversatione
2698 1545 2754 1593 et
2775 1537 3073 1594 liberrima
3093 1539 3306 1594 domus
3327 1554 3445 1593 suae
3465 1535 3526 1591 in
3546 1536 3654 1590 mi-

2003 1621 2206 1678 litibus
2238 1630 2294 1680 et
2325 1626 2546 1680 familia
2579 1626 2979 1699 dispositione.
3005 1628 3154 1699 Ergo
3177 1628 3430 1699 quodam
3453 1624 3650 1681 aestivo

2002 1714 2431 1782 tempore,dum
2454 1731 2522 1769 ex
2540 1733 2699 1770 more
2717 1733 2847 1771 cum
2872 1718 2956 1772 eis
2973 1718 3125 1788 apud
3151 1716 3342 1772 nobile
3363 1718 3648 1780 castrum,

2003 1800 2361 1871 Eginisheim
2394 1811 2819 1874 nuncupatum,
2846 1803 3648 1877 moraretur,superveniente

2001 1890 2308 1957 cujusdam
2348 1898 2516 1946 nocte
2548 1893 2804 1958 Sabhati,
2839 1894 2896 1947 in
2938 1893 3338 1948 ammnissimo
3377 1889 3648 1948 cubiculo

1998 1981 2515 2050 soporatur.Cujus
2535 1981 2796 2035 dextram
2822 1982 3029 2037 faciem
3049 1997 3340 2036 venenosa
3361 1981 3462 2034 illa
3482 1996 3646 2046 rana,

1997 2083 2123 2137 quae
2154 2068 2291 2123 bufo
2317 2075 2709 2141 nuncupatur,
2727 2070 2845 2125 sive
2874 2071 3099 2136 rubeta,
3125 2068 3462 2125 conscendit
3481 2067 3651 2140 eique

1995 2171 2064 2209 ex
2094 2157 2482 2212 anterioribus
2506 2159 2753 2229 pedibus
2784 2175 2968 2214 unum
2993 2159 3049 2212 in
3075 2158 3263 2230 genis,
3282 2156 3528 2212 alterum
3553 2173 3651 2210 au-

1997 2249 2110 2299 tem
2136 2246 2245 2300 sub
2277 2245 2450 2310 labio,
2477 2253 2534 2302 et
2565 2263 2633 2302 ex
2665 2248 3086 2320 posterioribus
3116 2246 3367 2319 priorem
3387 2248 3520 2317 post
3549 2261 3648 2300 au-

1999 2333 2396 2401 rem,alterum
2410 2352 2544 2390 vero
2562 2338 2670 2392 sub
2691 2342 2885 2392 mento
2903 2337 3382 2408 afﬁgens,sugere
3399 2331 3647 2389 acstrin-

1996 2437 2129 2492 gere
2152 2423 2488 2478 immaniter
2508 2425 2828 2496 cocpit.Quo
2842 2425 3039 2480 dolore
3055 2413 3648 2496 expergefactus,hor-

1997 2509 2185 2565 ribilis
2217 2511 2487 2567 animalis
2517 2513 2896 2585 deprehendit
2940 2513 3105 2568 faciei
3147 2529 3269 2567 suae
3308 2509 3646 2566 incumbere

1998 2598 2388 2668 perniciosum
2419 2602 2871 2671 pondus.Tanto
2892 2602 3092 2672 itaque
3108 2604 3350 2671 tamque
3381 2614 3530 2653 novo
3554 2613 3647 2670 pe-

1998 2685 2182 2741 riculo
2203 2689 2507 2752 attonitus,
2523 2707 2556 2744 a
2579 2694 2759 2746 strato
2787 2707 2849 2745 se
2869 2690 3033 2745 ocius
3055 2687 3338 2760 corripuit
3357 2691 3413 2742 et
3431 2680 3646 2741 immo-

1996 2775 2190 2829 dicum
2224 2793 2339 2830 non
2386 2777 2681 2847 perferens
2729 2777 3075 2843 cruciatum,
3107 2777 3227 2831 ictu
3276 2773 3482 2848 palmae
3512 2779 3648 2846 post

1997 2879 2196 2917 aurem
2230 2863 2448 2918 libratae
2479 2866 2736 2921 virosum
2763 2866 2930 2921 illum
2979 2867 3037 2920 in
3088 2865 3360 2921 eumdem
3391 2867 3644 2920 stratum

1997 2966 2171 3005 suum
2186 2950 2683 3016 decussit,timens
2704 2953 2853 3018 ne,si
2871 2969 3044 3008 manu
3066 2951 3326 3008 medium
3345 2952 3643 3021 arreptum

1997 3039 2294 3094 extrahere
2323 3045 2626 3105 tentasset,
2651 3041 2843 3096 acrius
2875 3042 3170 3113 irreperet.
3197 3042 3358 3096 Tunc
3387 3053 3641 3110 nequam

1995 3126 2112 3196 ille,
2139 3127 2273 3182 licet
2303 3130 2360 3182 in
2393 3147 2498 3184 suo
2524 3147 2700 3201 super
2726 3130 2941 3186 lectum
2969 3145 3107 3185 casu
3136 3127 3347 3184 elisum
3381 3126 3640 3183 sonitum

1996 3214 2329 3282 reddiderit,
2363 3223 2558 3272 tamen
2603 3218 2911 3290 capitalem
2943 3217 3252 3290 pulvillum
3282 3217 3472 3272 denuo
3504 3231 3640 3270 con-

219 3309 334 3382 ipsi
360 3315 564 3365 tamen
591 3310 708 3365 duo
740 3309 1014 3364 omnibus
1037 3308 1162 3364 suis
1184 3307 1592 3364 consodalibus
1613 3308 1875 3380 praeemi-
1908 3295 1950 3361 C
1991 3305 2284 3373 scendere,
2307 3306 2433 3377 ipso
2457 3308 2860 3378 perspiciente,
2884 3324 3000 3363 non
3033 3307 3291 3374 distulit;
3317 3325 3452 3363 nam
3475 3307 3641 3362 luna-

223 3403 481 3454 nuerunt
510 3403 637 3454 tam
657 3398 974 3470 capacitate
993 3397 1320 3453 liberalium
1346 3397 1671 3453 studiorum
1697 3414 1873 3468 quam

224 3486 612 3542 honestorum
638 3485 977 3542 excellentia
998 3502 1259 3551 morum;
1295 3501 1519 3557 nempe,
1537 3490 1599 3542 ut
1619 3486 1870 3558 primum

1983 3392 2146 3447 ribus
2177 3393 2355 3448 radiis
2376 3399 2514 3449 tunc
2543 3395 2952 3453 illustrabatur
2972 3415 3144 3456 omne
3173 3401 3432 3473 penetral
3463 3403 3627 3457 cubi-

1984 3479 2076 3534 lis.
2094 3481 2207 3535 Nec
2226 3499 2418 3548 mora;
2441 3484 2790 3539 famulorum
2811 3488 2984 3542 turba
3006 3491 3306 3559 repentino
3322 3485 3516 3546 dilecti
3534 3491 3632 3545 do-

225 3575 506 3645 competit
536 3575 806 3640 rudibus,
824 3575 1068 3630 decurso
1090 3574 1305 3628 artium
1331 3573 1517 3640 trivio,
1543 3592 1656 3630 non
1683 3574 1875 3629 solum
1987 3571 2130 3626 mini
2163 3571 2253 3624 sui
2285 3571 2535 3626 clamore
2575 3573 2758 3627 accita
2797 3576 3067 3643 accurrit,
3099 3577 3395 3633 lucernam
3430 3595 3632 3634 secum

228 3663 568 3718 claruerunt
589 3680 765 3734 prosa
785 3669 841 3718 et
863 3666 1281 3728 metro,verum
1304 3667 1360 3718 et
1379 3663 1640 3719 forenses
1657 3669 1880 3718 contro-

229 3751 456 3806 versias
497 3756 664 3807 acuto
695 3757 752 3807 et
779 3751 961 3806 vivaci
1012 3750 1179 3806 oculo
1229 3752 1440 3807 mentis
1487 3753 1879 3823 deprehensas

225 3839 634 3912 expediebant,
659 3858 762 3896 seu
798 3840 1170 3896 removebant
1199 3839 1422 3896 sedulo.
1447 3841 1705 3912 Denique
1738 3858 1881 3912 qua-

224 3927 502 3983 druvium
538 3927 794 3983 naturali
841 3928 1074 4000 ingenio
1104 3926 1457 3998 vestigantes
1497 3929 1886 4000 degustarunt

223 4020 403 4089 atque
423 4033 540 4072 non
569 4016 886 4072 minimum
905 4015 964 4072 in
987 4015 1115 4087 ipso
1142 4033 1375 4087 quoque
1395 4005 1704 4072 valuerunt
1734 4018 1888 4072 sicut

224 4106 541 4177 sequentia
571 4122 640 4160 ex
671 4109 836 4177 parte
868 4105 1232 4159 indicabunt.
1267 4104 1474 4175 Igitur,
1504 4123 1635 4160 cum
1668 4107 1886 4161 ibidem

224 4193 448 4265 pariter
465 4194 860 4250 educarentur
880 4192 1139 4266 praedicti
1163 4193 1579 4263 pueri,domini
1600 4195 1891 4252 Brunonis

225 4283 481 4355 genitrix
512 4283 743 4338 somnio
775 4281 1118 4352 hujusmodi
1146 4282 1421 4336 edocetur
1450 4283 1519 4336 de
1545 4283 1738 4338 futura
1767 4302 1894 4357 pro-

227 4372 490 4427 motione
523 4371 626 4425 filii
651 4372 763 4426 sui.
788 4371 934 4426 Nam
953 4370 1186 4426 videbat
1207 4371 1375 4440 quasi
1400 4371 1656 4442 seipsam
1680 4393 1714 4427 a
1737 4380 1899 4444 parte

229 4458 593 4532 pontificalis
623 4476 869 4514 camerae
899 4459 1293 4514 venerandam
1327 4458 1630 4514 basilicam
1665 4463 1741 4532 (7)
1770 4462 1898 4517 bea-

226 4548 446 4605 tissimi
479 4548 930 4620 protomartyris
962 4546 1244 4618 Stephani
1285 4546 1533 4619 ingredi,
1570 4554 1902 4622 sanctasque

229 4637 533 4693 memoria;
565 4635 869 4708 praesulem
895 4635 1244 4700 Gerardum,
1270 4635 1328 4690 in
1354 4635 1470 4691 vita
1499 4641 1555 4691 et
1585 4643 1716 4708 post
1749 4655 1900 4694 mor-

229 4729 349 4780 tem
384 4724 774 4780 clariﬁcatum
807 4723 1128 4790 miraculis,
1164 4740 1468 4780 occurrere
1512 4724 1646 4792 sibi,
1673 4743 1737 4780 ac
1779 4729 1897 4781 sol-

228 4818 463 4870 ventem
488 4830 521 4868 a
545 4813 782 4886 propria
812 4812 1030 4868 cervice
1060 4811 1340 4875 orarium,
1360 4812 1512 4882 quod
1549 4813 1719 4886 vulgo
1751 4814 1899 4870 stola

230 4902 475 4966 dicitur,
501 4903 692 4958 eidem
724 4900 1059 4974 reposuisse
1102 4901 1161 4954 in
1200 4901 1453 4955 manica.
1478 4901 1636 4966 Quod
1672 4903 1894 4976 utique,

227 5007 334 5046 ceu
371 4990 586 5062 conjici
627 4996 843 5062 potest,
877 4989 1022 5044 illud
1073 4989 1456 5062 portendebat
1503 4992 1658 5061 quod
1709 4993 1894 5048 ﬁlium

229 5079 422 5151 ipsius
455 5097 572 5135 non
606 5085 724 5134 tam
759 5078 919 5135 sedis
941 5096 1059 5133 sum
1093 5094 1269 5148 quam
1295 5077 1427 5132 boni
1463 5079 1641 5134 studii
1675 5099 1898 5138 succes-

230 5184 429 5223 sorem
475 5168 705 5224 coalitus
757 5167 1178 5241 priestituebat.
1216 5166 1356 5220 Nam
1409 5184 1542 5221 cum
1593 5170 1833 5239 quintus
1865 5190 1898 5225 a

233 5257 480 5312 domino
504 5258 579 5328 (8)
609 5257 862 5313 Gcrardo
895 5256 1249 5312 reverendus
1282 5255 1474 5309 Bruno
1506 5264 1893 5328 computetur,

235 5346 309 5400 ab
344 5345 474 5418 ipso
523 5351 774 5415 tantum,
807 5350 865 5402 et
904 5363 1019 5402 non
1055 5345 1124 5400 ab
1157 5342 1351 5415 aliquo
1395 5346 1735 5416 sequacium
1769 5350 1894 5420 ejus

236 5431 474 5488 videtur
510 5435 872 5506 praelectus,
911 5433 1213 5506 quoniam,
1255 5432 1370 5487 Deo
1413 5440 1725 5503 annuente,
1760 5453 1890 5494 eum

240 5536 360 5591 pra:
389 5518 506 5575 illis
558 5528 646 5578 est
691 5520 1130 5588 imitatus.Scd,
1164 5517 1302 5589 quia
1349 5521 1767 5592 omnipotentis
1801 5525 1896 5579 Dei

318 5647 398 5714 (6)
414 5647 694 5704 Adalbero
711 5645 999 5704 Frederici
1024 5644 1180 5699 lilius
1204 5644 1399 5697 sedem
1420 5643 1736 5700 Metcnscm
1759 5664 1893 5702 con-

251 5717 477 5791 scendit
507 5737 656 5791 anno
686 5722 855 5791 4047;
888 5718 1035 5776 obiit
1056 5714 1407 5791 _anno_lQ_7_2.

325 5789 400 5863 (7)
432 5790 744 5853 Ecclesiam
774 5784 1172 5853 cathedralem
1204 5784 1360 5843 Tulli
1391 5787 1448 5842 S.
1484 5787 1774 5858 Stephano
1804 5807 1897 5847 sa-

1985 3659 2270 3726 exhibuit,
2287 3661 2384 3714 sed
2412 3661 2751 3730 pestiferum
2771 3663 2909 3717 illud
2929 3664 3146 3719 animal
3171 3667 3280 3720 sub
3300 3664 3532 3720 illorum
3550 3666 3635 3720 in-

1989 3765 2193 3820 gressu
2219 3765 2509 3819 nusquam
2533 3751 2880 3820 comparuit.
2909 3752 3233 3822 lnquiritur
3258 3753 3479 3826 passim
3502 3754 3638 3808 dili-

1992 3836 2340 3908 gentissima
2362 3837 2740 3908 vestigatione
2761 3840 3228 3908 vernaculorum,
3243 3843 3342 3898 sed
3367 3843 3528 3899 omni
3548 3859 3642 3899 su-

1994 3924 2264 3997 pellectili
2290 3925 2498 3981 cubilis
2529 3943 2730 3982 eversa
2757 3945 2824 3984 ac
2855 3935 3236 4000 perscrutata,
3261 3932 3504 3989 minime
3533 3933 3645 3988 fuit

1996 4020 2312 4085 repertum.
2352 4015 2460 4069 Sed
2502 4015 2622 4070 sive
2660 4015 2802 4072 illud
2858 4033 3059 4074 verum
3113 4025 3216 4075 aut
3265 4021 3642 4078 fantasticum

2001 4103 2197 4168 fuerit,
2243 4103 2443 4174 plagas
2484 4109 2680 4159 tamen
2729 4122 2896 4162 voras
2944 4113 3002 4163 et
3049 4109 3280 4166 dolores
3305 4126 3474 4169 veros
3522 4111 3650 4166 reli-

2001 4192 2147 4263 quit.

2075 4280 2298 4346 Quibus
2318 4281 2494 4336 etiam
2518 4287 2706 4338 totum
2730 4287 2974 4351 vultum,
2999 4291 3203 4359 guttur
3233 4306 3300 4345 ac
3331 4294 3534 4362 pectus
3555 4293 3654 4346 tu-

2006 4371 2290 4425 mefactus
2313 4387 2500 4442 usque
2522 4373 2591 4426 ad
2613 4373 3076 4445 desperationem
3099 4376 3472 4451 aliquatenus
3499 4395 3658 4436 recu-

2010 4460 2276 4530 peranda:
2301 4461 2604 4531 Svspitatis
2633 4468 2722 4518 est
2751 4464 3376 4540 infirmatus.Uterque
3395 4470 3526 4541 ejus
3555 4485 3658 4542 pa-

2011 4564 2144 4602 rens
2172 4563 2497 4620 omnesque
2527 4551 2615 4606 sui
2651 4569 2828 4624 super
2847 4553 2956 4609 hoc
2987 4555 3400 4614 miserabiliter
3429 4557 3662 4615 duobus

1934 4663 1978 4726 D
2012 4637 2320 4693 mensibus
2348 4638 2536 4709 plenis
2559 4643 3101 4718 consternabaptur,
3116 4647 3309 4703 solum
3337 4649 3514 4703 funus
3534 4647 3663 4718 jam

2009 4727 2196 4781 elferri
2240 4729 2630 4798 suspicantes,
2682 4729 2991 4800 lugubrem
3041 4731 3204 4788 illam
3247 4737 3663 4808 exsequiarum

2011 4831 2284 4886 pompam
2320 4815 2618 4870 continuis
2659 4819 2931 4890 suspiriis
2982 4823 3040 4874 et
3092 4819 3366 4894 lacrymis
3425 4829 3664 4896 praesto-

2009 4901 2302 4958 labantur.
2346 4903 2558 4958 Verum
2610 4905 2900 4976 benignus
2959 4907 3152 4977 Jesus,
3200 4910 3524 4981 desperatis
3576 4929 3666 4968 re-

2009 4992 2120 5046 bus
2171 5007 2509 5046 succurrere
2558 4991 2788 5060 solitus,
2824 5012 3001 5065 super
3047 4995 3308 5066 plenaria
3361 5000 3492 5070 ejus
3536 5017 3669 5056 sos-

2011 5080 2189 5150 pitate
2257 5077 2449 5132 subito
2519 5086 2788 5148 parentes
2861 5083 2990 5152 ejus
3054 5089 3144 5138 est
3219 5086 3554 5142 consolatus
3617 5107 3696 5163 θι-

2011 5167 2278 5223 Ecclcsia:
2311 5185 2428 5220 sua:
2463 5183 2563 5237 per
2601 5167 2758 5222 hunc
2790 5169 3110 5226 relevandaa
3157 5175 3485 5229 secundum
3541 5193 3675 5247 pro-

2011 5257 2267 5329 positum
2330 5272 2505 5311 suum
2565 5257 2922 5313 recordatus.
2965 5259 3108 5314 Nam
3160 5278 3293 5316 cum
3345 5264 3473 5334 jam
3531 5263 3676 5322 duo-

2011 5346 2123 5401 bus
2187 5346 2490 5402 mensibus
2549 5361 2581 5398 a
2635 5344 2783 5400 leclo
2842 5363 2945 5417 per
3002 5364 3064 5403 se
3133 5350 3378 5406 minime
3443 5367 3680 5424 surgere

2014 5435 2331 5505 potuisset,
2393 5436 2675 5505 jamque,
2725 5441 3129 5492 concrescente
3180 5438 3540 5496 inﬁrmitatis
3592 5441 3680 5496 ni-

2011 5523 2271 5589 mietate,
2324 5523 2447 5578 sine
2507 5523 2736 5594 loquela
2784 5528 2912 5582 octo
2959 5524 3166 5582 diebus
3239 5529 3681 5599 permansisset,

2019 5664 2207 5702 cram.

2041 5790 2052 5802 .
2085 5719 2162 5790 (8)
2196 5719 2276 5775 De
2314 5719 2423 5773 hoc
2453 5720 2690 5789 egimus
2737 5726 2795 5778 in
2854 5724 3174 5797 appendice
3217 5725 3686 5797 saeculisupcrio-

2009 5807 2110 5846 ΠΒ.
