3964 6206
394 301 511 368 m
609 261 614 268 ’

395 441 637 496 tandem
670 439 924 513 quadam
949 440 1041 495 die
1070 439 1282 510 apertis
1313 437 1844 511 oculis,supino,ut
1877 453 2036 491 recu-
2075 439 2130 505 Α

403 527 601 601 babat,
631 529 817 595 vultu,
849 528 1097 600 vigilans
1145 529 1443 602 conspexit
1473 529 1639 600 quasi
1693 527 2053 582 luminosam

403 619 624 676 scalam
648 619 721 674 ab
743 619 868 689 ipso
895 635 1000 672 suo
1022 619 1263 689 grabato
1287 636 1388 691 per
1410 635 1470 674 se
1493 619 1680 690 ipsam
1705 617 1870 688 erigi,
1893 620 1950 671 et
1977 615 2058 670 fe-

399 711 598 764 nestra
619 708 689 762 ad
711 707 888 778 pedes
905 708 1032 777 ejus
1051 708 1297 763 transita
1317 724 1501 779 usque
1525 708 1581 761 in
1602 707 1809 762 coelum
1839 703 2060 777 porrigi

395 799 570 868 atque
600 813 703 868 per
731 811 860 852 eam
888 798 1203 868 quemdam
1238 799 1428 852 nimim
1463 797 1747 853 claritatis
1791 810 2061 850 reveren-

394 886 596 959 dat-que
629 885 863 942 canitiei
898 903 1097 942 senem
1128 888 1582 943 descendentem
1613 886 1664 940 in
1696 885 1898 940 habitu
1941 901 2061 939 mo-

393 975 650 1042 nachali,
668 976 839 1048 cujus
871 977 1108 1032 dextera
1138 977 1653 1049 gestabatcrucem
1673 974 2059 1046 conspicuam

391 1065 452 1123 in
469 1064 642 1138 longo
665 1064 1004 1128 hastili.Qui
1024 1066 1094 1121 ad
1118 1070 1397 1137 aegrotum
1421 1070 1482 1120 ut
1504 1064 1792 1137 pervenit,
1816 1064 2056 1120 sinistra

392 1170 575 1214 manu
597 1154 814 1210 scalam
840 1154 1105 1224 retinuit,
1133 1155 1333 1210 dextra
1363 1173 1494 1210 vero
1527 1157 1791 1211 eamdem
1827 1170 2059 1210 crucem

397 1243 660 1318 primum
695 1242 779 1298 ori
811 1244 940 1314 ejus
974 1244 1269 1315 apposuit,
1301 1245 1510 1299 deinde
1553 1244 1680 1300 loca
1711 1243 1961 1300 tumoris
1995 1259 2062 1296 ex

397 1332 529 1406 ipsa
558 1332 812 1406 signavit
832 1336 890 1387 et
919 1331 1098 1386 to‘ius
1128 1332 1332 1387 veneni
1363 1332 1651 1388 incoctam
1683 1332 2054 1405 putredinem

399 1425 534 1495 post
579 1436 782 1477 aurem
813 1421 1091 1488 extraxit;
1144 1420 1463 1493 statimque
1495 1421 1606 1492 via,
1641 1440 1757 1493 qua
1797 1423 2059 1494 venerat,

400 1510 932 1582 reversus,dimisit
951 1510 1250 1566 inﬁrmum
1273 1510 1586 1575 habentem
1611 1528 1672 1566 se
1696 1511 1927 1566 melius.
1949 1511 2062 1566 Nec

403 1616 599 1669 mora;
633 1599 884 1671 denique
913 1598 1339 1655 Adalberonem
1375 1617 1548 1654 suum
1584 1600 1884 1666 clericum,
1921 1606 2060 1655 tunc

400 1689 810 1749 tantummodo
844 1689 971 1759 ejus
994 1689 1348 1744 assidentem
1383 1689 1596 1744 lectulo
1619 1689 1931 1757 allocutus,
1958 1707 2063 1762 per

401 1796 538 1838 eum
570 1782 768 1852 Optato
802 1777 1006 1833 nuntio
1054 1782 1355 1849 paternam
1390 1779 1632 1834 domum
1665 1782 1935 1834 cunctam
1968 1797 2055 1834 re-
2088 1807 2136 1871 Β

401 1865 616 1940 pressit
645 1883 678 1920 a
716 1863 958 1920 diutinis
1006 1864 1382 1921 clamoribus.
1420 1869 1554 1921 Post
1584 1866 1808 1938 aliquot
1854 1872 2050 1923 autem

403 1956 550 2024 dies,
573 1954 733 2012 omni
770 1971 988 2010 veneno
1021 1953 1270 2027 pustulae
1323 1954 1480 2009 illius
1531 1960 1703 2027 rupta
1750 1959 1880 2011 cute
1924 1961 2056 2029 post

403 2061 607 2103 aurem
639 2046 906 2101 dextram
955 2045 1160 2116 ejecto,
1193 2061 1396 2116 sospes
1427 2049 1484 2100 et
1516 2044 1826 2102 incolumis
1875 2045 2058 2101 evasit

403 2135 516 2192 sub
564 2133 818 2190 maxime
868 2138 1211 2189 cunctorum
1259 2133 1540 2188 miraculo
1589 2138 1763 2205 atque
1819 2135 2052 2206 gaudio.

403 2223 534 2292 Qui,
550 2223 703 2280 sicut
723 2239 878 2278 nunc
901 2239 1085 2294 usque
1117 2223 1269 2278 inter
1293 2223 1738 2279 commonitoria
1767 2224 2059 2295 colloquia

405 2317 527 2370 tam
560 2312 887 2368 evidentem
907 2311 1006 2366 Dei
1041 2311 1475 2366 miserationem
1500 2328 1676 2383 super
1707 2329 1767 2366 se
1799 2313 2054 2384 agnitam

407 2401 650 2458 recitare
707 2398 1364 2455 suis'familiarissimis
1425 2403 1513 2453 est
1560 2400 1787 2466 solitus,
1822 2403 2056 2472 proﬁte—

405 2493 505 2545 tur
533 2503 596 2544 se
628 2487 686 2542 in
719 2487 956 2558 praefata
986 2487 1201 2541 cxstasi
1232 2487 1638 2543 beatissimum
1673 2489 1899 2544 Patrem
1937 2507 2056 2545 mo-

406 2577 752 2643 nachorum,
795 2576 1193 2644 Benedictum,
1241 2575 1393 2632 illico
1445 2577 1572 2632 luce
1619 2578 1832 2633 clarius
1881 2596 2059 2652 agno-

406 2666 562 2723 visse
593 2682 661 2720 ex
691 2664 972 2738 qualitate
1003 2664 1199 2720 vultus
1243 2670 1299 2720 et
1345 2665 1602 2721 habitus.
1639 2668 1817 2738 Cujus
1859 2685 2058 2740 corpo-

405 2757 492 2812 ris
522 2753 939 2810 accidentalem
969 2754 1429 2826 dignoscentiam
1482 2755 1536 2810 in
1589 2756 1872 2812 hactenus
1903 2773 2060 2812 com-

411 2847 699 2901 memorat
746 2844 912 2915 quasi
947 2861 1062 2915 prae
1112 2843 1295 2899 oculis
1343 2844 1535 2900 carnis
1581 2846 1772 2901 adhuc
1827 2846 2058 2902 habeat.

410 2935 588 2993 Porro
626 2933 930 3005 sequentia
976 2933 1178 2989 lecturi
1227 2933 1498 2990 desinent
1556 2935 1810 3006 profecto
1862 2936 2062 2991 mirari

412 3023 572 3080 hunc
603 3023 799 3096 potius
848 3039 946 3094 per
991 3026 1258 3078 sanctum
1308 3023 1680 3079 Benedictum
1733 3041 1911 3096 quam
1964 3042 2065 3096 per

413 3112 593 3170 alium
633 3111 954 3184 quemlibet
1001 3116 1336 3168 sanctorum
1387 3114 1721 3168 restitutum
1773 3113 2061 3186 sospitati,

415 3202 550 3271 ubi,
597 3179 858 3258 volvente
915 3202 1206 3257 sermonis
1264 3206 1418 3268 rota,
1479 3203 1832 3273 perpendere
1873 3179 2055 3274 pote;
2093 3179 2136 3247 (ἶ

413 3294 554 3348 runt
581 3307 650 3346 ex
691 3289 893 3363 paucis
925 3295 1144 3362 quanto
1192 3290 1311 3346 zelo
1360 3290 1437 3362 pii
1485 3291 1700 3346 amoris
1749 3307 1884 3364 erga
1935 3309 2055 3348 mo-

411 3380 734 3437 nachorum
791 3380 1216 3436 institutionem
1269 3384 1324 3435 et
1373 3379 1788 3436 correctionem
1850 3383 2054 3455 ﬂagra-

409 3469 576 3526 verit.

478 3560 573 3614 VI.
607 3561 926 3615 Hermanno
955 3560 1197 3630 episcopo
1221 3559 1462 3614 Tullensi
1479 3566 1664 3629 paret.
1691 3559 1927 3630 A/ﬂiclis
1949 3577 2058 3616 mo-

401 3648 595 3705 nachis
621 3648 811 3704 Sancti
839 3649 972 3720 Apri
1001 3650 1347 3720 compatz'tur.
1383 3650 1536 3717 chit
1565 3650 1624 3703 in
1653 3650 1786 3704 aula
1817 3651 2054 3721 impera-

403 3739 556 3795 toris.
607 3740 910 3810 Pauperem
952 3740 1318 3810 episcopatum
1357 3738 1742 3809 pinguioribus
1785 3741 2058 3811 prcz’ferre

397 3828 843 3885 statuit—Hinc
864 3827 1056 3900 itaque
1077 3829 1390 3884 decedente
1408 3828 1645 3884 domino
1660 3828 1928 3885 Bertoldo
1947 3847 2053 3886 suo

400 3917 708 3988 nutritore,
725 3917 1060 3974 succedenti
1084 3917 1563 3973 llerimannonon
1585 3918 1872 3973 recusavit
1895 3935 2057 3990 aeque

399 4023 626 4081 parere,
659 4007 830 4079 quasi
862 4007 1010 4063 illud
1041 4007 1193 4062 beati
1225 4024 1387 4080 papae
1414 4007 1672 4079 Gregorii
1714 4008 1930 4062 dictum
1957 4009 2056 4078 ju-

398 4097 550 4169 giter
579 4113 694 4168 prae
717 4095 904 4152 oculis
936 4096 1150 4150 mentis
1183 4096 1476 4151 videretur
1504 4095 1719 4151 habere
1743 4113 1790 4151 ;‹‹
1826 4097 2057 4152 Primus

399 4199 528 4240 esse
563 4201 677 4238 non
709 4185 922 4238 audeat
953 4183 1052 4254 qui
1081 4184 1326 4240 subesse
1356 4201 1468 4238 non
1502 4183 1793 4253 didicerit,
1823 4202 1894 4239 ne
1923 4186 2062 4242 obe-

397 4272 681 4329 dientiam
731 4271 1016 4343 subjectis
1046 4272 1290 4344 imperet
1321 4289 1495 4343 quam
1526 4271 1777 4344 praelatis
1806 4290 1919 4328 non
1953 4293 2056 4330 no-

399 4360 484 4416 vit
513 4359 859 4416 exhibere.»
891 4360 1365 4432 Compatiebatur
1411 4361 1684 4433 equidem
1726 4365 1863 4417 tunc
1909 4367 2055 4418 tem-

396 4448 557 4523 poris
581 4449 828 4506 adversa
857 4449 1072 4522 passis,
1097 4449 1418 4522 praasertim
1445 4450 1875 4507 venerabilibus
1897 4469 2060 4509 vene-

392 4538 598 4596 rabilis
629 4538 734 4594 viri
781 4539 917 4611 Apri
964 4539 1284 4609 coenobitis,
1319 4540 1377 4594 in
1411 4556 1558 4612 quos
1613 4541 2034 4613 procacissime:
2067 4553 2112 4618 Ι)

393 4627 763 4687 adulatorum
795 4633 852 4684 et
884 4627 1210 4684 invidorum
1240 4629 1451 4701 lingua:
1473 4647 1652 4701 supra
1676 4631 1915 4685 modum
1948 4631 2035 4685 in-

389 4718 690 4792 stigabant
722 4719 982 4774 animum
1035 4719 1255 4791 praefati
1305 4718 1604 4775 antistitis.
1630 4720 1794 4774 Nunc
1826 4737 1926 4792 pro
1959 4722 2040 4776 eis

389 4827 627 4868 murum
658 4815 860 4879 semet,
905 4814 1192 4882 quantum
1225 4815 1468 4883 poterat,
1503 4811 1849 4882 opponebat,
1885 4828 2040 4865 nunc

387 4901 544 4974 quod
567 4899 757 4957 solum
780 4904 1175 4974 poterat,cum
1194 4901 1468 4955 ﬂentibus
1493 4900 1683 4954 flebat.
1700 4900 1838 4970 Ejus
1863 4898 2035 4954 etiam

387 4990 686 5048 adnitente
706 4991 1051 5058 auctoritate
1076 4994 1132 5045 et
1153 4989 1459 5057 industria,
1489 4989 1543 5042 in
1568 4992 1747 5056 statu,
1769 5003 1941 5060 quem
1965 4990 2038 5044 ab

386 5080 613 5137 idoneis
643 5085 700 5136 et
729 5079 1022 5152 prioribus
1052 5079 1404 5152 praesulibus
1441 5081 1759 5148 acceperat,
1795 5079 2035 5148 integer-

385 5170 534 5227 rime
563 5171 890 5242 permansit
921 5171 1031 5224 sub
1085 5169 1436 5223 Herimanno
1488 5167 1774 5220 institutio
1808 5173 1863 5220 et
1893 5186 2034 5238 pree-

385 5259 578 5316 benda
599 5260 900 5326 canonica,
917 5259 1072 5312 intra
1092 5256 1414 5313 beatissimi
1434 5255 1617 5311 levita:
1641 5259 1694 5309 et
1717 5260 2038 5327 protomar-

385 5347 532 5419 tyris
561 5347 842 5420 Stephani
895 5346 1171 5403 claustra.
1200 5347 1415 5402 Verum
1468 5345 1743 5417 quoniam
1779 5367 1806 5394 «
1840 5345 2037 5400 omnia

385 5439 619 5506 tempus
640 5435 914 5504 habent,»
937 5437 1259 5491 secundum
1293 5435 1447 5507 quod
1479 5435 1782 5506 dispensat
1811 5437 2033 5507 tempo-

388 5520 472 5577 ris
525 5522 818 5590 Conditor,
861 5524 1140 5595 temporis
1189 5540 1414 5595 expers,
1467 5523 1564 5594 qui
1616 5539 1717 5594 per
1765 5524 2032 5593 quaedam

389 5607 579 5664 aliena
607 5627 747 5666 suos
777 5611 1045 5681 perducit
1075 5613 1143 5667 ad
1169 5629 1294 5678 sua,
1321 5612 1528 5666 accidit
1550 5617 1612 5666 ut
1633 5611 1879 5666 eximius
1902 5613 2034 5667 ado-

387 5695 612 5754 lescens
634 5715 667 5756 a
700 5699 1042 5770 parentibus
1072 5703 1128 5755 et
1157 5699 1605 5771 consanguineis
1637 5700 2035 5770 assignaretur

1766 303 1830 364 S.
1876 301 2026 364 LEO
2071 301 2150 364 IX
2196 303 2420 367 PAPA.

3681 311 3786 376 4'12

2160 435 2410 508 glorioso
2459 439 2794 512 imperatori
2845 439 3106 498 Conrado
3156 437 3470 498 contribuli
3517 459 3644 511 suo,
3674 448 3787 519 ejus

2169 529 2237 584 ed
2250 529 2508 585 ucandus
2531 528 2588 584 in
2607 529 2740 586 aula
2755 536 2929 602 atque
2945 531 3337 587 excubaturus
3358 531 3418 587 in
3435 533 3790 595 basilica.Ubi

2170 619 2428 675 nondum
2455 619 2655 676 multis
2677 621 2939 676 decursis
2961 621 3186 688 diebus,
3204 621 3466 677 omnium
3489 623 3790 684 aulicorum

2170 708 2628 764 benevolentiam
2679 710 2928 781 perfecte
2978 713 3067 766 est
3106 710 3374 782 adeptus,
3407 717 3608 784 utpote
3638 732 3791 786 quem

2171 799 2492 870 gratiosum
2525 797 2833 854 exhibebat
2862 816 3044 872 praeco
3088 799 3216 870 ejus
3264 802 3712 860 conversationis
3739 823 3793 862 ac

2173 889 2513 960 prudentiae,
2547 888 2776 961 generis
2807 905 2872 944 ac
2905 890 3100 943 formae
3141 889 3338 945 decus.
3374 889 3537 947 Unde
3577 909 3705 948 cum
3732 897 3792 952 ab

2170 977 2256 1034 eis
2286 977 2500 1031 ibidem
2532 978 2832 1032 Brunones
2855 993 3016 1048 aeque
3039 980 3383 1032 vocarentur
3412 979 3694 1047 nonnulli,
3716 981 3794 1037 hic

2170 1069 2398 1120 tantum
2422 1067 2615 1121 Bonus
2636 1066 2828 1120 Bruno
2857 1065 3069 1121 meruit
3091 1065 3392 1138 appellari.
3411 1068 3595 1133 Quam
3612 1087 3796 1142 praero-

2170 1154 2421 1226 gativam
2454 1155 2533 1210 ita
2565 1156 2621 1210 in
2655 1155 2777 1210 dies
2808 1156 3241 1227 augmentando
3262 1155 3388 1211 sine
3411 1157 3695 1214 sodalium
3723 1160 3797 1214 in-

2170 1244 2324 1300 vidia
2339 1244 2671 1300 vindicabat
2688 1244 2922 1300 sibimet
2938 1248 3000 1300 ut
3012 1248 3069 1300 et
3085 1243 3412 1300 minoribus
3426 1262 3552 1302 sese
3567 1249 3792 1319 quadam

2172 1333 2501 1388 rationabili
2525 1334 3015 1390 condescensione
3041 1337 3266 1406 aptaret
3289 1334 3718 1408 majoribusque
3743 1338 3795 1392 li-

2169 1422 2350 1478 berali
2401 1422 2684 1494 dignitate
2735 1439 2838 1495 per
2883 1423 3080 1477 omnia
3127 1428 3494 1495 congrueret.
3547 1424 3794 1484 Praeterea

2173 1512 2343 1567 unico
2365 1515 2422 1568 et
2442 1512 2628 1584 patrio
2651 1513 2856 1567 affectu
2881 1512 2951 1567 ab
2982 1513 3245 1584 Augusto
3269 1517 3646 1586 Angustaque
3672 1516 3792 1572 adeo

2171 1601 2544 1668 cstdilectus,
2572 1605 2633 1656 ut
2664 1602 2837 1656 etiam
2870 1601 2929 1656 in
2963 1600 3374 1657 secretissimis
3403 1619 3606 1658 eorum
3627 1605 3792 1660 consi-

2172 1690 2267 1747 liis
2298 1694 2596 1763 gratanter
2643 1691 3063 1757 admitteretur,
3086 1695 3143 1745 et
3173 1691 3468 1746 sententia
3513 1691 3689 1764 ipsius
3716 1711 3787 1749 re-

2171 1784 2434 1836 verenter
2463 1779 2824 1851 dulciterque
2874 1783 3306 1851 exspectaretur
3334 1797 3400 1835 ac
3454 1782 3791 1855 promulgata

2168 1871 2572 1926 indubitanter
2603 1870 3017 1941 susciperetur.
3046 1868 3227 1936 Quem
3262 1886 3396 1924 eum
3431 1871 3678 1943 quotidie
3704 1872 3786 1926 de-

2165 1958 2483 2015 liberarent
2524 1959 2998 2030 incessanterque
3041 1957 3333 2014 ambirent
3364 1958 3670 2016 sublimare
3696 1959 3786 2016 bo-

2166 2065 2304 2104 nore
2335 2065 2511 2120 quam
2545 2047 2820 2115 maxime,
2854 2052 2931 2115 et,
2968 2052 3030 2102 ut
3059 2050 3326 2120 patenter
3357 2048 3558 2116 dicam,
3589 2049 3785 2104 donare

2167 2138 2463 2210 pontificio
2495 2135 2917 2209 temporalibus
2946 2135 3132 2209 copiis
3174 2153 3356 2208 supra
3385 2137 3614 2192 modum
3639 2136 3787 2192 locu-

2167 2227 2403 2299 pletato,
2434 2227 2576 2299 ipse,
2603 2228 2728 2297 jam
2759 2225 3138 2299 praemonitus
3161 2225 3361 2281 domni
3383 2225 3632 2299 Gregorii
3659 2225 3788 2281 irre-

2168 2315 2548 2387 prehensibili
2579 2320 2636 2371 et
2679 2333 2853 2372 aureo
2903 2315 3070 2387 stylo,
3104 2315 3279 2388 erepit
3326 2314 3442 2370 hoc
3481 2319 3784 2387 suspectum

2168 2405 2380 2460 habere
2437 2404 2706 2469 omnino,
2765 2421 2834 2460 ne
2891 2404 3001 2459 sibi
3061 2403 3343 2460 divinitus
3398 2403 3782 2477 imputaretur,

2169 2493 2339 2564 quasi
2371 2510 2585 2548 munus
2617 2494 2688 2548 ab
2719 2493 3023 2564 obsequio,
3057 2509 3090 2546 a
3120 2509 3233 2564 quo
3267 2491 3583 2548 nonnullos
3610 2509 3785 2548 conso-

2169 2582 2391 2638 ciorum
2450 2600 2726 2649 suorum,
2792 2582 2866 2638 ob
2933 2581 3314 2653 aliquantulm
3380 2581 3786 2638 sublimationis

2169 2689 2356 2744 spem,
2398 2671 2560 2727 nulla
2611 2671 2870 2742 corporis
2930 2675 3153 2741 poterat
3210 2675 3484 2725 revocare
3540 2670 3786 2743 fatigatio.

2171 2759 2332 2814 nulla
2362 2759 2439 2814 rei
2481 2757 2787 2813 familiaris
2837 2757 3157 2812 annulatio.
3189 2756 3370 2824 Unde,
3407 2757 3549 2829 quia
3593 2773 3688 2814 nec
3729 2757 3789 2814 ab

2169 2847 2459 2920 imperiali
2512 2846 2691 2902 latere
2738 2846 3003 2900 recedere
3055 2845 3165 2900 sibi
3209 2844 3447 2918 licebat,
3482 2863 3583 2902 nec
3627 2846 3791 2903 taliter

2171 2937 2414 3007 obsequi
2447 2935 2685 3001 libebat,
2720 2936 2775 2989 in
2812 2933 3007 2989 animo
3037 2950 3144 2989 suo
3171 2937 3406 2990 tantum
3448 2936 3560 2991 Deo
3589 2934 3788 2992 conscio

2172 3030 2229 3081 et
2257 3030 2405 3082 teste
2453 3025 2833 3096 proponebat,
2867 3027 2930 3078 ut
2978 3023 3024 3078 si
3075 3039 3204 3078 eum
3283 3023 3645 3097 beneplacito
3687 3026 3790 3096 ejus

2173 3116 2246 3171 ad
2279 3113 2707 3188 quantumlibet
2733 3111 3116 3185 pauperrimis
3167 3110 3442 3168 Ecclesiae
3486 3113 3794 3170 invitaretur

2175 3205 2456 3275 regimen,
2490 3201 2736 3259 alacrior
2784 3203 2854 3256 ad
2896 3201 2951 3255 id
2985 3201 3284 3256 accederet
3339 3217 3525 3272 quam
3583 3203 3630 3258 si
3682 3217 3792 3257 eum

2170 3295 2448 3365 majestas
2495 3291 2656 3364 regia
2686 3291 2757 3346 ad
2791 3305 3078 3362 supremae
3108 3289 3423 3362 potestatis
3470 3295 3527 3346 et
3571 3289 3791 3363 locuple-

2169 3382 2404 3438 tationis
2436 3381 2777 3453 dignitatem
2824 3378 3020 3450 aliquo
3067 3377 3286 3434 carnali
3318 3378 3537 3436 atl‘ectu
3568 3380 3791 3452 impelle-

2169 3476 2272 3528 ret.
2297 3472 2456 3538 Quod
2488 3469 2721 3542 quidem
2745 3473 2904 3524 tanto
2929 3466 3337 3523 admirabilius
3366 3474 3464 3525 est
3491 3469 3791 3526 habendum

2168 3562 2227 3616 in
2257 3561 2486 3617 levitate
2498 3558 2742 3631 juvenili
2777 3561 2996 3630 quanto
3041 3556 3229 3612 rarius
3275 3557 3722 3629 deprehenditur
3746 3561 3792 3614 et

2169 3651 2227 3706 in
2259 3650 2538 3723 gravitate
2568 3647 2755 3704 senili.
2782 3647 2891 3702 Sed
2917 3648 3040 3718 jam
3079 3645 3392 3701 dicendum
3430 3648 3652 3704 videtur
3677 3664 3788 3720 qua-

2169 3739 2300 3796 liter
2329 3739 2437 3795 iste
2474 3735 2769 3794 humiliari
2804 3752 2908 3807 pro
2958 3734 3073 3790 Deo
3119 3733 3390 3807 cupidus,
3432 3737 3705 3808 paulatim
3733 3735 3786 3790 ab

2168 3830 2294 3902 ipso
2352 3827 2524 3884 fuerit
2575 3824 2920 3881 mirabiliter
2971 3823 3278 3891 exaltatus,
3339 3823 3500 3881 sicut
3555 3826 3613 3880 in
3666 3825 3788 3880 libro

2168 3920 2389 3991 Regum
2420 3934 2521 3990 per
2563 3913 2902 3988 prophetam
2953 3916 3203 3968 testatur
3236 3931 3248 3968 :
3283 3912 3683 3985 Gloriﬁcantem
3723 3928 3787 3967 me

2166 4007 2513 4077 gloriﬁcabo;
2542 4006 2637 4076 qui
2655 4007 2835 4059 autem
2859 4006 3206 4058 contemnunt
3236 4018 3342 4068 me,
3360 4007 3528 4058 erunt
3553 4003 3786 4074 ignobiles

2171 4097 2217 4166 (I
2242 4098 2367 4168 Reg.
2404 4113 2464 4163 II,
2495 4095 2605 4165 30).

2237 4186 2356 4240 νη.
2391 4186 2453 4240 In
2502 4181 2937 4254 Longobardiam
2965 4181 3172 4235 milites
3200 4180 3370 4236 ducit.
3400 4213 3466 4222 --
3498 4183 3657 4236 Anno
3695 4179 3784 4253 igi-

2166 4281 2265 4332 tur
2293 4274 2477 4330 (etatis
2508 4272 2785 4346 vigesimo
2814 4270 3005 4337 tertio,
3030 4286 3160 4325 cum
3182 4270 3308 4341 jam
3343 4269 3586 4326 alteram
3619 4267 3782 4326 adole-

2167 4365 2397 4423 scentia:
2430 4361 2856 4420 hebdomadam
2908 4359 3115 4415 fuisset
3143 4357 3470 4431 ingressus,
3504 4363 3560 4416 et
3601 4359 3666 4414 ab
3711 4356 3784 4411 in-

2166 4457 2402 4513 carnato
2432 4453 2532 4509 Dei
2584 4451 2770 4507 Patris
2801 4450 2986 4505 Verbo
3028 4450 3184 4515 1025,
3217 4452 3552 4505 excurreret
3598 4462 3780 4511 annus,

2144 4548 2267 4602 vice
2299 4543 2387 4600 sui
2423 4540 2714 4615 pontificis
2740 4538 3076 4594 Herimanni
3105 4537 3165 4591 in
3187 4537 3556 4610 expeditione
3587 4535 3778 4609 prafati

2151 4632 2399 4692 Conradi
2432 4628 2820 4702 imperatoris,
2847 4626 3316 4700 Longobardiam
3339 4630 3396 4682 et
3427 4626 3672 4682 maxime
3700 4639 3778 4678 su-

2152 4742 2255 4798 per
2278 4719 2671 4778 Mediolanum
2697 4721 2834 4772 tunc
2861 4715 3133 4772 rebellem
3164 4715 3480 4788 praeclarus
3503 4715 3688 4770 Bruno
3707 4714 3780 4767 est

2152 4797 2464 4886 profectus,
2505 4806 2729 4863 levitico
2778 4806 2969 4861 officio
3020 4805 3356 4878 insignitus.
3391 4805 3652 4875 Namque
3697 4797 3777 4853 illo

2151 4920 2256 4959 suo
2276 4899 2533 4957 antistite
2552 4896 2721 4952 annis
2747 4895 3083 4967 morbisque
3107 4898 3484 4967 praegravato,
3506 4894 3628 4966 ipse
3645 4887 3777 4946 auxi-

2150 4991 2325 5047 liares
2346 4988 2601 5044 militum
2625 4985 2823 5058 copias
2852 4984 3190 5056 imperatori
3221 4983 3523 5039 venientes
3545 4999 3577 5038 a
3606 4976 3774 5040 Tullo,

2150 5081 2447 5136 ducendas
2497 5080 2553 5131 et
2601 5075 2990 5145 disponendae
3040 5073 3300 5144 suscepit
3354 5075 3476 5126 tam
3534 5068 3771 5141 ejusdem

2146 5170 2402 5242 episcopi
2436 5182 2610 5238 quam
2658 5163 2904 5234 Augusti
2955 5161 3188 5234 placito,
3243 5161 3400 5218 salvo
3453 5164 3643 5215 tamen
3688 5169 3774 5226 per

2147 5259 2345 5314 omnia
2373 5253 2588 5330 proprii
2625 5253 2842 5324 gradus
2889 5254 3276 5306 sacramento.
3312 5250 3374 5305 In
3408 5247 3568 5303 illius
3598 5245 3770 5314 itaque

2147 5345 2442 5404 saecularis
2495 5341 2714 5398 militiae
2764 5339 3162 5411 dispositione,
3200 5339 3283 5394 sic
3331 5341 3568 5409 repente
3613 5345 3770 5403 sagax

2146 5434 2417 5509 apparuit
2447 5437 2501 5488 et
2528 5429 2804 5504 providus
2835 5428 3000 5501 quasi
3025 5427 3364 5498 hujusmodi
3390 5423 3636 5497 negotiis
3661 5425 3768 5474 tan-

2146 5531 2270 5580 tum
2306 5523 2508 5578 fuisset
2536 5521 2819 5574 hactenus
2849 5517 3214 5574 exercitatus.
3245 5515 3570 5572 Metabatur
3598 5511 3767 5565 castra

2144 5614 2291 5681 suis,
2323 5611 2668 5682 disponebat
2696 5607 2975 5663 stationes
3009 5621 3144 5661 cum
3173 5604 3407 5678 vigiliis,
3429 5596 3764 5682 sumptusiet

2143 5681 2436 5774 stipendia
2450 5695 2792 5770 opportunis
2815 5693 3268 5753 administrabat
3289 5695 3345 5752 in
3367 5691 3510 5749 locis
3532 5692 3586 5747 et
3604 5681 3757 5749 heris,
