3964 6206
178 400 274 475 H3

1102 401 1541 470 PROLEG.—
1568 407 1754 470 vm.
1802 379 1868 470 s.
1914 407 2216 471 LEONIS.
2241 439 2315 453 —
2346 406 2492 470 LIB.
2541 403 2590 470 ι.

3432 385 3549 469 474

181 541 688 601 sobriasuftisentia
708 541 1019 613 apparatas
1046 539 1225 612 dapes
1253 539 1789 596 distribuebatsue-
1819 543 1870 607 Α
1904 543 2115 596 audeat
2146 540 2434 597 vindicare
2469 541 2818 597 mercedem.
2881 539 2968 596 Sit
3028 538 3276 599 facultas
3326 540 3555 599 clericis

185 650 296 690 rum
321 629 772 706 singulis;quos
805 627 889 685 sic
929 645 1032 702 per
1079 628 1378 702 assignata
1426 633 1482 685 et
1533 645 1791 703 congrua

188 721 460 794 unicuique
487 720 685 776 ofﬁcia
716 718 959 775 curabat
973 717 1243 774 ordinare
1261 723 1328 774 ut
1352 723 1583 774 tantum
1611 736 1715 791 pro
1730 735 1791 774 se

187 812 372 885 quique
399 815 513 864 tam
544 808 796 864 mobiles
828 825 1005 879 quam
1039 807 1246 879 privati
1280 808 1618 863 debuissent
1641 808 1792 863 solli-

183 900 265 956 citi
290 897 607 968 esse.Cujus
639 901 793 951 certe
817 896 1229 961 sollicitudo,et
1250 897 1373 951 suis
1395 901 1517 951 erat
1537 896 1795 963 tuitio,et

183 988 417 1045 hostibus
446 985 786 1057 dejectio,et
816 985 928 1040 sibi
961 984 1073 1056 ipsi
1106 985 1285 1056 digna
1315 985 1595 1040 laudatio.
1631 985 1793 1040 Unde

185 1077 369 1133 factum
401 1079 490 1132 est
521 1080 586 1129 ut
617 1073 910 1129 reddendo
934 1097 959 1123 ‹‹
986 1090 1113 1144 quae
1136 1077 1275 1128 sunt
1295 1073 1538 1129 (laseris
1561 1075 1790 1138 Czesari,

189 1170 238 1223 et
259 1171 352 1221 Deo
381 1181 502 1236 qua:
535 1166 676 1219 sunt
700 1162 851 1229 Dei,»
882 1179 984 1234 per
1013 1162 1355 1232 Apostolum
1381 1178 1554 1217 suum
1588 1162 1790 1234 praeci-

189 1254 373 1327 pientis
400 1256 686 1325 quatenus
710 1273 738 1302 ‹‹
769 1251 962 1306 omnis
993 1251 1192 1306 anima
1209 1251 1598 1323 potestatibus
1615 1250 1796 1305 subli-

187 1343 436 1400 mioribus
465 1341 705 1398 subdita
738 1339 833 1406 sit,
894 1339 1173 1412 quoniam
1216 1357 1329 1395 non
1387 1344 1476 1395 est
1533 1343 1792 1411 potestas

184 1432 282 1488 nisi
309 1433 370 1487 ab
397 1431 558 1502 ipso;
597 1452 623 1477 η
660 1445 760 1501 per
790 1428 1045 1484 alienum
1098 1427 1442 1500 quantocius
1496 1428 1565 1482 ad
1616 1444 1791 1482 suum

179 1520 447 1594 pervenire
467 1517 812 1591 promeruit.
845 1519 914 1572 Et
934 1517 1072 1588 quia
1105 1516 1352 1572 fideliter
1381 1534 1446 1572 ac
1477 1517 1796 1588 prudenter

176 1609 446 1666 inservivit
468 1607 875 1675 exterioribus,
901 1607 971 1661 ad
996 1605 1232 1678 plenum
1261 1610 1676 1661 remuneratus
1707 1609 1797 1660 est

176 1693 642 1764 interioribus,ut,
659 1711 833 1766 super
845 1695 1028 1750 multa
1041 1695 1482 1760 constitutus,et
1500 1693 1794 1750 Conditori

174 1805 269 1845 suo
292 1787 607 1843 adhaereret
628 1783 840 1840 celsius
853 1789 907 1839 et
924 1784 1185 1856 proximo
1199 1801 1326 1840 com
1337 1787 1632 1856 pateretur
1658 1801 1792 1856 pro-

169 1876 418 1934 fundius.

236 1965 381 2020 VIII.
415 1965 507 2020 Fit
535 1964 810 2034 episcOpus
839 1963 1122 2017 Tullcnsis.
1157 1993 1215 2001 ——
1245 1961 1507 2032 Denique
1540 1961 1794 2017 instante

166 2070 312 2110 anno
342 2053 414 2108 ab
444 2051 810 2106 humanitate
843 2051 966 2105 Filii
993 2050 1088 2105 Dei
1125 2051 1278 2118 1026,
1315 2051 1540 2132 Leucus
1585 2050 1797 2122 praesul

161 2143 544 2200 Herimannus
593 2141 922 2196 abstractus
951 2144 1038 2194 est
1071 2139 1262 2194 carnis
1286 2141 1356 2194 ab
1379 2139 1796 2211 bospitio,cum

160 2229 648 2305 quadragesimali
670 2233 932 2300 tempore
963 2233 1289 2283 moraretur
1305 2227 1551 2284 Coloniae
1573 2228 1630 2283 in
1655 2245 1796 2300 quo-

160 2323 290 2378 dam
321 2337 426 2376 suo
459 2317 1001 2391 przedioExtemplo
1025 2317 1214 2372 clerus
1245 2321 1303 2372 et
1333 2317 1586 2390 populus
1609 2318 1797 2389 provi-

156 2425 287 2467 sore
317 2411 574 2478 orbatus,
623 2406 896 2464 concordi
939 2411 1070 2462 voto
1131 2407 1451 2478 eademque
1510 2407 1801 2463 sententia

155 2499 600 2563 confoederatus,
622 2497 724 2552 diu
744 2495 853 2550 sibi
870 2496 1260 2551 desideratum
1284 2495 1628 2551 etdilectum
1653 2497 1800 2551 Bru-

151 2604 365 2645 nonem
398 2586 672 2642 consonis
703 2589 757 2640 et
779 2585 1132 2640 continuatis
1154 2584 1370 2656 expetit
1388 2584 1800 2640 vocibus.IIinc

148 2677 333 2735 totius
393 2673 898 2732 recrastinationis
955 2674 1294 2746 impatiens,
1372 2674 1804 2745 deprecatorios

147 2772 326 2839 atque
357 2763 809 2822 eontestatorios
841 2779 1018 2836 super
1048 2767 1168 2817 tam
1220 2763 1485 2818 unanimi
1527 2763 1804 2819 electione

146 2874 254 2913 sua
282 2855 490 2926 dirigit
519 2852 855 2924 imperatori
890 2853 1393 2924 apices.Quorum,
1425 2856 1490 2906 ut
1532 2868 1801 2925 compen-

143 2946 310 3001 diose
343 2945 601 3005 dicatur,
634 2957 812 2997 causa
842 2943 956 2997 ista
984 2941 1114 2996 fuit.
1149 2941 1286 2997 Post
1315 2941 1677 3013 praemissam
1704 2943 1806 2996 de-

149 3033 286 3090 bitae
319 3031 702 3088 salutationis
731 3029 1381 3097 reverentiam,nimiam
1397 3034 1806 3101 compunctam

151 3139 274 3179 sum
309 3120 672 3178 calamitatis
704 3123 1002 3191 exponunt
1031 3119 1397 3191 tragmdiam,
1449 3119 1700 3174 dicendo
1747 3137 1809 3175 se

148 3226 638 3284 quaquaversum
672 3208 873 3279 impeti
907 3212 1080 3279 atque
1111 3207 1422 3279 inquietari
1444 3224 1586 3280 pene
1619 3209 1807 3280 quoti-

1902 631 2186 687 renitendi
2222 631 2269 687 si
2305 647 2364 687 se
2421 630 2671 687 viderint
2719 630 3089 705 praegravari,
3138 636 3194 689 et
3224 634 3378 704 quod
3443 631 3554 690 sibi

1900 719 2085 792 ingeri
2118 737 2183 775 ex
2215 723 2546 777 transverso
2579 722 2864 788 noverint,
2888 738 3002 776 non
3035 721 3280 777 timeant
3299 723 3554 779 refutare

1904 809 2000 880 qui
2037 810 2084 864 si
2120 826 2232 864 non
2267 810 2527 864 debitum
2563 811 2893 882 praemium,
2927 810 3135 867 saltem
3168 811 3253 866 vel
3300 811 3550 868 liberum

1902 897 1972 952 de
1993 914 2057 953 eo
2085 898 2183 970 qui
2211 915 2310 953 eos
2331 903 2599 954 recturus
2621 903 2706 954 est
2734 900 2946 954 debent
2966 899 3548 970 baberejudicium.»

1903 987 1971 1040 Et
2000 986 2142 1040 illud
2177 987 2374 1041 domni
2413 988 2618 1043 Leonis
2651 987 2908 1060 praeclari
2941 989 3232 1044 doctoris:
3281 1013 3309 1039 «
3341 989 3550 1046 Nullus

1901 1074 2097 1129 invitis
2133 1080 2188 1128 et
2221 1092 2334 1129 non
2368 1077 2706 1147 petentibus
2739 1078 3062 1144 ordinetur,
3097 1094 3168 1132 ne
3200 1078 3402 1134 civitas
3433 1080 3554 1151 epi-

1903 1179 2147 1235 scopum
2183 1181 2299 1218 non
2329 1168 2597 1236 optatum
2631 1168 2731 1220 aut
2763 1169 3114 1233 contemnat,
3149 1171 3248 1222 aut
3278 1166 3560 1234 oderit;et

1905 1253 2004 1307 {iat
2033 1252 2232 1307 minus
2265 1252 2539 1324 religiosa
2568 1270 2744 1324 quam
2779 1254 3042 1309 convenit
3083 1256 3174 1310 cui
3227 1274 3344 1313 non
3390 1257 3559 1314 licuit

1902 1340 2115 1395 habere
2142 1341 2294 1412 quod
2330 1340 2570 1396 voluit.»
2605 1341 2816 1397 Contra
2847 1347 2965 1396 tam
3001 1343 3327 1402 evidentem
3379 1351 3437 1401 et
3457 1364 3556 1402 ca-

1903 1430 2171 1484 nonicam
2196 1429 2625 1496 auctoritatem,
2647 1430 2692 1485 si
2721 1437 2916 1503 posset
2943 1434 3024 1486 eis
3052 1438 3278 1488 terrena
3298 1439 3558 1506 potestas

1902 1517 2486 1584 violentiaminferre,
2508 1536 2620 1574 non
2638 1523 2832 1575 tamen
2862 1521 3326 1577 benevolentiam
3357 1541 3557 1581 eorum

1904 1606 1974 1661 ab
2005 1605 2116 1662 isto
2133 1622 2238 1662 suo
2257 1607 2436 1661 electo
2452 1605 2668 1663 valeret
2684 1608 2998 1680 aliquando
3015 1613 3558 1668 avertere.Tandem

1903 1694 2084 1765 igitur
2103 1695 2365 1750 unanimi
2381 1695 2439 1751 et
2453 1697 2815 1768 praecordiali
2840 1699 2993 1770 preci
3019 1698 3215 1771 ipsoru
3228 1718 3281 1756 m
3307 1719 3564 1758 movere-

1903 1787 2000 1838 tur
2023 1783 2345 1855 imperialis
2368 1786 2496 1855 ejus
2519 1787 2889 1853 serenitas,et
2921 1789 3107 1860 magis
3149 1789 3206 1844 in
3241 1790 3349 1844 hac
3399 1797 3562 1862 parte

1905 1873 2299 1927 attenderetur
2327 1873 2594 1928 Ecclesiae
2621 1874 2722 1929 Dei
2756 1875 2978 1930 utilitas
3011 1893 3187 1948 quam
3207 1877 3305 1934 illa
3329 1896 3454 1950 quae
3479 1897 3562 1936 se-

1905 1961 2163 2016 cundum
2189 1961 2466 2016 saeculum
2492 1965 2879 2033 pertractabat
2899 1964 3075 2019 altius
3098 1983 3228 2020 eum
3248 1967 3563 2024 sublimare

1905 2052 2034 2121 ejus
2067 2051 2567 2123 consanguinitas.
2596 2053 2819 2107 Interea
2843 2057 2897 2106 et
2920 2053 3200 2124 speciales
3232 2054 3438 2111 litterae
3471 2057 3566 2112 do-

1911 2138 2069 2193 mino
2094 2139 2352 2194 Itrunoni
2386 2144 2524 2194 sunt
2559 2141 2810 2207 directae,
2848 2158 2974 2212 quae
3007 2141 3187 2198 totius
3217 2143 3560 2212 cleri,abba-

1904 2230 2101 2283 tumet
2122 2233 2463 2284 cunctorum
2481 2230 2996 2302 congregationum
3010 2232 3400 2304 ,universique
3418 2235 3560 2290 Leu-

1907 2333 1984 2371 cae
2016 2317 2332 2372 dicecescos
2361 2318 2562 2390 populi
2592 2319 2789 2373 taliter
2829 2320 3172 2375 nitebantur
3207 2322 3564 2378 desiderium

1909 2422 2010 2460 seu
2034 2404 2329 2477 negotium
2355 2409 2806 2478 perorarezquod
2835 2408 3053 2462 viduati
3090 2413 3321 2480 pastore
3362 2410 3561 2481 ipsum

1909 2494 2021 2550 sibi
2039 2494 2404 2551 concorditer
2436 2495 2624 2551 solum
2659 2496 3014 2568 delegissent
3035 2501 3091 2568 et
3121 2497 3190 2552 ab
3214 2499 3566 2572 imperatore

1911 2583 2471 2656 exigerent,propter
2503 2585 2934 2657 Omnipotentis
2968 2587 3237 2642 timorem
3262 2588 3482 2659 pariter
3511 2594 3568 2644 et

1913 2689 2194 2739 amorem,
2227 2672 2390 2728 nullo
2424 2679 2590 2745 pacto
2623 2691 2724 2729 eos
2768 2674 2904 2731 inde
2955 2677 3360 2747 perturbaret;
3395 2695 3462 2732 ac
3495 2695 3566 2733 ne

1914 2765 2314 2834 paupertatem
2351 2762 2785 2834 illorum,cujus
2818 2764 3102 2820 hactenus
3128 2766 3272 2821 bene
3294 2767 3566 2822 conscius

1915 2849 2444 2916 erat,abborreret.
2494 2853 2990 2908 Contestabantur
3047 2869 3179 2910 eum
3237 2871 3340 2927 per
3373 2854 3565 2925 illum,

1919 2939 2019 3011 qui
2052 2955 2180 2993 cum
2217 2944 2370 2994 esset
2392 2939 2570 3008 dives,
2614 2958 2836 3013 pauper
2865 2959 2967 3014 pro
2999 2943 3167 2998 nobis
3203 2944 3388 3000 factus
3428 2949 3516 2999 est
3550 2963 3563 3012 ;

1919 3044 2023 3082 nec
2054 3028 2207 3099 quod
2241 3028 2383 3083 tanti
2409 3029 2680 3100 praeconii
2705 3034 2996 3103 tantaeque
3020 3031 3341 3088 nobilitatis
3364 3049 3565 3104 perso-

1919 3133 2056 3171 nam
2089 3117 2197 3171 sibi
2230 3117 2373 3173 viles
2391 3122 2449 3172 et
2469 3119 2679 3190 abjecti
2705 3121 3569 3194 praeoptarent,majoribusquo

1919 3223 1986 3262 ac
2017 3206 2141 3262 suis
2172 3207 2394 3263 meritis
2425 3209 2698 3281 congruis
2727 3210 2970 3264 urbibus
2997 3211 3339 3282 inviderent,
3371 3213 3441 3267 ad
3475 3211 3564 3266 in-

147 3296 1809 3372 dianisdeprzedationibussiveconcertationibus,utpote
1843 3285 1884 3352 C
1914 3294 2133 3366 juriam
2168 3295 2280 3350 sibi
2304 3295 2520 3368 aliqua,
2557 3314 2732 3369 quam
2767 3298 2959 3353 adhuc
2989 3298 3045 3353 in
3080 3316 3145 3353 eo
3200 3317 3314 3354 non
3365 3301 3568 3372 deprc-

144 3392 206 3446 in
235 3390 430 3446 trium
463 3404 780 3461 regnorum
813 3386 1162 3442 constitutos
1193 3386 1550 3454 confiniis,in
1583 3388 1810 3460 imperii

143 3480 239 3536 sui
262 3477 543 3534 videlicet
563 3475 866 3543 ﬁnibus,iu
901 3475 1114 3548 quibus
1135 3479 1296 3530 tanto
1319 3475 1513 3530 acrius
1533 3477 1603 3530 ab
1623 3476 1813 3532 hosti-

142 3568 262 3625 bus
293 3567 641 3622 laborarent
671 3568 892 3636 quanto
918 3563 1151 3636 longius
1185 3568 1468 3619 terrarum
1503 3565 1693 3636 spatia
1741 3567 1811 3622 ab

142 3658 284 3728 ejus
294 3654 726 3727 prasentiaeos
744 3654 1313 3725 arcerent;'praetcrea
1329 3653 1623 3709 civitatem
1640 3671 1806 3710 suam

144 3762 184 3801 α
219 3745 587 3800 Francorum
618 3742 858 3815 regibus
907 3742 1130 3815 jugiter
1185 3743 1411 3815 reposci
1461 3742 1707 3800 diversis
1757 3748 1815 3800 et

142 3830 371 3887 multis
404 3830 956 3898 machinationibus,
989 3831 1081 3886 cui
1112 3832 1326 3886 damno
1365 3831 1695 3903 reipublicae
1747 3851 1812 3889 ac

138 3937 254 3977 suo
278 3920 694 3992 vexationique
725 3936 968 3976 suorum
1001 3918 1050 3974 si
1083 3920 1423 3992 dignaretur
1454 3919 1810 3987 obviare,de-

137 4011 420 4084 signaret
440 4009 528 4065 eis
557 4014 849 4079 pastorem
884 4007 1136 4064 nobilem
1161 4025 1226 4063 ac
1257 4008 1580 4080 sapientem
1631 4026 1808 4080 quam

137 4101 436 4167 maxime,
460 4099 633 4170 cujus
653 4098 971 4154 strenuitas
995 4101 1051 4152 et
1066 4097 1356 4153 industria
1377 4097 1489 4153 sibi
1518 4097 1808 4155 infensam

134 4189 418 4246 hostium
444 4189 665 4243 rabiem
684 4187 900 4243 valeret
921 4186 1280 4259 propulsare.
1305 4187 1388 4241 Ad
1410 4202 1584 4258 quem
1609 4187 1810 4260 utique

132 4279 574 4352 vestigandum
605 4293 722 4332 non
753 4280 907 4332 esset
935 4275 1104 4331 valde
1129 4275 1527 4341 laboraturus,
1573 4277 1808 4348 quando

133 4368 392 4440 quidem
429 4365 572 4421 cieri
605 4369 663 4420 et
691 4364 880 4436 plebis
901 4363 1294 4420 unanimitate
1327 4363 1604 4429 delectus,
1632 4383 1808 4437 penes

131 4457 266 4527 ejus
301 4454 687 4528 imperialem
720 4454 1087 4524 majestatem
1120 4453 1594 4525 consanguineus
1612 4441 1805 4510 Brun‘o

130 4544 492 4610 haberetur,
528 4543 645 4598 Deo
669 4542 954 4614 bonisque
978 4541 1316 4597 hominibus
1333 4542 1610 4598 delectus.
1635 4544 1803 4600 Hunc

1924 3384 2264 3452 henderant,
2297 3386 2633 3458 arrogantia
2664 3392 2980 3458 reputaret,
3039 3392 3276 3460 propter
3307 3405 3440 3444 eum
3473 3391 3572 3462 qui

1923 3489 1985 3530 se
2017 3491 2118 3546 pro
2150 3473 2318 3529 nobis
2349 3473 2679 3530 humiliavit
2707 3492 2894 3547 usque
2925 3476 2996 3531 ad
3030 3480 3298 3531 mortem.
3353 3478 3576 3533 Liceret

1922 3562 2006 3617 cis
2034 3562 2252 3618 laboris
2282 3562 2372 3617 sui
2401 3563 2590 3617 fructu
2625 3563 2863 3634 perfrui,
2890 3568 2948 3617 et
2978 3579 3145 3618 versa
3164 3564 3288 3618 vice
3321 3582 3355 3619 a
3387 3567 3574 3620 nutri-

1923 3651 2002 3706 tio
2024 3667 2130 3706 suo
2153 3651 2387 3718 nutriri,
2415 3650 2548 3722 quia
2573 3653 2896 3706 secundum
2920 3651 3285 3722 Apostolum,
3314 3653 3571 3707 laboran-

1923 3743 2031 3794 tem
2060 3740 2366 3808 agricolam
2395 3744 2603 3810 oportet
2631 3741 2872 3810 primum
2907 3740 2972 3795 de
2997 3741 3268 3811 [rudibus
3297 3743 3413 3796 suis
3440 3758 3573 3813 per-

1921 3830 2102 3899 cipere
2131 3829 2176 3900 (1
2204 3828 2323 3883 Cor.
2359 3846 2435 3896 ix,
2464 3827 2572 3899 lO).
2609 3829 2982 3900 Consequens
3015 3829 3170 3883 enim
3196 3829 3345 3884 foret
3376 3835 3440 3885 ut
3467 3831 3571 3886 Ec-

1922 3916 2117 3982 clesia,
2153 3934 2279 3987 quae
2313 3915 2486 3971 talem
2509 3917 2757 3971 educare
2789 3918 3120 3985 meruisset,
3153 3917 3330 3972 talem
3365 3923 3422 3974 et
3460 3919 3572 3975 sibi

1921 4010 2243 4060 mereretur
2272 4005 2552 4060 destituta
2572 4007 2993 4078 pastorem,qui
3018 4006 3189 4062 etiam
3210 4023 3311 4078 pro
3336 4007 3574 4065 modulo

1919 4093 2200 4149 divinitus
2231 4111 2504 4149 concesso
2537 4093 2907 4162 mortalibus,
2947 4095 3090 4150 illud
3139 4095 3388 4168 speciale
3437 4096 3572 4152 boni

1920 4188 1976 4238 et
2005 4183 2220 4240 summi
2255 4183 2504 4256 pastoris
2535 4183 2726 4238 dicere
2759 4191 2956 4256 posset
2981 4204 2992 4240 :
3030 4186 3298 4253 Cognosce
3323 4203 3495 4253 meas,
3523 4197 3574 4244 et

1917 4281 2238 4343 cognoscunt
2267 4289 2353 4328 me
2382 4288 2520 4330 mea:
2552 4273 2739 4345 (Joan.
2773 4292 2827 4342 x,
2862 4276 2968 4347 14).
3003 4275 3126 4330 Non
3158 4292 3292 4330 vero
3325 4293 3424 4331 eos
3484 4275 3574 4332 la-

1917 4367 2060 4417 teret
2090 4362 2242 4434 quod
2276 4362 2488 4417 terreni
2521 4362 2802 4437 principis
2844 4363 3027 4436 pictas
3075 4365 3145 4420 ad
3181 4367 3404 4436 majora
3437 4383 3570 4421 cum

1917 4450 2124 4507 merito
2155 4450 2686 4523 consanguinitatis
2708 4457 2764 4508 et
2803 4453 3165 4526 complacita;
3199 4453 3280 4508 illi
3337 4471 3573 4510 conver-

1916 4539 2159 4596 sationis
2192 4545 2524 4612 promotum
2558 4541 2641 4596 ire
2675 4541 3041 4599 deliberaret.
3078 4545 3278 4615 Itaque
3312 4544 3359 4599 si
3409 4543 3574 4617 ipsos

129 4635 244 4690 sibi
281 4632 707 4697 notissimum,
740 4634 942 4703 utpote
972 4647 1144 4686 suum
1177 4631 1438 4703 ipsorum
1471 4631 1800 4701 alumnum,
1839 4651 1882 4715 D
1915 4633 2047 4702 post
2077 4645 2139 4684 se
2172 4629 2488 4685 clamantes
2518 4631 2910 4688 exaudiendos
2940 4640 3220 4700 censeret,
3280 4633 3576 4691 continuis

129 4728 182 4779 et
203 4724 378 4779 inter
398 4722 567 4794 ipsos
590 4724 764 4791 atque
787 4721 858 4776 ab
889 4719 1033 4791 ipsis
1082 4718 1412 4775 liberalium
1473 4719 1800 4777 litterarum

127 4813 398 4869 scientia
431 4809 885 4873 eruditum,sine
918 4807 1152 4879 querela
1174 4810 1666 4880 conversatum,et
1704 4827 1806 4882 per

127 4900 421 4974 singulos
443 4894 665 4973 gradus
694 4897 962 4954 Ecclesiae
1002 4896 1348 4968 regulariter
1379 4897 1450 4952 ad
1509 4896 1805 4954 leviticum

128 4989 417 5044 ordinem
443 4991 783 5061 provectum
813 5005 825 5054 ;
862 4985 1018 5041 hunc
1050 5002 1164 5040 non
1199 4987 1374 5041 modo
1405 5003 1538 5041 cum
1600 4988 1808 5044 subur-

126 5076 308 5133 banis
331 5076 578 5144 urbani,
611 5093 812 5132 verum
835 5078 892 5132 et
913 5091 1116 5130 omnes
1147 5075 1367 5130 circum
1401 5075 1552 5130 circa
1602 5093 1806 5148 expec-

125 5165 329 5220 terent
351 5164 562 5221 vicinae
584 5163 784 5237 plebes
799 5169 857 5219 et
879 5162 1398 5235 comprovinciales
1411 5164 1808 5237 episc0pi.Aut

125 5254 495 5310 concederet
514 5270 652 5327 ergo
685 5253 770 5309 eis
800 5270 932 5307 cum
966 5251 1328 5324 beneplacito
1354 5253 1448 5307 Dei
1495 5253 1806 5319 istum,aut

125 5342 372 5400 nullum
405 5362 418 5398 :
449 5345 734 5416 quoniam
765 5342 824 5397 in
857 5346 1132 5415 promptu
1168 5341 1449 5396 haberent
1471 5341 1614 5396 illud
1652 5344 1801 5398 beati

124 5444 295 5503 papae
329 5433 631 5490 Caelestini
667 5435 967 5488 decretum
995 5431 1188 5503 (Epist.
1220 5431 1281 5500 Ii)
1305 5449 1316 5485 :
1342 5431 1563 5486 Habeat
1619 5449 1801 5488 unus-

126 5521 392 5596 quisque
416 5525 676 5579 fructum
713 5541 829 5578 suae
870 5521 1100 5577 militiae
1148 5520 1207 5574 in
1266 5519 1544 5586 Ecclesia,
1598 5520 1654 5575 in
1689 5538 1804 5593 qua

121 5623 292 5668 suam
333 5631 443 5687 per
473 5613 680 5670 omnia
711 5612 904 5668 officia
928 5609 1220 5679 transegit
1249 5611 1500 5664 aetatem.
1527 5611 1586 5663 In
1613 5610 1803 5665 aliena

103 5701 431 5777 stipendia
461 5704 716 5761 minime
747 5703 1015 5775 obrepat,
1051 5715 1156 5755 nec
1177 5697 1433 5754 debitam
1468 5697 1634 5753 alteri
1691 5698 1803 5754 sibi

1913 4719 2184 4791 precibus
2216 4720 2285 4775 de
2319 4719 2546 4791 reliquo
2571 4721 2824 4778 caelestis
2847 4723 3215 4796 imperatoris
3241 4722 3574 4796 largitatem

1915 4808 2237 4879 pulsarent,
2274 4813 2335 4863 ut
2367 4809 2420 4863 ei
2451 4809 2748 4865 ccelestem
2804 4828 2870 4866 ac
2927 4817 3232 4867 terestrem
3290 4811 3573 4868 honorem

1916 4897 2331 4953 accumularet.
2367 4897 2424 4951 Si
2450 4903 2642 4952 autem
2675 4888 3136 4956 contemnendos
3179 4901 3577 4971 putaret,quia

1916 4984 2321 5041 eminentioris
2354 4985 2662 5056 dignitatis
2694 4987 2843 5059 epici
2891 4987 3245 5044 saecularitcr
3299 4985 3574 5059 inbiaret,

1917 5075 2115 5131 divina
2145 5072 2389 5145 aequitas
2421 5078 2800 5146 contemptus
2830 5075 3061 5132 illorum
3097 5073 3273 5129 ultrix
3303 5073 3386 5128 sic
3417 5090 3576 5130 acce-

1918 5165 2100 5231 deret,
2129 5168 2193 5217 ut
2225 5179 2328 5215 nec
2363 5161 2432 5215 ad
2469 5160 2630 5216 illum
2655 5164 2744 5217 cui
2768 5163 3243 5226 intendebat.ncc
3274 5163 3343 5217 ad
3371 5179 3576 5233 quem~

1913 5253 2054 5308 libet
2088 5252 2267 5306 alium
2303 5249 2580 5303 honorem
2618 5250 2933 5323 aliquando
2967 5251 3326 5307 ascenderet.

1988 5341 2076 5396 IX.
2111 5343 2410 5411 Imperator
2434 5340 2690 5394 electiom'
2727 5342 2934 5396 obsistit
2969 5344 3033 5397 ob
3063 5343 3399 5414 episcopatu-5
3423 5357 3574 5410 pau-

1911 5438 2195 5501 pertatem.
2257 5429 2414 5482 Illius
2489 5445 2773 5484 assensum
2832 5433 3016 5485 Bruno
3096 5431 3316 5485 obtinet.
3353 5461 3418 5468 —
3453 5429 3572 5485 Hu-

1904 5518 2174 5592 jusmodi
2207 5534 2343 5589 ergo
2367 5515 2610 5589 syllabis
2636 5520 2896 5575 adomno
2912 5518 3577 5578 Notberto.tunclauda-

1912 5608 2048 5663 bilis
2066 5608 2191 5661 vitae
2215 5605 2754 5678 monacho,pridem
2773 5613 2968 5667 autem
2989 5608 3172 5666 sancti
3189 5614 3574 5684 protomarty.

1915 5697 1999 5753 ris
2015 5697 2293 5767 Stephani
2318 5697 2598 5754 canonico
2617 5705 2792 5774 atque
2807 5699 3114 5757 Liethardo
3129 5699 3317 5757 adhuc
3330 5697 3570 5772 quidem
