3964 6206
499 456 620 524 475
1848 457 1913 524 S.
1961 458 2064 523 LEl

2282 457 2377 522 PA
2383 459 2480 523 PA
2495 504 2510 522 .
3757 468 3847 534 476

502 595 781 652 canonico
813 590 1120 666 suseeptis,
1154 586 1254 664 qui
1285 607 1399 666 pres
1431 589 1523 652 sui
1553 591 1868 650 comitibus
1917 593 2144 651 itineris
2173 595 2228 660 Α
2258 597 2484 669 Moyses
2513 599 2583 654 ad
2619 593 3012 672 principatum
3027 592 3556 656 divinitusvocatus
3575 608 3846 670 excusabat

500 684 720 740 alacres
750 689 805 739 et
835 682 1070 756 impigri
1102 687 1468 739 exsecutores
1488 687 1658 739 tanta:
1688 682 1938 756 talisque
1954 701 2140 740 causas
2252 700 2313 742 se
2333 687 2655 758 postposito
2687 687 2871 743 alium
2904 688 3183 760 postulat,
3217 688 3495 745 dicendo:
3530 689 3839 758 Obsecro,Do-

502 772 731 828 fuerant
761 773 1051 843 designati
1084 771 1284 828 aclero
1307 777 1364 828 et
1393 773 1661 845 populis;
1688 773 1938 845 plurimo
1955 775 2139 829 vario-
2249 777 2417 841 mine,
2449 777 2606 832 mitte
2632 793 2788 848 quem
2819 779 3085 833 missurus
3113 794 3169 833 es
3208 779 3398 850 (Exod.
3451 796 3528 843 1v,
3561 781 3654 847 13;
3707 787 3846 852 atque

498 878 611 933 que
645 878 918 917 curarum
943 866 1084 917 aestu
1121 867 1366 934 uterque
1396 861 1776 929 afficiebatur,
1827 863 2143 934 imperator
2250 863 2511 919 Isaiasad
2533 865 2815 921 nuditatis
2849 866 3235 938 ignominiam
3253 866 3847 940 multiplicemquepas-

496 949 720 1005 scilicet
753 967 819 1006 ac
851 951 1129 1006 dominus
1165 952 1356 1005 Bruno
1408 952 1596 1005 eidem
1631 951 2036 1005 charissimus.
2073 953 2141 1006 Et
2246 952 2491 1018 sionem,
2524 970 2629 1008 nec
2661 953 3007 1010 nominatim
3037 955 3400 1028 designatus,
3425 954 3574 1011 ultro
3596 956 3845 1028 seingerit

497 1037 818 1110 imperator
844 1039 1106 1111 quidem,
1136 1040 1402 1110 quamvis
1439 1039 1717 1110 gauderet
1746 1038 2136 1107 dilectionem,
2247 1041 2695 1112 proclamando:
2757 1045 2886 1098 Ecce
2913 1059 3006 1113 ego
3035 1046 3190 1099 mitte
3241 1061 3327 1100 me
3383 1044 3489 1115 (lea
3542 1061 3617 1108 vr,
3647 1046 3716 1116 8).
3765 1047 3842 1102 His

498 1143 679 1198 quam
699 1128 1044 1199 ergaipsum
1064 1127 1453 1183 venerabilem
1475 1129 1806 1182 Brunonem
1839 1145 2058 1183 meram
2083 1133 2140 1184 et
2245 1146 2381 1201 ergo
2412 1135 2468 1186 et
2498 1130 2630 1187 aliis
2671 1131 2958 1188 virtutum
2996 1132 3392 1190 incitamentis
3442 1149 3761 1199 succensus,
3802 1138 3842 1189 et

493 1233 833 1290 germanam
867 1216 1061 1272 debito
1091 1216 1391 1271 affinitatis
1411 1216 2139 1288 considerationequestre-
2244 1218 2368 1274 oleo
2400 1220 2604 1274 divinae
2636 1220 2834 1292 gratiae
2855 1220 3133 1292 repletus,
3159 1227 3330 1278 rectas
3352 1223 3684 1278 intentionis
3707 1223 3837 1277 ﬂam-

491 1305 734 1361 nuitatis
766 1306 893 1375 ejus
928 1305 1285 1376 possidebat,
1336 1305 1656 1361 multorum
1718 1304 1992 1360 laudibus
2049 1305 2136 1360 vel
2246 1324 2402 1363 mam
2436 1313 2594 1363 tanto
2625 1310 2938 1381 spargebat
2966 1309 3238 1378 alacrius,
3265 1315 3483 1382 quanto
3504 1312 3726 1367 flatibus
3743 1328 3836 1367 car-

491 1395 825 1450 testimonio
860 1394 1257 1449 commendari
1275 1399 1331 1449 et
1348 1395 1678 1467 approbari,
1702 1411 1813 1448 non
1830 1395 2133 1449 mediocri-
2244 1396 2466 1452 nalium
2501 1398 2870 1454 att‘ectionum
2903 1397 3316 1470 impellebatur
3334 1399 3548 1456 acrius.
3567 1400 3837 1470 Fiebatque

490 1487 582 1538 ter
610 1487 802 1538 tamen
840 1483 1316 1550 contristabatur,
1354 1483 1494 1554 quia
1524 1482 1666 1537 illud
1701 1499 1872 1538 suum
1908 1481 2132 1538 deside-
2244 1490 2309 1540 ut
2336 1484 2433 1540 illa
2464 1485 2824 1543 dissuasorie
2851 1504 2994 1542 aura
3023 1505 3058 1542 a
3084 1487 3309 1544 Cassare
3357 1490 3596 1545 veniens
3642 1494 3695 1544 et
3735 1489 3835 1559 ejus

489 1573 786 1643 rium,quo
805 1572 1114 1643 appetebat
1133 1571 1291 1627 illius
1307 1571 1706 1644 temporaliter
1729 1570 2132 1626 sublimiorem
2241 1574 2377 1630 aula
2407 1575 2593 1648 magis
2623 1580 3029 1647 augmentaret
3046 1582 3104 1632 et
3123 1578 3651 1649 confoveret,quam
3671 1593 3836 1633 conso-

491 1661 864 1733 dignitatem,
893 1660 1181 1716 sentiebat
1210 1661 1536 1732 prmpediri.
1558 1661 1825 1715 Timebat
1846 1677 1916 1715 ne
1949 1661 2131 1715 Deum
2240 1663 2389 1735 piret
2417 1669 2518 1719 aut
2542 1665 3148 1738 exstingueretiguem
3176 1666 3356 1722 divini
3383 1668 3644 1723 sacrificii
3660 1668 3833 1724 devotae

490 1749 826 1816 offenderet,
853 1750 900 1804 si
933 1748 1202 1805 Ecclesia:
1235 1752 1362 1819 ejus
1388 1755 1504 1804 tam
1528 1749 1935 1805 unanimivoto
1959 1766 2130 1822 repu-
2239 1753 2456 1808 mentis
2485 1752 2545 1807 in
2577 1771 2696 1808 ara.
2729 1753 2928 1825 Itaque
2948 1753 3111 1810 illam
3164 1756 3316 1811 beati
3348 1756 3502 1812 Petri
3533 1756 3833 1812 sententiam

489 1843 696 1912 gnaret
727 1857 739 1905 ;
772 1839 1026 1907 dolebat,
1061 1838 1106 1894 si
1135 1843 1307 1893 tantae
1341 1855 1600 1910 persona:
1633 1855 1734 1910 pro
1768 1837 1992 1892 meritis
2015 1854 2130 1893 non
2239 1858 2356 1913 qua
2387 1841 2564 1897 dicit:
2598 1845 2991 1899 Humiliamini
3043 1845 3141 1900 sub
3195 1847 3404 1915 potenti
3454 1862 3618 1902 manu
3643 1846 3748 1910 Dei,
3788 1848 3834 1898 ut

489 1929 884 1997 responderet.
910 1927 1056 1990 Quid
1091 1927 1184 1981 hic
1217 1927 1419 1982 multis
1435 1927 1662 1982 haereo?
1694 1926 1751 1981 in
1774 1931 1936 1982 tanta
1955 1943 2128 2029 ‘men-
2161 1965 2207 2029 Β
2235 1947 2328 1986 vos
2360 1933 2562 1987 excitet
2619 1933 2680 1986 in
2731 1936 2970 2002 tempore
3023 1934 3362 1988 uisitationis
3415 1934 3464 2004 (ι
3505 1935 3640 1989 Petr.
3683 1950 3732 1999 v,
3757 1933 3834 2000 6);

486 2016 564 2071 tis
598 2016 978 2072 ﬂuctuatione
1010 2015 1432 2088 deprehensus,
1466 2033 1568 2088 per
1598 2015 1822 2088 legatos
1863 2033 1897 2070 a
1952 2014 2130 2071 latere
2161 2014 2207 2029 ⁵¹
2240 2024 2553 2092 graganter
2607 2019 2928 2090 amplexus,
2983 2019 3268 2092 dieruptis
3314 2025 3533 2077 cunctae
3573 2019 3835 2076 dilationis

485 2122 594 2161 suo
626 2105 900 2171 directos,
934 2105 1209 2161 omnibus
1241 2105 1492 2178 ingeniis
1521 2105 1656 2160 inde
1678 2105 1804 2174 jam
1839 2103 2128 2176 saepedicti
2239 2107 2504 2174 nexibus,
2533 2108 2870 2180 imperatori
2891 2108 3084 2164 adhuc
3105 2108 3663 2165 dissuadentiobtulit
3683 2106 3836 2178 sylla-

487 2194 709 2250 domini
745 2193 1036 2250 Brunonis
1059 2195 1437 2249 intentionem
1463 2210 1729 2249 revocare
1755 2198 1842 2250 est
1865 2198 2127 2256 conatus,
2238 2197 2344 2252 bas
2375 2196 2589 2252 missas
2621 2196 2730 2252 sibi
2765 2213 2800 2251 a
2828 2197 2980 2252 clero
3005 2214 3034 2253 θ
3068 2197 3360 2269 plebibus,
3383 2198 3620 2270 ingenua
3635 2201 3832 2261 tamen,

486 2283 658 2338 modo
691 2283 1155 2340 conflictationes
1184 2282 1566 2337 creberrimas
1598 2287 1771 2351 atque
1813 2280 2128 2352 depopula-
2240 2290 2305 2340 ut
2335 2286 2414 2340 ita
2435 2285 2626 2340 dicam
2654 2285 2913 2356 virgineo
2944 2287 3163 2357 pudore
3191 2303 3292 2341 ora
3313 2287 3588 2342 suffusus.
3617 2284 3832 2356 Apicum

484 2371 676 2426 tiones
706 2369 867 2425 illius
898 2369 1164 2425 Ecclesiae
1196 2369 1730 2438 commemorando,
1752 2375 1806 2424 et
1828 2373 2131 2441 pauperta—
2239 2377 2434 2429 autem
2465 2378 2664 2430 tenore
2694 2373 3030 2430 clarieimus
3061 2375 3329 2447 princeps
3359 2375 3616 2443 edoctus,
3664 2372 3727 2427 ad
3767 2371 3831 2425 la-

485 2463 601 2513 tem
634 2475 812 2528 supra
835 2459 1073 2513 modum
1098 2458 1530 2529 exaggerando;
1566 2459 1737 2513 modo
1761 2458 1915 2530 quod
1947 2458 2005 2512 in
2033 2474 2128 2512 ex-
2239 2478 2467 2535 crymas
2491 2466 2583 2518 est
2613 2466 2936 2534 permotus,
2969 2465 3028 2518 et
3087 2463 3403 2519 uberrimis
3453 2463 3671 2520 fletibus
3706 2463 3832 2516 atte-

485 2547 692 2602 tremis
725 2547 952 2617 imperii
985 2545 1076 2600 sui
1108 2545 1323 2602 ﬁnibus
1346 2547 1486 2602 urbs
1508 2546 1608 2601 illa
1630 2547 1836 2618 posita,
1861 2551 1962 2602 aut
1982 2563 2128 2602 nun-
2237 2549 2553 2619 stantibus,
2585 2550 2945 2607 extrinsecus
2966 2550 3156 2622 palam
3175 2551 3309 2608 fecit
3330 2552 3539 2624 quanti
3553 2567 3674 2606 eum
3695 2548 3833 2604 hahe-

485 2651 687 2706 quam,
713 2639 812 2690 aut
842 2635 1139 2690 rarissime
1163 2635 1549 2690 aestimaretur
1579 2635 1757 2708 digna
1814 2635 2126 2707 imperato-
2237 2643 2326 2694 ret
2346 2639 2972 2702 intrinsecus,Demum
2988 2637 3831 2713 aliquantointerjectosilentio,

484 2738 614 2778 rum
646 2723 1167 2789 diversorio;modo
1185 2724 1337 2794 quod
1358 2723 1630 2779 eumdem
1651 2729 1920 2795 nepotem
1949 2740 2124 2778 suum
2237 2725 2499 2800 linguam
2533 2727 2748 2784 famine
2777 2727 3020 2784 solvitin
3049 2729 3161 2786 isto
3191 2748 3205 2786 :
3240 2753 3269 2780 ‹‹
3303 2731 3500 2786 Meam
3531 2725 3831 2786 sententiam

485 2811 596 2867 sibi
624 2829 725 2883 per
745 2811 942 2866 omnia
965 2811 1380 2868 charissimum
1404 2812 1670 2882 nequiret
1685 2814 1939 2884 perferre
1963 2828 2127 2884 aequo
2239 2833 2414 2888 super
2442 2817 2663 2872 honore
2694 2821 2812 2885 tuo,
2843 2816 3185 2874 dulcissime
3231 2819 3312 2874 mi
3343 2835 3551 2892 nepos,
3595 2818 3708 2889 jam
3755 2813 3833 2868 diu

485 2900 679 2956 animo
711 2899 1034 2971 disgregari
1065 2918 1098 2956 a
1128 2917 1190 2956 se
1219 2905 1384 2956 tanto
1422 2905 1710 2957 terrarum
1743 2901 1949 2973 spatio.
1989 2905 2126 2956 Par-
2239 2904 2640 2971 deliberatam,
2691 2922 2947 2978 superna
2974 2906 3141 2962 video
3173 2908 3472 2964 sententia
3527 2902 3834 2977 impugnari.

485 3005 612 3044 cere
669 2987 849 3060 igitur
879 2988 1128 3044 sibimeti
1138 2989 1251 3060 psi,
1277 2993 1335 3044 et
1364 2992 1484 3044 tam
1516 3007 1632 3045 suae
1665 2989 2126 3045 utilitaticonsu-
2236 2989 2354 3046 imo
2376 2991 2724 3063 expugnari;
2749 2991 2844 3047 cui
2864 3008 3038 3065 cogor
3058 3009 3270 3049 manus
3288 2994 3510 3060 dando,
3531 2995 3672 3050 sicut
3690 2991 3833 3046 debeo

487 3078 630 3133 leret
656 3083 827 3149 atque
858 3077 1059 3149 quieti,
1103 3095 1278 3148 quam
1317 3077 1657 3134 medullitus
1709 3095 1842 3134 eum
1875 3077 2126 3134 amantis
2237 3079 2565 3153 suffragari,
2593 3081 2871 3152 quoniam
2903 3099 3019 3137 non
3041 3082 3166 3139 sine
3187 3083 3452 3155 pernicie
3473 3088 3721 3139 nostrum
3741 3095 3832 3134 am-

485 3165 860 3240 imperatoris
889 3165 1172 3222 voluntati
1204 3171 1261 3222 et
1290 3167 1711 3238 perturbationi
1735 3185 1747 3221 :
1781 3167 1973 3238 potius
1997 3183 2125 3221 sur-
2235 3167 2446 3222 borum
2475 3173 2531 3224 et
2560 3168 2878 3225 multorum
2910 3186 3150 3242 possum
3173 3171 3396 3228 diutius
3425 3170 3710 3244 refragari.
3741 3167 3832 3222 Pie-

481 3255 555 3310 da
585 3272 724 3310 aure
746 3254 877 3311 illos
910 3257 1244 3326 praeteriret,
1279 3255 1377 3328 qui
1400 3272 1567 3311 suam
1595 3256 1858 3328 ipsorum
1878 3254 2126 3310 necessi-
2236 3260 2327 3312 tas
2358 3257 2923 3329 Omnipotentisjam
2956 3275 3111 3314 nunc
3143 3260 3252 3315 tibi
3280 3260 3338 3315 in
3370 3261 3489 3317 hoc
3520 3259 3683 3327 adsit,
3737 3271 3833 3328 qua:

483 3347 664 3399 tatem
697 3361 796 3399 seu
829 3343 1307 3416 consolationem,
1331 3361 1508 3416 quam
1532 3345 1657 3414 ejus
1678 3344 1928 3400 salutem
1951 3349 2008 3399 et
2025 3343 2122 3397 ho-
2153 3329 2195 3393 (ἶ
2235 3345 2374 3418 quid
2425 3345 2695 3402 ambolus
2727 3346 2894 3402 nobis
2938 3352 2994 3402 et
3021 3349 3298 3405 omnibus
3357 3350 3630 3422 expediat
3683 3344 3832 3416 magis

481 3450 682 3488 norem
706 3433 894 3504 pluris
926 3434 1282 3505 penderent;
1309 3433 1560 3488 maxime
1591 3433 1683 3488 cui
1742 3434 1865 3505 ipse
1921 3431 2119 3487 condi-
2228 3436 2404 3490 novit.
2435 3435 2574 3491 Mihi
2605 3438 2885 3508 ergojam
2917 3436 3077 3506 libet,
3112 3440 3266 3511 quod
3325 3442 3548 3497 evitare
3577 3457 3686 3496 non
3713 3437 3831 3492 licet.

479 3538 654 3594 gnam
686 3540 793 3578 suo
819 3522 1018 3594 generi
1051 3539 1115 3579 ac
1175 3522 1380 3578 merito
1434 3522 1781 3594 dignitatem
1835 3520 2122 3576 instanter
2228 3525 2316 3579 Tu
2349 3528 2542 3579 tamen
2573 3525 2763 3596 gratia
2792 3525 2892 3582 Dei
2914 3531 3244 3594 contentus,
3296 3546 3423 3600 qua
3478 3529 3600 3586 sola
3625 3522 3831 3584 crederis

479 3610 835 3682 praevideret.
876 3613 1066 3666 Verum
1097 3613 1226 3682 quia
1255 3612 1428 3667 multa
1456 3613 1687 3666 consilia
1718 3613 1777 3666 in
1808 3610 1961 3666 corde
1989 3611 2117 3674 viri,
2228 3613 2298 3668 ad
2330 3611 2488 3668 illius
2513 3611 2779 3669 Ecclesiae
2809 3613 3065 3686 regimen
3100 3615 3449 3687 praeelectus
3480 3616 3637 3672 nullo
3663 3608 3832 3670 venali-

475 3700 727 3754 voluntas
753 3707 933 3754 autem
966 3701 1193 3754 Domini
1221 3700 1330 3769 ﬁet.
1365 3698 1546 3769 (Prov.
1580 3716 1696 3766 x1x,
1729 3698 1914 3767 21,)ut
1955 3696 2116 3753 Salo-
2224 3700 2363 3756 tatis
2395 3701 2588 3764 modo,
2622 3717 2726 3756 nec
2757 3701 2946 3772 ipsius
2962 3704 3231 3777 conjugis
3253 3721 3422 3774 meae,
3471 3723 3575 3761 nec
3621 3698 3833 3772 cuiusvis

476 3805 615 3843 mon
647 3788 746 3856 ait,
800 3787 968 3860 longe
1027 3787 1193 3842 aliter
1249 3787 1581 3842 efficiebant
1639 3786 1943 3841 subditum
2002 3787 2116 3840 Deo
2228 3787 2564 3844 mortalium
2596 3793 2707 3843 tua:
2740 3790 2888 3860 parti
2922 3791 3197 3848 concilies
3228 3793 3501 3862 affectus,
3536 3811 3606 3850 ne
3633 3792 3755 3848 hinc
3785 3802 3835 3842 ex

478 3877 743 3932 animum
777 3877 1070 3931 reverendi
1100 3876 1386 3932 Brunonis
1418 3876 1721 3932 destinatas
1752 3875 1837 3930 illi
1882 3874 2120 3948 syllasz
2226 3882 2285 3933 te
2307 3894 2408 3950 per
2437 3894 2640 3933 omnes
2669 3877 2775 3933 tibi
2806 3879 3127 3936 credendas
3160 3898 3294 3937 oves
3325 3888 3532 3955 serpat
3572 3883 3732 3952 hujus
3777 3875 3834 3931 8i-

477 3965 548 4021 ab
569 3964 830 4020 Ecclesia:
851 3963 2121 4038 populis:quorumunanimiethumiliinvi-
2229 3966 2508 4022 mouiacie
2541 3965 2724 4036 pestis
2780 3983 3000 4023 naevus.
3065 3968 3270 4024 Procul
3327 3971 3519 4027 dubio
3567 3969 3712 4026 enim
3760 3961 3836 4036 qui

475 4055 695 4109 tatione
726 4055 1014 4108 sentiebat
1043 4070 1105 4108 se
1136 4055 1206 4108 ad
1229 4052 1473 4108 humilia
1500 4053 1731 4108 invitari
1755 4054 1827 4108 ab
1853 4053 1976 4124 ipso
1996 4070 2118 4109 ma-
2227 4055 2402 4127 cmpit
2430 4053 2488 4108 in
2520 4059 2576 4109 te
2605 4055 2827 4110 bonum
2860 4073 3029 4128 opus,
3062 4056 3321 4128 perficiet
3371 4059 3730 4131 quantocius.
3791 4053 3834 4106 In

475 4142 657 4214 gistro
685 4141 1062 4208 humilitatis,
1082 4141 1182 4212 qui
1205 4142 1323 4197 Rex
1345 4139 1649 4195 hominum
1665 4142 1786 4196 fieri
1811 4142 2043 4214 refugit,
2065 4147 2122 4197 et
2229 4142 2421 4214 ipsius
2450 4143 2704 4214 gratuita
2761 4144 2975 4214 pietate
3021 4149 3189 4200 tuum
3213 4147 3380 4216 jacta
3425 4149 3732 4222 cogitatum
3761 4146 3836 4210 ,ει

476 4231 627 4285 ultro
659 4229 728 4284 ad
763 4245 995 4283 crucem
1026 4228 1204 4293 venit,
1233 4245 1336 4283 nec
1371 4228 1682 4282 immemor
1715 4228 1870 4284 illius
1911 4231 1986 4300 (9)
2027 4231 2119 4286 sui
2227 4230 2355 4304 ipse
2383 4236 2438 4286 te
2463 4230 2734 4299 enutriet,
2792 4234 3118 4289 secundum
3149 4235 3481 4293 veridicum
3525 4254 3644 4293 sua!
3671 4231 3836 4289 divina:

476 4317 689 4389 prioris
728 4317 1026 4387 propositi,
1062 4333 1176 4388 quo
1194 4315 1449 4370 malebat
1463 4315 1686 4387 jugiter
1705 4318 1864 4374 omni
1888 4318 2120 4374 humili-
2228 4319 2527 4376 sententias
2559 4319 2937 4391 promissum.
2971 4322 3053 4377 De
3080 4324 3266 4379 nostri
3297 4331 3497 4382 autem
3542 4321 3751 4382 consilii
3796 4319 3837 4370 et

476 4403 847 4469 tate,vilitate
877 4409 933 4459 et
962 4405 1324 4460 extremitate
1347 4408 1653 4460 contentus
1672 4404 1899 4462 Christo
1932 4408 2118 4464 famu-
2218 4407 2545 4479 juvaminis
2575 4407 2803 4474 solatio,
2831 4410 3265 4480 quantumlibet
3293 4412 3437 4470 illuc
3484 4416 3585 4479 sit,
3640 4426 3705 4468 ne
3755 4407 3837 4462 ﬁas

475 4491 605 4561 lari,
639 4507 815 4562 quam
851 4489 1247 4563 temporaliter
1275 4508 1408 4545 cum
1441 4489 1636 4564 aliqua
1657 4493 1988 4566 corruptela
2030 4496 2118 4551 in-
2229 4495 2349 4552 ullo
2376 4496 2548 4552 :nodo
2570 4496 2786 4553 dubius
2811 4515 2824 4564 ;
2859 4498 2997 4570 quia
3025 4516 3206 4573 super
3220 4518 3428 4560 omnes
3451 4503 3539 4560 tui
3559 4494 3836 4564 ordiuis,de

475 4585 649 4653 tegrae
679 4579 1128 4647 conscientiae,id
1145 4579 2117 4656 estquavisvenalitatesublimari,
2228 4589 2332 4641 tua
2361 4601 2422 4640 re
2461 4586 2857 4658 prosperanda
2907 4603 3140 4660 semper
3181 4607 3278 4646 ero
3337 4590 3648 4656 sollicitus,
3697 4596 3836 4659 quem

475 4685 653 4760 quam
685 4667 999 4723 trimodam
1031 4673 1392 4760 compererat
1421 4667 1595 4760 dictis
1625 4669 1781 4725 beati
1834 4671 2116 4744 Gregorii,
2151 4696 2195 4760 ι)
2228 4672 2397 4729 nobis
2423 4674 2795 4730 commendat
2824 4679 2882 4729 et
2910 4675 3242 4733 indefessus
3272 4678 3440 4736 labor
3498 4679 3683 4735 ﬁdelis
3729 4685 3836 4742 erga

474 4757 698 4814 scilicet
728 4774 761 4812 a
794 4773 994 4823 manu,
1030 4759 1099 4812 ab
1133 4757 1473 4828 obsequio,a
1503 4757 1714 4814 favore.
1771 4760 1868 4815 His
1917 4762 2118 4833 utique
2153 4757 2185 4760 _
2231 4779 2338 4818 nos
2368 4762 2722 4828 serviminis,
2745 4767 2803 4818 et
2832 4766 3306 4838 consanguineus
3335 4768 3587 4840 invicem
3635 4765 3836 4822 affectus

471 4848 662 4904 tribus
677 4845 1046 4920 pedissequis
1060 4847 1724 4902 ambitiosaevcnalitatis
1749 4848 2118 4907 animadver-
2228 4852 2393 4908 avita:
2423 4851 2901 4923 propinquitatis.
2933 4855 3187 4910 Tantum
3219 4860 3424 4930 satage
3483 4846 3836 4927 Omnipotenti

469 4944 600 4994 tens
619 4935 1375 5008 ecclesiasticasdignitates
1394 4935 1569 4990 nimis
1587 4936 1955 4993 confundiac
1978 4941 2116 4995 sub-
2227 4939 2478 4995 ﬁdeliter
2505 4940 2816 5010 deservire,
2861 4945 2920 4997 et
2970 4943 3260 5001 bonorum
3307 4963 3546 5003 morum
3602 4939 3838 5000 indolem.

472 5027 584 5094 rui,
620 5041 723 5080 nec
755 5025 920 5081 facile
939 5025 1195 5096 aliquem
1214 5025 1285 5079 ab
1301 5022 1762 5096 aliquaistarum
1792 5025 2116 5084 immunem
2228 5047 2355 5102 quae
2385 5029 2443 5084 in
2470 5034 2525 5085 te
2557 5047 2591 5086 a
2620 5031 2930 5088 cunabulis
2962 5038 3070 5102 est,
3114 5036 3357 5092 studeas
3417 5037 3795 5108 augmentare.
3817 5048 3832 5070 ι

474 5113 1351 5188 reperiri,uihilsibitutiusfore
1372 5112 1821 5184 credidit,quam
1847 5116 2114 5187 populari
2227 5118 2329 5174 His
2359 5117 2606 5190 aliisque
2645 5120 2840 5175 verbis
2871 5137 2905 5176 a
2961 5123 3140 5196 regali
3199 5124 3514 5181 dulcedine
3566 5121 3837 5179 roboratus

473 5204 740 5261 electioni
764 5205 836 5258 ad
864 5203 1114 5258 humilia
1144 5220 1205 5259 se
1236 5201 2121 5262 veladversaattrahentiassen-
2226 5206 2579 5264 venerabilis
2607 5207 2822 5274 Bruno,
2878 5215 3084 5280 sponte
3131 5211 3423 5270 laborioso
3481 5229 3546 5268 se
3601 5201 3841 5266 submisit

472 5293 590 5358 tiri,
624 5298 682 5348 et
705 5291 993 5364 imperiali
1016 5291 1378 5364 suggestioui
1401 5290 1471 5344 ad
1499 5307 1711 5364 magna
1733 5291 1819 5346 vel
1841 5310 2121 5365 prospera
2229 5296 2388 5351 oneri
2417 5294 2480 5349 in
2509 5293 2632 5350 solo
2658 5296 2804 5352 fisus
2826 5297 3096 5368 Domino,
3131 5301 3348 5373 quippe
3391 5301 3493 5374 qui
3525 5301 3749 5356 noverat
3793 5302 3840 5343 se

471 5382 736 5436 incitanti
754 5379 1318 5452 reluctari.Deuique
1337 5378 1634 5434 laudabile
1647 5385 1736 5435 est
1758 5397 2118 5455 quemquam
2232 5401 2343 5439 nou
2375 5383 2565 5440 vocari
2588 5384 2658 5439 ad
2691 5387 3094 5459 prosperitatis
3117 5390 3350 5462 gaudia,
3384 5390 3491 5446 sed
3513 5390 3584 5445 ad
3611 5383 3836 5460 gravium

476 5487 578 5540 pro
613 5475 721 5525 Deo
754 5485 1034 5541 prospera
1064 5469 1352 5526 declinare
1381 5484 1393 5522 :
1428 5469 1530 5524 sed
1555 5467 1739 5523 multo
1764 5469 2120 5532 laudabilius
2229 5472 2497 5528 laborum
2528 5474 2909 5544 perpetienda
2939 5476 3221 5548 pericula.

476 5563 699 5611 constat
730 5557 990 5612 adversis
1023 5575 1084 5612 se
1128 5564 1334 5628 sponte
1391 5556 1769 5613 ofl'erre.Hiuc
1827 5564 1916 5616 est
1963 5563 2118 5632 quod
2301 5561 2367 5615 Χ.
2403 5566 2486 5617 Ex
2515 5561 2675 5616 Italia
2705 5561 2960 5620 discedit.
2983 5567 3464 5639 Langobardorum
3491 5565 3716 5623 insidias
3734 5573 3837 5615 cva-

547 5662 621 5730 (9)
655 5663 732 5715 Ex
755 5663 942 5716 verbis
989 5665 1394 5733 sequentibus,
1425 5680 1455 5717 ο
1484 5664 1695 5736 regula
1727 5666 2042 5725 Benedicti:

477 5729 682 5786 Leonis
713 5733 1018 5802 professio.

2269 5669 2340 5724 ite
2367 5671 2424 5736 7,
2458 5668 2809 5741 desumptis,
2851 5671 3145 5746 designari
3179 5675 3410 5731 videtur
3446 5669 3758 5730 monastica
3789 5663 3834 5716 δι
