3964 6206
52 317 150 381 481

984 301 1636 383 PROLEG.-IV1TA
1679 317 1745 383 s.
1791 317 2096 383 LEONIS.
2131 323 2384 385 —LIB.
2434 325 2481 386 1.

3317 307 3438 400 482

53 454 300 512 devotam
322 451 840 509 sanctimonalium
855 453 1681 526 constituitcongregationem
1714 454 1764 520 Α
1799 454 1926 522 ejus
1950 455 2053 526 pize
2079 455 2338 528 religioni
2364 459 2556 515 modis
2577 461 2854 520 omnibus
2885 467 3169 523 contraire
3187 469 3394 525 nititur
3422 491 3435 540 ;

55 547 216 613 atque
235 539 440 598 nobilis
461 540 698 615 generis
720 541 968 613 vitisque
1005 541 1320 598 laudabilis
1342 541 1680 614 quamdam,

54 629 277 686 nomine
295 630 639 686 Berrennam
661 630 794 700 (20),
817 630 930 700 ipsi
971 630 1142 686 coetui
1171 635 1417 686 matrem
1449 629 1682 686 ordina-

51 719 160 786 vit;
196 719 358 790 cujus
383 717 622 775 instanti
654 718 1050 775 sollicitudine
1097 719 1294 775 divini’
1326 719 1516 775 fervor
1556 735 1682 776 ser-

51 807 163 862 vitii
193 807 400 864 ibidem
431 806 791 864 ﬂorescendo
811 807 1011 877 crevit,
1035 814 1112 877 et,
1135 807 1329 864 divina
1354 807 1682 880 opitulante

50 895 242 968 gratia,
267 894 324 949 in
346 895 550 969 longas
572 900 704 968 post
732 896 1142 968 generationes
1170 895 1482 954 crescendo
1514 896 1679 952 ﬂore-

49 984 144 1040 bit.
173 985 353 1058 Inerat
381 1000 617 1056 quoque
643 983 697 1040 ei
727 984 1018 1042 mirabilis
1053 989 1111 1041 et
1157 985 1403 1043 honesta
1447 1003 1679 1045 morum

49 1072 317 1145 elegantia
346 1073 487 1128 adeo
519 1078 585 1128 ut
612 1090 748 1129 cum
788 1072 1096 1144 splendido
1145 1076 1406 1148 corporis
1453 1078 1678 1145 decore,

51 1178 208 1231 quem
229 1160 309 1218 illi
332 1177 512 1234 super
531 1166 776 1217 cunctos
796 1161 959 1218 illius
980 1163 1261 1235 temporis
1277 1165 1524 1220 contulit
1543 1167 1678 1222 Om-

51 1251 350 1320 nipotentis
367 1250 1086 1322 munificentia,quidquid
1104 1253 1311 1323 agebat
1333 1259 1678 1311 cunctorum

51 1338 254 1394 animis
266 1355 387 1394 com
395 1338 703 1411 placeret,q
714 1339 956 1411 uidquid
970 1340 1488 1408 dicebat,omnium
1504 1345 1680 1400 corda

51 1427 243 1484 intimo
271 1429 482 1484 amoris
510 1428 720 1484 effectu
774 1427 1100 1485 delectaret.
1151 1430 1298 1486 Cum
1341 1434 1682 1505 serpentina

51 1515 485 1572 astutiatantum
503 1515 833 1588 pollebatin
850 1533 918 1572 eo
948 1516 1285 1575 columbina
1309 1520 1680 1593 simplicitas,

51 1609 106 1658 ut
132 1604 199 1659 ab
227 1603 405 1675 hujus
438 1603 637 1660 smculi
667 1604 1060 1677 prudentibus
1089 1607 1354 1663 omnium
1387 1609 1682 1666 videretur

49 1693 297 1764 superior
316 1692 374 1748 in
398 1693 734 1765 prudentia,
759 1700 817 1749 et
849 1711 885 1750 a
904 1693 1102 1750 divina
1141 1695 1505 1768 sapientibus
1536 1699 1683 1755 mire

49 1781 317 1886 coleretur
350 1799 453 1855 pro
493 1799 648 1886 purae
671 1781 884 1882 mentis
917 1782 1271 1840 innocentia.
1291 1786 1678 1886 Tantanlargi-
1715 1821 1763 1886 Β

46 1870 174 1928 tatis
184 1869 521 1928 abundabat
539 1871 914 1940 charitate,ut
931 1888 1078 1946 pene
1102 1874 1683 1933 cunctadistribuens

47 1959 346 2016 indiscrete
374 1961 435 2016 in
477 1959 719 2016 aliorum
763 1960 1085 2033 cpulentia,
1133 1962 1332 2034 ipsum
1383 1965 1685 2022 multoties

49 2046 388 2120 contingeret
431 2049 714 2121 indigere.
747 2048 1264 2122 Eleemosynarum
1302 2051 1504 2108 virtuti
1551 2061 1685 2109 ante

51 2137 225 2192 omnia
240 2143 297 2193 et
315 2154 501 2210 super
516 2137 715 2194 omnia
734 2138 1072 2207 insudabat,
1098 2156 1203 2211 nec
1227 2157 1330 2211 pro
1369 2141 1486 2197 ullo
1509 2158 1686 2199 saecu-

53 2223 144 2279 lari
172 2225 595 2298 impedimento
621 2243 977 2300 quemquam
1011 2228 1166 2284 diem
1198 2229 1506 2286 omittebat
1541 2230 1682 2302 quin

52 2313 195 2368 omni
225 2331 394 2371 mane
421 2315 557 2386 ipse
588 2331 692 2388 per
721 2333 783 2372 se
801 2331 1126 2389 pauperum
1140 2319 1322 2374 turbas
1345 2318 1682 2386 deserviret,

51 2418 104 2456 ac
131 2402 424 2462 Dominico
462 2404 729 2476 exemplo
759 2421 961 2462 eorum
991 2407 1235 2479 vestigia
1267 2407 1560 2467 abluendo
1606 2409 1686 2465 vi-

48 2495 188 2546 ctum
209 2491 600 2550 sufﬁcientem
625 2493 926 2550 tribueret.
949 2493 1260 2552 Devotione
1296 2498 1529 2553 contriti
1557 2515 1682 2556 cor-

48 2580 124 2636 dis
138 2584 190 2636 et
211 2581 666 2654 compunctione
687 2580 1149 2655 lacrymosorum
1163 2585 1489 2657 gemituum
1517 2587 1684 2644 inun-

53 2669 204 2725 dabat
225 2669 585 2727 mirabiliter
605 2671 747 2732 adeo
770 2675 834 2726 ut
849 2671 994 2728 nihil
1017 2688 1193 2728 sacrae
1213 2674 1516 2743 orationis,
1550 2677 1682 2734 nul-

44 2757 148 2813 lum
166 2759 336 2815 divini
359 2758 734 2816 sacriﬁcium
756 2760 934 2816 oiiicii
955 2777 1208 2833 superno
1231 2761 1417 2819 vultui
1441 2781 1685 2836 praesen~

44 2851 170 2904 taret
197 2849 333 2922 quin
367 2847 664 2904 continuo
695 2847 1090 2922 lacrymarum
1121 2851 1364 2908 ﬂumine
1388 2853 1594 2911 faciem
1625 2861 1684 2913 et

44 2943 222 3006 pectus
251 2938 558 3011 irrigaret.
581 2937 707 2993 Tali
729 2954 792 2994 se
812 2937 1152 2996 holocausto
1175 2941 1231 2996 in
1255 2948 1570 3014 conspectu
1594 2944 1682 2999 di-

45 3026 167 3082 vine
189 3028 527 3100 majestatis
549 3028 846 3084 mactabat
861 3029 1120 3097 assidue,
1147 3031 1341 3087 sciens
1357 3033 1682 3089 certissime

1793 550 1848 598 et
1877 543 2008 598 licet
2037 561 2148 599 non
2173 546 2358 616 possit
2377 564 2510 602 eum
2532 567 2951 622 usquequaque
2975 573 3008 610 a
3030 563 3182 614 recto
3212 560 3440 618 deviare

1792 632 2245 698 tramite,tamen
2262 651 2511 705 persuos
2526 640 2742 711 satagit
2755 642 3035 700 satellites
3049 649 3436 708 tentationum

1791 724 1846 774 et
1867 720 2284 778 adversitatum
2303 725 2542 795 spiculis
2557 743 2589 780 a
2603 735 2803 784 sancto
2821 733 3114 802 proposito
3127 737 3435 796 deterrere.

1790 808 1936 864 Nam
1967 810 2208 899 quidam
2240 812 2416 882 hujus
2438 815 2725 885 primores
2749 820 2950 889 patriae
2979 837 3112 879 eum
3141 825 3438 899 sapientiai

1790 896 1917 953 luce
1943 897 2162 970 fulgere
2183 906 2485 957 cernentes
2503 902 2634 957 etin
2660 905 3040 976 disponendis
3063 896 3224 984 regni
3250 917 3441 972 consi-

1789 984 1886 1040 liis
1913 987 2066 1058 apud
2089 987 2450 1059 imperialem
2477 992 2833 1060 maiestatem
2863 1007 3291 1070 supercunctos
3312 1005 3438 1077 pol-

1787 1073 1904 1129 lere
1932 1074 2436 1142 invidentes,dum
2468 1081 2618 1148 apud
2655 1081 2900 1151 aulicos,
2921 1103 3069 1157 quos
3090 1073 3435 1150 omnes-sibi

1791 1163 1970 1217 nimio
1993 1181 2188 1220 amore
2209 1167 2926 1239 devinxerat.neqneuntei
2955 1176 3142 1232 moliri
3169 1179 3435 1250 insidias,

1791 1253 1941 1323 apud
1978 1258 2203 1307 exteros
2233 1261 2432 1308 contra
2457 1273 2588 1309 eum
2627 1264 2876 1315 tractant
2907 1265 3253 1323 artiiiciosas
3282 1270 3440 1326 calli-

1789 1339 2038 1394 ditatum
2067 1341 2390 1396 machinas.
2417 1343 2620 1414 itaque
2642 1347 2897 1403 Orionem
2923 1353 3036 1420 (22)
3056 1355 3254 1411 vicina:
3286 1375 3439 1414 com-

1790 1428 2060 1482 marchiaa
2081 1429 2432 1486 Francorum
2457 1433 2752 1500 comitem,
2780 1437 2834 1490 in
2861 1439 3096 1497 beatum
3127 1447 3436 1514 praesulem

1789 1515 2360 1589 concitant,eumque
2380 1520 2682 1592 multiplici
2702 1525 3117 1585 adversitatum
3137 1533 3438 1592 molimine

1790 1603 1862 1658 ab
1885 1604 2206 1676 imperialis
2231 1608 2359 1662 fidei
2387 1610 3441 1682 stabilitatedejicerelaborant.Vide-

1791 1707 1882 1748 res
1913 1693 2086 1748 iidem
2118 1695 2177 1748 in
2213 1713 2325 1750 uno
2349 1697 2616 1753 Brunone
2638 1706 2839 1755 contra
2858 1705 3178 1765 multorum
3205 1711 3438 1770 fraudes

1789 1780 2035 1836 viriliter
2063 1783 2478 1850 decertantem,
2507 1788 2773 1842 miranda
2803 1793 3084 1862 patientia
3117 1800 3439 1860 multorum

1794 1868 2021 1941 spicula
2048 1869 2305 1926 hostium
2337 1875 2739 1944 aequanimiter
2771 1881 3176 1953 perferentem,
3199 1906 3441 1960 praecor-

1793 1957 1928 2012 diali
1950 1960 2353 2029 compassione
2375 1963 2746 2019 subditorum
2780 1967 2890 2022 sibi
2917 1957 3224 2042 dispendia
3243 1979 3441 2035 dolen-

1793 2051 1933 2117 tem,
1965 2047 2110 2119 ipsis
2143 2048 2396 2103 inimicis
2427 2051 2741 2109 affectuosa
2771 2056 3053 2116 cbaritate
3083 2077 3259 2133 quam
3277 2066 3438 2122 facil-

1794 2133 1931 2191 lime
1963 2135 2383 2208 indulgentem.
2419 2139 2528 2194 Sed
2564 2158 2676 2195 non
2708 2149 2796 2198 est
2828 2162 3064 2205 necesse
3090 2166 3238 2222 quos
3261 2154 3439 2212 bello-

1793 2241 1922 2281 rum
1961 2230 2174 2292 motus,
2200 2242 2347 2298 quas
2376 2227 2642 2284 Ecclesiae
2667 2233 2776 2287 sibi
2811 2239 3141 2295 commissa:
3171 2241 3438 2302 devasta-

1793 2313 2002 2380 tiones,
2036 2315 2281 2386 praedas,
2314 2317 2584 2374 incendia
2617 2323 2917 2390 pertulerit
2946 2342 3268 2398 recensere,
3293 2334 3438 2391 dum

1791 2402 2225 2474 Omnipotentis
2253 2406 2460 2477 gratia,
2484 2407 2556 2462 de
2585 2411 2814 2466 cunctis
2843 2414 2971 2483 ejus
2994 2418 3223 2476 aemulis
3252 2421 3310 2476 in
3345 2439 3440 2479 ne-

1792 2492 1975 2563 quitia
2004 2493 2297 2560 radicatis,
2330 2495 2511 2550 citum
2545 2496 2784 2568 dignata
2813 2507 2902 2556 est
2932 2504 3108 2561 tinem
3142 2508 3440 2581 imponere

1792 2595 1857 2635 ac
1906 2579 2016 2634 sibi
2069 2581 2299 2637 fidelem
2359 2583 2646 2641 famulum
2725 2589 2819 2658 pia
2871 2579 3264 2654 consolatione
3338 2617 3442 2672 per

1791 2669 1983 2723 visum
2015 2668 2195 2725 voluit
2225 2670 2494 2728 relevare.
2518 2673 2820 2746 Siquidem
2852 2679 2992 2736 dum
3023 2683 3214 2741 adhuc
3244 2668 3440 2745 adver-

1792 2757 2034 2814 sitatum
2064 2760 2382 2832 angoribus
2406 2767 2747 2831 arctaretur,
2774 2770 3028 2837 quadam
3055 2781 3218 2830 nocte
3241 2777 3441 2834 multi-

1792 2845 2009 2918 plicum
2041 2847 2507 2904 sollicitudinum
2541 2854 2730 2908 fessus
2771 2855 3090 2926 laboribus,
3137 2864 3435 2923 miseriam

1791 2934 1899 3027 sibi
1935 2935 2183 3006 subjecti
2210 2937 2405 3008 populi
2450 2940 2814 3010 revolvendo,
2866 2945 3437 3027 lacrymabiliterque

1792 3023 1916 3078 suis
1948 3040 2074 3080 eam
2111 3027 2433 3097 reputando
2465 3029 2833 3100 criminibus,
2859 3043 3169 3108 soporatur
3187 3058 3253 3097 ac
3281 3023 3438 3101 videt

45 3116 421 3184 «sacriﬁcium
445 3121 696 3190 gratum
720 3116 836 3173 Deo
858 3117 1131 3190 spiritum
1155 3119 1615 3178 contribulatum
1649 3144 1679 3173 ,,
1719 3189 1749 3197 _
1789 3113 1848 3166 in
1882 3114 2106 3168 somnis
2136 3115 2447 3186 quemdam
2488 3119 2732 3189 angelici
2775 3121 2973 3179 vultus
3009 3129 3276 3197 praaferre
3321 3131 3435 3188 sibi

45 3202 160 3260 fore.
190 3189 492 3280 Sapientia
527 3205 862 3262 divinarum
894 3189 1412 3281 humanarumque
1460 3211 1676 3268 artium
1709 3189 1750 3255 C
1790 3201 2075 3274 sphaeram
2103 3220 2286 3276 supra
2315 3204 2454 3260 solis
2487 3207 2857 3278 splendorem
2893 3189 3333 3291 fulgidam,quaa
3350 3221 3434 3276 vi-

41 3292 86 3345 in
112 3310 170 3349 eo
200 3295 538 3369 refulgebat
561 3293 952 3366 amplissima,
977 3296 1232 3354 maxime
1251 3298 1396 3354 artis
1427 3300 1673 3358 delecta-

41 3380 154 3438 bilis
181 3385 416 3441 musicae
449 3383 694 3458 peritia,
726 3400 844 3456 qua
872 3384 1131 3456 antiquis
1171 3388 1506 3445 auctoribus
1562 3407 1676 3447 non

39 3473 185 3529 modo
205 3473 566 3547 aequiparari
592 3477 838 3544 poterat,
853 3472 972 3529 imo
993 3475 1052 3529 in
1076 3474 1350 3532 mellitica
1369 3477 1677 3536 dulcedine

39 3561 325 3625 nonnullos
354 3579 573 3619 eorum
609 3561 987 3634 praecellebat.
1015 3563 1161 3626 Nam
1183 3581 1539 3638 componens
1560 3584 1678 3624 res-

37 3651 287 3717 ponsoria
305 3652 366 3707 in
379 3651 762 3710 veneratione
773 3649 1012 3724 gloriosi
1026 3653 1300 3725 martyris
1312 3655 1620 3728 Cyriaci(2i
1634 3659 1672 3729 ),

36 3738 318 3810 sanctique
341 3739 563 3795 Hidulﬁ
587 3739 958 3796 Trevirorum
983 3741 1540 3814 archiepiscopi,nec
1557 3762 1674 3802 non

35 3823 198 3882 beatas
231 3825 435 3882 Odiliae
463 3827 732 3900 virginis,
773 3833 951 3900 atque
992 3832 1305 3888 venerandi
1352 3832 1673 3905 Anglorum

33 3915 261 3984 apostoli
285 3914 562 3988 Gregorii
586 3915 857 3981 doctoris,
881 3916 1064 3974 divini
1081 3917 1287 3977 laudes
1307 3922 1526 3977 servitii
1560 3923 1671 3979 mi-

33 4001 172 4060 rifico
191 4004 402 4062 decore
427 4002 760 4076 ampliavit.
783 4005 1146 4063 Humilitatis
1170 4024 1404 4080 quoque
1448 4026 1514 4066 ac
1564 4027 1672 4083 pa-

29 4091 222 4148 tientiae
253 4094 485 4164 donum
519 4091 608 4148 ita
631 4093 698 4150 in
717 4111 782 4150 eo
808 4095 1023 4152 enituit
1041 4095 1184 4164 ut,si
1205 4097 1402 4154 forsan
1415 4097 1669 4171 aliquem

28 4180 406 4252 subjectorum
441 4198 557 4256 pro
577 4199 696 4238 suo:
719 4183 902 4257 culpae
933 4201 1084 4240 noxa
1111 4185 1458 4258 increparet,
1492 4193 1671 4262 utque

27 4267 133 4322 fieri
155 4269 316 4339 solet,
341 4270 430 4327 illi
449 4271 822 4344 impatiente
855 4278 1050 4330 motus
1071 4273 1206 4330 felle
1236 4275 1422 4332 multa
1460 4277 1673 4350 impro-

27 4356 299 4425 periorum
319 4361 599 4418 convicia
643 4362 911 4436 arguenti
937 4362 1508 4438 presuliirrogaret;
1560 4367 1671 4426 iste

26 4460 114 4514 pro
141 4450 452 4507 verborum
486 4449 730 4521 iniuriis
770 4467 885 4507 non
929 4452 1190 4524 verbera,
1230 4454 1332 4508 sed
1380 4453 1668 4527 lacrymas

25 4536 362 4596 condolendo
393 4538 792 4612 impenderet.

82 4623 218 4682 XIV.
247 4629 473 4685 Invida:
499 4628 742 4700 patitur.
774 4629 837 4683 In
859 4629 1120 4686 morbum
1151 4630 1365 4690 incidit.
1390 4635 1429 4688 Α
1477 4638 1666 4692 sancto

21 4711 184 4770 Blasio
209 4721 474 4773 sanatur.
513 4747 580 4757 —
613 4715 715 4775 His
754 4733 890 4792 ergo
935 4716 1186 4791 aliisque
1229 4720 1400 4777 bonis
1442 4723 1670 4783 actibus

21 4804 360 4884 perspiciens
377 4822 524 4863 eum
549 4804 743 4862 cluere
764 4806 1007 4864 humani
1023 4809 1254 4881 generis
1276 4810 1666 4884 adversarius,

80 4907 363 4991 (2‘0)‘Bol_l.
396 4915 773 4991 ﬂaminiam.
821 4914 1082 4991 Joannes
1127 4915 1198 4971 de
1248 4917 1437 4989 Bayon
1489 4932 1668 4991 supra

21 4975 274 5057 laudatus
299 4985 666 5057 Berlieunam
694 4985 968 5057 appellat.

74 5051 179 5128 (2i)
211 5053 271 5128 S‘.
303 5053 600 5128 Cyriacus
632 5051 914 5128 patronus
944 5061 1034 5113 est
1083 5059 1422 5116 monasterii
1471 5059 1664 5117 Altor-

21 5118 203 5201 tensis,
235 5125 296 5181 S.
326 5118 895 5201 Hidulfusliediani
942 5129 1316 5201 monasterii,
1366 5131 1424 5186 S.
1479 5131 1670 5189 Odilia

21 5194 386 5274 parthenonis
421 5199 927 5274 cognominis,seu
941 5194 1435 5274 Hoemburgensis
1463 5201 1521 5274 in
1545 5205 1667 5260 edi-

21 5265 228 5347 tissimo
259 5265 686 5347 montefunde
715 5265 908 5347 omnis
939 5287 1086 5344 pene
1114 5265 1346 5347 Alsa'tiia
1372 5273 1530 5347 regio
1576 5275 1667 5330 ul-

21 5347 88 5422 ξιῇξι
115 5335 392 5422 Rhenum
427 5335 528 5422 ad,
563 5341 822 5422 Sylvam_
843 5335 1084 5422 Nigram
1119 5345 1407 5422 Aconspici
1437 5335 1663 5422 potest.

21 5405 207 5484 Sancto
235 5411 448 5484 autem
465 5405 744 5484 Gregorio
765 5405 1140 5471 dicatum-est
1158 5405 1324 5472 vetus
1344 5405 1666 5474 oratorium

30 5493 57 5529 η
89 5479 325 5572 Altprﬁo
361 5479 756 5572 monasterio,
781 5485 988 5572 inqq‘uo
1018 5487 1173 5543 Beati
1217 5487 1417 5572 ipsius.
1456 5489 1666 5572 Leonis

21 5557 269 5632 iarentes
295 5554 530 5632 sepulti
569 5553 856 5632 dicuntur.
887 5553 1522 5632 Responsoriakautem
1570 5561 1665 5620 hic

24 5629 320 5686 nemorata
352 5625 432 5686 ab
464 5625 788 5691 Humberto
817 5625 1030 5710 postea
1050 5629 1355 5709 cardinali,
1387 5633 1489 5693 sed
1519 5633 1663 5696 tunc

1787 3293 2034 3348 debatur
2063 3292 2120 3347 in
2153 3309 2214 3348 se
2241 3294 2418 3349 totius
2447 3297 2649 3351 mundi
2693 3300 2940 3357 retinere
2967 3305 3322 3376 machinam,
3369 3309 3431 3366 in

1787 3397 1902 3452 qua
1922 3382 2096 3437 etiam
2120 3381 2450 3452 specialiter
2463 3384 2514 3439 ei
2537 3387 3125 3450 ostendebanturduo
3143 3397 3433 3467 praeclara

1785 3470 1981 3524 forma;
2004 3470 2291 3526 homines.
2307 3471 2565 3534 Quorum
2587 3475 2728 3530 dum
2743 3479 2983 3536 nomina
2995 3499 3193 3539 eorum
3208 3485 3433 3543 discere

1781 3559 2384 3631 cuperet,hujusmodi
2415 3577 2524 3616 vox
2544 3578 2684 3619 suas
2705 3568 2963 3634 pervenit
2983 3571 3052 3623 ad
3087 3587 3287 3627 aures:
3314 3573 3431 3630 Hos

1783 3645 2027 3702 Mariam
2061 3647 2488 3719 Magdalenam,
2541 3649 2961 3724 Galienumque
3019 3659 3245 3713 noveris
3302 3677 3431 3718 esse

1782 3737 2143 3808 episcopum,
2165 3752 2416 3808 quorum
2441 3739 2732 3794 consortio
2757 3747 2812 3796 te
2835 3744 2946 3798 frui
2981 3745 3038 3799 in
3067 3747 3258 3802 futuro
3280 3748 3432 3805 laeta-

1783 3825 1957 3880 beris.
1982 3825 2251 3896 Dumque
2273 3826 2539 3890 eamdem
2570 3827 2857 3898 sphzeram
2885 3831 3248 3891 laetabundus
3278 3837 3430 3893 acci-

1783 3913 1948 3986 piens
1967 3913 2240 3970 manibus
2261 3913 2368 3969 sibi
2392 3913 2450 3969 in
2473 3915 2669 3971 sinum
2691 3917 2860 3973 vellet
2908 3936 3140 3991 ponere,
3166 3940 3427 3998 praesago

1785 4003 2114 4058 futurorum
2147 4005 2236 4058 est
2254 4009 2625 4075 experrectus
2655 4021 2879 4077 sopore.
2905 4009 3016 4064 Nec
3042 4012 3252 4067 mirum
3276 4015 3428 4072 hunc

1782 4091 1960 4147 beatae
1991 4093 2182 4150 Mariae
2213 4092 2326 4148 dici
2360 4094 2504 4149 forte
2552 4101 2905 4163 consortem,
2955 4115 3086 4154 cum
3141 4117 3246 4172 par
3285 4119 3429 4176 erga

1781 4181 1963 4236 Deum
1987 4179 2318 4238 dilectionis
2339 4182 2666 4249 atl'ectus,et
2681 4187 2996 4243 continuus
3032 4189 3424 4263 lacrymarum

1780 4269 1937 4326 velut
1967 4271 2335 4326 fontanarum
2368 4287 2654 4343 aquarum
2686 4273 2990 4344 decursus,
3025 4278 3154 4350 ejus
3194 4281 3428 4338 merito-

1781 4377 1908 4415 rum
1939 4359 2109 4416 illum
2141 4359 2458 4416 reddiderit
2488 4361 2852 4434 participem.

1849 4449 2126 4516 Quamvis
2149 4453 2345 4504 autem
2367 4467 2399 4504 a
2420 4449 2589 4505 nobis
2608 4451 2799 4508 adhuc
2825 4453 3284 4530 ignoretur,quis
3315 4461 3427 4519 iste

1699 4559 1746 4624 D
1779 4537 2052 4594 Galienus
2082 4539 2389 4605 exstiterit,
2417 4555 2533 4594 non
2563 4546 2651 4596 est
2678 4545 2874 4598 tamen
2926 4545 3172 4604 dubium
3223 4553 3423 4624 magni

1775 4644 1904 4684 esse
1932 4645 2065 4684 eum
2099 4628 2313 4693 meriti,
2337 4644 2514 4700 quem
2545 4629 2741 4687 divina
2771 4649 2877 4687 vox
2900 4639 3072 4691 tantae
3095 4636 3288 4696 laudis
3302 4640 3426 4699 viro

1781 4718 2181 4789 coaequaverit.
2215 4721 2398 4783 Quam
2430 4717 2712 4775 visionem
2744 4724 3060 4780 subsecuta
3088 4731 3177 4782 est
3219 4728 3426 4788 efﬁcax

1781 4806 1986 4862 divinas
2012 4807 2212 4879 gratia:
2243 4807 2586 4874 consolatio,
2610 4810 2848 4880 praefato
2871 4812 3069 4870 Odone
3090 4815 3301 4871 comite
3322 4832 3427 4887 per

1781 4913 2068 4970 monacho
2099 4913 2480 4978 Medianensi,
2529 4915 2628 4970 ubi
2677 4917 2849 4972 etiam
2892 4924 3056 4974 vetus
3105 4923 3422 4979 oratorium

1777 4991 1833 5060 ξς.
1865 4986 2146 5060 Gregorii,
2168 5003 2332 5060 anno
2370 4987 2523 5055 1044,
2557 4990 2878 5060 composita
2909 4992 3091 5047 fuisse
3139 4999 3426 5050 memorat

1777 5055 2032 5112 Joannes
2063 5057 2133 5111 de
2164 5055 2378 5128 ,Bayon.

1849 5129 1945 5206 (2_2_
1961 5129 2018 5206 _Is
2040 5127 2269 5206 estpdo
2307 5127 2752 5206 campaniensis
2783 5139 3186 5206 nuncupatus,
3219 5134 3422 5192 OdLnis

1777 5197 2008 5277 comitis
2039 5216 2107 5254 ex
2126 5199 2308 5277 licata
2340 5197 2794 5277 liodulfilgnavi
2824 5197 3298 5277 Burgundionum
3330 5223 3422 5260 re-

1776 5271 1866 5397 gis
1888 5272 2107 5342 absque
2126 5269 2326 5324 liberis
2351 5269 2604 5324 defuncti
2629 5269 2825 5327 Sorore
2851 5293 2863 5341 ;
2889 5269 2986 5346 qui
3013 5295 3140 5332 cum
3161 5279 3423 5358 Burgun-

1819 5343 1884 5397 ise
1915 5359 2159 5397 regnum
2193 5342 2470 5396 adversus
2511 5342 2838 5397 Conradum
2889 5349 3154 5397 ambiret-
3189 5366 3423 5397 ncmsng

1819 5343 1884 5397 ise
1915 5359 2159 5415 regnum
2193 5342 2484 5415 adversus;
2511 5342 2838 5398 Conradum
2889 5342 3154 5415 ambiret,
3189 5342 3423 5407 occisus

1775 5413 2228 5487 estaGozelone
2261 5430 2438 5485 prope
2469 5413 2732 5468 Barrum.
2767 5418 3042 5487 Sepultus
3072 5413 3159 5474 est
3193 5423 3248 5476 in
3293 5420 3420 5477 Ma-

1767 5486 1882 5612 ,Ιοτὶ
1915 5484 2264 5541 Monasterio
2293 5484 2470 5559 prepe
2495 5488 2780 5554 Turonos,
2800 5484 2970 5559 juxta
2993 5494 3215 5561 patrem
3241 5511 3416 5556 suum

1797 5558 1883 5612 oci
1916 5561 2387 5612 restauratorem.

1797 5558 1883 5616 oci
1916 5561 2387 5616 restauratorem.
