3964 6206
467 243 585 306 483

1840 241 1906 305 S.
1952 241 2101 301 LEO
2147 242 2224 302 IX
2273 236 2507 301 PAPAS‘

3766 232 3886 298 484

466 373 810 430 bellicosum
834 374 1044 428 nostras
1066 371 1263 444 patriae
1287 372 1498 428 ducem
1512 372 1843 430 Gozilonem
1866 372 2113 444 turpiter
2142 373 2193 437 Α
2223 371 2524 428 votionum
2557 370 2862 437 serenitas,
2896 373 3119 441 quanta
3148 384 3336 440 usque
3366 368 3438 423 ad
3485 367 3885 424 novissimum

467 463 640 518 morti
692 460 929 527 tradito,
961 477 1027 516 ac
1056 476 1197 532 pace
1229 476 1332 532 per
1359 461 1515 517 hunc
1539 462 1775 518 beatum
1809 460 2115 532 pra-sulem

467 551 759 616 restituta,
793 567 907 605 non
966 549 1158 605 solum
1218 549 1603 621 Lotharingize
1664 566 1863 623 regno,
1915 566 2116 605 verum

465 640 645 696 etiam
674 639 1079 711 adjacentibus
1112 639 1422 711 provinciis
1446 639 1659 695 Christi
1691 643 1985 695 annuente
2004 638 2119 693 suf-

466 728 673 801 fragio.
707 727 855 783 Nam
886 729 1014 798 eius
1045 727 1465 784 intercurrente
1495 728 1803 800 sapientia,
1827 727 2116 800 legatione

464 820 522 874 et
552 816 820 884 consilio,
842 825 934 872 est
954 817 1216 871 Romano
1233 818 1577 886 adjunctum
1597 822 1655 873 ct
1677 815 2115 872 corroboratum

463 906 710 979 imperio
737 922 982 977 regnum
996 905 1332 973 Austrasiaa,
1351 906 1507 976 quod
1540 906 1765 960 dudum
1796 905 1867 959 ab
1892 903 2115 975 origine

462 995 698 1051 tenebat
722 994 1015 1050 Rofuldus
1045 1010 1144 1049 rex
1172 994 1442 1050 Jurensis
1473 994 1847 1065 Burgundiaa,
1873 997 1929 1048 et
1958 993 2113 1048 idem

455 1084 583 1154 jam
614 1083 806 1138 dictus
837 1082 1095 1153 pontifex
1118 1085 1207 1137 est
1235 1082 1491 1137 directus
1522 1082 1749 1154 legatus
1800 1098 1902 1153 pro
1953 1082 2114 1154 pacis

461 1170 943 1228 concordiainter
961 1171 1333 1242 suprafatum
1357 1172 1688 1227 Conradum
1713 1171 2109 1226 Romanorum

462 1260 788 1333 principem
812 1276 877 1314 ac
900 1260 1216 1315 Robertum
1242 1260 1494 1316 Franciaa
1516 1276 1734 1332 regem.
1756 1259 2115 1331 Quam'lega-

462 1350 681 1405 tionem
703 1364 881 1420 quam
913 1347 1157 1403 honeste
1187 1348 1582 1421 compleverit,
1614 1353 1704 1404 est
1734 1348 1903 1403 testis
1935 1348 2113 1403 Fran-

461 1436 721 1509 cia,qua3
753 1436 945 1492 adhuc
977 1436 1145 1507 quasi
1178 1452 1391 1492 novum
1434 1438 1629 1504 refert,
1675 1440 1895 1508 quanta
1938 1436 1997 1491 in
2046 1452 2112 1491 eo

461 1524 890 1597 resplenduerit
944 1523 1252 1596 sapientia,
1286 1542 1410 1596 quae
1467 1524 1793 1591 humilitas,
1836 1541 1962 1596 quae
2012 1524 2113 1579 de-

463 1613 641 1686 nique
667 1614 725 1669 in
758 1613 1473 1685 cunctiscceptiseflicacia
1496 1631 1509 1681 ;
1536 1629 1714 1685 quam
1732 1614 1979 1669 decorus
1996 1613 2113 1669 fue-

463 1703 539 1758 rit
566 1702 770 1758 habitu
798 1702 1012 1758 mentis
1030 1708 1088 1757 et
1110 1702 1389 1775 corporis,
1420 1718 1598 1774 quam
1615 1718 1911 1774 congruus
1938 1702 1995 1757 in
2022 1701 2109 1757 in-

461 1790 717 1847 ferendis
745 1790 939 1845 verbis
971 1789 1298 1861 legationis.
1336 1789 1518 1854 Quem
1550 1790 1743 1846 cuncti
1791 1794 1855 1845 ut
1885 1794 2106 1862 patrem

461 1878 643 1935 nimio
663 1895 861 1934 amore
883 1878 1300 1951 suscipiebant,
1325 1893 1501 1949 quem
1524 1894 1727 1934 omnes
1751 1882 1815 1934 ut
1834 1889 2108 1934 sanetum

460 1983 695 2023 summa
725 1964 1090 2023 veneratione
1116 1966 1475 2023 excolebant.
1511 1968 1713 2038 Itaque
1742 1972 1903 2023 tanta
1926 1968 2107 2022 firmi-

458 2060 576 2112 tate
608 2072 810 2128 pacem
841 2060 898 2111 et
925 2055 1295 2111 concordiam
1328 2055 1480 2112 inter
1509 2062 1757 2129 utraque
1780 2073 1958 2129 regna
1991 2059 2107 2112 sta-

458 2144 667 2214 bilivit,
702 2149 766 2200 ut
794 2145 985 2216 quoad
1015 2144 1286 2199 vixerunt
1318 2146 1741 2217 praememorati
1793 2144 2105 2217 principes,

458 2250 593 2290 cum
614 2234 729 2291 sibi
751 2233 1203 2289 succedentibus
1227 2232 1383 2288 tilius
1413 2233 2104 2305 utrisqueHenricis(23),

461 2323 660 2379 nullus
683 2327 1205 2394 quantumcunque
1224 2322 1387 2376 fraud
1399 2321 1597 2377 ulenta
1609 2326 1729 2378 arte
1751 2322 2105 2377 discordiam

461 2411 739 2467 interduo
753 2427 930 2482 regna
943 2426 1133 2466 serere
1147 2409 1409 2465 valuerit.
1426 2410 1537 2465 Sed
1554 2410 1847 2466 individus
1862 2410 2103 2466 humani

457 2498 689 2570 generis
714 2497 899 2553 hostis
920 2498 1285 2569 perpendens
1306 2515 1368 2554 se
1408 2499 1650 2569 nequire
1686 2500 1814 2571 ejus
1849 2499 2101 2555 devotio-

455 2603 591 2642 nem
614 2603 717 2658 per
746 2602 884 2642 suos
906 2585 1189 2642 satellites
1210 2604 1243 2642 a
1264 2591 1419 2642 recto
1450 2589 1685 2644 tramite
1704 2588 1935 2645 deviare
1962 2606 1975 2656 ;
2002 2606 2105 2661 per

459 2691 522 2732 se
550 2674 612 2731 in
642 2673 808 2730 illum
842 2673 1036 2730 divino
1066 2675 1357 2746 permissu
1388 2674 1723 2749 insurgens,
1757 2675 1937 2732 nimio
1976 2693 2101 2732 cor-

463 2766 621 2837 poris
650 2768 929 2836 aggravat
956 2763 1236 2836 languore
1267 2765 1652 2821 continuatim
1678 2766 1917 2821 annuali
1956 2770 2101 2822 tem-

460 2870 617 2926 pore.
636 2854 853 2908 Aderat
880 2857 1003 2908 tota
1024 2852 1289 2925 lugubris
1320 2852 1506 2925 plebis
1537 2855 1952 2921 multitudo,de
1974 2855 2101 2925 ejus

456 2941 737 3013 sospitate
754 2941 1073 3013 desperans
1089 2958 1102 3007 ;
1118 2942 1317 2997 aderat
1336 2942 1513 2997 etiam
1537 2949 1718 2999 coetus
1742 2944 2101 2999 medicorum

455 3028 714 3086 dolorem
749 3029 1130 3101 desperativis
1162 3030 1352 3086 verbis
1381 3037 1800 3103 augmentans;
1834 3032 2101 3087 omnium

2226 460 2613 530 quadrantem
2644 459 3148 530 eleemosynarum
3174 457 3631 529 Iargitas,quam
3651 455 3890 511 diutina

2226 548 2286 603 in
2317 547 2531 603 divinis
2562 545 3170 620 orationibus,vigiliis
3188 544 3552 619 jejuniisque
3572 544 3882 613 instantia,

2226 651 2403 706 quam
2426 634 2782 707 longanimis
2805 634 2865 688 in
2888 634 3082 689 carnis
3104 632 3493 688 maceratione
3514 631 3884 705 pmnitentia,

2230 739 2345 778 non
2374 727 2467 779 est
2499 721 2664 779 facile
2694 736 2961 796 promere
2990 723 3343 791 verbis,curn
3368 721 3492 794 ipse
3523 722 3661 777 ﬁnis
3684 721 3747 776 in
3767 737 3883 795 quo

2225 812 2418 868 omnis
2452 812 2581 868 laus
2630 813 2861 868 canitur
2916 828 3118 868 secure
3174 812 3485 867 manifeste
3532 811 3880 882 prodiderit.

2225 901 2531 973 Siquidem
2562 901 2622 955 in
2656 904 2880 957 tantam
2900 901 3328 973 corpulentiam
3360 900 3643 972 superﬂui
3692 901 3883 957 abun-

2223 990 2422 1046 dantia
2444 990 2713 1046 humoris
2743 991 2873 1061 ejus
2904 990 3162 1063 corporis
3194 990 3495 1061 quantitas
3522 995 3881 1057 excreverat,

2224 1084 2287 1134 ut
2309 1079 2401 1134 vix
2431 1078 2610 1135 rheda
2634 1084 2831 1151 posset
2858 1078 2983 1134 vehi
3016 1095 3132 1150 quo
3164 1077 3573 1151 opportunitas
3623 1090 3881 1137 commo-

2223 1168 2415 1223 nebat.
2443 1169 2576 1232 Quae
2606 1167 2862 1240 gravitas
2893 1165 3457 1239 corporis,quoniam
3497 1167 3610 1222 sibi
3644 1168 3877 1225 videba-

2221 1260 2318 1311 tur
2346 1256 2752 1323 intolerabilis,
2783 1255 3082 1312 multoties
3108 1256 3323 1312 Christi
3371 1256 3623 1329 gratiam
3669 1258 3875 1330 profu-

2222 1345 2304 1400 sis
2322 1347 2577 1401 exoravit
2598 1345 2969 1419 lacrymis,ut
2997 1346 3152 1400 sicut
3174 1345 3348 1400 unius
3374 1345 3578 1401 matris
3596 1350 3730 1401 eam
3750 1364 3873 1419 pro-

2220 1432 2351 1488 tulit
2382 1433 2547 1489 alvus
2576 1435 2820 1500 mundo,
2851 1433 2932 1490 ita
2961 1434 3138 1490 unius
3165 1433 3429 1490 mulieris
3481 1433 3653 1491 ulnis
3690 1436 3874 1508 possit

2220 1527 2447 1578 terreno
2480 1523 2750 1578 mundari
2782 1522 3069 1596 sepulcro.
3102 1522 3281 1594 Cujus
3320 1539 3523 1579 vocem
3578 1525 3873 1581 exaudivit

2219 1610 2424 1667 Oriens
2453 1628 2521 1667 ex
2551 1612 2688 1667 alto.
2714 1612 2860 1667 Nam
2903 1611 3535 1669 diutinimaceratione
3567 1612 3869 1688 languoris

2220 1699 2300 1754 ita
2322 1701 2390 1755 ad
2415 1700 2688 1756 ultimum
2712 1694 3094 1770 fuittenuata‘,
3116 1706 3182 1757 ut
3211 1716 3355 1773 pene
3385 1706 3594 1759 cuncto
3623 1702 3868 1761 humore

2219 1789 2412 1843 carnis
2444 1790 2753 1856 exsiccato,
2779 1789 2903 1846 sola
2932 1804 3087 1858 ossa,
3122 1796 3252 1846 cute
3284 1797 3341 1847 et
3371 1791 3565 1849 nervis
3603 1808 3736 1849 sese
3783 1799 3869 1850 te-

2219 1878 2516 1945 nentibus,
2543 1879 2880 1935 viderentur
2910 1879 3319 1935 tantummodo
3350 1881 3723 1937 cohaerentia.
3756 1882 3867 1938 Ita-

2219 1983 2333 2038 que
2366 1966 2435 2022 ad
2496 1971 2817 2023 extremam
2864 1967 2992 2023 vitae
3050 1973 3268 2024 metam
3326 1967 3588 2041 veniens,
3638 1971 3869 2027 cunctis

2218 2054 2547 2111 distributis
2577 2072 2705 2127 qua:
2737 2056 2865 2128 ipsa
2892 2073 2998 2130 per
3026 2058 3381 2131 se,exceptis
3402 2058 3596 2113 mariti
3625 2058 3871 2115 redditi-

2216 2143 2348 2210 bus,
2390 2159 2459 2199 ex
2486 2144 2720 2216 proprio
2753 2149 2993 2216 sumptu
3023 2144 3083 2199 in
3118 2162 3263 2202 usus
3293 2162 3609 2218 pauperum
3643 2162 3869 2219 expen-

2216 2232 2405 2287 dendo
2436 2233 2697 2302 quotidie
2728 2237 3159 2306 aggregaverat,
3205 2251 3371 2290 sacra
3414 2233 3756 2292 inunctione
3800 2252 3867 2293 ac

2214 2319 2451 2375 νὶνίῑίοω
2483 2321 2912 2376 communionis
2970 2321 3413 2395 participatione
3467 2325 3718 2391 munita,
3762 2326 3865 2382 diu

2214 2409 2499 2465 exanimis
2529 2414 2585 2464 et
2615 2410 2838 2481 absque
2871 2410 2987 2465 ullo
3020 2410 3177 2465 vitali
3211 2412 3353 2468 ﬂatu
3391 2412 3605 2484 jacuit,
3655 2418 3867 2470 cuncta

2214 2498 2467 2570 ejulante
2495 2498 2714 2553 familia
2744 2516 2879 2554 cum
2939 2516 3261 2571 pauperum
3321 2501 3634 2558 viduarum
3690 2507 3866 2576 atque

2212 2587 2609 2659 orphanorum
2641 2587 2905 2644 catervis.
2932 2590 3064 2655 Quae
3097 2588 3288 2644 subito
3323 2595 3624 2664 resumpto
3653 2592 3866 2666 spiritu

2212 2675 2463 2743 rediens,
2478 2692 2542 2732 ac
2556 2677 2863 2732 confusum
2883 2677 3311 2750 deplorantium
3334 2678 3653 2738 clamorem
3674 2682 3866 2738 sedari

2212 2764 2786 2837 precipiensmmnes
2817 2766 2992 2820 domo
3024 2765 3316 2823 eliminari
3340 2769 3531 2840 jubet,
3558 2769 3865 2844 solamque

2214 2852 2603 2924 Regelwirtem
2631 2854 2799 2924 {Balli
2827 2854 2901 2909 ul.
2939 2854 3340 2929 Regilendam]
3370 2857 3616 2914 ccenobii
3649 2863 3864 2917 sancte

2210 2942 2411 2997 Crucis
2443 2942 2800 2997 abbatissam
2835 2960 2967 2998 cum
3001 2943 3234 3016 proprio
3254 2946 3463 3002 retinet
3484 2947 3864 3016 marito.Qui-

2210 3030 2323 3084 bus
2353 3046 2484 3084 cum
2518 3030 2653 3085 ﬂetu
2688 3030 3135 3100 admirantibus,
3164 3033 3306 3104 quid
3364 3034 3477 3090 sibi
3534 3035 3711 3092 vellet
3739 3037 3859 3094 ait:

452 3118 723 3189 rigabant
750 3134 852 3173 ora
882 3118 1174 3190 lacrymaz,
1209 3118 1321 3191 ipsi
1370 3135 1604 3192 quoque
1644 3121 1768 3190 jam
1811 3122 2097 3176 defecerat
2127 3107 2169 3173 C
2209 3142 2235 3168 ‹‹
2270 3119 2393 3173 Non
2427 3134 2520 3174 me
2549 3119 2800 3192 lugentis
2823 3120 2992 3192 quai
3024 3121 3679 3194 morituram,quoniam
3701 3143 3861 3183 nunc

448 3222 585 3276 spes
614 3206 761 3261 vitaz.
792 3208 954 3262 Tunc
984 3206 1180 3262 divino
1210 3208 1548 3263 admonitus
1595 3210 1898 3277 instinctu,
1924 3210 2095 3280 jubet

448 3309 511 3349 se
542 3294 869 3350 nocturnali
902 3294 1045 3351 hora
1070 3301 1204 3351 ante
1234 3297 1422 3352 sancti
1481 3295 1658 3351 Blasii
1705 3297 1904 3364 altare,
1938 3298 2094 3365 ferri,

448 3382 707 3439 conﬁsus
732 3400 794 3440 se
823 3385 951 3455 ejus
982 3384 1178 3456 dignis
1211 3385 1435 3441 meritis
1457 3403 1490 3440 a
1520 3386 1788 3458 praesenti
1824 3386 2096 3459 angustia

447 3470 732 3528 citissime
760 3471 1016 3528 liberari.
1053 3475 1252 3545 Itaque
1276 3474 1492 3530 ibidem
1527 3482 1731 3548 raptus
1769 3475 1826 3530 in
1855 3475 2091 3543 exstasi,

448 3575 564 3614 non
596 3559 727 3615 dico
759 3577 861 3632 per
893 3578 1194 3627 somnum,
1215 3562 1464 3633 quieum
1497 3565 1736 3619 omnino
1768 3564 2091 3637 aufugerat,

445 3648 604 3705 videt
635 3649 804 3721 quasi
830 3654 1096 3705 sanctum
1120 3649 1379 3706 Blasium
1415 3651 1486 3707 ab
1518 3650 1687 3707 altari
1719 3669 2093 3725 progrt-ssum

446 3753 574 3793 sese
614 3738 957 3794 invisentem
1004 3744 1179 3811 atque
1224 3741 1464 3796 modum
1514 3740 1811 3812 languoris
1861 3759 2091 3813 compa-

450 3826 665 3882 tienter
693 3828 1115 3899 exquirentem,
1146 3829 1492 3901 cunctisque
1522 3830 1645 3885 suis
1677 3829 2095 3901 languentibus

449 3916 783 3987 praecordiis
805 3917 1045 3989 apertis,
1068 3917 1244 3974 veluti
1269 3920 1394 3990 ipse
1414 3936 1482 3975 ea
1502 3919 1958 3990 conspicaretur,
1984 3919 2094 3973 mi-

446 4005 726 4061 sericordi
753 4023 932 4062 manu
963 4006 1298 4063 abluentem
1322 4023 1388 4062 ac
1420 4007 1809 4063 medicamine
1839 4008 2095 4062 refoven-

443 4098 588 4164 tem,
610 4095 1003 4167 omnibusque
1023 4110 1131 4151 suo
1151 4097 1274 4150 loco
1298 4096 1603 4159 restitutis,
1626 4113 1693 4152 eo
1725 4113 1841 4168 quo
1863 4100 2097 4152 venerat

444 4183 806 4238 redeuntem.
844 4185 918 4240 De
967 4201 1084 4255 qua
1114 4184 1327 4239 exstasi
1387 4200 1711 4256 regressus,
1773 4202 1977 4256 sospes
2024 4185 2095 4240 de

444 4268 593 4325 lecto
618 4287 889 4341 surgens,
914 4272 1365 4329 circumstantes
1386 4274 1646 4344 advocat,
1678 4273 1959 4328 visionem
1994 4273 2095 4328 lae-

442 4364 540 4413 tus
560 4358 769 4430 pandit
789 4375 964 4430 quam
988 4360 1209 4416 viderat
1230 4361 1492 4429 ac,sicuti
1513 4361 1852 4432 praelibatus
1872 4367 2096 4434 martyr

436 4446 720 4518 jusserat,
769 4448 1244 4518 responsorium:
1297 4451 1429 4518 Quis
1489 4451 1625 4504 Deus
1672 4466 1903 4518 magnus
1954 4453 2095 4506 sicut
2125 4474 2171 4538 Β

445 4535 583 4590 Deus
602 4543 785 4591 noster
815 4536 985 4607 (Psal.
1018 4555 1202 4606 LXXVI,
1257 4540 1365 4609 14),
1417 4554 1547 4592 cum
1596 4539 1982 4609 “tenentibus
2032 4540 2089 4595 in

441 4639 581 4679 voce
595 4622 967 4695 jubilationis
988 4628 1263 4694 concinit,
1288 4632 1345 4682 et
1365 4627 1669 4681 nocturnis
1689 4627 1947 4705 impletis
1966 4628 2092 4683 ofﬁ-

443 4712 572 4781 ciis,
608 4713 852 4786 pedibus
886 4716 1138 4787 propriis
1168 4716 1359 4771 alacer
1388 4715 1628 4770 domum
1661 4716 1850 4771 rediit.

512 4801 629 4858 XV.
665 4803 945 4859 Brunonis
979 4806 1174 4859 matris
1202 4807 1395 4873 pietas.
1422 4804 1557 4873 Quae
1594 4806 1667 4858 i-n-
1712 4807 1964 4860 morbum
2013 4809 2095 4861 in-

439 4888 594 4945 cidit.
626 4891 769 4945 Petit
814 4895 876 4945 ut
928 4893 1050 4946 sine
1104 4899 1305 4946 ornatu
1353 4892 1653 4963 sepeliatur
1705 4892 1849 4947 Obit.
1891 4925 1960 4934 —
1990 4895 2096 4951 Ve-

440 4995 575 5035 rum
595 4980 875 5050 quoniam
901 4980 1125 5049 majora
1146 4996 1378 5035 exarare
1401 4980 1586 5051 stylus
1614 4986 1904 5052 properat,
1940 4983 2093 5039 vide-

442 5071 539 5122 tur
567 5083 916 5139 congruum,
952 5073 1014 5122 ut
1043 5069 1325 5139 quiddam
1357 5070 1428 5123 de
1453 5070 1582 5139 ejus
1616 5074 1800 5125 matre
1847 5072 2092 5143 dignum

440 5160 770 5212 memoratu
801 5156 957 5212 brevi
992 5158 1224 5214 referat.
1258 5158 1404 5214 Nam
1430 5161 1652 5230 quanta
1682 5158 1766 5213 illi
1792 5160 1965 5216 tuerit
1993 5161 2092 5219 de-

2205 3206 2348 3261 mihi
2382 3206 2570 3262 adfuit
2598 3208 2867 3279 piissima
2894 3209 2995 3265 Dei
3028 3210 3279 3282 genitrlx
3336 3211 3518 3268 Maria
3576 3230 3708 3285 quae
3766 3232 3860 3272 me

2205 3295 2549 3351 dulcissima
2578 3296 2914 3353 affabilitate
2972 3298 3299 3369 consolans,
3329 3301 3601 3372 promisit
3646 3320 3858 3361 secum

2203 3384 2552 3440 aeternaliter
2574 3386 2858 3441 victuram
2880 3392 2937 3443 et
2954 3388 3012 3442 in
3036 3389 3395 3460 sempiterna
3412 3389 3600 3463 gloria
3612 3391 3865 3451 feliciter

2204 3476 2713 3544 conregnaturam.
2737 3474 2926 3531 Unum
2952 3492 3088 3549 ergo
3120 3481 3247 3543 te,o
3277 3480 3686 3539 amantissime
3715 3499 3862 3540 con-

2193 3564 2321 3630 jux,
2354 3562 2699 3634 suppliciter
2718 3580 2818 3619 oro
2851 3581 2922 3620 ne
2954 3580 3095 3621 meae
3150 3566 3451 3638 petitionis
3510 3570 3689 3627 verba
3729 3589 3864 3645 quae

2201 3652 2429 3707 dictura
2459 3668 2591 3707 sum
2624 3650 2868 3708 molesto
2902 3653 3051 3710 feras
3106 3656 3322 3712 animo.
3364 3679 3388 3706 η
3445 3659 3714 3732 Cumque
3762 3662 3861 3717 ille

2202 3741 2443 3810 ignarus
2463 3740 2789 3795 futurorum
2808 3745 3108 3811 gratanter
3123 3758 3185 3797 se
3205 3740 3589 3815 impleturum
3614 3749 3864 3819 sponde-

2203 3834 2308 3894 ret,
2327 3843 2693 3900 quaecunque
2716 3828 2819 3884 illa
2856 3845 2925 3884 ex
2974 3836 3248 3902 prompta
3277 3831 3576 3890 voluntate
3597 3836 3860 3906 juberet,

2202 3917 2283 3972 ait
2306 3934 2319 3973 :
2348 3939 2376 3966 ‹‹
2398 3920 2534 3972 Peto
2565 3921 2630 3972 ut
2652 3917 2806 3972 sicut
2840 3918 3000 3973 nuda
3018 3935 3256 3992 egressa
3281 3937 3414 3977 sum
3434 3922 3506 3978 de
3528 3929 3697 3981 utero
3730 3943 3862 3983 ma-

2202 4005 2311 4061 tris
2341 4021 2505 4074 meae,
2529 4005 2612 4061 ita
2637 4021 2730 4061 me
2758 4006 2979 4062 nudam
3012 4008 3071 4062 in
3125 4008 3356 4065 tumulo
3378 4011 3664 4084 suscipiat
3695 4014 3864 4070 alvus

2202 4100 2405 4162 terrae;
2437 4099 2495 4150 et
2523 4094 2813 4167 quidquid
2844 4098 3169 4153 ornamenti
3220 4100 3290 4153 ad
3342 4098 3860 4175 consepeliendum

2203 4183 2349 4239 mihi
2370 4199 2697 4256 paraveras,
2721 4184 2780 4239 in
2814 4201 2958 4240 usus
2990 4202 3250 4258 pauperu
3263 4190 3329 4243 m’
3350 4189 3605 4247 ﬁdeliter
3618 4208 3859 4268 erogare

2203 4273 2462 4328 studeas.
2500 4294 2527 4321 n
2557 4272 2739 4344 Cujus
2769 4274 3032 4345 petitioni
3066 4274 3406 4349 quanquam
3458 4279 3681 4338 invitus
3728 4285 3858 4356 jam

2203 4362 2477 4432 praefatus
2506 4378 2765 4433 sponsus
2794 4363 3278 4437 annuit,eamqne
3306 4383 3441 4422 cum
3474 4385 3715 4428 summa
3741 4375 3857 4431 ala-

2202 4450 2403 4505 critate
2428 4450 2643 4505 mentis
2665 4450 2961 4507 hominem
2979 4457 3212 4509 exutam
3230 4455 3401 4511 modo
3414 4472 3530 4528 quo
3544 4461 3856 4519 constitue-

2201 4543 2292 4593 rat
2320 4537 2633 4609 sepulturae
2659 4538 2920 4593 tradidit.
2955 4539 3085 4595 Heec
3137 4547 3330 4598 autem
3384 4542 3514 4600 ideo
3576 4551 3700 4604 tam
3732 4554 3856 4605 stu-

2201 4626 2363 4682 diose
2382 4625 2553 4681 retuli
2588 4631 2923 4698 utpatescat
2945 4618 3332 4700 praesentibus
3355 4638 3412 4689 et
3433 4635 3650 4693 futuris
3667 4655 3851 4711 quan-

2201 4722 2271 4772 ta:
2285 4715 2958 4771 ﬁdeietdevotionishmc
2986 4718 3196 4775 mulier
3218 4722 3527 4790 exstiterit,
3557 4741 3854 4798 quamque

2202 4808 2427 4861 fervens
2477 4805 2535 4859 in
2592 4804 3097 4878 eleemosynarum
3157 4809 3424 4882 largitate
3482 4812 3679 4870 fuerit.
3743 4815 3853 4871 Sed

2202 4910 2529 4966 congruum
2547 4892 2818 4948 videturh
2830 4896 2878 4949 ic
2892 4896 3208 4953 anchoram
3224 4900 3639 4974 nostrinavigii
3658 4904 3853 4974 figere,

2201 4991 2490 5056 quatenus
2512 4981 2946 5054 aliquantulum
2970 4986 3333 5057 respirando,
3349 4991 3638 5061 reparatis
3660 5008 3852 5047 arma-

2202 5073 2442 5139 mentis,
2476 5076 2730 5143 emptum
2761 5071 3063 5129 valeamus
3097 5092 3297 5146 aequor
3320 5078 3635 5136 etﬁcaciter
3666 5086 3851 5137 trans-

2203 5176 2422 5216 meare.

1627 5266 1956 5353 LIBER
2015 5268 2662 5360 SECUNDUS.

511 5374 556 5434 Ι.
591 5379 775 5435 Bruno
805 5381 1100 5450 quotannis
1129 5386 1359 5438 Romam
1403 5381 1608 5437 visitat.
1646 5380 1866 5436 Itineris
1921 5386 2091 5440 comi-

511 5483 624 5558 (23)
657 5485 941 5558 IIenricus
971 5488 1196 5545 scilicet
1228 5493 1250 5542 Ι
1280 5488 1532 5544 Francia
1563 5503 1680 5558 rex,
1739 5486 1975 5545 Roberti
2023 5491 2092 5548 ti-

442 5550 652 5627 liu‘s,et
666 5556 951 5619 Henricus
981 5561 1052 5635 II,
1076 5575 1179 5620 seu
1209 5559 1305 5635 ΙΙΙ,
1338 5560 1514 5639 Niger
1532 5550 1746 5633 dictus,
1775 5558 2095 5639 imperator

2200 5390 2278 5441 tes
2299 5400 2331 5439 a
2355 5383 2444 5438 lue
2463 5383 2651 5437 sanat.
2673 5368 2979 5445 S._Petruin
2997 5384 3060 5438 in
3086 5386 3300 5442 somnio
3329 5386 3498 5445 videt.
3530 5388 3659 5447 Alia
3692 5388 3846 5445 visio.

2203 5491 2303 5566 qui
2332 5489 2594 5570 Conrado
2624 5488 2672 5546 II
2714 5476 2905 5547 Salico
2963 5490 3137 5567 dicto,
3190 5510 3297 5552 suo
3354 5496 3509 5570 patri
3567 5494 3849 5558 successit

2202 5561 2356 5625 anno
2388 5561 2545 5622 1039.
