3964 6206
114 247 234 314 485

1074 236 1404 308 PROLEG.
1443 277 1520 288 —
1549 243 1736 307 VITA
1780 235 1848 305 S.
1893 241 2198 307 LEONIS.
2230 278 2309 290 —
2339 238 2486 308 LIB.
2528 241 2608 309 II.

3422 252 3540 316 486

120 416 186 423 ——
207 381 490 454 Suscepti
515 396 739 438 munus
758 377 1177 452 operisChristi
1197 377 1476 449 suﬂ‘ragio
1493 379 1785 433 annuente
1813 375 1869 443 Α
1900 373 2099 432 ﬁnisse
2131 377 2306 432 vitam
2338 378 2397 433 in
2430 378 2709 450 principis
2735 379 3130 451 apostolorum
3163 382 3401 440 servitio
3460 385 3542 441 De

127 470 500 545 prosecuturi
533 474 592 526 et
621 469 878 542 qualiter
908 469 980 524 ad
1011 465 1394 539 apostolicam
1436 464 1783 536 dignitatem

127 560 462 634 pervenerit
486 560 578 614 vir
605 559 816 614 beatus
836 572 1078 629 quaeque
1100 556 1152 610 ei
1174 554 1390 611 ibidem
1411 552 1781 626 contigerint,

128 651 258 706 imo
289 667 418 721 quae
448 663 694 719 pereum
711 648 962 717 eiusque
980 644 1341 716 temporibus
1357 642 1636 698 Dominus
1660 641 1784 696 effi-

129 754 266 795 cere
295 734 952 804 volueritmonstraturi,
977 739 1370 804 opportunum
1393 731 1622 784 videtur
1640 746 1783 801 prae-

129 827 407 884 cedentes
428 841 640 881 causas
652 825 724 880 ad
749 823 804 878 id
830 823 1188 894 pertinentes
1212 821 1538 885 ostendere,
1563 824 1619 873 et
1639 833 1782 890 quo-

127 915 311 971 modo
342 930 600 986 superna
630 912 819 985 gratia
843 911 895 966 ei
924 914 1171 965 ventura
1203 907 1541 964 revelaverit
1592 905 1784 960 notiti-

128 1020 286 1060 care.
318 1004 569 1060 Summa
597 1001 787 1056 inerat
815 998 866 1054 ei
897 997 1125 1054 devotio
1181 997 1438 1069 primum
1489 1000 1784 1067 pastorem

128 1092 491 1164 clavigerum
545 1089 675 1145 cceli
726 1105 925 1144 annuo
976 1087 1225 1142 revisere
1277 1101 1540 1152 recursu,
1573 1089 1630 1137 et
1680 1098 1782 1153 pro

129 1181 403 1236 ovibusa
431 1185 544 1235 Deo
575 1178 689 1233 sibi
737 1176 977 1232 creditis
1032 1176 1160 1245 ejus
1200 1175 1482 1245 juvamen
1531 1169 1782 1242 supplici

133 1285 379 1324 exorare
432 1272 694 1340 precatu.
756 1267 960 1336 Itaque
1014 1264 1269 1334 quodam
1318 1266 1581 1333 tempore
1645 1257 1784 1314 soli-

132 1364 270 1412 tum
303 1372 612 1429 aggressus
663 1355 793 1420 iter,
831 1352 1157 1430 comitante
1207 1354 1357 1406 coitu
1412 1348 1782 1413 clericorum,

139 1461 246 1501 nec
334 1461 448 1500 non
531 1443 838 1508 laicorum,
925 1440 1381 1513 quingentorum
1468 1451 1782 1492 numerum

134 1531 569 1606 superantium,
624 1530 725 1602 qui
782 1545 886 1602 pro
935 1528 1124 1600 ipsius
1182 1526 1522 1583 meritorum
1595 1522 1784 1595 digni-

133 1626 277 1690 tate,
349 1618 708 1684 affabilitate,
791 1617 1121 1682 sanctitate,
1201 1614 1566 1670 indivulsum
1654 1611 1784 1680 ejus

131 1709 537 1781 sequebantur
555 1707 900 1762 comitatum
923 1723 936 1771 ;
957 1704 1184 1759 cunctis
1203 1703 1500 1774 subrepsit
1515 1701 1642 1756 lues
1661 1701 1788 1755 dira

131 1796 328 1872 Italici
349 1795 717 1867 corruptione
737 1794 911 1859 aeris,
935 1793 1018 1848 ita
1039 1797 1104 1847 ut
1123 1791 1270 1847 nulli
1295 1791 1403 1846 hac
1421 1792 1552 1846 tabe
1569 1789 1784 1844 infecto

130 1888 301 1942 esset
329 1900 467 1956 spes
495 1883 554 1938 in
587 1883 904 1938 crastinum
936 1881 1266 1936 differenda:
1299 1880 1525 1935 mortis.
1560 1878 1656 1934 Vir
1687 1894 1787 1932 au-

131 1980 258 2030 tem
298 1970 528 2028 Domini
558 1971 865 2026 immodice
913 1974 1159 2025 maestus
1181 1969 1252 2024 de
1300 1968 1616 2024 afflictione
1656 1980 1784 2020 sese

132 2060 481 2119 comitantis
502 2059 989 2124 turbaa,t'estinum
1007 2058 1221 2130 reperit
1233 2053 1789 2120 remedium,divina

134 2151 329 2223 gratia
358 2153 770 2220 praecurrente.
804 2147 951 2202 Nam
986 2151 1346 2213 sanctorum,
1407 2162 1534 2216 qua:
1587 2159 1786 2198 secum

131 2239 404 2304 vehebat,
440 2235 678 2309 propria
733 2252 912 2291 manu
967 2236 1168 2290 tinctis
1224 2235 1357 2290 vino
1420 2232 1787 2306 pignoribus,

136 2328 515 2398 maximeque
535 2325 722 2380 sancti
745 2325 880 2395 Apri
906 2323 1194 2401 articulis,
1210 2323 1302 2378 cui
1333 2339 1394 2378 se
1415 2320 1788 2377 commenda-

135 2417 243 2470 bat
275 2413 561 2480 devotius,
584 2412 919 2484 quicunque
944 2412 1042 2484 huj
1054 2412 1285 2468 usmodi
1311 2413 1587 2483 poculum
1610 2425 1788 2480 quan-

136 2503 571 2573 tulumcunque
589 2501 850 2564 libasset.
875 2517 1009 2556 mox
1030 2499 1487 2566 convalescebat,
1513 2502 1792 2570 quantus-

139 2607 376 2663 cunque
407 2590 654 2662 lauguor
683 2589 1010 2658 invasisset,
1035 2590 1083 2645 si
1105 2593 1338 2644 tantum
1361 2587 1605 2660 liquoris
1628 2586 1788 2640 illius

138 2696 412 2752 saporem
442 2684 682 2751 gustare
712 2677 1012 2734 valuisset.
1047 2678 1178 2750 Ipse
1191 2677 1368 2733 etiam
1400 2692 1544 2748 pene
1584 2675 1787 2731 dictim

138 2774 257 2825 toto
288 2769 498 2823 itinere
529 2766 691 2822 livini
725 2767 1073 2823 sacramenti
1114 2766 1412 2822 victimam
1473 2765 1786 2830 offerendo,

136 2863 195 2915 et
224 2859 380 2914 inter
408 2856 730 2913 missarum
778 2855 1063 2912 solemnia
1148 2854 1392 2927 populos
1442 2858 1666 2910 stantes
1715 2853 1787 2908 ad

134 2946 557 3004 correctionem
578 2943 1354 3016 morum,pcenitentiamque
1365 2943 1790 2998 commonendo

138 3039 384 3092 cunctos
415 3033 528 3106 piis
560 3032 886 3088 hortatibus
903 3034 972 3088 ad
1001 3049 1256 3104 superna
1277 3031 1636 3104 capessenda
1658 3029 1788 3085 ani-

1895 463 2002 518 hoc
2062 466 2215 520 intra
2273 483 2334 522 se
2390 468 2648 533 miranti,
2709 467 2884 523 veluti
2937 470 3216 526 caelorum
3290 471 3545 545 claviger

1895 552 2099 608 beatus
2144 555 2344 610 l’etrus
2377 557 2840 628 superveniebat,
2901 563 2958 612 et
3005 558 3166 614 illam
3221 560 3541 616 multitudi-

1894 657 2027 695 nem
2061 647 2264 698 sancta
2320 645 2733 700 communione
2784 647 2913 716 ejus
2971 648 3246 703 manibus
3303 651 3538 720 partici-

1895 733 2164 800 puturam
2221 748 2348 786 esse
2405 733 2615 787 aiebat.
2695 735 2876 796 Quam
2961 736 3368 805 pontilicaliter
3449 739 3539 792 in-

1895 818 2122 889 dutam[
2179 819 2286 886 ed.,
2337 822 2588 885 Quem...
2677 823 2988 894 indictum]
3075 825 3227 880 idem
3332 827 3537 884 beatus

1893 905 2117 975 Petrus,
2155 925 2286 962 cum
2320 913 2742 982 protomartyre
2762 911 3078 982 Stephano,
3105 915 3175 968 ad
3199 915 3379 970 altare
3401 933 3515 988 prae

1895 993 2061 1048 dictae
2093 995 2345 1052 ecclesia:
2378 1015 2509 1052 cum
2544 999 2818 1053 ineffabili
2872 1006 3079 1055 cantus
3137 1003 3387 1059 melodia
3444 1005 3540 1060 de-

1895 1081 2203 1148 ducebant,
2236 1089 2292 1139 et
2325 1086 2505 1140 sacris
2537 1087 2785 1157 peractis
2835 1089 3063 1154 ot'ﬁciis,
3097 1107 3299 1146 omnes
3319 1092 3390 1148 de
3410 1097 3540 1164 ejus

1896 1171 2170 1225 manibus
2184 1172 2473 1228 vivificum
2495 1191 2712 1228 munus
2741 1177 3367 1247 percipiebaut.\'isum
3393 1200 3537 1254 quo-

1899 1273 2010 1328 que
2042 1258 2091 1312 ei
2127 1259 2315 1314 fuerat
2345 1262 2495 1332 quod
2533 1268 2662 1332 post
2684 1279 2909 1317 sacram
2931 1269 3404 1325 communionem
3426 1272 3540 1344 ipsi

1895 1350 2135 1402 sanctus
2152 1347 2354 1402 Petrus
2377 1349 2637 1421 quinque
2651 1352 2857 1404 calices
2874 1369 3078 1408 aureos
3099 1357 3386 1413 conferret
3403 1361 3536 1432 (25),

1897 1433 2060 1488 alteri
2096 1440 2290 1491 autem
2323 1454 2385 1492 se
2407 1439 2787 1509 subsequcuti
2824 1446 2964 1504 tres,
2998 1443 3170 1497 tertio
3200 1461 3330 1500 vero
3353 1463 3538 1504 unum

1895 1522 2133 1579 calicem
2165 1525 2464 1581 tribueret.
2499 1527 2628 1581 I-lzec
2650 1545 2785 1597 ergo
2818 1528 2942 1582 suis
2977 1531 3363 1590 familiaribus
3394 1538 3541 1592 refe-

1897 1625 2051 1677 rens,
2085 1615 2182 1683 qui
2218 1617 2629 1685 portenderent
2660 1633 2855 1670 secum
2894 1619 3252 1690 mirabatur;
3284 1624 3384 1678 sed
3407 1627 3542 1697 quis

1897 1714 2098 1754 eorum
2133 1701 2304 1756 fuerit
2327 1703 2514 1758 exitus
2534 1705 2588 1758 in
2621 1707 3002 1775 sequentibus
3025 1707 3274 1765 suoloco
3297 1711 3538 1771 dicetur.

1895 1787 2018 1843 Alio
2051 1789 2251 1844 itidem
2285 1796 2545 1862 tempore
2573 1792 2653 1846 illi
2687 1810 2786 1863 per
2815 1795 3004 1849 somni
3029 1796 3279 1864 quietem
3306 1802 3543 1859 videba-

1895 1879 2011 1941 tur,
2045 1879 2196 1948 quod
2230 1880 2396 1949 quasi
2423 1897 2670 1950 persona
2693 1884 3003 1950 cujusdam
3028 1885 3306 1944 deformis
3335 1891 3542 1947 vetule

1895 1979 2030 2019 eum
2062 1966 2391 2038 importune
2421 1969 2746 2039 impeteret,
2780 1977 2839 2024 et
2874 1972 3050 2026 veluti
3095 1974 3388 2044 familiari,
3437 1981 3540 2036 sed

1893 2055 2090 2108 tamen
2121 2055 2348 2110 sincero
2379 2055 2670 2128 colloquio
2711 2059 2821 2111 sibi
2887 2060 3128 2132 adjungi
3182 2073 3540 2135 exposceret.

1899 2143 2032 2206 Qum
2063 2149 2182 2198 tam
2216 2144 2489 2200 horrendi
2515 2145 2734 2209 vultus,
2769 2147 3029 2203 discissae
3058 2153 3259 2221 vestis,
3295 2153 3541 2214 hirsutis

1897 2230 2123 2302 capillis
2145 2234 2576 2305 atqueturpiter
2601 2236 2815 2290 erectis
2846 2238 3243 2306 videbatur,ut
3269 2243 3360 2298 vix
3379 2247 3544 2317 quid-

1898 2335 2074 2390 quam
2107 2320 2381 2378 humanze
2415 2324 2610 2378 formae
2642 2325 2700 2378 in
2732 2341 2794 2380 ea
2850 2336 3305 2397 recognosceret.
3360 2335 3540 2406 Cujus

1898 2409 2285 2465 deformitatis
2318 2411 2556 2467 horrore
2572 2412 2821 2468 nimium
2846 2415 3171 2486 perculsus,
3195 2435 3320 2475 eam
3356 2422 3538 2494 pluri-

1899 2514 2061 2552 mum
2092 2497 2319 2554 volebat
2345 2501 2574 2556 evitare.
2601 2503 2699 2556 sed
2732 2502 2860 2572 ipsa
2889 2507 3052 2557 tanto
3076 2507 3264 2578 magis
3284 2508 3369 2563 illi
3388 2512 3541 2568 nite-

1898 2585 2070 2640 batur
2100 2586 2385 2644 insistere.
2421 2592 2543 2654 Qua
2575 2590 3015 2661 importunitate
3032 2594 3220 2649 victus
3241 2597 3330 2650 vir
3349 2600 3540 2656 Domi-

1897 2673 1978 2739 ni,
2012 2675 2058 2729 ei
2085 2675 2318 2745 signum
2352 2677 2543 2732 crucis
2576 2677 2632 2732 in
2668 2679 2873 2734 faciem
2907 2680 3317 2754 imprimebat;
3348 2693 3408 2743 at
3441 2689 3542 2746 illa

1899 2763 1968 2816 ad
2002 2767 2217 2819 terram
2248 2764 2421 2820 veluti
2449 2770 2678 2820 mortua
2711 2783 3014 2838 proruens,
3048 2769 3104 2824 in
3129 2773 3539 2835 admirabilem

1897 2849 2394 2921 pulchritudinem
2429 2855 3020 2927 denuojresurgebat.
3072 2859 3252 2930 Cujus
3298 2863 3542 2924 visionis

1897 2941 2115 2994 terrore
2145 2947 2534 3012 experrectus,
2569 2943 2639 2997 ad
2675 2949 2991 3001 nocturnas
3012 2951 3265 3004 surrexit
3285 2953 3536 3025 vigilias,

1900 3027 2208 3099 denuoque
2239 3030 2298 3084 in
2330 3029 2510 3101 hujus
2542 3032 2621 3086 rei
2652 3033 3038 3090 admiratione
3069 3039 3260 3108 sopori
3294 3043 3544 3102 reddidit

140 3124 325 3181 mavit
353 3128 414 3179 et
443 3123 514 3179 ab
545 3120 910 3178 imminentis
934 3122 1140 3177 mortis
1161 3103 1404 3176 articulo
1423 3119 1643 3176 sanctis
1665 3137 1782 3192 pre-
1819 3103 1863 3171 C
1902 3117 2165 3171 membra
2188 3134 2202 3172 :
2238 3120 2325 3173 cui
2355 3119 2657 3175 videbatur
2683 3121 2741 3175 in
2774 3123 2998 3178 somnis
3020 3103 3224 3182 adesse
3244 3135 3542 3189 venerabi-

141 3215 312 3271 cibus
341 3210 629 3267 liberavit.
667 3211 866 3282 Itaque
897 3213 1015 3265 toto
1042 3210 1232 3266 noctis
1260 3209 1576 3266 interstitio
1620 3209 1794 3265 turba

143 3303 432 3358 comitum
461 3304 519 3356 et
547 3299 952 3371 patriensium,
986 3316 1236 3371 quorum
1271 3299 1590 3355 necessitas
1611 3299 1790 3355 inter-

145 3397 293 3460 erat,
326 3391 402 3446 ad
432 3389 560 3460 ejus
591 3387 912 3460 hospitium
935 3405 1070 3443 cum
1101 3386 1492 3443 luminaribus
1513 3390 1788 3446 excubias

139 3478 541 3543 celebrabant,
575 3493 640 3532 ac
673 3493 842 3531 mane
874 3493 976 3548 per
1007 3481 1345 3532 sanctorum
1379 3476 1608 3544 merita,
1657 3479 1787 3549 ejus

137 3571 436 3624 annuente
462 3565 766 3638 suﬂ'ragio,
797 3564 1088 3638 integram
1139 3565 1478 3636 sospitatem
1526 3571 1786 3637 reporta-

136 3659 305 3714 bant.

203 3745 316 3801 His
343 3760 478 3816 ergo
507 3744 696 3800 causis
731 3760 832 3814 per
860 3745 1104 3798 eunctas
1135 3742 1465 3798 Romanicae
1480 3749 1674 3815 partes
1695 3761 1786 3800 ce-

121 3833 372 3890 lerrime
403 3831 736 3903 divulgatis,
761 3832 847 3885 vir
884 3829 1115 3885 Domini
1153 3846 1387 3885 summa
1417 3831 1786 3887 veneratione

122 3919 686 3991 excolitur,ejusque
700 3918 935 3974 dilectio
951 3917 1215 3974 omnium
1232 3918 1507 3974 cordibus
1521 3919 1786 3976 funditus

126 4010 483 4066 inculcatur.
517 4008 621 4064 Hic
651 4011 844 4063 autem
879 4024 1025 4062 suus
1055 4010 1181 4062 erat
1212 4023 1340 4063 mos
1385 4007 1664 4064 assiduus
1720 4013 1784 4064 ut

127 4103 429 4156 nocturna:
466 4096 650 4169 quieti
684 4096 948 4151 membra
967 4095 1314 4163 traditurus,
1340 4101 1677 4152 sanctorum
1703 4097 1786 4169 pi-

129 4187 416 4262 gnoribus
447 4203 574 4243 sese
596 4185 874 4241 attentius
905 4185 1366 4253 commendaret,
1397 4189 1454 4241 et
1483 4203 1517 4240 a
1542 4184 1781 4242 secula-

129 4277 297 4333 ribus
325 4274 634 4331 absolutus
659 4273 816 4328 curis
846 4273 904 4328 in
917 4277 1120 4330 sancta
1139 4274 1628 4346 contemplatione
1650 4276 1779 4331 ani-

133 4381 298 4421 mum
334 4364 618 4420 relaxeret
643 4368 817 4434 atque
841 4362 900 4417 in
927 4363 1056 4435 ipsa
1084 4363 1463 4419 meditatione
1511 4381 1781 4420 necessa-

1900 3203 1974 3258 lis
2005 3205 2186 3262 abbas
2199 3208 2566 3280 0dilo,quem
2602 3212 2769 3281 quasi
2793 3214 3034 3282 rogabat
3049 3215 3159 3268 sibi
3176 3223 3540 3291 portendere,

1901 3309 2026 3364 qua:
2049 3301 2203 3350 esset
2223 3296 2403 3367 hujus
2419 3298 2655 3354 visionis
2673 3299 3047 3370 signiﬁcatio.
3081 3304 3184 3366 Qui
3204 3305 3543 3370 lmtissimus

1900 3381 1949 3436 ei
1973 3387 2074 3445 tali
2108 3387 2411 3456 respondit
2439 3387 2701 3443 oraculo:
2742 3392 2952 3444 Beatus
2982 3407 3044 3445 es
3073 3397 3158 3458 tu,
3207 3400 3262 3449 et
3289 3403 3350 3451 tu
3412 3403 3542 3456 ani-

1899 3495 2053 3534 mam
2084 3479 2211 3548 ejus
2241 3477 2312 3531 de
2343 3480 2530 3531 morte
2558 3475 2842 3531 liberasti.
2875 3481 3006 3533 Haec
3056 3497 3168 3535 non
3227 3499 3356 3539 esse
3407 3490 3541 3546 ficta

1897 3567 2106 3639 probat
2122 3566 2331 3621 idonea
2360 3565 2617 3618 virorum
2649 3580 2715 3618 ac
2734 3567 3152 3622 venerabilium
3179 3574 3533 3648 testificatio,

1900 3655 2101 3710 domni
2132 3652 2399 3708 videlicet
2426 3651 2669 3707 Walteri
2693 3653 3012 3709 Leucorum
3038 3656 3277 3713 claustri
3301 3661 3530 3734 decani,

1897 3759 2003 3798 nec
2035 3759 2148 3798 non
2179 3741 2369 3796 intimi
2403 3739 2814 3796 consecretalis
2845 3743 2972 3813 ejus
3014 3744 3379 3816 Warncheri,
3439 3753 3541 3823 qui

1895 3836 2166 3887 asserunt
2199 3847 2260 3886 se
2287 3830 2522 3886 audisse
2552 3829 2692 3884 talia
2722 3846 2856 3885 cum
2890 3830 3164 3904 lacrymis
3197 3836 3270 3890 ab
3301 3836 3399 3893 illo
3451 3857 3539 3897 re-

1894 3921 2053 3988 ferri,
2088 3925 2143 3975 et
2174 3919 2312 3992 quid
2345 3919 2646 3990 signarent
2683 3919 3184 3991 quamplurimum
3241 3925 3539 3985 admirari.

1893 4017 2010 4072 Nec
2040 4007 2380 4067 incredibile
2401 4023 2530 4062 esse
2556 4008 2802 4073 videtur,
2831 4007 2969 4063 talia
2997 4009 3046 4064 ei
3080 4027 3112 4064 a
3141 4029 3374 4069 summa
3395 4017 3540 4072 divi-

1895 4103 2076 4159 nitate
2108 4101 2554 4171 praemonstrata
2586 4095 2788 4163 fuisse,
2813 4113 2947 4152 cum
2979 4099 3151 4153 erebo
3174 4107 3458 4159 nocturna
3479 4106 3539 4161 in

1892 4193 2042 4248 lecto
2071 4187 2348 4259 suspiria,
2383 4189 2441 4241 et
2473 4186 2806 4257 frequentes
2839 4188 3088 4258 pectoris
3117 4191 3424 4249 tunsiones
3473 4211 3541 4253 ac

1895 4286 2118 4338 stratus
2140 4291 2292 4348 saepe
2314 4293 2348 4330 a
2371 4274 2640 4330 veridicis
2661 4275 3038 4332 cubiculariis
3062 4285 3324 4350 repertus
3340 4283 3542 4356 irriga-

1893 4375 1991 4424 tus
2021 4364 2315 4438 lacrymis,
2346 4365 2666 4420 ostendunt
2698 4363 2866 4420 illum
2896 4366 3094 4422 divina
3115 4368 3337 4427 visione
3360 4373 3541 4430 fuisse

136 4455 292 4510 rium
317 4453 546 4526 corpori
579 4468 848 4524 soporem
881 4452 1222 4524 susciperet.
1261 4452 1321 4508 In
1347 4451 1454 4508 hac
1495 4470 1630 4526 ergo
1687 4453 1778 4526 pia
1809 4469 1858 4535 D
1891 4459 2157 4530 dignum.
2194 4452 2352 4508 Nulli
2379 4459 2572 4507 autem
2606 4453 2851 4509 dubium
2903 4460 2992 4510 est
3051 4457 3191 4528 quid
3248 4460 3543 4532 signiﬁcet

134 4543 461 4599 intentione
491 4541 748 4614 quadam
779 4545 946 4596 nocte
973 4545 1306 4612 soporatus,
1340 4557 1443 4613 per
1469 4541 1660 4598 visum
1707 4543 1779 4599 ad

132 4630 518 4703 principalem
551 4629 857 4685 ecclesiam
894 4629 1058 4684 urbis
1113 4628 1516 4702 Wangionum
1551 4632 1661 4702 (24)
1693 4636 1783 4688 est

128 4721 447 4784 adductus,
480 4719 578 4774 ubi
605 4717 1117 4790 contemplabatur
1145 4719 1316 4790 quasi
1362 4721 1780 4777 consistentem

127 4807 426 4864 inﬁnitam
457 4807 901 4864 multitudinem
933 4806 1285 4874 albatorum,
1313 4824 1561 4880 quorum
1595 4811 1783 4881 major

125 4913 266 4968 pars
291 4896 602 4953 videbatur
632 4912 761 4952 esse
792 4896 1183 4963 sacerdotum,
1221 4897 1372 4952 inter
1403 4915 1551 4969 quos
1596 4917 1777 4955 unum

124 4987 584 5059 recognoscebat
618 4985 917 5056 quondam
943 4985 1052 5040 sibi
1078 4986 1423 5042 familiarem
1447 4988 1778 5045 Bezelinum

124 5075 634 5141 archidiaconum,
660 5074 759 5146 qui
792 5076 920 5145 ejus
951 5090 1148 5130 comes
1181 5074 1242 5132 in
1267 5075 1524 5132 Romano
1571 5077 1778 5135 itinere

124 5169 367 5220 exuerat
395 5163 722 5220 hominem.
775 5163 959 5228 Quem
1018 5163 1383 5236 interrogans
1441 5183 1566 5238 quae
1623 5173 1780 5225 esset

125 5258 290 5310 tanta
318 5253 670 5320 multitudo,
720 5253 943 5309 audivit
999 5253 1106 5310 hos
1164 5270 1369 5312 omnes
1413 5258 1775 5315 mundanam

194 5380 307 5462 (24)
360 5378 766 5462 νξζαοείφρυφ
815 5377 1170 5462 civitasuseu
1219 5380 1564 5462 Wormatia,
1633 5390 1776 5446 urbs

126 5450 480 5532 episcopalis
511 5450 842 5532 notissima,
877 5452 987 5532 sub
1015 5450 1769 5532 Magnuntinalmetropoli.

195 5523 507 5600 (2_5)’Ha_nc
536 5523 823 5600 visionem
854 5527 1058 5579 auctor
1077 5523 1230 5600 infra
1257 5523 1674 5600 interpretatur
1702 5534 1774 5588 de

124 5593 311 5673 annis,
340 5594 570 5674 quibus
600 5595 724 5654 tam
743 5593 868 5672 ipse
890 5609 1068 5673 quam
1081 5595 1198 5656 duo
1218 5597 1348 5672 ejus
1367 5593 1618 5673 proximi
1639 5620 1772 5662 suc-

1892 4545 2203 4620 prmlibatm
2236 4541 2501 4597 mulieris
2532 4542 2698 4608 visio,
2725 4545 3065 4616 quicunque
3097 4545 3236 4619 legit
3265 4565 3412 4620 pene
3459 4551 3540 4606 si-

1892 4637 2029 4692 mile
2059 4633 2357 4690 somnium
2386 4631 2575 4704 Magni
2611 4631 2974 4688 Constantini
3022 4651 3123 4705 pro
3181 4639 3543 4696 restituenda

1889 4725 2034 4780 urbe
2065 4722 2337 4796 Byzantio
2369 4722 2500 4792 (26).
2565 4722 2708 4776 Nam
2771 4729 2994 4778 certum
3047 4730 3136 4779 est
3182 4725 3544 4784 horribiliter

1889 4813 2223 4869 extabuisse
2255 4827 2357 4882 per
2387 4811 2651 4866 diversas
2677 4812 2836 4866 orbis
2860 4816 3052 4883 partes
3073 4813 3536 4873 ecclesiasticum

1890 4903 2179 4964 decorem,
2215 4900 2332 4953 imo
2364 4898 2756 4953 Christianam
2791 4899 3154 4971 religionem,
3183 4906 3238 4953 et
3255 4917 3358 4970 per
3377 4917 3536 4970 eum,

1888 4990 2102 5046 Christi
2128 4985 2584 5043 adminiculante
2609 4988 2908 5061 sutI‘ragio,
2932 4989 3000 5042 ad
3028 4987 3340 5059 pristinum
3365 4987 3536 5044 redu-

1887 5085 2044 5136 ctam
2079 5099 2206 5140 esse
2236 5079 2536 5133 honorem.

1958 5263 2028 5319 ΙΙ.
2094 5265 2157 5316 In
2212 5259 2482 5314 conventu
2547 5255 2852 5310 Wormatz'w
2906 5273 3056 5327 papa
3113 5257 3357 5330 eligitur.
3416 5258 3525 5315 Sub

1886 5403 2150 5445 cessoros
2179 5403 2581 5457 ponuucatum
2611 5403 2804 5434 tenere
2835 5403 3138 5435 uouerent.

1954 5460 2068 5529 (26)
2100 5458 2258 5529 Hanc
2282 5451 2644 5529 Constan_t_i_ni
2678 5451 2866 5529 Magni
2901 5450 3182 5529 visionem
3235 5455 3407 5511 refert
3434 5459 3535 5514 So.

1889 5521 2190 5592 zoinemus
2221 5528 2371 5589 libro
2427 5543 2467 5584 ιι
2525 5521 2801 5592 Historiae
2846 5521 3272 5599 ecclesiasticm,
3316 5544 3442 5607 cap.
3476 5531 3532 5593 3.

2179 5381 2581 5457 pontiﬁcatum
2608 5384 2804 5457 tenere
2835 5381 3138 5457 deberent.
