3964 6206
382 324 497 383 487

1746 321 1810 380 S.
1859 319 2007 381 LEO
2052 319 2133 379 1X
2177 317 2412 380 PAPA.

3664 317 3783 382 488

377 454 664 526 peregrini
693 451 888 506 habitu
931 454 1155 507 Romam
1184 455 1338 523 petit.
1376 453 1553 507 Flavii
1611 452 2031 507 exuberantiam
2059 454 2111 518 Α
2147 449 2459 505 multitudo
2485 450 2874 522 undequaque
2895 449 3431 522 supervenientium
3449 451 3779 506 comitatur.

380 543 710 614 comprimit.
749 541 970 596 Romam
999 540 1236 596 adre-nit.
1276 540 1544 597 Canonice
1603 543 1662 596 in
1713 541 2026 612 pontiﬁcem

379 632 628 702 eligit-ur.
665 661 730 669 —
775 631 998 684 Interea
1026 631 1183 700 apud
1223 630 1613 701 Wangionum
1648 631 1850 683 urbem
1893 632 2026 682 ante

377 719 748 792 praesentiam
785 716 1022 788 gloriosi
1046 717 1279 773 Henrici
1322 719 1567 774 secundi
1626 719 2019 785 Romanorum

376 807 628 880 Augusti
647 807 710 861 ﬁt
724 806 1068 877 pontificum
1088 804 1567 877 reliquorumque
1581 822 1886 877 procerum
1909 821 2023 860 non

378 896 647 953 modicus
669 898 1010 951 conventus.
1046 894 1201 949 Inter
1231 911 1378 965 quos
1411 895 1502 949 hic
1532 894 1766 949 Christo
1808 895 2024 966 dignus

381 984 593 1058 praesul
624 986 1012 1040 convocatur:
1041 982 1395 1054 quippesine
1425 981 1854 1053 cujusconsilio
1872 981 2026 1036 intra

379 1073 749 1146 imperialem
781 1071 1003 1127 curiam
1037 1071 1182 1125 nihil
1207 1072 1403 1142 magni
1461 1072 1904 1143 disponebatur.
1956 1071 2024 1124 Et

377 1167 634 1234 repente,
669 1161 766 1216 illo
796 1159 944 1215 nihil
975 1159 1092 1214 tale
1118 1160 1529 1231 suscipit-ante,
1563 1161 1634 1214 ad
1667 1176 1816 1214 onus
1859 1175 2023 1230 apos-

376 1251 534 1306 tolici
558 1250 796 1306 honoris
809 1249 1252 1316 suscipiendum
1267 1247 1504 1318 eligitur
1524 1266 1556 1303 a
1569 1248 1816 1304 cunctis.
1860 1247 2019 1310 Quod

376 1358 526 1396 onus
541 1339 874 1395 humilitate
889 1343 1294 1393 commonente
1337 1338 1670 1392 diutissime
1707 1337 2020 1405 refugiens,

376 1431 518 1484 dum
540 1429 729 1500 magis
744 1445 807 1484 ac
824 1428 1008 1497 magis
1022 1427 1270 1498 cogitur,
1306 1428 1646 1481 triduanum
1679 1425 2018 1481 consulendi

376 1518 639 1590 deposcit
664 1517 945 1588 spatium,
965 1516 1019 1570 in
1046 1516 1418 1586 quojejuniis
1435 1532 1645 1570 vacans
1667 1520 1722 1571 et
1743 1513 2018 1569 orationi-

375 1608 486 1662 bus
517 1606 756 1663 omnino
787 1605 912 1660 sine
945 1605 1072 1661 cibo
1104 1618 1360 1676 potuque
1392 1605 1733 1675 permansit.
1760 1607 2018 1675 Cumque

385 1697 574 1754 denuo
606 1698 1019 1767 repurgaretur
1049 1694 1119 1748 ad
1152 1692 1498 1748 obedientiae
1545 1692 2012 1763 completionem,

375 1789 695 1857 spontanee
713 1800 908 1839 coram
933 1782 1205 1838 omnibus
1220 1799 1386 1837 suam
1401 1782 1545 1836 dixit
1566 1781 2011 1847 confessionem,

375 1878 619 1930 conatus
632 1872 800 1944 quasi
818 1871 1070 1942 quadam
1095 1888 1337 1926 suorum
1351 1871 1696 1926 enormitate
1708 1869 2016 1937 scelerum,

373 1978 747 2020 communem
805 1965 1140 2032 permutare
1209 1959 1572 2014 electionem.
1635 1959 1777 2023 Quis
1818 1963 2015 2014 autem

374 2055 550 2121 queat
590 2051 724 2120 ejus
754 2049 1164 2104 inundantium
1201 2050 1442 2104 ﬂetuum
1483 2048 1714 2115 referre,
1761 2063 1908 2118 quos
1958 2047 2014 2100 in

373 2139 604 2211 publica
635 2138 1001 2195 confessione
1053 2137 1266 2206 emisit,
1330 2155 1464 2192 cum
1523 2137 1701 2192 etiam
1750 2136 2016 2191 omnium

372 2230 579 2283 affectu
613 2229 671 2283 in
700 2227 914 2282 nimias
945 2227 1237 2298 lacrymas
1269 2225 1648 2281 excitaverit?
1684 2226 1841 2280 Unde
1872 2242 2018 2280 una-

370 2317 609 2373 nimiter
657 2321 1002 2371 cunctorum
1053 2330 1150 2368 ore
1207 2314 1328 2367 haec
1381 2314 1476 2383 pia
1524 2330 1632 2367 vox
1676 2313 2013 2368 resonabat:

373 2405 528 2459 Nolit
556 2405 712 2459 Deus
742 2409 805 2458 ut
838 2403 996 2457 filius
1018 2407 1318 2457 tantarum
1348 2401 1739 2474 lacrymarum
1799 2406 2012 2472 pereat.

370 2493 588 2546 Videns
619 2508 754 2563 ergo
786 2491 945 2546 nullo
977 2491 1145 2544 modo
1174 2506 1234 2544 se
1252 2507 1422 2560 posse
1444 2490 1696 2561 effugere
1718 2489 2017 2560 imperiale

370 2584 727 2653 praeceptum
758 2585 814 2634 et
845 2595 1157 2634 commune
1184 2578 1448 2633 omnium
1483 2579 1858 2648 desiderium,
1921 2597 2014 2634 co-

379 2673 543 2725 actus
575 2669 833 2740 suscepit
865 2667 1198 2738 injunctum
1221 2667 1478 2722 ofﬁcium
1513 2668 1896 2739 praesentibus
1935 2667 2014 2722 le-

382 2758 534 2830 gatis
567 2759 985 2824 Romanorum,
1013 2757 1448 2823 eaconditione,
1481 2757 1527 2812 si
1563 2758 1793 2812 audiret
1835 2756 2016 2812 totius

372 2847 514 2902 cleri
549 2864 613 2902 ac
647 2847 888 2902 Romani
923 2845 1122 2917 populi
1145 2861 1518 2901 communem
1541 2863 1669 2901 esse
1691 2845 1816 2901 sine
1837 2845 2015 2901 dubio

372 2951 754 2991 consensum.
787 2936 995 3006 Sicque
1025 2935 1096 2989 ad
1133 2934 1426 3005 propriam
1454 2936 1776 2989 Leucorum
1797 2934 2017 2989 scilicet

371 3025 570 3080 sedem
595 3025 903 3095 repedans,
928 3039 1062 3078 cum
1093 3040 1328 3077 summa
1348 3023 1650 3078 devotione
1671 3024 1883 3078 ibidem
1906 3028 2017 3079 Do—

373 3113 516 3167 mini
549 3112 861 3168 celebravit
892 3111 1153 3166 Natalem
1211 3127 1345 3166 cum
1405 3113 1726 3167 coessentia
1764 3119 2016 3182 quatuor

2141 540 2294 593 [nter
2323 555 2469 610 quos
2501 539 2764 609 quaedam
2801 539 3086 612 religiosas
3105 541 3232 596 vitae
3255 538 3468 596 ancilla
3484 539 3585 595 Dei
3612 538 3666 594 ei
3687 540 3782 595 ad-

2135 627 2329 692 haeret,
2364 645 2493 699 qua:
2518 644 2652 682 eum
2674 627 2892 682 talibus
2915 645 2980 683 ex
2999 633 3283 700 praecepto
3300 628 3491 684 divino
3509 628 3780 684 admonet

2134 716 2324 770 verbis
2348 734 2359 771 :
2394 717 2524 771 Mox
2556 721 2618 771 ut
2640 715 2833 787 prima
2862 718 3110 789 vestigia
3133 717 3287 773 intra
3306 717 3501 774 valvas
3522 716 3774 772 ecclesiae

2134 805 2416 877 principis
2448 804 2848 876 apostolorum
2879 806 3168 876 posueris,
3205 823 3276 861 ne
3336 805 3420 862 sis
3469 805 3778 862 immemor

2134 893 2226 948 his
2259 893 2469 949 divinis
2487 895 2564 948 uti
2589 895 2811 950 verbis:
2835 897 2958 949 Pax
2978 896 3108 952 huic
3135 895 3326 950 domui
3357 892 3570 966 \Malth.
3595 894 3775 966 x,l2),

2134 986 2189 1036 et
2219 983 2492 1039 omnibus
2524 983 2927 1039 habitantibus
2959 985 3016 1038 in
3051 1000 3138 1041 ea.
3168 985 3354 1048 Quam
3411 983 3774 1040 Dominicam

2124 1071 2455 1140 jussionem
2469 1075 2525 1127 et
2537 1071 2838 1128 humiliter
2850 1073 3188 1144 suscepit,et
3202 1074 3404 1128 devote
3417 1071 3773 1145 adimplevit.

2132 1158 2465 1230 Venitergo
2514 1176 2649 1214 cum
2707 1164 2869 1214 tanto
2929 1162 3207 1216 comitatu
3267 1178 3444 1233 super
3487 1161 3770 1217 Teronem

2135 1248 2371 1302 ﬂuvium
2402 1249 2539 1316 (29),
2571 1248 2670 1319 qui
2700 1249 2780 1303 ita
2818 1251 3128 1305 crescendo
3179 1250 3480 1321 preprium
3533 1253 3767 1321 printer-

2130 1351 2369 1407 gressus
2401 1341 2525 1392 erat
2545 1337 2770 1392 alveum
2798 1343 2860 1392 ut
2890 1355 2991 1408 per
3022 1344 3241 1410 septem
3275 1339 3402 1394 dies
3451 1342 3646 1394 totum
3694 1338 3770 1394 ibi

2130 1430 2358 1496 cogeret
2378 1425 2655 1481 remorari
2691 1425 2992 1498 populum.
3025 1427 3126 1481 Vir
3155 1431 3350 1482 autem
3395 1426 3646 1495 Domini,
3705 1427 3771 1482 de

2128 1513 2440 1569 afﬂictione
2472 1515 2657 1585 plebis
2685 1515 2784 1569 diu
2819 1532 3018 1571 secum
3057 1516 3472 1588 exspectantis,
3531 1520 3765 1571 maestus

2127 1602 2356 1657 caeleste
2386 1601 2665 1658 auxilium
2689 1603 2917 1659 invocat
2939 1621 3004 1660 ac
3035 1604 3499 1660 benedictionem
3520 1603 3767 1661 ecclesiae

2127 1693 2309 1747 sancti
2339 1691 2584 1748 Joannis
2617 1692 2674 1746 in
2709 1693 2899 1748 vicino
2953 1697 3293 1749 censtructe:
3342 1693 3597 1750 inchoat.
3659 1693 3762 1750 Sed

2126 1784 2438 1851 antequam
2467 1781 2730 1836 divinum
2757 1787 2911 1837 esset
2936 1786 3237 1854 peractum
3261 1783 3526 1838 ofﬁcium
3571 1785 3759 1855 coepta

2128 1870 2604 1937 consecrationis,
2626 1871 2706 1926 ita
2737 1871 2949 1927 ﬂuvius
3001 1875 3090 1927 est
3147 1871 3450 1944 mitigatus
3498 1870 3762 1928 demissis

2127 1958 2323 2026 undis,
2358 1962 2422 2012 ut
2451 1974 2583 2013 mox
2631 1974 2900 2015 securum
2949 1959 3058 2015 iter
3114 1959 3274 2014 amni
3316 1960 3758 2033 transgredienti

2126 2047 2453 2118 praebuerit.
2487 2049 2649 2112 Quod
2695 2049 2890 2103 omnis
2931 2065 3195 2120 praesens
3248 2048 3558 2104 multitudo
3581 2048 3754 2120 hujus

2128 2135 2280 2189 beati
2300 2135 2403 2189 viri
2430 2136 2654 2190 meritis
2667 2137 2979 2208 contigisse
2997 2134 3752 2208 afﬁrmavit.0mnipotentis

2126 2222 2304 2294 igitur
2335 2224 2642 2279 roboratus
2692 2224 3251 2291 solamine,Romam
3300 2224 3622 2297 appropiat,
3664 2223 3757 2279 cui

2125 2316 2245 2366 tota
2263 2313 2403 2367 urbs
2425 2329 2558 2368 cum
2581 2313 2916 2384 hymnidico
2934 2319 3211 2370 concentu
3228 2315 3457 2370 obviam
3469 2313 3554 2369 ire
3569 2317 3756 2385 parat;

2127 2401 2225 2455 sed
2242 2400 2365 2470 ipse
2378 2401 2552 2472 pedes
2567 2401 2803 2473 longinq
2816 2421 2886 2456 no
2902 2403 3289 2458 itincrenudis
3303 2401 3524 2475 plantis
3537 2401 3757 2467 incedit,

2124 2494 2180 2544 et
2203 2489 2390 2561 magis
2413 2490 2482 2544 ad
2507 2491 2720 2545 mentis
2735 2492 3099 2546 devotionem
3119 2509 3296 2563 quam
3320 2493 3392 2548 ad
3415 2492 3658 2548 laudum
3674 2490 3760 2546 de-

2127 2577 2494 2633 lectationem
2519 2579 2782 2634 animum
2808 2580 3220 2646 inﬂectit.Quis
3239 2588 3433 2637 autem
3469 2582 3597 2652 ejus
3633 2595 3758 2635 con-

2122 2666 2246 2721 triti
2279 2667 2470 2722 cordis
2502 2667 2559 2722 in
2583 2668 2785 2723 devota
2814 2669 3073 2724 oratione
3090 2669 3501 2741 affectus,quis
3523 2669 3759 2740 denique

2125 2756 2336 2811 referre
2362 2761 2537 2825 queat
2568 2757 2876 2813 continuos
2908 2757 3298 2830 lacrymarum
3329 2758 3495 2814 velut
3517 2760 3757 2814 rivorum

2124 2846 2428 2908 decursus,
2463 2863 2593 2900 cum
2620 2845 2842 2900 nullius
2873 2846 3151 2917 cogitatui
3173 2848 3250 2904 sit
3269 2846 3650 2920 penetrabile,
3673 2861 3759 2902 ne-

2123 2933 2262 2986 dum
2297 2933 2485 2988 verbis
2517 2933 2790 2989 elfabile'?
2819 2935 3134 3006 Postquam
3169 2952 3303 3008 ergo
3325 2935 3661 2992 diutissime
3681 2950 3758 2991 se-

2124 3021 2316 3076 taliter
2335 3021 2563 3078 Christo
2583 3024 2860 3078 mactavit
2889 3023 2948 3078 in
2980 3025 3172 3080 cordis
3203 3024 3393 3090 altari,
3432 3048 3462 3075 «
3516 3023 3756 3080 hostiam

2123 3109 2332 3179 vivam,
2367 3115 2652 3177 sanctam,
2707 3112 2823 3168 Deo
2879 3111 3227 3184 placentem,
3255 3137 3283 3162 «
3317 3114 3503 3169 etiam
3552 3111 3755 3169 astanti

368 3202 732 3273 pontiﬁcum,
763 3200 1018 3271 llugonis
1041 3199 1264 3254 scilicet
1285 3201 1357 3254 de
1383 3200 1516 3254 Cisa
1545 3201 1656 3271 (27)
1678 3200 1821 3255 urbe
1843 3199 2011 3254 ltalo-
2043 3188 2086 3252 C
2124 3197 2276 3253 clero
2306 3204 2364 3253 et
2392 3199 2626 3270 populo,
2660 3201 2937 3268 divinam,
2971 3218 3088 3272 qua
3117 3201 3450 3274 plurimum
3501 3202 3762 3258 afﬂuebat

369 3307 500 3346 rum
528 3289 701 3362 legati
737 3290 1139 3344 Romanorum
1163 3293 1220 3344 et
1251 3289 1525 3343 Everardi
1588 3288 2011 3360 archiepiscopi

368 3380 772 3443 Treverorum,
824 3377 1199 3433 Adalberonis
1231 3393 1465 3449 quoque
1506 3377 1780 3432 Metensis
1837 3381 2012 3448 atque

368 3466 707 3523 Theoderici
739 3466 867 3538 [ed.,
912 3466 1217 3537 Theodori]
1275 3466 1664 3522 Virdunensis
1723 3465 2009 3539 praesulis,

367 3556 505 3612 Inde
517 3555 851 3612 humilitate
868 3556 1382 3628 magistra,contra
1393 3557 1659 3612 omnium
1673 3554 2009 3628 apostolico-

368 3661 498 3700 rum
533 3661 780 3710 morem,
805 3650 1040 3716 sumpto
1068 3645 1182 3715 (28)
1214 3645 1518 3716 peregrino
1546 3645 1769 3711 habitu,
1796 3647 2010 3699 Roma-

367 3750 510 3788 num
542 3734 792 3805 arripuit
813 3734 954 3799 iter,
983 3735 1273 3789 indefessa
1307 3734 1487 3790 sacris
1527 3735 1888 3790 orationibus
1946 3753 2008 3787 ur.

365 3821 570 3877 divinae
600 3839 820 3878 vacans
851 3822 1354 3893 contemplationi,
1380 3839 1496 3878 non
1527 3827 1646 3878 tam
1681 3840 1782 3894 pro
1814 3839 2009 3878 rerum

368 3912 818 3967 commissarum
837 3912 1010 3982 sibi,q
1021 3928 1155 3967 nam
1179 3928 1279 3983 pro
1302 3929 1441 3967 cura
1461 3911 2011 3978 animarum,nimize

360 3999 622 4055 intentus
653 4000 1052 4056 sollicitudini.
1089 4001 1152 4054 In
1186 4017 1303 4072 qua
1328 4001 1711 4056 meditatione
1732 4002 1885 4072 apud
1915 4018 2010 4056 ur-

372 4088 504 4143 bem
533 4091 859 4160 Augustam
880 4089 1491 4160 suspensus,divinam
1524 4091 1847 4161 promeruit
1876 4107 2012 4145 con-

374 4175 744 4245 solationem,
779 4178 921 4232 dum
951 4178 1010 4232 in
1071 4177 1421 4233 revelatione
1473 4179 1697 4234 audivit
1753 4177 2015 4250 angelica

365 4283 503 4322 voce
535 4281 808 4321 resonare
841 4265 1244 4321 harmonicam
1305 4265 1758 4323 modulationem
1803 4268 2016 4324 dulcis-

368 4355 518 4411 sime
539 4359 988 4409 consonantem:
1025 4353 1178 4408 Dicit
1202 4354 1628 4427 Dominus,ego
1658 4357 1846 4427 cogito
1859 4356 2013 4427 cogi-

368 4442 622 4499 tationes
651 4443 812 4513 pacis
835 4446 1021 4498 etnon
1055 4443 1423 4507 alﬂictionis;
1453 4445 1799 4499 invnrabitis
1832 4462 1924 4500 me
1961 4450 2016 4500 et

2123 3287 2447 3358 ingreditur
2469 3290 2720 3360 proferre
2734 3289 3603 3362 exhortationem.lmperialem
3624 3292 3691 3346 de
3703 3305 3761 3345 se

2119 3374 2457 3432 electionem
2489 3377 2548 3432 in
2579 3381 2701 3433 tam
2728 3378 3015 3435 laborioso
3046 3379 3237 3436 ofﬁcio
3292 3381 3464 3436 brevi
3511 3393 3762 3436 sermun-

2122 3464 2252 3520 culo
2282 3465 2633 3538 promulgat,
2664 3483 2867 3524 eorum
2909 3467 3292 3537 voluntatem,
3338 3469 3762 3540 qualiscunque

2121 3569 2258 3624 erga
2278 3547 2347 3608 'se
2378 3553 2476 3623 sit,
2503 3555 2758 3626 pandere
2804 3555 3168 3629 expostulat;
3225 3556 3368 3612 dicit
3429 3558 3756 3614 electionem

2120 3642 2257 3695 clori
2292 3645 2348 3696 et
2377 3641 2575 3713 populi
2605 3644 3561 3702 canonicaliauctoritatealiorum
3578 3645 3761 3718 dispo-

2122 3731 2392 3786 sitionem
2425 3731 2656 3802 praeire;
2690 3733 2947 3789 afﬁrmat
2984 3749 3046 3790 se
3076 3734 3328 3805 gratanti
3359 3735 3568 3792 animo
3592 3735 3649 3790 in
3668 3750 3761 3807 pa-

2120 3820 2295 3874 triam
2327 3821 2673 3890 rediturum,
2707 3822 2823 3877 nisi
2862 3823 2964 3878 ﬁat
3019 3823 3220 3878 electio
3275 3824 3410 3893 ejus
3473 3822 3759 3882 communi

2121 3909 2386 3965 omnium
2416 3909 2590 3966 laude
2620 3929 2632 3979 ;
2667 3911 2922 3968 ostendit
2941 3928 3003 3968 se
3023 3916 3289 3968 coactum
3313 3913 3389 3968 ad
3416 3917 3536 3970 tam
3549 3913 3754 3986 grande

2122 4014 2271 4053 onus
2292 3998 2734 4070 suscipiendum
2746 4001 3284 4072 venisse.Cmmque
3312 4001 3540 4058 videret
3559 3999 3754 4058 unani-

2123 4105 2278 4145 mem
2300 4088 2566 4144 omnium
2583 4089 3084 4158 acclamationem,
3103 4091 3175 4146 ad
3197 4093 3618 4148 correctionem
3638 4089 3756 4145 vitae

2122 4184 2367 4251 coeptam
2397 4177 2607 4249 repetit
2634 4177 3378 4252 exhortationem,supplex
3423 4183 3756 4237 cunctorum

2123 4269 2340 4342 expetit
2359 4267 2683 4323 orationem
2715 4272 2891 4339 atque
2924 4268 3379 4325 absolutionem.

2199 4361 2418 4430 Itaque,
2453 4356 2649 4412 divina
2675 4357 2900 4413 favente
2921 4358 3127 4430 gratia,
3159 4358 3389 4414 cunctis
3412 4358 3758 4432 applauden-

2124 4449 2308 4514 tibus,
2367 4450 2741 4502 consecratur
2781 4463 2847 4502 ac
2895 4447 3200 4502 Dominica
3242 4442 3758 4521 quadragesimalis

369 4547 476 4603 ego
537 4531 846 4622 exaudiam
919 4549 1069 4622 vos,i
1118 4537 1175 4622 et
1252 4533 1529 4588 reducam
1616 4533 2012 4604 captivitatem
2043 4557 2090 4622 υ
2124 4537 2296 4604 initii,
2331 4534 2516 4606 pridie
2542 4535 2677 4590 ldus
2714 4535 3033 4604 Februarii,
3086 4535 3426 4608 apostolicae
3488 4533 3758 4622 cathedra

368 4623 622 4676 vestram
654 4621 723 4676 de
776 4621 1002 4677 cunctis
1060 4621 1224 4678 locis.
1283 4624 1408 4687 Qua
1464 4622 1561 4692 pia
1617 4622 2014 4679 consolatione

377 4709 698 4778 animatus,
721 4714 779 4766 et
831 4712 903 4766 de
962 4727 1217 4783 superno
1282 4709 1577 4778 adjutorio
1636 4711 1849 4767 certior
1886 4712 2012 4782 jam

368 4799 582 4867 factus,
617 4803 870 4871 coeptum
927 4800 1038 4855 iter
1093 4800 1371 4870 perﬁcere
1434 4799 1792 4871 aggreditur,
1834 4805 2015 4872 utque

366 4889 514 4945 tanti
567 4890 762 4945 meriti
833 4905 1144 4961 personam
1230 4889 1492 4955 decebat,
1573 4906 1708 4945 eum
1782 4890 2015 4946 inﬁnita

442 5105 556 5177 (27)
587 5105 681 5178 Sic
703 5105 1077 5178 habetcodex
1103 5104 1484 5177 Remigianus
1505 5110 1559 5160 et
1575 5105 1672 5160 alii
1697 5123 1836 5162 mss.
1860 5108 2012 5178 apud

373 5177 634 5232 Bolland.
670 5177 822 5232 Editi
876 5177 1091 5232 habent
1128 5178 1278 5242 Pisa,
1335 5179 1490 5232 sicut
1519 5182 1575 5232 et
1627 5177 1912 5234 Joannes,
1944 5181 2016 5235 de

371 5249 564 5323 Bayon
589 5251 655 5323 in
689 5250 944 5323 Historia
973 5249 1227 5323 Mediani
1261 5249 1596 5323 monasterii
1626 5267 1670 5323 ;__
1700 5251 1801 5306 sed
1851 5250 2016 5323 Hugo

371 5320 510 5402 tunc
540 5320 760 5402 Pisanus
794 5320 1059 5402 Ecclesiae
1089 5338 1202 5402 non
1237 5324 1500 5402 praeerat.
1530 5320 1774 5402 .N‘ullam
1821 5320 2013 5402 tamen

373 5388 554 5466 ςίδίιςνη
580 5394 784 5466 urbem
817 5391 1208 5466 episcopalem
1237 5388 1298 5446 in
1318 5391 1500 5466 Italiae
1525 5392 1744 5466 tabulis
1765 5395 2017 5466 reperire

369 5462 557 5538 licuit.
592 5462 949 5538 Legenda—m7
978 5462 1119 5519 forte
1151 5465 1396 5538 Assisz'c;
1427 5469 1566 5518 tunc
1597 5462 1849 5538 quippe;
1895 5465 2015 5538 Ugo

371 5534 634 5608 ejusdem
672 5534 832 5608 urbis
864 5536 1472 5608 episcopus__vivebat,
1525 5534 1631 5607 qui
1673 5534 1828 5608 anno
1880 5534 2020 5592 1050

372 5606 584 5680 corpus
610 5606 669 5662 S.
707 5606 914 5680 Ruﬁni
934 5606 1256 5680 transtulit,
1290 5611 1355 5664 ut
1385 5606 1583 5665 monet
1607 5607 1888 5680 Ughellus
1912 5611 2020 5667 Ita-

375 5679 465 5740 liae
497 5689 672 5736 sacra
702 5681 861 5736 tonio
883 5678 928 5750 Ι,
961 5675 1071 5738 col.
1103 5677 1230 5737 224.

2123 4625 2574 4682 inthronizatur.
2607 4624 2873 4687 Quantus
2891 4641 3026 4680 vero
3084 4625 3272 4680 fervor
3317 4623 3644 4680 devotionis
3694 4619 3759 4676 ad

2121 4712 2553 4787 Omnipotentis
2585 4711 2891 4768 servitium
2931 4712 2991 4768 in
3040 4731 3105 4769 eo
3155 4713 3491 4783 exoraverit,
3553 4711 3758 4784 quanto

2122 4802 2369 4860 solertiae
2398 4801 2596 4874 vigore
2628 4802 2699 4856 ad
2751 4815 2844 4856 res
2903 4800 3330 4857 ecclesiasticas
3371 4798 3758 4873 disponendae

2123 4891 2416 4958 enituerit,
2454 4889 2586 4962 quis
2615 4890 2773 4946 brevi
2793 4889 3082 4962 explicare
3111 4889 3318 4957 valeat,
3339 4905 3478 4946 cum
3501 4902 3644 4962 pene
3664 4899 3758 4941 nec

2199 5109 2310 5181 (28)
2337 5106 2418 5163 Ex
2449 5105 2702 5181 hoc_loco
2720 5105 2898 5181 plane
2913 5107 3228 5181 revincitur
3233 5121 3444 5181 eorum
3459 5099 3755 5181 sententia,

2127 5178 2228 5254 qui
2260 5178 2533 5254 asserunt
2563 5178 2810 5254 Leonem
2841 5179 3104 5254 Cluniaci
3145 5178 3426 5254 habitum
3477 5178 3757 5248 peregrini

2127 5248 2474 5324 sumpsisse,
2509 5265 2577 5306 ex
2596 5249 2977 5324 Hildebrandi
2997 5250 3262 5315 consilio,
3287 5248 3405 5324 qui_
3415 5262 3550 5301 eum
3575 5255 3762 5321 argue-

2126 5326 2228 5380 bat
2259 5319 2412 5395 quod
2430 5338 2749 5395 purpuram
2765 5323 3014 5395 gesserit
3034 5319 3348 5395 antequam
3370 5319 3567 5395 Romae
3583 5319 3760 5395 speci-

2128 5385 2387 5478 peret'iinr"
2419 5385 2602 5478 Hujus
2623 5385 3252 5478 .commentiuprimi‘is‘
3293 5385 3761 5478 auctornvidetur

2128 5410 2378 5468 paretur'
2419 5410 2602 5518 uulj‘u's
2623 5410 2948 5474 commenti
3007 5410 3234 5478 primus
3293 5410 3500 5446 aucwr
3546 5410 3754 5442 VIUULUI‘

2128 5483 2254 5522 esse
2301 5469 2432 5520 Otto
2509 5480 2902 5535 ‘PlSlngGDSIS.
2959 5465 3102 5520 Vide
3166 5465 3355 5518 Vitam
3412 5480 3447 5517 a
3497 5461 3754 5514 Brunone

2128 5535 2420 5606 Signiensi
2452 5535 2753 5606 scriptam.

2225 5608 2314 5681 29)
2357 5597 3040 5681 _Tgler6_ﬂuyi_us,hqui
3099 5621 3166 5664 ex
3219 5603 3525 5680 Apennino
3571 5597 3757 5656 monte

2135 5675 2323 5737 ﬂuens
2352 5679 2412 5737 in
2433 5675 2686 5735 Tiberim
2709 5675 3021 5736 delabitur.
