3964 6206
443 409 558 476 491

1819 415 1882 473 S.
1930 411 2078 473 LEO
2122 409 2200 471 IX
2245 402 2472 473 PAPA.

3741 408 3862 474 492

447 563 649 603 rumve
680 545 922 619 expendi
959 563 1122 614 usus,
1154 542 1256 602 sed
1288 550 1495 601 cuncta
1525 561 1847 617 pauperum
1880 544 2088 617 largie-
2119 549 2175 611 Α
2205 544 2346 600 stori
2380 544 2632 601 ecclesiae
2661 542 2843 616 gratis
2873 543 3250 622 concederet.
3299 544 3558 600 Incestas
3606 560 3863 601 consan-

449 637 626 693 batur
655 634 1120 692 necessitatibus.
1156 635 1310 692 Inter
1340 635 1558 690 multos
1608 651 1764 706 ergo,
1816 634 1915 705 qui
1967 635 2093 704 ejus

452 724 788 780 ambiebant
816 724 1186 796 praesentiam
1219 725 1488 792 invisere,
1522 741 1618 779 rex
1657 722 2094 778 Danamarchiae

452 813 565 884 (33)
597 811 923 868 transmisit
969 811 1053 867 illi
1103 829 1268 868 avem
1300 812 1612 885 psittacum
1644 812 1703 865 in
1736 827 1996 876 munere,
2035 810 2094 864 in

451 917 568 974 quo
595 900 862 974 quaedam
893 901 1089 958 divina
1119 902 1390 974 apparuit
1417 899 1963 973 gratia,admirabili
1995 899 2100 953 vir-

454 994 598 1047 tute.
631 990 906 1056 Quamvis
935 991 1091 1046 enim
1123 991 1390 1063 quaedam
1417 1007 1549 1046 aves
1570 990 1830 1044 humana
1850 989 2098 1043 formare

452 1080 628 1136 verba
657 1079 886 1136 discant
914 1078 1199 1151 magistra
1227 1078 1527 1145 fame,haec
1558 1083 1775 1145 tamen,
1802 1082 1867 1132 ut
1896 1077 2099 1141 fertur,

455 1166 616 1223 nullo
646 1171 1034 1239 cogente,toto
1067 1167 1273 1222 itinere
1303 1167 1445 1221 dum
1477 1167 1548 1221 ad
1580 1167 1862 1221 domuum
1888 1182 2099 1236 papam

454 1256 795 1324 deferretur,
828 1256 906 1310 Ad
930 1273 1136 1326 papam
1163 1255 1318 1321 vado,
1348 1255 1682 1318 recinebat;
1710 1261 1766 1308 et
1796 1258 2019 1320 mox,ut
2049 1254 2098 1306 ei

457 1350 548 1399 est
577 1349 945 1416 praesentata,
987 1344 1220 1398 nemine
1268 1344 1530 1410 docente,
1585 1358 1720 1397 voce
1775 1341 2100 1405 dulcisona,

453 1450 599 1504 papa
644 1435 746 1489 Leo
795 1432 1168 1488 inclamabat.
1221 1433 1279 1488 Si
1313 1433 1547 1503 quando
1578 1432 1753 1486 etiam
1787 1431 1877 1485 hic
1908 1438 2106 1502 pastor

455 1522 848 1590 venerandus,
883 1521 1232 1578 exteriorum
1264 1520 1645 1592 dispositione
1669 1520 1942 1588 lassatus,
1980 1535 2106 1574 sese

460 1611 520 1666 in
551 1615 772 1667 secreto
803 1609 1062 1666 conclavi
1094 1609 1503 1680 reciperet,aut
1533 1610 1676 1664 forte
1711 1608 1908 1663 nimiis
1947 1608 2106 1663 solli-

459 1699 743 1756 citudinis
771 1699 1053 1756 afflictum
1084 1700 1210 1770 ejus
1240 1698 1504 1754 animum
1546 1697 1742 1770 aliqua
1773 1697 2107 1752 mcestitudo

462 1792 733 1858 arctaret,
785 1787 906 1843 haec
956 1787 1077 1843 avis
1106 1787 1476 1858 aegritudinis
1506 1786 1665 1842 illius
1695 1785 1955 1842 levamen
1988 1787 2108 1842 fre-

462 1882 708 1949 quenter
755 1877 974 1941 aderat,
1024 1879 1083 1930 et
1127 1874 1409 1930 concinne
1457 1891 1523 1930 ac
1553 1875 1757 1940 recisc,
1790 1891 1941 1946 papa
1973 1875 2104 1942 Leo,

462 1980 764 2032 resonans,
798 1964 976 2019 robur
1008 1963 1223 2035 mentis
1255 1962 1338 2017 illi
1370 1963 1678 2019 excitabat.
1705 1963 1818 2018 Nec
1844 1963 2108 2018 videatur

462 2055 740 2127 cuiquam
772 2052 1228 2126 reprehensibile
1251 2052 1411 2108 hunc
1434 2053 1665 2122 justum
1698 2053 1756 2106 in
1791 2052 1882 2108 sui
1906 2069 2107 2108 conso-

464 2143 679 2199 latione
707 2141 886 2213 hujus
917 2141 1039 2197 avis
1061 2157 1237 2197 usum
1261 2142 1391 2197 mod
1403 2140 1818 2209 ulatione,cum
1844 2141 2110 2212 legamus

466 2233 704 2288 beatum
735 2231 1129 2302 Augustinum
1161 2247 1266 2302 pro
1295 2229 1449 2284 exitu
1472 2247 1592 2285 suae
1616 2230 1820 2285 matris
1841 2231 2109 2285 inconso-

466 2321 722 2378 labiliter
749 2318 1487 2386 lamentantem,musicam
1517 2318 1831 2373 melodiam
1864 2319 1933 2373 ad
1957 2318 2112 2374 leva-

470 2425 605 2464 men
619 2407 885 2463 mmroris
899 2407 1012 2461 sibi
1025 2406 1598 2474 adhibuisse,sanctu
1608 2423 1782 2477 mque
1796 2409 2112 2463 Antonium

469 2496 647 2569 rigori
678 2495 1005 2550 monastico
1030 2494 1462 2567 aliquantulum
1507 2495 1916 2551 oblectamenti
1960 2501 2113 2551 certo

468 2589 731 2657 tempore
761 2584 1138 2640 concessisse.

542 2675 831 2741 Quantam
852 2675 1051 2727 autem
1081 2671 1377 2728 solertiam
1408 2673 1467 2727 in
1489 2671 1775 2728 catholica
1803 2672 1926 2745 lege
1981 2691 2115 2729 con-

473 2762 758 2820 servanda.
787 2760 1207 2829 adhibuerit,in
1232 2761 1419 2833 primo
1439 2761 1698 2816 Romano
1720 2763 1963 2818 concilio
1981 2764 2115 2833 (34),

474 2851 632 2925 quod
679 2849 883 2906 multis
927 2849 1218 2922 episcopis
1267 2850 1702 2906 considentibus
1760 2851 1984 2919 habuit,
2020 2853 2116 2907 de-

476 2939 826 2998 monstravit
849 2956 863 3007 ;
898 2939 998 2994 ubi
1020 2943 1238 2994 statuta
1259 2943 1511 3010 quatuor
1532 2940 1885 3009 synodorum
1908 2940 2120 3012 princi-

477 3029 702 3103 palium
731 3028 859 3085 viva
885 3043 1023 3083 voce
1056 3027 1821 3099 corroboravit,decretaque
1852 3030 2118 3086 omnium

479 3120 916 3176 antecéssorum
966 3132 1208 3172 suorum
1254 3116 1596 3188 pontificum
1631 3117 1880 3172 tenenda
1909 3119 2119 3174 conﬁr-

479 3208 690 3276 mavit;
722 3207 1115 3262 Simoniacam
1144 3205 1322 3261 etiam
1344 3205 1613 3262 haeresim
1636 3206 1954 3275 damnavit,
1992 3225 2118 3279 qua:

2203 633 2551 703 guineorum
2585 632 2844 704 nuptias,
2878 633 2936 688 in
2986 632 3185 689 multis
3233 633 3393 688 orbis
3450 632 3721 705 partibus
3765 633 3862 690 in-

2205 721 2453 777 discrete
2476 722 2732 791 habitas,
2769 722 3026 788 discidit,
3060 721 3376 794 pluresque
3409 721 3700 778 nobilium
3751 721 3864 778 hoc

2207 810 2363 881 turpi
2413 811 2708 867 devinctos
2757 827 2903 865 nexu
2956 810 3265 882 separavit.
3312 809 3439 866 Alia
3468 827 3704 882 quoque
3736 828 3866 884 per-

2209 899 2379 970 plura
2406 915 2698 954 canonum
2730 898 2988 972 capitula
3017 899 3246 954 studuit
3276 916 3572 967 renovare,
3607 916 3756 971 quae,
3794 917 3867 956 ne

2207 988 2507 1042 fastidium
2539 990 2802 1060 gignant,
2835 988 2931 1043 hic
2963 987 3405 1058 supersedimus
3441 989 3709 1043 recitare.
3761 989 3868 1045 His

2208 1076 2426 1131 sanctis
2458 1077 2744 1132 insudans
2775 1077 3008 1144 studiis,
3039 1076 3344 1147 antiquam
3379 1077 3585 1148 repetit
3606 1077 3864 1149 patriam

2211 1166 2644 1238 suscipiturque
2701 1183 2734 1219 a
2791 1166 2968 1220 totius
3027 1166 3220 1237 gentis
3279 1165 3649 1222 nobilissimo
3682 1171 3866 1238 atque

2212 1253 2692 1308 reverendissimo
2728 1254 3162 1324 archiepiscopo
3197 1253 3552 1309 Herimanno
3577 1256 3734 1327 apud
3757 1255 3863 1310 Co-

2212 1342 2451 1396 leniam.
2498 1342 2678 1412 Cujus
2719 1343 2903 1413 petitu
2958 1344 3250 1398 concessit
3280 1344 3534 1398 domnus
3568 1361 3726 1416 papa
3756 1346 3864 1400 hoc

2215 1430 2582 1502 privilegium
2616 1432 2738 1486 sedi
2771 1430 3040 1486 Ecclesiae
3065 1431 3449 1501 Coloniensis,
3484 1437 3548 1487 ut
3578 1434 3650 1488 ad
3683 1434 3865 1490 altare

2215 1519 2402 1574 sancti
2425 1520 2598 1586 Petri,
2633 1525 2855 1591 septem
2889 1520 3225 1592 prezsbyteri
3247 1520 3576 1576 cardinales
3601 1523 3866 1593 quotidie

2215 1608 2481 1663 divinum
2513 1608 2870 1664 celebrarent
2899 1607 3156 1663 ofﬁcium
3192 1609 3252 1663 in
3283 1609 3586 1664 sandaliis.
3632 1611 3800 1666 Dedit
3815 1613 3866 1667 ei

2217 1713 2452 1768 quoque
2495 1696 2753 1752 ofﬁcium
2804 1697 3133 1752 cancellarii
3183 1698 3294 1768 (36)
3340 1704 3554 1755 sancta
3589 1699 3867 1757 Romanae

2218 1785 2646 1857 sedis,ejusque
2676 1785 3411 1854 successoribus,tribuens
3441 1785 3526 1842 illi
3558 1788 3866 1846 ecclesiam

2219 1875 2406 1929 sancti
2436 1874 2680 1929 Joannis
2711 1880 2844 1930 ante
2876 1880 3104 1946 portam
3135 1875 3427 1932 Latinam.

2287 1964 2433 2018 Hinc
2494 1962 2772 2017 invitatur
2828 1965 2900 2019 ab
2957 1964 3260 2020 Herimaro
3311 1965 3519 2022 abbate
3548 1968 3868 2024 venerandi

2218 2051 2465 2107 cmnobii
2514 2052 2708 2107 Sancti
2758 2052 3030 2124 Remigii,
3081 2053 3396 2109 Remorum
3440 2056 3758 2126 pontiﬁcis,
3793 2058 3872 2112 ad

2219 2141 2672 2196 consecrandam
2707 2141 2818 2211 (37)
2850 2141 3156 2197 ecclesiam
3176 2142 3234 2196 in
3256 2143 3376 2212 ejus
3397 2143 3612 2198 honore
3632 2149 3873 2199 restru-

2220 2235 2375 2285 ctam
2405 2248 2417 2295 ;
2451 2229 2550 2284 ubi
2585 2247 2696 2284 non
2729 2235 2818 2284 est
2851 2230 3011 2285 dictu
3044 2229 3212 2286 facile
3244 2235 3462 2302 quanta
3491 2229 3816 2288 multitudo
3837 2252 3876 2289 a

2222 2319 2439 2373 ﬁnibus
2471 2323 2654 2384 terrae,
2690 2319 3104 2390 Hispanorum,
3139 2319 3576 2386 Britannorum,
3616 2321 3874 2378 Franco-

2223 2425 2375 2474 rum,
2408 2409 2735 2475 Scotorum,
2777 2407 3096 2479 Anglorum
3128 2408 3426 2464 advenerit
3463 2410 3589 2480 ejus
3624 2411 3874 2468 invisere

2224 2495 2684 2568 prassentiamJn
2719 2512 2834 2567 qua
2863 2497 3169 2568 prasentia
3197 2497 3386 2552 adfuit
3414 2499 3590 2554 etiam
3613 2516 3726 2555 non
3750 2517 3876 2556 mo-

2225 2586 2391 2640 dicus
2413 2590 2594 2640 coetus
2626 2585 2990 2655 pontiﬁcum,
3023 2602 3157 2640 cum
3197 2586 3414 2656 quibus
3439 2587 3672 2643 advenit
3702 2605 3876 2646 vene-

2225 2675 2446 2729 randus
2477 2673 3092 2745 Chrysopolitanorum
3125 2676 3210 2744 [22,
3265 2675 3630 2747 Bisuntinus}
3679 2677 3875 2732 archi-

2225 2762 2438 2835 praasul
2496 2767 2682 2833 Hugo,
2744 2767 2855 2816 Deo
2913 2767 2971 2818 et
3028 2762 3367 2818 hominibus
3417 2765 3708 2837 amabilis,
3753 2783 3879 2838 prae

2226 2851 2452 2908 cunctis
2497 2852 2771 2922 jucunda:
2803 2851 3144 2923 eloquentiae
3176 2857 3233 2907 et
3261 2853 3661 2922 atl'abilitatis;
3693 2856 3788 2910 cui
3810 2857 3876 2912 in

2229 2942 2605 2997 restituendis
2653 2959 2770 2995 suae
2820 2941 2994 2994 rebus
3040 2938 3293 2995 ecclesiae
3343 2958 3515 2998 nemo
3545 2943 3879 3015 praedeces-

2229 3047 2429 3085 sorum
2462 3035 2562 3083 aut
2593 3045 3002 3084 successorum
3033 3033 3122 3083 est
3141 3031 3596 3101 comparandus,
3653 3032 3711 3087 in
3761 3049 3882 3105 quo

2229 3118 2443 3173 Christi
2475 3123 2614 3172 tunc
2641 3115 2910 3188 apparuit
2940 3117 3122 3171 virtus
3153 3117 3541 3175 admirabilis.
3577 3120 3726 3177 Nam
3749 3122 3884 3195 glo-

2232 3207 2424 3262 riosus
2482 3204 2856 3277 apostolicus,
2915 3204 3134 3260 ibidem
3191 3205 3392 3262 habito
3461 3208 3884 3282 episcoporum

469 3298 598 3370 jam
621 3293 936 3352 nonnullas
965 3293 1170 3350 mundi
1199 3297 1395 3365 partes
1425 3295 1797 3359 invaserat,et
1827 3295 1884 3350 in
1914 3277 2117 3353 eodem
2149 3277 2191 3344 (ἶ
2231 3295 2497 3364 concilio,
2531 3295 2817 3367 quosdam
2849 3294 3181 3350 Simoniaca
3207 3294 3451 3351 infectos
3499 3277 3710 3354 haresi
3776 3300 3886 3356 de-

477 3385 722 3443 concilio
743 3385 1031 3456 quosdam
1045 3383 1320 3455 deposuit
1337 3382 1818 3455 episcopos,quos
1847 3385 2122 3455 praedicta

476 3475 716 3532 haeresis
769 3489 928 3530 naevo
967 3490 1084 3529 suae
1133 3470 1402 3542 nequitia:
1453 3471 1860 3527 maculaverat.
1912 3473 1974 3527 In
2005 3490 2120 3544 quo

475 3563 718 3621 concilio
748 3562 890 3634 quid
921 3560 1251 3632 contigerit,
1286 3576 1399 3615 non
1433 3559 1701 3631 congruit
1731 3561 1991 3627 reticere,
2021 3563 2120 3618 ubi

473 3651 742 3709 Christus
770 3651 1177 3708 auctoritatem
1209 3650 1336 3720 ejus
1380 3665 1488 3703 sua
1509 3648 1785 3718 dignatus
1815 3654 1906 3705 est
1932 3653 2120 3723 gratia

472 3740 918 3798 roborare.Nam
941 3739 1255 3811 episcopus
1277 3738 1388 3808 (35)
1404 3737 1474 3792 de
1486 3736 1680 3792 Sutrio
1695 3754 1827 3793 rcus
1851 3739 2117 3808 ejusdem

472 3831 656 3904 culpae
687 3833 1017 3894 accusatus,
1047 3826 1232 3882 voluit
1258 3826 1476 3896 injuste
1503 3843 1564 3881 se
1607 3843 1901 3895 excusare,
1954 3829 2118 3886 falsis

471 3918 716 3992 prolatis
744 3917 1031 3983 testibus;
1093 3915 1216 3982 sed,
1278 3918 1621 3986 peracturus
1668 3916 2114 3987 jusjurandum,

471 4012 708 4080 repente
753 4009 843 4062 est
890 4003 1173 4060 divinitus
1221 4001 1548 4075 perculsus,
1579 4008 1656 4071 et,
1701 4003 1853 4059 inter
1904 4023 2117 4064 manus

470 4099 807 4169 exportatus
838 4110 955 4149 non
986 4093 1160 4164 longo
1192 4100 1322 4163 post
1355 4098 1612 4163 tempore
1633 4091 1906 4148 humanis
1940 4096 2115 4152 rebus

469 4190 561 4242 est
599 4180 1166 4254 exemptus.Cunctis
1197 4180 1306 4236 hoc
1347 4181 1723 4237 audientibus
1773 4183 1994 4239 nimius
2025 4185 2112 4240 in-

470 4273 692 4328 cutitur
719 4271 993 4339 timor,ne
1024 4284 1200 4340 quem
1231 4269 1291 4324 in
1321 4269 1448 4340 ejus
1470 4272 1779 4342 praesentia
1801 4272 1872 4326 ad
1896 4271 2112 4329 falsum

460 4359 757 4433 judicium
787 4358 1084 4414 humanus
1115 4357 1438 4430 impelleret
1464 4360 1945 4431 pudor.Decimas
1976 4379 2115 4433 quo-

469 4464 580 4520 que
636 4465 670 4504 a
724 4447 950 4502 cunctis
1006 4447 1230 4503 dandas
1284 4447 1652 4517 Christianis,
1707 4466 1955 4521 quarum
2008 4468 2112 4507 nec

467 4537 687 4594 mentio
739 4540 862 4591 erat
908 4537 1062 4608 apud
1111 4535 1385 4609 Apuliam
1419 4540 1476 4591 et
1505 4553 1605 4606 per
1634 4539 1918 4608 quosdam
1951 4540 2109 4596 orbis

2232 3385 2427 3457 posuit
2456 3385 2527 3440 ab
2561 3384 2777 3454 injuste
2807 3388 3076 3454 suscepto
3103 3383 3314 3438 ofﬁcio.
3351 3386 3506 3440 inter
3527 3402 3677 3457 quos
3707 3391 3886 3460 Hugo

2232 3473 2617 3546 Lingonensis
2643 3471 2971 3543 episcopus,
2996 3470 3198 3527 multis
3229 3488 3294 3528 ac
3317 3472 3697 3531 horribilibus
3725 3476 3888 3533 infa-

2230 3568 2424 3618 matus
2481 3561 2970 3628 accusationibus,
3017 3564 3105 3616 est
3141 3565 3380 3617 vocatus
3413 3561 3487 3617 ad
3518 3564 3886 3622 reddendam

2228 3652 2534 3707 rationem.
2567 3650 2790 3720 Quique
2811 3649 3153 3721 praedictum
3200 3649 3677 3722 archiprwsulem
3704 3653 3889 3727 Chry-

2228 3740 2710 3812 sopolitanorum,
2747 3743 2944 3810 utpote
2972 3737 3670 3810 elaquentissimum,sibi
3700 3760 3886 3815 expe—

2227 3829 2321 3885 tiit
2349 3829 2713 3885 causidicum
2747 3845 2809 3883 ac
2840 3825 3414 3898 praelocutoremliic
3438 3829 3622 3901 igitur
3643 3836 3887 3889 coactus

2227 3935 2262 3973 a
2286 3918 2523 3973 domino
2557 3916 2894 3989 apostolico,
2928 3913 3084 3971 illius
3115 3917 3373 3988 suscepit
3403 3935 3640 3975 causam
3680 3921 3890 3977 dicen-

2226 4007 2493 4073 dam,sed
2526 4014 2760 4077 repente
2787 4005 3084 4060 obmutuit
3104 4010 3239 4061 ante
3261 4012 3606 4063 cunctorum
3631 4026 3890 4081 prasen-

2224 4097 2392 4164 tiam,
2425 4101 2487 4150 ut
2516 4096 2771 4166 profecto
2803 4098 3124 4165 patesceret
3159 4094 3344 4151 Deum
3398 4097 3662 4153 noluisse
3715 4098 3892 4156 falsis

2223 4183 2702 4241 excusationibus
2733 4199 2999 4238 verorum
3026 4184 3340 4240 criminum
3383 4186 3531 4241 tanti
3582 4187 3891 4258 pontiﬁcis

2221 4273 2517 4345 inquinari
2549 4272 2828 4344 linguam.
2865 4271 3248 4343 Lingonensis
3297 4273 3479 4346 igitur
3522 4277 3714 4348 Hugo,
3767 4276 3889 4333 hoc

2223 4359 2504 4417 miraculo
2534 4361 2864 4429 exterritus,
2898 4365 3096 4428 noctu,
3119 4361 3416 4432 judicium
3471 4363 3705 4420 concilii
3754 4383 3888 4422 me-

2221 4457 2414 4518 tuens,
2448 4449 2694 4521 aufugit.
2731 4449 2794 4503 In
2825 4449 3149 4505 crastinum
3181 4467 3313 4506 vero
3346 4452 3405 4506 in
3439 4453 3664 4523 synodo
3716 4453 3887 4510 idem

2219 4539 2527 4612 episcopus
2559 4538 2900 4610 requisitus,
2933 4543 2991 4594 et
3017 4555 3133 4593 non
3167 4539 3372 4596 adesse
3402 4547 3692 4613 repertus,
3726 4542 3892 4600 lecta

466 4626 636 4692 ﬁnes,
668 4624 926 4682 ecclesiis
958 4625 1254 4690 restituit;
1285 4624 1647 4680 venditiones
1680 4625 1952 4682 altarium
1999 4630 2109 4684 sub
2141 4646 2187 4710 Ι)
2220 4627 2527 4696 sententia,
2561 4627 2732 4683 tertio
2763 4632 3001 4683 vocatus
3031 4632 3121 4683 est
3149 4630 3322 4700 [Rem
3356 4629 3503 4697 ade.,
3537 4636 3596 4685 et
3646 4648 3893 4688 excom-

465 4714 836 4771 anathemate
865 4713 1169 4787 prohibuit
1195 4731 1208 4781 ;
1243 4714 1344 4769 sed
1379 4713 1681 4769 constituit
1711 4719 1776 4769 ut
1804 4721 1997 4786 partes
2019 4717 2113 4773 de-

463 4805 752 4861 cimarum
785 4805 857 4860 ad
889 4803 1231 4875 episcopum
1280 4801 1658 4874 pertinentes,
1710 4809 1813 4859 aut
1861 4806 2111 4878 quisque

461 4894 672 4967 praesul
704 4893 817 4950 sibi
847 4895 1198 4956 teneret,aut
1226 4891 1576 4962 cuicumque
1606 4892 1778 4948 vellet
1806 4894 2107 4964 tribueret;

459 4989 687 5057 partem
737 4985 933 5037 autem
991 4979 1062 5036 ad
1108 4977 1288 5035 altare
1317 4981 1703 5052 pertinentem
1738 4984 1969 5056 proprio
2002 5001 2110 5056 pa-

531 5126 662 5198 (33)A
688 5123 915 5198 Codex;
931 5122 1282 5198 Remigium,
1345 5124 1716 5198 Qalmarcz’w;
1752 5126 1854 5198 cod
1887 5131 1942 5180 Β.
1981 5127 2104 5181 Ma-

458 5193 665 5253 ximini
696 5196 850 5268 apud
883 5193 1157 5268 Bolland,
1185 5198 1250 5249 ut
1279 5198 1336 5268 et
1362 5195 1619 5251 Joannes
1650 5197 1721 5251 de
1753 5197 1964 5268 Bayon,
1985 5199 2107 5252 Dal-

455 5272 641 5325 matiae
668 5285 682 5335 ;
717 5266 867 5322 alius
898 5267 1025 5322 cod.
1058 5266 1417 5321 Dalmachiw.

527 5341 641 5422 (34)
669 5338 755 5422 De
779 5338 956 5409 hujus
983 5336 1460 5422 synodi‘decre't'is
1480 5337 1814 5422 agitPetrus
1836 5338 2104 5422 Damiani

457 5406 797 5482 in'epistola
825 5406 927 5465 seu
953 5406 1243 5479 opusculo
1275 5408 1345 5461 ad
1374 5406 1682 5463 Henricum
1709 5408 2102 5464 Ravennatem

456 5481 982 5551 archiepiscOpum.

529 5546 838 5620 (35)—Hunc
871 5550 1128 5620 Kilinum
1160 5546 1412 5620 appellat
1432 5549 1859 5620 Ferdinandns
1886 5547 2101 5620 Ughel-

458 5617 766 5746 ἓιὲὒξοωο
796 5620 818 5676 I
846 5619 1026 5677 Italia
1057 5617 1266 5690 Sacrae,
1293 5618 1394 5676 ubi
1415 5617 1486 5676 de
1517 5619 1808 5693 episcopis
1840 5617 2102 5679 Sutrien-

454 5702 643 5748 θωυθ.

2221 4717 2599 4785 municatus].
2630 4716 2792 4770 Tunc
2823 4714 3299 4772 Vcsontionensis
3331 4717 3647 4790 episcopus
3674 4737 3887 4778 sums-

2219 4807 2321 4874 xit,
2345 4811 2401 4862 et
2430 4804 2721 4876 quomodo
2753 4805 3023 4859 eumdem
3055 4821 3221 4860 reum
3253 4810 3498 4862 conatus
3541 4807 3886 4875 defendam,

2216 4895 2797 4961 obmutuerit,coram
2829 4893 3102 4949 omnibus
3125 4893 3413 4964 patefecit.
3435 4896 3601 4960 Quod
3623 4896 3886 4953 audiens

2217 4984 2470 5039 domnus
2505 4998 2674 5054 uapa,
2707 4980 2815 5037 hoc
2847 4981 3200 5038 miraculum
3233 4983 3464 5039 meritis
3492 4985 3649 5041 beati
3683 4985 3880 5042 Remi-

2285 5126 2399 5195 (36)
2439 5125 2807 5179 Ilcrmannus
2829 5124 3324 5180 archicancellarii
3357 5142 3603 5182 munere
3633 5129 3883 5184 functus

2214 5196 2428 5268 legitur
2456 5198 2513 5250 in
2547 5196 2794 5268 epistola
2822 5196 2974 5250 beati
3009 5198 3214 5252 Leonis
3246 5199 3316 5252 ad
3355 5198 3647 5253 Joannem
3684 5200 3880 5255 Saler-

2214 5270 2506 5340 nitanum,
2566 5284 2692 5338 quas
2753 5268 2890 5321 data
2949 5268 3176 5340 dicitur
3217 5285 3323 5340 per
3364 5285 3635 5340 manum
3673 5271 3878 5325 Fride-

2213 5337 2315 5412 ric‘i
2350 5380 2362 5393 .
2444 5379 2457 5392 .
2698 5377 2744 5412 _.
2777 5343 2833 5392 et
2862 5338 3181 5412 Hermanni
3212 5337 3643 5412 archiepiscopi
3668 5349 3726 5397 et
3779 5359 3881 5397 ar-

2212 5407 2661 5532 ﬁhilpgncellarii.
2698 5409 2882 5463 Extat.
2914 5413 3057 5464 tom.
3085 5410 3155 5464 IX
3174 5407 3882 5469 Concilidrumeditionis

2259 5494 2292 5532 a
2376 5495 2553 5532 canae.

2259 5494 2553 5534 8.0088113}.

2282 5549 2394 5626 (37)
2425 5549 2611 5626 Hujus
2641 5548 3027 5626 dedicationis
3055 5551 3363 5608 historiam
3395 5553 3673 5626 superius
3706 5555 3878 5612 exhi-

2209 5617 2448 5676 buimus
2478 5617 2551 5678 ad
2581 5635 2802 5678 annum
2839 5622 2994 5691 1049,
3029 5639 3144 5698 quo
3175 5630 3413 5698 peracta
3444 5617 3556 5683 est.
