3964 6206
97 325 223 386 493

1050 317 1385 381 PROLEG.
1418 350 1497 368 -
1524 321 1707 383 VlTA
1756 322 1822 383 S.
1869 324 2180 386 LEONIS.
2214 356 2291 371 —
2319 325 2467 386 LIB.
2515 326 2592 386 II.

3402 328 3521 391 494

99 458 183 532 gii
210 454 515 530 ascripsit,
545 457 604 509 et
634 468 769 508 cum
792 450 1069 507 omnibus
1090 451 1192 523 qui
1224 451 1467 506 aderant
1496 468 1764 523 surgens,
1794 455 1850 521 Α
1880 454 2107 525 plebem
2126 457 2197 510 de
2228 472 2334 510 sua
2351 456 2578 511 diutina
2596 456 2863 511 absentia
2878 461 3149 513 mmstam
3172 458 3517 528 laztificavit;

100 549 334 622 gratias
382 549 517 607 Deo,
571 542 711 597 inde
766 541 985 595 domno
1047 543 1250 595 sancto
1309 540 1573 612 Remigio
1631 559 1761 597 cum

99 652 325 709 magno
359 632 671 706 psallentio
705 628 1370 685 reddidit.Postmodum
1396 632 1587 684 tamen
1620 648 1762 701 pra:-

96 727 264 781 {atus
324 723 632 796 episcopus
685 717 1099 791 Liugonensis,
1132 716 1324 771 divino
1372 720 1765 775 commonitus

96 811 488 876 instinctu,ad
526 810 813 864 domuum
850 806 1024 861 rediit
1055 822 1289 877 papam,
1315 810 1370 860 et
1400 822 1533 861 cum
1560 806 1761 878 ingen-

91 904 259 958 tibus
289 898 571 971 lacrymis
602 895 838 970 publice
875 893 1124 950 crimina
1156 894 1483 964 confessus,
1525 900 1762 967 sponta-

94 1008 273 1047 neam
304 986 571 1059 suscepit
600 983 1031 1057 paenitentiam,
1066 986 1123 1037 et
1155 982 1398 1037 Romam
1440 984 1613 1039 nudis
1658 1002 1763 1040 va-

92 1082 244 1136 dens
275 1078 557 1152 pedibus,
591 1075 662 1131 ab
703 1074 908 1129 eodem
941 1075 1142 1128 nostro
1194 1071 1288 1143 pio
1346 1076 1576 1143 pastore
1629 1091 1760 1145 pro-

92 1169 318 1225 meruit
350 1164 808 1223 absolutionem.
843 1163 912 1216 Et
942 1161 1002 1216 in
1038 1160 1353 1229 redeundo,
1387 1161 1563 1216 nimis
1623 1164 1761 1218 atl‘e-

88 1264 227 1314 ct‘us
273 1254 522 1328 jejuniis
572 1252 952 1324 corporisque
1004 1249 1417 1316 maceratione,
1484 1251 1540 1305 in
1609 1251 1762 1307 bona

88 1344 538 1419 perseverantia
558 1342 737 1397 vitam
771 1338 1007 1410 reliquit
1036 1345 1380 1410 praesentem
1402 1341 1532 1411 (38).

164 1436 235 1488 V.
304 1432 612 1488 Concilium
684 1429 1001 1499 Magunliae.
1062 1431 1166 1483 Leo
1206 1429 1397 1498 Augixe
1457 1428 1759 1484 daemonia-

83 1541 217 1579 cum
243 1523 466 1578 liberal.
500 1551 570 1560 —
604 1518 742 1573 Inde
773 1532 878 1589 per
925 1517 1138 1571 urbum
1190 1517 1756 1573 Mediomatricorum

87 1627 389 1679 remeans,
424 1608 613 1681 petitu
647 1604 997 1661 venerabilis
1026 1605 1257 1659 abbatis
1279 1606 1540 1673 Guarini,
1564 1623 1761 1662 conse-

87 1698 531 1757 cravitibidem
564 1694 750 1751 sancti
801 1693 1099 1765 pontiﬁcis
1146 1694 1370 1749 Arnulfi
1429 1694 1756 1762 basilicam,

84 1790 324 1860 ibique,
358 1788 630 1842 exoratus
656 1800 689 1838 a
715 1783 929 1838 domno
962 1781 1244 1854 Sigifrido
1284 1783 1396 1854 (49)
1459 1782 1755 1841 Gorziensi

92 1878 346 1945 abbate,
389 1872 793 1946 composuitin
824 1872 1194 1927 veneratione
1222 1870 1457 1944 gloriosi
1490 1873 1760 1944 martyris

91 1963 387 2037 Gorgouii
412 1961 842 2018 nocturnalium
865 1959 1368 2032 responsoriorum
1393 1960 1756 2018 dulcisouam

88 2050 602 2109 melodiam.Hinc
619 2046 887 2122 generale
907 2049 1060 2120 apud
1074 2048 1431 2120 Maguntiam
1445 2049 1758 2106 concilium

90 2142 327 2206 habuit,
362 2141 422 2195 in
459 2156 576 2212 quo
608 2136 904 2210 Spirensis
938 2136 1153 2209 praesul
1194 2137 1431 2193 Sibicho
1478 2139 1610 2210 (40),
1645 2140 1756 2194 cri-

84 2230 297 2287 minali
321 2233 486 2286 reatu
516 2226 1041 2296 accusatus,voluit
1073 2242 1134 2282 se
1156 2243 1478 2299 expurgare
1504 2229 1753 2285 terrifico

87 2323 479 2376 sacramento
537 2316 828 2373 Dominici
886 2314 1184 2387 corporis;
1237 2317 1359 2384 sed,
1420 2321 1485 2371 ut
1554 2318 1751 2385 fertur,

81 2408 338 2465 maxilla
374 2409 516 2479 'ejus
573 2405 793 2461 mansit
862 2408 1125 2460 contorta
1182 2405 1453 2477 paralysi,
1488 2408 1749 2478 quandiu

82 2496 405 2571 prmsentis
432 2496 557 2550 vita:
588 2494 846 2566 spatium
881 2494 1065 2549 duxit.
1100 2495 1261 2559 Quod
1293 2495 1421 2550 ideo
1470 2495 1564 2551 hic
1623 2498 1750 2552 bre-

80 2589 237 2643 viter
284 2584 442 2642 volui
498 2585 803 2649 adnotare,
860 2587 926 2638 ut
974 2582 1355 2639 audientibus
1396 2584 1497 2639 ﬁat
1545 2590 1748 2641 notum

79 2692 268 2748 quam
302 2671 580 2729 horribile
620 2673 699 2728 sit
742 2671 923 2728 etiam
980 2688 1189 2727 secura
1243 2673 1600 2729 conscientia
1647 2675 1751 2730 hu-

72 2764 360 2835 jusmodi
386 2762 683 2835 judicium
717 2762 897 2826 adire,
938 2777 1104 2817 sacra
1160 2761 1386 2817 dicente
1413 2761 1708 2833 Scriptura
1736 2781 1748 2818 :

76 2852 429 2909 Horrendum
457 2861 537 2907 est
576 2849 825 2905 incidere
854 2852 916 2905 in
943 2866 1140 2904 manus
1170 2851 1267 2905 Dei
1296 2852 1525 2906 virentis
1565 2853 1744 2921 (Ilebr.

76 2961 133 3009 x,
166 2943 287 3012 31).
312 2942 562 2997 Demum
596 2940 851 2996 domnus
885 2955 1040 3011 papa
1073 2940 1230 3010 apud
1274 2940 1522 3012 Augiam
1545 2942 1656 3012 (41)
1688 2942 1745 2996 in

72 3034 304 3088 honore
369 3030 610 3085 vivificae
661 3028 856 3085 crucis
913 3026 1221 3084 ecclesiam
1282 3028 1593 3097 dedicavit,
1646 3029 1743 3085 ubi

72 3122 281 3177 divina
310 3120 498 3193 pietas
531 3119 589 3174 iu
617 3117 851 3191 proprio
874 3116 1094 3173 famulo
1124 3135 1289 3174 suam
1322 3118 1569 3190 gratiam
1585 3119 1744 3174 miri-

76 3212 187 3268 tice
219 3208 660 3267 ostendit.Nam
695 3206 848 3262 inter
878 3223 1043 3262 sacra
1086 3207 1403 3263 missarum
1456 3207 1741 3265 solemnia
1770 3198 1813 3266 C

78 3300 306 3357 ibidem
336 3297 655 3355 adducitur
682 3296 901 3353 catenis
934 3313 1118 3353 nexus
1151 3298 1235 3352 dae
1253 3297 1577 3366 moniacus,
1638 3299 1740 3371 qui

74 3391 173 3445 vix
251 3406 288 3446 a
344 3385 733 3444 multitudine
790 3389 1019 3458 poterat
1073 3387 1376 3457 coarctari,
1436 3387 1742 3461 alienaque

84 3478 373 3536 violentia
416 3492 752 3551 possessus,
785 3475 1107 3532 horrendos
1136 3476 1409 3533 emittens
1438 3478 1739 3547 stridores,

86 3569 404 3635 clamores,
428 3571 608 3640 atque
633 3564 919 3633 fremitus,
942 3565 1340 3638 hymnidicam
1372 3567 1551 3623 totius
1605 3568 1741 3623 cleri

86 3657 469 3714 harmoniam
510 3655 638 3714 suis
693 3656 839 3711 diris
883 3655 1187 3711 evincebat
1234 3656 1495 3711 vocibus.
1545 3659 1745 3730 Itaque

86 3746 322 3803 Christi
355 3763 553 3802 servus
575 3762 808 3802 sacrum
848 3743 1210 3818 iuccepturus
1266 3762 1571 3813 canonem,
1628 3765 1743 3804 non

83 3836 303 3893 valens
334 3834 675 3906 hujusmodi
705 3834 824 3907 pati
864 3833 1355 3906 inquietudinem,
1416 3839 1616 3909 utpote
1672 3839 1742 3893 ad

84 3931 279 3983 Deum
309 3928 495 3981 totam
523 3924 853 3980 directurus
876 3928 1206 3991 mentem,a
1224 3923 1395 3998 longe
1418 3926 1585 3999 signo
1617 3944 1747 3982 cru-

85 4017 171 4072 cis
203 4014 387 4083 edito,
411 4030 593 4071 manu
631 4012 839 4069 indixit
869 4012 1211 4069 silentium:
1262 4018 1320 4070 et
1365 4015 1538 4071 citius
1595 4015 1747 4072 dicto

88 4104 391 4161 obmutuit
414 4102 798 4173 daemonium,
832 4106 889 4158 et
931 4102 1130 4171 homo,
1188 4103 1440 4162 vinculis
1496 4105 1745 4175 solutus,

89 4210 297 4267 sospes
327 4194 562 4250 cunctis
595 4191 1030 4269 admirantibus
1060 4192 1299 4249 domum
1331 4194 1627 4267 propriam
1660 4211 1747 4251 re-

89 4284 349 4355 pedavit.

160 4374 260 4427 Vl.
298 4375 521 4428 Romam
555 4386 824 4425 reversus.
866 4370 1144 4442 Scyphum
1197 4374 1440 4444 fractum
1486 4374 1746 4430 restituit.

92 4464 151 4518 In
184 4462 452 4535 Apuliam
483 4460 653 4516 vadit.
689 4460 965 4516 Clinicam
994 4469 1172 4517 sanat.
1207 4461 1512 4519 Concilium
1548 4463 1747 4537 Sipon-

1876 543 1972 597 ubi
2003 561 2257 616 superna
2284 544 2471 616 gratia
2494 545 2621 614 ejus
2644 545 2910 601 mirabile
2932 547 3208 603 meritum
3240 548 3518 604 omnibus

1875 632 2209 702 publicavit.
2245 634 2546 704 Siquidem
2581 634 2890 705 prmdictus
2948 636 3289 693 Herimarus
3338 637 3521 695 abbas

1874 722 2119 775 ccenobii
2166 723 2351 777 sancti
2412 722 2658 795 Remigii
2709 723 3025 779 Remorum
3084 726 3408 797 pontificis,
3468 726 3520 782 ei

1874 810 2188 880 quemdam
2210 810 2496 881 scyphum
2522 810 2757 882 pretiosi
2780 813 3025 868 mazeris
3050 815 3159 885 (42)
3185 815 3257 869 ob
3289 814 3381 870 sui
3404 828 3522 870 me-

1874 899 2120 953 moriam
2156 899 2468 967 obtulerat,
2490 915 2663 971 quem
2695 900 2783 954 vir
2814 905 3053 958 sanctus
3077 920 3179 975 pro
3237 903 3521 960 charitate

1873 988 1984 1042 dan
1996 988 2071 1043 tis
2088 988 2145 1043 in
2166 988 2435 1060 proprios
2460 1006 2602 1043 usus
2624 990 2734 1043 sibi
2758 992 2971 1045 servari
2996 992 3518 1049 constituerat.Sed

1873 1077 2128 1147 quadam
2151 1077 2273 1132 vice
2305 1078 2592 1144 minister,
2625 1079 2672 1133 ei
2708 1082 2910 1150 potum
2943 1080 3275 1150 daturus,in
3300 1082 3518 1138 multas

1871 1170 2065 1237 partes
2098 1182 2234 1221 casu
2260 1167 2620 1222 confractum
2654 1172 2964 1239 repererat.
2991 1170 3171 1241 Cujus
3202 1170 3518 1243 particulas

1870 1253 2089 1308 electus
2126 1255 2354 1309 Domini
2382 1273 2731 1327 quocunque
2754 1262 2919 1312 erant
2947 1258 3056 1312 sibi
3084 1259 3294 1314 deferri
3313 1275 3521 1331 praece-

1870 1343 1954 1414 pit
1983 1348 2037 1398 et
2070 1342 2218 1397 nihil
2250 1343 2364 1399 tale
2397 1348 2659 1399 futurum
2705 1346 3060 1416 suspicatus,
3106 1352 3348 1404 cunctas
3408 1364 3515 1403 suo

1869 1430 1995 1486 loco
2027 1432 2197 1502 quasi
2232 1432 2569 1488 delectando
2594 1435 3329 1507 reposuit,astantibusque
3359 1436 3517 1491 laeta-

1870 1521 2105 1575 bundus
2124 1520 2304 1575 dixit:
2332 1522 2545 1577 Potens
2577 1528 2665 1576 est
2690 1522 3116 1594 Omnipotentis
3148 1524 3428 1595 majestas
3456 1524 3517 1579 in

1870 1608 2177 1679 pristinam
2228 1609 2624 1681 integritatem
2675 1611 2782 1666 has
2838 1612 3142 1667 restituere
3201 1613 3513 1669 fracturus.

1869 1699 1992 1762 Quo
2029 1698 2478 1768 dicto,protinus
2511 1698 2881 1754 consolidata':
2922 1705 3061 1756 sunt
3090 1705 3305 1774 partes,
3337 1702 3417 1757 ita
3446 1705 3514 1758 ut

1869 1787 1941 1840 ad
1973 1785 2314 1841 memoriam
2349 1787 2481 1841 facti
2514 1788 2751 1859 signum
2784 1789 3049 1844 fractura:
3080 1791 3152 1844 ad
3185 1790 3373 1846 instar
3402 1790 3515 1847 sub

1870 1874 2128 1931 tilissimi
2154 1873 2349 1945 capilli
2371 1874 2831 1947 circumquaque
2852 1883 3156 1949 appareret
3179 1904 3193 1947 ;
3227 1878 3513 1952 sed,quod

1869 1965 2058 2036 magis
2090 1964 2307 2020 mirum
2341 1969 2486 2031 erat,
2525 1964 2605 2019 nil
2639 1965 2793 2020 intra
2821 1966 2996 2037 positi
3034 1967 3280 2038 liquoris
3309 1968 3510 2023 efﬂue-

1866 2058 1972 2109 ret.
2009 2054 2196 2124 llujus
2218 2051 2299 2107 rei
2332 2054 2497 2108 adest
2538 2052 2706 2109 testis
2763 2070 3079 2125 congruus,
3141 2056 3512 2111 venerandus

1865 2142 2030 2215 Hugo
2052 2142 2178 2213 jam
2211 2142 2403 2197 dictus
2433 2141 2856 2214 Chrysopoleos
2889 2143 3386 2216 archiepiscopus,
3410 2143 3511 2216 qui

1864 2248 1997 2286 cum
2030 2231 2301 2304 lacrymis
2334 2248 2395 2286 se
2425 2235 2771 2302 prmscutcm
2814 2232 3077 2289 adfuisse
3126 2236 3395 2301 testatur,
3453 2237 3510 2289 et

1862 2322 2064 2376 devoto
2088 2322 2239 2376 furto
2262 2337 2324 2375 se
2342 2320 2485 2374 illud
2519 2337 2621 2375 vas
2642 2324 2844 2376 sancto
2872 2320 2994 2375 viro
3014 2321 3330 2378 abstulisse
3349 2321 3507 2377 laeta-

1862 2415 1976 2465 tur.
2010 2412 2252 2482 Semper
2282 2413 2474 2463 autem
2523 2425 2747 2464 memor
2776 2409 2953 2465 officii
2986 2409 3095 2465 sibi
3129 2428 3163 2465 a
3203 2411 3319 2466 Deo
3348 2427 3507 2466 com-

1861 2499 2048 2566 missi,
2082 2504 2147 2553 ut
2179 2522 2203 2547 ‹‹
2242 2498 2430 2553 tidclis
2462 2515 2665 2553 servus
2694 2503 2750 2553 et
2809 2499 3069 2570 prudens
3129 2499 3187 2553 iu
3245 2503 3510 2572 tempore

1859 2588 2207 2660 dispensans
2262 2604 2540 2643 mensura
2598 2588 2794 2654 tritici,
2835 2610 2862 2637 ››
2896 2588 3007 2643 iter
3063 2588 3322 2661 sumpsit
3376 2604 3510 2660 per-

1859 2684 2171 2751 agraturus
2204 2679 2349 2733 fines
2380 2676 2623 2749 Apulizu,
2656 2681 2721 2731 ut
2756 2677 3151 2733 Christianam
3212 2681 3510 2749 repararet

1858 2767 2221 2839 religionem,
2252 2784 2376 2839 quae
2408 2766 2625 2821 ibidem
2646 2765 2956 2822 videbatur
2985 2783 3133 2839 pene
3187 2767 3505 2839 deperisse,

1856 2856 2398 2928 maximequeinter
2434 2855 2661 2910 accolas
2720 2856 2974 2927 regionis
3022 2861 3080 2912 et
3133 2860 3506 2913 Normannos

1854 2946 2224 3000 concordiam
2255 2961 2602 3017 componere
2620 2948 3066 3018 satagens,quos
3088 2946 3314 3002 dudum
3337 2946 3506 3017 adju-

1852 3039 2006 3090 tores
2038 3038 2239 3090 coutra
2268 3038 2493 3089 exteras
2513 3038 2715 3107 gentes
2775 3038 3153 3107 susceperant
3208 3035 3505 3109 principes

1854 3124 2037 3197 regni,
2085 3125 2185 3181 sed
2240 3128 2380 3179 tunc
2426 3124 2781 3180 saevissimos
2838 3128 3119 3197 tyrannos
3176 3142 3241 3181 ac
3300 3125 3504 3199 patriae

1850 3218 2171 3270 vastatores
2210 3230 2324 3269 non
2371 3217 2578 3286 sponte
2625 3213 3016 3271 sustinebant.
3076 3216 3140 3270 In
3199 3215 3310 3272 hoc
3367 3229 3505 3288 ergo

1849 3309 2049 3360 sancto
2081 3320 2253 3377 opere
2292 3303 2539 3359 sollicite
2589 3303 2847 3359 intentus
2876 3304 3034 3359 venit
3082 3305 3500 3378 Beneventum,

1849 3393 1949 3449 ubi
1992 3392 2335 3465 aliquandiu
2386 3396 2803 3461 commoratus,
2862 3393 3095 3449 cuidam
3128 3393 3352 3451 clinicus
3382 3395 3498 3468 (43)

1850 3483 2355 3554 (ἰίνὶῑιαριιωθυηὶο
2411 3480 2599 3553 gratia
2653 3479 2825 3535 vitale
2881 3482 3131 3553 praebuit
3187 3483 3493 3540 auxilium.

1851 3574 1997 3629 Nam
2015 3589 2120 3643 per
2149 3587 2335 3626 annos
2358 3569 2473 3624 fere
2494 3568 2829 3640 quindecim
2851 3569 3079 3625 diutino
3092 3571 3354 3627 confecta
3371 3571 3498 3627 lau-

1852 3660 2131 3735 guore,de
2161 3657 2392 3730 proprio
2425 3657 2688 3729 grabato,
2721 3656 2833 3711 nisi
2884 3656 3136 3714 aliorum
3194 3659 3503 3732 deportata

1852 3750 2149 3816 manibus,
2182 3747 2462 3819 nequibat
2488 3746 2679 3802 exire:
2714 3746 2795 3800 ita
2822 3751 3032 3802 cuncta
3074 3748 3204 3819 ejus
3235 3748 3505 3806 membra

1854 3836 2137 3913 paralysis
2165 3842 2326 3892 erant
2346 3834 2634 3891 dissoluta
2662 3834 3024 3907 aegritudine.
3057 3837 3158 3892 Cui
3191 3854 3293 3909 per
3338 3853 3503 3894 reve-

1852 3929 2128 3985 lationem
2162 3929 2464 3981 ostensum
2495 3928 2583 3980 est
2607 3927 2672 3979 ut
2700 3924 2770 3980 de
2826 3923 3067 3997 lympha
3123 3942 3241 3998 qua
3295 3926 3504 3984 beatus

1856 4020 2054 4091 pastor
2084 4032 2281 4073 sacras
2301 4013 2568 4069 abluerat
2598 4029 2811 4070 manus
2828 4017 2883 4069 et
2904 4019 3037 4087 post
3052 4014 3504 4072 celebrationem

1856 4107 2176 4163 missarum
2197 4104 2543 4172 bauriret,et
2564 4102 2785 4175 absque
2815 4120 2981 4160 mora
3000 4103 3342 4177 sospitatem
3360 4105 3506 4161 reci-

1858 4199 2039 4269 peret.
2059 4196 2182 4259 Qua
2201 4192 2511 4265 impetrata
2540 4195 2714 4264 atque
2737 4207 2870 4248 cum
2904 4194 3059 4250 ﬁdeli
3080 4211 3183 4267 spe
3203 4194 3506 4263 bausta,in

1857 4285 2178 4343 crastinum
2210 4299 2413 4355 sospes
2436 4299 2602 4338 sacra
2634 4282 2950 4339 missarum
2996 4283 3284 4341 solemnia
3339 4282 3505 4354 adiit,

1857 4381 1973 4432 Deo
1995 4377 2313 4444 sanctoque
2344 4372 2604 4444 pontifici
2653 4372 2877 4444 gratias
2932 4374 3249 4430 redditura.
3309 4373 3510 4446 Itaque

1856 4464 1981 4522 zelo
2013 4466 2226 4521 sanctae
2269 4460 2566 4534 religionis
2599 4461 2825 4518 fervens
2855 4463 3070 4535 praesul
3119 4464 3512 4532 venerandus,

97 4554 317 4606 linum.
356 4552 583 4605 Romam
611 4550 1002 4605 rereriilur.—
1024 4550 1269 4606 Romam
1302 4551 1479 4624 igitur
1498 4553 1748 4623 rediens,
1782 4573 1829 4639 D
1860 4556 2015 4628 apud
2048 4552 2354 4625 Sipontum
2388 4550 2588 4606 habito
2620 4552 2888 4623 concilio,
2914 4554 3062 4610 duos
3111 4552 3383 4627 deposuit
3437 4554 3513 4611 ab

158 4678 278 4760 (38)
321 4674 482 4760 Obiit
509 4675 566 4760 in
600 4674 1079 4760 coenobio'sau‘cti
1111 4675 1305 4731 Vitani
1332 4677 1754 4760 ‘Virdunensis,

94 4745 183 4804 cui
222 4745 481 4822 praeerat
511 4749 691 4829 frater
720 4746 850 4817 ejus
872 4745 1284 4831 Walerannus,
1315 4749 1386 4833 de
1416 4766 1531 4821 quo
1575 4745 1761 4809 multa

90 4819 278 4876 habes
308 4817 756 4892 supraginvita
813 4817 963 4892 beat}
1015 4817 1285 4874 Richardi
1337 4823 1598 4892 ejusdem
1647 4822 1757 4881 loci

94 4892 355 4949 abbatis.
388 4863 640 4961 Scripsit
671 4887 888 4963 librum
935 4890 1010 4963 De
1068 4906 1307 4963 corpore
1362 4863 1419 4948 et
1474 4863 1761 4963 sanguine

92 4964 336 5020 Domini
364 4962 652 5018 adversus
677 4961 1223 5034 Berengarium,qui
1247 4980 1280 5019 a
1300 4969 1497 5022 nostro
1518 4961 1762 5023 Acherio

95 5037 301 5093 editus
335 5040 447 5090 est.

162 5108 295 5181 (39)
323 5108 401 5181 Ex
432 5103 544 5181 hoc
584 5104 710 5181 loco
753 5104 1120 5181 emendandi
1157 5105 1613 5179 Sammarthaui,
1664 5109 1764 5181 qui

94 5176 454 5254 Sigifridum
490 5177 646 5232 inter
665 5176 1007 5254 Goraienses
1028 5176 1271 5254 abbates
1295 5195 1407 5254 non
1441 5176 1763 5254 recensent.

1867 4679 2140 4737 undecim
2171 4675 2620 4733 administravit.

1939 4752 2061 4824 (41)
2080 4748 2314 4824 Celebre
2344 4748 2485 4824 olim
2544 4750 2990 4824 monasterium,
3021 4748 3195 4824 vulgo
3236 4750 3515 4824 Richnoiv,

1871 4820 2221 4896 qu'od'hodie
2246 4821 2412 4896 pauci
2437 4820 2702 4896 incolunt
2722 4822 3091 4896 monachiob
3123 4820 3388 4876 mensam
3422 4820 3520 4875 ab-

1871 4892 2026 4951 batis
2055 4892 2415 4964 episcopatui
2446 4893 2877 4949 Constanliensi
2910 4893 3156 4949 unitam.

1944 4911 2026 4950 ηιιε
2055 4911 2085 4949 Θ
2130 4911 2415 4964 ιεοοραιυι
2446 4911 2877 4949 υοηεωηιιθηει
2910 4911 3156 4949 unitam.

1944 4967 2055 5038 (42)
2088 4911 2693 5043 ἒοιιειηρτρηανῃτοτίε,
2726 4966 2960 5043 exhCod.
3021 4964 3308 5043 misshutﬂ
3328 4960 3429 5041 ait,
3462 4970 3523 5043 at

1874 5031 1991 5093 non
2024 5031 2216 5093 scium
2242 5034 2381 5088 editi
2416 5034 2517 5087 sed
2567 5040 2623 5087 et
2652 5051 2762 5089 ms.
2796 5038 2986 5092 Codex
3037 5031 3220 5091 sancti
3269 5031 3523 5093 Remigii

1875 5109 2052 5185 habet
2080 5107 2380 5185 materiis;
2406 5105 3072 5185 ququomiue‘yidetﬁur
3102 5102 3352 5185 exprimi.
3403 5102 3520 5184 ali-

1877 5180 2032 5253 quod
2057 5172 2545 5253 preti_osum__ligni
2576 5190 2783 5253 genus.
2804 5175 2949 5231 Nam
2977 5172 3523 5253 Bruno_§igniensis

1877 5244 2036 5331 hunc
2057 5244 2343 5331 scyphum
2376 5244 3167 5331 ligneum'!ui‘s‘se‘asserit,et
3184 5244 3526 5331 Desiderius

1878 5314 2236 5387 Casinensis,
2271 5334 2371 5390 seu
2394 5314 2709 5390 Victorii],
2737 5314 2886 5390 illud
2911 5334 3033 5390 vas,
3052 5320 3314 5390 poculum
3342 5319 3525 5390 ligna-

1877 5397 2027 5449 rium
2047 5389 2407 5464 appellat.De
2426 5387 2714 5464 ejusmodi
2731 5387 2965 5458 scyphis
2985 5387 3240 5458 Gaugius
3271 5390 3332 5444 in
3358 5387 3529 5446 Glos-

85 5248 188 5309 De'
207 5251 438 5309 Gorziaa
474 5249 860 5325 monasterio,
889 5248 1045 5325 quod
1078 5265 1113 5325 a
1168 5249 1585 5325 Chrodegango
1644 5252 1766 5325 epi-

87 5342 265 5399 scopo
286 5321 544 5380 Metensi
569 5321 988 5399 fundatumest
1004 5318 1062 5373 iu
1081 5319 1359 5399 honorem
1382 5318 1441 5378 Ξ.
1472 5318 1769 5399 Gorgonij,

90 5392 261 5469 cujus
284 5410 518 5470 corpus
551 5409 594 5470 .a
620 5408 781 5470 papa.
798 5392 1152 5470 obtinuerat,
1172 5393 1440 5470 diximus
1461 5396 1527 5470 in
1559 5392 1770 5470 saeculo
1877 5397 2027 5470 rium
2047 5392 2407 5470 appellat.De
2426 5392 2699 5470 ejusmod

97 5461 422 5545 superiori,
457 5464 563 5521 ubi
597 5461 785 5521 sancti
815 5463 1062 5520 Joannis
1086 5464 1262 5535 hujus
1292 5465 1401 5521 loci
1423 5467 1653 5525 abbatis
1679 5467 1773 5521 Vi-
1888 5461 2172 5545 sari9,'a'd
2201 5476 2401 5545 vocem
2432 5461 2746 5545 Maseriui.‘
2826 5534 2834 5545 ‘
2901 5530 2912 5541 .
3005 5529 3014 5539 .

98 5528 216 5601 tam
244 5528 563 5600 dedimus.
590 5604 601 5607 _
880 5605 889 5607 4
1158 5528 1180 5535 ⁷
1902 5582 1905 5585 .
1953 5536 2065 5607 (43)
2095 5536 2190 5607 Sic
2216 5532 2610 5607 dicitur,quo_d
2642 5531 2702 5586 in
2733 5529 3111 5603 lectojugiter
3132 5528 3528 5601 decumberet,

154 5618 269 5691 (40)
329 5604 807 5691 Sigehothpnem
840 5605 940 5690 alii
988 5606 1307 5691 appellant.
1374 5608 1772 5691 Beginobaldo
1881 5603 2029 5677 κλίνη
2049 5603 2276 5679 quippe
2305 5603 2503 5661 lectum
2531 5603 2744 5679 signat.

81 5678 383 5768 successit
403 5678 572 5747 anno
584 5679 608 5740 i
620 5680 744 5753 039,
773 5678 1242 5758 Spirensemque
1256 5678 1578 5740 Ecclesium
1602 5680 1774 5740 anuis
