3964 6206
422 311 543 376 495

1804 319 1868 378 S.
1918 315 2066 377 LEO
2110 315 2190 377 IX
2240 314 2461 375 PAPA.

3724 308 3849 376 490

434 445 624 502 officio
662 447 1214 520 archiepiscopatus,
1240 448 1339 521 qui
1370 466 1501 504 cum
1533 449 1799 505 mercede
1813 452 2081 504 sanctum
2111 448 2168 514 Α
2197 451 2434 503 econtra
2463 445 2669 502 vexillo
2691 444 2886 501 cruxis
2915 443 3091 512 edito,
3113 460 3319 501 omnes
3372 460 3404 501 a
3459 443 3635 518 longe
3686 443 3851 503 stare

434 542 880 609 assumpserant
934 537 1351 607 ministerium,
1398 538 1535 594 vitio
1594 538 1862 595 elationis
1920 555 2075 594 unus

436 624 703 682 ambiens
745 626 1071 698 praecellere
1112 627 1381 683 alterum.
1409 628 1569 683 Unde
1599 628 1840 699 repetito
1870 643 2075 699 gressu

436 712 683 768 Romam
712 714 902 781 rediit,
924 714 1023 770 ubi
1045 732 1299 788 superna
1354 715 1690 771 admonitus
1725 713 2075 770 revelatione

428 800 666 857 beatum
698 803 1021 860 Gerardum
1052 822 1171 860 suae
1202 804 1380 872 sedis,
1417 805 1738 860 Leucorum
1784 802 2072 871 videlicet,

426 887 566 945 olim
582 890 892 962 praesulem
912 892 973 947 iu
992 910 1235 948 numero
1254 896 1589 949 sanctorum
1613 892 2072 963 computandum

425 979 990 1053 statuit.Eodemque
1012 999 1166 1038 anno
1186 982 1246 1037 in
1270 983 1521 1054 patriam
1540 998 1864 1053 regressus,
1884 980 2073 1052 ipsius

425 1071 659 1125 sanctos
689 1074 854 1126 artus
883 1085 1018 1126 cum
1050 1087 1286 1128 summa
1315 1070 1502 1143 gloria
1557 1069 1879 1126 transtulit.
1940 1071 2075 1133 Qum

426 1157 625 1213 omnia
651 1158 906 1216 dilucide
931 1164 1071 1215 sunt
1100 1165 1336 1217 exarata
1367 1160 1425 1215 in
1474 1161 1738 1230 ejusdem
1784 1160 1915 1213 Vita
1961 1158 2073 1228 (44)

427 1249 485 1300 et
514 1246 838 1304 miraculis.

500 1334 618 1392 VII.
641 1338 942 1408 Episcopus
973 1339 1080 1409 ipsi
1136 1338 1513 1394 contradicens
1565 1340 1814 1408 punitur.
1848 1339 1979 1391 Item
2025 1341 2077 1391 et

429 1424 816 1481 Itaveunensis.
847 1457 915 1467 —-
939 1430 1075 1481 Erat
1105 1432 1299 1483 autem
1325 1427 1461 1482 huic
1491 1427 1610 1482 viro
1651 1427 1749 1482 Dei
1783 1443 1898 1480 non
1952 1442 2073 1480 mo—

430 1511 562 1568 dica
582 1515 935 1571 concertatio
968 1520 1169 1571 contra
1225 1533 1561 1588 pervasores
1611 1532 1803 1571 rerum
1864 1518 2075 1569 sancta:

434 1598 708 1657 Romana:
746 1604 924 1670 sedis,
1004 1604 1371 1675 maximeque
1424 1610 1624 1660 contra
1683 1605 2071 1659 Ravennatem

429 1689 796 1763 episcopum,
830 1692 1041 1764 spiritu
1077 1693 1361 1764 repletum
1395 1694 1772 1748 contumaciae
1806 1697 1861 1746 et
1900 1692 2079 1748 rebel-

428 1778 643 1847 lionis;
671 1780 765 1834 cui
800 1781 1065 1836 nonnulli
1101 1783 1373 1838 favebant
1402 1782 1662 1854 palatini,
1695 1782 1890 1854 gloria:
1932 1781 2075 1835 invi-

432 1867 637 1923 dentes
652 1868 853 1923 domni
877 1870 1206 1941 apostolici.
1239 1872 1496 1935 Quorum
1531 1876 1707 1943 caput
1734 1870 1793 1925 in
1826 1872 2083 1926 fomento

432 1955 737 2011 discordiae
767 1960 893 2013 erat
920 1958 1056 2013 Nizo
1079 1960 1192 2031 (45)
1223 1959 1530 2031 episcopus
1560 1960 1882 2032 Frisingias,
1908 1977 2086 2032 super

433 2059 613 2114 quem
638 2044 835 2101 divina
854 2046 1041 2103 virtus
1064 2046 1407 2118 bujusmodi
1433 2048 1785 2104 horrendam
1801 2049 2082 2105 ultionem

435 2132 676 2205 dignata
701 2138 791 2189 est
811 2137 1144 2192 ostendere.
1178 2137 1325 2193 Nam
1358 2154 1461 2208 pro
1481 2139 1779 2210 responsis
1812 2138 2084 2210 imperia-

431 2221 589 2279 libus
616 2222 677 2279 in
710 2223 933 2281 Italiam
966 2225 1247 2293 directus,
1291 2227 1627 2282 Ravennam
1661 2227 1911 2293 devenit,
1937 2232 1994 2282 et
2023 2228 2083 2281 in

433 2310 688 2368 favorem
712 2312 1064 2377 Ravennatis
1084 2315 1503 2370 detrectaroria
1516 2315 1692 2370 verba
1712 2320 1913 2371 contra
1930 2316 2086 2372 hunc

437 2400 677 2457 beatum
696 2402 953 2471 proferre
972 2402 1328 2474 coepit,inter
1348 2404 1678 2475 quoe,ducto
1711 2405 1820 2459 sub
1852 2409 2089 2476 gutture

438 2488 731 2560 digito,ad
778 2489 901 2545 haec
951 2491 1295 2563 blaspheme
1352 2493 1652 2564 prorupit:
1713 2493 1829 2548 Hoc
1886 2499 2090 2565 guttur

439 2575 641 2648 gladio
672 2577 1072 2647 abscindatur,
1105 2580 1219 2636 nisi
1250 2597 1384 2636 eum
1424 2582 1634 2653 deponi
1667 2583 1852 2637 fecero
1883 2584 1954 2638 ab
1985 2584 2086 2639 ho-

443 2681 583 2721 nore
613 2666 993 2739 apostolatus.
1013 2668 1134 2732 Quo
1166 2669 1549 2735 dicto,eodem
1581 2672 2086 2744 momentoipsum

414 2753 829 2811 .intolerabilis
858 2756 1024 2813 dolor
1042 2761 1245 2828 guttur
1264 2758 1562 2829 invasit,et
1590 2760 1965 2830 impmnitens
1996 2762 2088 2817 die

439 2843 612 2900 tertio
639 2844 822 2900 vitam
854 2846 1015 2901 obiit.
1049 2846 1534 2920 Archiepiscopus
1567 2853 1760 2905 autem
1793 2850 2089 2907 Ravenna-

440 2931 592 2999 tium
614 2933 688 2989 ob
706 2932 1163 3006 in‘corrigibilem
1181 2937 1697 3009 praesumptionem
1714 2943 1801 2993 est
1831 2957 1865 2994 a
1887 2945 2087 2995 sancto

440 3038 590 3095 papa
659 3023 1207 3081 anathematizatus.
1270 3026 1520 3098 Ideoque
1575 3027 1863 3099 imperiali
1909 3030 2087 3100 jussu

439 3111 835 3184 Ausburgiam
862 3117 1266 3180 vocatus,cum
1294 3115 1526 3185 justitia
1557 3116 1799 3172 redditis
1830 3134 1955 3188 quae
1997 3119 2083 3174 in-

2184 536 2492 608 praecepit;
2528 536 2628 591 sed
2658 535 2819 591 illam
2853 552 2990 590 mox
3018 534 3366 591 immundus
3394 549 3670 606 pervasor
3712 535 3850 597 reli-

2185 625 2332 697 quit,
2363 630 2421 679 et
2451 642 2595 680 sana
2618 623 3141 680 menteincolumis
3157 626 3231 681 ad
3261 623 3500 697 propria
3514 625 3849 697 repedavit.

2185 713 2484 769 Sollicitus
2516 717 2711 769 autem
2744 713 2817 768 de
2849 712 3037 769 salute
3069 713 3404 769 animarum
3435 712 3700 785 primum
3732 713 3849 773 sibi

2184 801 2512 873 specialiter
2523 802 3200 870 commissarum,Romae
3213 803 3439 875 positus
3450 803 3849 863 venerabilem

2185 890 2583 961 primicerium
2616 890 2877 947 Udoncm
2903 890 3015 962 (46)
3048 890 3222 964 elegit
3263 891 3376 948 sibi
3433 907 3846 951 successorem

2184 983 2396 1034 sanctae
2427 980 2584 1035 sedis
2607 980 2955 1047 Leucorum,
2986 982 3160 1051 atque
3191 980 3263 1035 ad
3295 996 3429 1037 eum
3460 980 3576 1038 sibi
3629 984 3851 1040 subro-

2183 1069 2444 1140 gandum
2475 1068 2763 1140 imperiali
2790 1069 3085 1139 majestati
3115 1068 3417 1141 proprium
3448 1071 3663 1127 direxit
3681 1071 3871 1146 loga-7

2184 1157 2395 1211 tum.Si
2419 1157 2677 1228 quidem,
2707 1157 2778 1211 ob
2824 1157 3113 1212 bonorum
3173 1173 3406 1213 morum
3463 1159 3869 1219 honestatem-

2185 1250 2518 1316 sanctaeque
2544 1244 2845 1317 religionis
2877 1246 3158 1300 fervorem
3191 1249 3248 1302 et
3278 1246 3383 1318 piae
3404 1248 3738 1306 devotionis
3755 1250 3844 1305 in»

2185 1334 2582 1405 tentionisque
2603 1334 2989 1401 devotionem,
3025 1334 3193 1390 illum
3216 1335 3327 1392 hoc
3355 1336 3550 1393 officio
3591 1338 3843 1411 dignum

2176 1423 2503 1493 judicabat,
2535 1427 2591 1478 et
2622 1427 2861 1494 paterno
2891 1439 3027 1479 eum
3058 1423 3418 1497 amplectens
3448 1426 3659 1483 alfectu
3702 1446 3844 1500 pro-

2186 1512 2379 1584 prium
2404 1512 2588 1567 filium
2620 1512 2927 1569 vocitabat.
2964 1513 3249 1584 Sperabat
3270 1530 3510 1585 quoque
3538 1516 3675 1587 ejus
3701 1534 3839 1590 pru-

2186 1602 2527 1673 (lentia,qua
2562 1602 2618 1656 in
2641 1602 2854 1656 divinis
2877 1601 3275 1674 humanisque
3304 1603 3838 1678 afﬂuenterpollet,

2187 1690 2381 1762 perlici
2413 1690 2658 1761 posse,si
2690 1691 2828 1762 quid
2863 1691 3060 1747 minus
3089 1691 3258 1763 plene
3279 1693 3603 1766 peregisset
3622 1694 3689 1750 in
3721 1712 3851 1753 sua

2192 1780 2495 1851 primitivac
2519 1780 2676 1835 sedis
2700 1780 3195 1852 augmentatione.
3221 1782 3386 1847 Quod
3402 1782 3581 1838 etiam
3597 1800 3757 1842 nunc
3775 1801 3842 1842 ex

2193 1868 2448 1941 plurima
2480 1873 2640 1941 parte
2665 1868 2972 1935 tit,Christi
3004 1873 3299 1925 annuente
3330 1871 3632 1945 suﬂ'ragio,
3655 1877 3734 1942 et,
3777 1879 3847 1929 ut

2182 1960 2323 2013 ~vere
2341 1957 2735 2028 credimus,in
2753 1958 2879 2014 dies
2900 1975 3038 2031 erga
3058 1958 3374 2016 Dominum
3397 1967 3687 2018 accrescet
3710 1963 3845 2034 ejus

2192 2052 2397 2103 sancta
2428 2048 2681 2103 devotio.
2714 2048 2823 2103 Sed
2872 2065 3030 2104 nunc
3062 2049 3191 2119 ejus
3241 2048 3510 2106 laudibus
3562 2066 3851 2123 superse-

2192 2137 2471 2204 dendum,
2505 2136 2643 2208 quia
2672 2136 2864 2192 omnis
2896 2137 3023 2193 laus
3046 2138 3106 2192 in
3139 2139 3255 2193 fine
3285 2139 3539 2195 securius
3568 2140 3847 2195 cantabi-

2192 2230 2309 2280 tur.
2344 2226 2466 2279 Non
2503 2225 2765 2280 modicus
2797 2242 3029 2297 quoque
3059 2227 3111 2282 ei
3138 2226 3325 2283 inerat
3362 2227 3545 2285 fervor
3608 2229 3673 2284 in
3729 2245 3849 2284 au.

2193 2314 2383 2386 genda
2414 2313 2726 2386 republica.
2791 2315 3014 2371 Idcirco
3065 2315 3378 2388 Hungariie
3433 2317 3753 2390 principes,
3811 2336 3851 2374 ae

2197 2404 2457 2458 Romano
2489 2420 2674 2475 nuper
2705 2403 2952 2474 imperio
3012 2405 3385 2476 dissidentes,
3419 2405 3851 2479 multiplicibus

2195 2491 2676 2565 legatisadierat,
2709 2509 2780 2547 ne
2824 2494 3215 2551 detrectarent
3266 2494 3442 2552 solita
3489 2496 3852 2569 subjectione

2196 2582 2537 2653 imperatori
2572 2581 2763 2653 prisca
2785 2582 3108 2655 persolvere
3137 2584 3379 2653 tributa,
3413 2586 3569 2658 quod
3604 2591 3662 2641 et
3715 2603 3849 2643 cen-

2196 2675 2522 2737 senserant,
2555 2672 2604 2726 si
2634 2674 3052 2742 praeteritorum
3077 2675 3535 2731 commissorum
3559 2675 3850 2734 eisconcer

2195 2762 2430 2816 deretur
2448 2761 2542 2815 ind
2554 2760 3198 2835 ulgentia.Quapropter
3218 2767 3424 2820 sancta
3440 2769 3865 2821 commonente.

2196 2849 2406 2922 pietate
2421 2858 2656 2905 coactus
2679 2855 2767 2906 est
2786 2851 2952 2907 tertio
2974 2851 3277 2923 antiquam
3295 2853 3546 2926 patriam
3566 2859 3861 2928 repetere.-

2197 2944 2272 3007 et,
2307 2956 2410 3011 pro
2441 2955 2672 2994 reorum
2706 2941 3079 2997 miseratione
3125 2941 3223 3011 qui
3281 2946 3486 2998 contra
3532 2943 3863 3016 imperium-

2196 3033 2496 3084 moverant
2525 3028 2764 3093 bellum,
2777 3030 3163 3101 persuasoriis
3196 3031 3464 3101 precibus
3512 3032 3863 3105 imperiales

2198 3134 2367 3172 aures
2388 3123 2672 3189 expetere.
2705 3118 2813 3174 Sed
2846 3118 2985 3190 quia
3017 3119 3266 3176 factione
3297 3123 3707 3192 quorumdam
3748 3138 3863 3179 cu-‘

434 3200 599 3272 juste
627 3205 980 3272 pervaserat,
1007 3202 1433 3259 absolutionem
1462 3208 1551 3259 est
1579 3208 1774 3276 petere
1831 3211 2083 3264 coactus.
2117 3192 2159 3258 C
2198 3205 2431 3261 rialium
2453 3207 2553 3277 qui
2568 3207 2833 3263 felicibus
2863 3206 3051 3263 sancti
3074 3208 3179 3263 viri
3224 3208 3567 3267 invidebant
3599 3211 3859 3279 actibus;

446 3288 597 3354 Quia
622 3305 758 3345 cum
789 3290 927 3346 licet
955 3291 1128 3347 corde
1159 3292 1494 3348 contumaci
1523 3298 1658 3349 ante
1688 3295 1864 3366 pedes
1905 3297 2092 3352 sancti

447 3381 668 3434 stratus
677 3379 1292 3453 jaceret,cunctusque
1309 3386 1492 3439 coetus
1509 3384 1883 3454 praesentium
1903 3386 2092 3457 ponti-

445 3467 627 3523 ficum
642 3468 694 3524 ei
718 3467 1146 3526 absolutionem
1164 3471 1534 3543 peterent,ait
1564 3472 1648 3528 vir
1666 3473 1871 3528 beatus
1894 3490 1906 3530 :
1928 3498 1954 3525 ‹‹
1990 3476 2091 3532 Se-

437 3558 697 3614 cundum
726 3560 860 3631 ejus
909 3561 1274 3617 devotionem
1304 3562 1526 3618 tribuat
1578 3563 1662 3617 illi
1720 3565 2089 3636 omnipotens

433 3650 779 3705 cunctorum
793 3649 1079 3706 scelerum
1092 3650 1685 3709 absolutionem.»llle
1697 3669 1829 3709 vero
1842 3671 2090 3728 surgens

435 3752 571 3793 cum
591 3738 1044 3795 subsannatorie
1067 3739 1397 3796 subrideret
1409 3741 1600 3797 adhuc
1624 3742 2085 3814 superbiatumi-

431 3825 564 3895 dus,
587 3828 955 3885 venerandus
986 3832 1188 3901 pastor
1217 3829 1276 3884 in
1314 3830 1600 3902 lacrymas
1621 3831 1937 3900 resolutus,
1997 3834 2088 3890 in-

433 3914 564 3986 quit
582 3920 809 3974 secreto
838 3917 1394 3976 circumstantibus:
1433 3942 1460 3970 ‹‹
1492 3920 1652 3976 Heul
1690 3925 1958 3978 mortuus
1997 3929 2088 3981 est

430 4003 611 4061 miser
639 4005 772 4062 iste.
806 4029 834 4056 ››
856 4006 972 4062 Nec
994 4024 1157 4073 mora
1184 4026 1197 4078 ;
1232 4008 1329 4064 ille
1360 4008 1640 4080 languore
1671 4011 2002 4083 corripitur,
2028 4017 2087 4069 et

425 4093 523 4150 vix
549 4093 610 4150 in
642 4095 892 4166 patriam
916 4101 1205 4167 revectus,
1227 4097 1347 4153 vita
1361 4100 1418 4153 et
1448 4097 1686 4165 honore,
1720 4116 1836 4171 quo
1892 4105 2079 4157 tume-

424 4181 529 4239 bat
554 4182 824 4240 celeriter
852 4184 1134 4255 privatur.

460 4320 465 4325 ,
494 4271 645 4327 VIII.
673 4272 1201 4329 Leo‘daemoniacam
1234 4275 1450 4330 tiberat.
1488 4275 1722 4331 Udonem
1777 4279 1885 4333 sibi
1941 4280 2083 4336 Tulli

423 4357 1018 4431 substituitﬂungaros
1071 4364 1394 4433 imperatori
1448 4367 1804 4423 reconciliare
1886 4373 2074 4427 tentet.

424 4448 635 4505 Eutura
657 4449 809 4503 male
834 4450 1116 4519 prmvidit.
1148 4483 1215 4492 —
1242 4451 1548 4508 Concilium
1577 4458 1846 4513 Mantum.
1880 4459 2078 4515 Morini

2202 3296 2587 3367 suntAughsti
2601 3312 2772 3352 aures
2785 3298 3065 3353 obturatas
3078 3297 3347 3369 precibus
3360 3299 3865 3372 domniAposteli-~

2201 3385 2407 3455 ci,ideo
2427 3386 2687 3441 Romana
2704 3385 3034 3457 respublica
3050 3387 3472 3458 subjectionem
3495 3389 3661 3462 regni
3674 3389 3849 3447 Hum-

2200 3475 2373 3547 garizs
2394 3474 2733 3546 perdidit,et
2752 3475 2942 3531 adhuc
2964 3475 3121 3532 dolet
3148 3475 3402 3533 ﬁnitima
3430 3478 3643 3550 patria:
3697 3496 3848 3551 prae-

2198 3563 2289 3619 dis
2320 3568 2376 3619 et
2415 3563 2700 3619 incendiis
2729 3564 3039 3621 devastari.
3082 3569 3232 3622 Dum
3282 3570 3477 3623 autem
3534 3585 3640 3640 pro
3679 3569 3846 3642 regni

2201 3668 2340 3724 pace
2370 3652 2615 3708 sollicite
2644 3652 2918 3710 laborans
2947 3654 3166 3711 ibidem
3196 3655 3541 3727 aliquandiu
3586 3673 3847 3715 morare-

2192 3747 2312 3808 tur,
2346 3740 2541 3796 divina
2585 3743 3017 3814 prmdestinatio
3047 3744 3097 3801 ei
3157 3745 3382 3802 somnis
3440 3746 3698 3805 revelare
3743 3763 3849 3802 vo-

2194 3832 2304 3888 luit
2329 3831 2470 3903 quid
2499 3831 2609 3888 sibi
2643 3833 2907 3889 futurum
2938 3835 3402 3907 portenderetur.
3428 3836 3578 3893 Nam
3606 3836 3845 3893 videba-

2194 3925 2291 3977 tur
2321 3922 2431 3977 sibi
2462 3922 2639 3994 quod,
2673 3927 2836 3978 stans
2868 3922 2929 3979 in
2958 3924 3135 3995 edito,
3160 3924 3482 3981 familiares
3513 3942 3656 3982 suos
3676 3926 3748 3983 ad
3780 3942 3859 3982 se

2193 4012 2264 4067 de
2294 4011 2550 4083 periculo
2582 4011 2984 4084 confugientes
3016 4013 3320 4085 reciperet,
3342 4014 3545 4086 eisque
3574 4015 3691 4071 sub
3720 4015 3844 4086 plu-

2191 4100 2324 4156 viali
2354 4104 2531 4168 veste,
2565 4117 2690 4172 quis
2721 4117 2905 4173 cappa
2930 4103 3235 4170 vocitatur,
3257 4103 3526 4174 inclusis,
3549 4104 3840 4177 sanguine

2188 4206 2389 4245 eorum
2421 4189 2532 4245 sibi
2555 4193 2743 4246 vestes
2788 4190 2949 4251 infici
3008 4192 3386 4265 conspiceret.
3439 4194 3566 4259 Qua
3613 4193 3837 4250 visione

2186 4284 2377 4335 certus
2411 4279 2670 4335 redditus
2700 4280 3162 4338 mmstitudinem
3193 4282 3304 4338 sibi
3335 4282 3581 4354 suisque
3616 4283 3831 4340 affutu—

2184 4368 2574 4437 ram,et,sicut
2590 4368 2847 4425 triticum
2880 4369 2939 4425 in
2961 4387 3096 4427 area
3110 4372 3341 4427 Domini
3372 4372 3835 4441 recondendum,

2183 4458 2255 4512 ad
2285 4457 2667 4513 tentationem
2698 4474 2827 4514 sese
2858 4464 3148 4531 praeparat
3166 4461 3599 4518 sustinendam.
3633 4462 3857 4534 Itaque-

427 4535 545 4591 loca
575 4551 733 4592 sacra
774 4538 1076 4595 visitantes.
1109 4571 1179 4581 -—-
1228 4541 1574 4614 Magniﬁcus
1622 4550 1817 4601 autem
1878 4553 2078 4619 pastor
2104 4562 2150 4627 Β
2182 4546 2468 4620 repedans
2499 4547 2558 4602 in
2594 4545 2839 4614 Italiam,
2876 4548 3188 4605 concilium
3218 4551 3373 4624 apud
3405 4551 3711 4608 Mantuam
3730 4551 3857 4608 lia--

427 4624 754 4680 Romanam
779 4625 1037 4684 revisens
1053 4630 1423 4697 sedem,dum
1455 4632 1832 4704 paschalibus
1859 4636 2071 4694 solem-

422 4712 540 4791 niis
570 4714 726 4787 apud
757 4719 1025 4772 sanctum
1059 4719 1443 4776 Laurentium
1475 4725 1633 4778 esset
1671 4723 2070 4784 celebraturus

420 4801 601 4861 divini
631 4806 982 4861 sacramenti
996 4806 1530 4877 oblationem,inter
1558 4828 1725 4869 sacra
1753 4814 2069 4872 missarum

419 4892 710 4950 solemnia
758 4894 809 4951 ei
833 4898 1153 4968 quamdam
1185 4898 1527 4955 obtulerunt
1559 4900 1860 4958 mulierem
1918 4908 2067 4976 quae,

417 4982 592 5055 plena
622 4983 1146 5054 daemonio,sanam
1180 4988 1457 5044 amiserat
1486 4994 1954 5059 mentem.Quam
1978 4995 2067 5051 in-

419 5074 717 5128 cessanter
736 5072 1191 5130 debacchantem
1219 5092 1481 5146 cernens,
1508 5078 1924 5154 fremitumque
1956 5084 2066 5139 cir-

416 5161 845 5220 cumstantium
877 5179 942 5220 ac
971 5180 1101 5220 eam
1157 5165 1412 5222 vinctam
1464 5168 1616 5223 trahi
1676 5187 1790 5225 non
1850 5173 2060 5243 ferens,

485 5376 596 5447 (44)
628 5375 789 5432 Hanc
842 5377 1037 5435 Vitam
1096 5379 1374 5435 exhibent
1429 5380 1792 5438 Bollandiani
1841 5385 1935 5441 die
1991 5389 2062 5444 23

412 5445 652 5526 Aprilis.
684 5448 801 5526 Nos
857 5466 991 5526 vero
1044 5451 1118 5526 de
1143 5451 1788 5526 _S._Gerardoﬂegimus
1846 5459 2060 5516 seaculo

412 5516 1121 5645 ῗῶἓξέἱοέἓὲαξὸὲωωὺί
1145 5523 1393 5579 habetur
1421 5516 1727 5597 bullanus
1758 5530 2060 5588 canoniza—

410 5588 610 5658 tionis.
630 5588 776 5658 pag.
809 5588 933 5646 894.

483 5656 595 5736 (45(
620 5656 918 5717 Sirmondi
948 5660 1126 5718 editio
1160 5664 1444 5723 Vimem.
1473 5665 1716 5728 Nicerus
1755 5668 1969 5728 dicitur
2022 5691 2057 5733 a

2180 4637 2439 4693 bendum
2462 4636 2953 4705 constituit.Quod
2967 4638 3136 4695 factio
3169 4640 3563 4712 quorumdam
3588 4641 3836 4714 pontifi-

2181 4741 2313 4781 cum
2345 4725 2739 4782 serveritatem
2771 4726 2818 4797 ej
2832 4742 2897 4782 us
2918 4727 3073 4798 justi
3099 4728 3313 4800 judicii
3335 4730 3683 4787 timentium
3702 4745 3836 4803 per.-

2176 4816 2506 4872 turbavit.N
2512 4832 2607 4871 am
2630 4814 2866 4871 familiae
2894 4833 3096 4873 eorum
3118 4818 3397 4875 fautrices
3418 4819 3841 4891 scelerum,sn-

2176 4905 2365 4960 bitum
2398 4909 2599 4961 contra
2628 4905 2830 4961 domni
2860 4907 3162 4979 apostolici
3191 4909 3481 4966 familiam
3523 4915 3839 4967 moverunt

2177 4994 2519 5062 tumultum,
2581 5011 2783 5050 secure
2841 5001 3132 5053 astantem
3186 5002 3320 5054 ante
3377 4998 3692 5057 basilicam
3771 4999 3835 5056 in

2177 5102 2290 5156 qua
2312 5083 2612 5156 publicum
2625 5083 2950 5140 habebatur
2969 5085 3391 5158 concilium,ita
3404 5089 3575 5145 utvir
3588 5093 3835 5147 sanctus

2175 5179 2476 5246 cogeretur
2523 5191 2557 5229 a
2604 5173 2794 5230 medio
2825 5190 3105 5233 consessu
3135 5193 3394 5251 surgere,
3425 5184 3483 5236 et
3509 5183 3650 5237 ante
3701 5200 3836 5257 por-

2173 5389 2468 5446 Gualterio
2498 5389 2558 5443 in
2583 5386 2853 5461 Catalogo
2883 5388 3063 5460 episc.
3096 5391 3587 5501 Frisingensium.

2243 5462 2358 5501 vim
2390 5461 2467 5501 Erl
2522 5460 2801 5501 mandnqn
2824 5459 3060 5501 ndmmm
3085 5463 3152 5501 Ηί-
3180 5465 3279 5501 nni
3327 5482 3417 5501 om
3456 5466 3579 5501 ΗΑΛ
3614 5468 3687 5501 ,δελ

2243 5462 2358 5532 (46)
2389 5461 2491 5515 Ed.
2522 5459 2806 5515 mendose
2824 5459 3063 5518 Udonem
3085 5463 3153 5518 Et
3180 5459 3420 5535 quidem
3456 5466 3580 5526 Udo
3614 5468 3831 5527 dieitur

2169 5531 2392 5616 passim
2415 5531 2473 5586 in
2505 5529 2908 5616 compluribus
2938 5532 3369 5616 instrumeptis.
3399 5540 3590 5616 Antea
3619 5539 3828 5616 biblio~

2169 5599 2464 5688 thecarius
2493 5606 2556 5688 et
2576 5599 2967 5688 etince‘llarius
2988 5606 3180 5688 fuerat
3202 5606 3480 5688 Ecclesia:
3520 5599 3822 5688 Romanae,

2168 5679 2235 5735 ut
2264 5677 2423 5749 patet
2450 5690 2519 5732 ex
2542 5671 2705 5733 bulla
2733 5673 2792 5732 S.
2825 5674 3036 5736 Leonis
3068 5695 3173 5756 pro
3199 5679 3258 5740 S.
3285 5680 3620 5757 Mansuete.
