3964 6206
146 312 270 385 504

1113 312 1442 380 PROLEG.
1470 347 1544 360 -—
1576 314 1757 378 VlTA
1807 314 1871 378 S.
1916 310 2224 377 LEONIS.
2259 347 2337 361 —
2366 314 2515 378 LIB.
2560 310 2637 378 Π.

3461 311 3582 379 502

150 466 376 511 norum
419 448 517 510 his
573 448 850 510 exterrita
901 447 1101 526 gestis,
1134 448 1477 537 crudelitate
1528 447 1816 524 deposita,
1848 447 1901 517 Α
1930 462 2032 505 rus
2078 447 2425 537 subreperet
2480 444 2787 523 superbis,
2828 442 2939 506 hoc
2989 442 3176 506 voluit
3229 443 3412 507 latere
3469 444 3581 506 mi-

150 542 439 617 populos,
461 540 679 617 quibus
706 541 1102 609 cohabitabat,
1127 556 1194 598 ex
1225 544 1363 597 tunc
1386 544 1452 597 ut
1473 538 1823 612 compatrio-

147 635 255 689 tas
286 630 658 688 amioabilius
688 630 974 698 tractavit,
989 647 1057 686 ac
1088 628 1408 686 venerabili
1440 626 1823 702 papm,quoad

149 721 327 787 vixit,
362 721 423 776 in
453 719 612 776 omni
646 718 1010 791 subjectione
1040 718 1291 774 ﬁdeliter
1316 718 1643 774 deservivit.

225 810 335 867 XII
341 809 497 881 .Ejus
513 811 612 881 pia
626 810 914 864 exercitia.
933 810 1282 881 Scripturam
1300 824 1515 863 sacram
1536 808 1713 863 Greece
1731 806 1824 863 ad-

144 897 687 956 discat—Eximius
705 901 906 954 autem
927 901 1130 970 pastor
1150 898 1539 953 Beneventum
1562 896 1820 962 veniens,

149 988 308 1061 ipsis
327 986 688 1044 Normannis
711 986 890 1043 etiam
914 986 1171 1058 injussis
1201 1003 1305 1060 per
1332 990 1521 1042 totum
1561 986 1672 1041 iter
1687 985 1826 1041 ohse

147 1076 440 1149 quialiter
469 1075 638 1131 illum
671 1074 1112 1143 comitantibus,
1138 1092 1252 1131 non
1285 1075 1514 1130 modico
1537 1073 1654 1129 illic
1684 1073 1823 1129 anni

147 1165 354 1238 spatio
384 1168 475 1220 est
521 1166 940 1229 commoratus,
975 1163 1360 1235 semetipsum
1394 1162 1615 1218 sanctis
1660 1178 1824 1217 exer-

150 1271 307 1310 cens
327 1252 667 1318 virtutibus,
691 1251 992 1324 patientia,
1015 1251 1250 1324 vigiliis,
1269 1244 1514 1321 jejuniis
1535 1254 1592 1305 et
1612 1248 1822 1306 oratio-

152 1340 677 1413 nibus.Siquidem
708 1356 939 1396 omnem
970 1340 1102 1395 lecti
1138 1339 1440 1395 mollitiem
1477 1338 1819 1411 refugiebat,

152 1431 291 1496 sed,
328 1433 562 1501 sumpto
591 1429 665 1485 ad
698 1445 932 1485 carnem
979 1427 1170 1484 cilicio
1200 1432 1257 1484 et
1300 1427 1475 1500 tapeti
1524 1431 1689 1482 terrae
1736 1426 1823 1481 in-

152 1522 349 1575 strato
386 1518 701 1582 recubans,
733 1516 910 1588 capiti
958 1516 1153 1591 lapide
1200 1516 1488 1589 apposito,
1522 1515 1825 1571 nocturnis

151 1606 326 1663 horis
356 1604 666 1679 paululum
691 1604 883 1662 somni
914 1604 1274 1672 insumebat,
1295 1604 1707 1676 reliquumque
1727 1620 1825 1659 no-

149 1695 272 1752 ctis
306 1695 567 1768 spatium
597 1698 723 1751 tum
756 1693 971 1767 integri
1003 1693 1411 1749 decantatione
1440 1691 1707 1749 Psalterii
1760 1709 1827 1748 ac

148 1785 485 1840 innumera
505 1797 758 1855 genuum
782 1781 1089 1838 inﬂexione
1111 1781 1471 1838 excurrebat.
1497 1781 1656 1837 Idem
1680 1797 1822 1854 quo-

149 1889 285 1945 que
308 1870 658 1928 Psalterium
675 1887 775 1944 per
787 1871 1052 1943 singulos
1073 1875 1343 1943 repetens
1361 1871 1488 1927 dies
1510 1887 1645 1926 cum
1671 1869 1826 1926 obla-

148 1960 331 2018 tione
362 1959 543 2016 divini
576 1959 863 2027 sacriﬁcii,
888 1976 1125 2017 cursum
1163 1958 1581 2031 multiplicium
1606 1960 1825 2014 oratio-

1933 536 2231 607 raculum;
2264 542 2458 596 tamen
2510 556 2627 596 non
2668 540 2891 612 absque
2937 554 2998 595 re
3046 538 3157 595 sub
3208 541 3373 595 tanta
3417 552 3583 596 com-

1932 626 2250 684 minatione
2299 629 2484 699 jussit
2530 628 2870 701 hujusmodi
2932 627 3106 684 celari
3162 627 3403 683 factum.
3432 627 3583 685 Rur-

1932 732 2035 772 sus
2091 718 2342 789 quodam
2375 718 2469 773 die
2511 717 2728 773 ibidem
2787 716 2949 773 solus
3007 732 3141 772 cum
3199 715 3324 773 solo
3372 715 3582 772 clerico

1931 809 2143 861 sanctae
2201 806 2537 878 psalmodia:
2593 805 2925 873 insistebat,
2958 822 3091 862 cum
3149 821 3281 862 ecce
3339 805 3582 878 quidam

1932 894 2188 951 rusticus
2219 911 2417 951 secum
2462 895 2731 951 insanam
2762 896 3059 951 deducens
3107 894 3286 951 filiam
3336 895 3584 951 advene-

1933 994 2056 1048 rat;
2092 999 2267 1054 quam
2329 983 2627 1040 multoties
2674 984 2931 1055 pessimo
2986 984 3244 1057 torqueri
3296 984 3583 1042 demonio

1933 1071 2255 1142 suspiriose
2294 1072 2604 1140 clamabat,
2637 1074 2880 1145 ejusque
2925 1072 3150 1129 meritis
3180 1072 3413 1129 liberari
3445 1089 3581 1129 cum

1934 1158 2210 1230 lacrymis
2267 1161 2635 1233 deposcebat.
2669 1162 2849 1232 Cujus
2904 1162 3177 1235 precibus
3231 1161 3363 1234 pius
3420 1165 3585 1235 pater

1935 1247 2160 1303 diutius
2192 1249 2388 1306 nitens
2430 1249 2843 1318 contradicere,
2866 1250 3050 1321 jussit
3079 1267 3214 1306 eum
3245 1255 3582 1307 sanctorum

1938 1336 2236 1409 suffragia,
2271 1354 2521 1410 quorum
2552 1337 2874 1394 innumerae
2921 1339 3001 1394 ibi
3050 1338 3420 1395 continentur
3446 1338 3582 1394 reli-

1933 1425 2109 1497 quiae,
2142 1426 2395 1498 supplici
2441 1430 2570 1482 voto
2613 1442 2870 1484 exorare.
2904 1427 3016 1482 Sed
3046 1426 3322 1483 ’rusticus
3351 1427 3411 1482 in
3442 1444 3584 1499 pro-

1934 1514 2122 1585 posito
2155 1514 2507 1583 obstinatus,
2538 1514 2657 1570 imo
2706 1515 2767 1569 in
2815 1514 3016 1570 solidas
3073 1514 3210 1569 ﬁdei
3268 1514 3584 1571 stabilitate

1932 1602 2220 1671 ﬁrmatus,
2253 1603 2483 1660 dicebat
2515 1621 2576 1660 se
2605 1604 2812 1660 exinde
2842 1620 2957 1659 non
2999 1620 3370 1660 recessurum
3400 1604 3585 1660 donec

1930 1691 2060 1762 ejus
2091 1691 2494 1749 benedictione
2514 1692 2774 1749 divinum
2809 1695 3242 1764 promereretur
3270 1690 3579 1749 auxilium.

1930 1779 2134 1851 Itaque
2164 1780 2252 1836 vir
2279 1785 2544 1849 sanctus,
2576 1781 2765 1853 ipsius
2811 1781 3253 1853 importunitate
3298 1780 3582 1849 devictus,

1934 1884 2183 1939 granum
2234 1869 2373 1925 salis
2422 1869 2483 1925 in
2530 1870 2794 1941 proximo
2843 1874 3137 1942 repertum
3186 1869 3485 1927 benedixit
3520 1886 3587 1926 ac

1932 1956 1992 2011 in
2026 1974 2090 2012 os
2123 1957 2327 2030 puellae
2371 1974 2504 2013 cum
2537 1957 2717 2013 divini
2766 1958 3129 2015 invocatione
3157 1958 3417 2015 nominis
3446 1975 3587 2030 pro-

150 2067 310 2107 num
342 2049 638 2105 indefesse
683 2047 1065 2121 transigebat.
1096 2047 1240 2103 Illud
1293 2048 1469 2104 etiam
1514 2050 1639 2104 erat
1668 2047 1725 2103 in
1758 2064 1824 2103 eo
1925 2046 2099 2116 jecit;
2153 2063 2424 2119 moxque,
2459 2047 2720 2102 dremone
2777 2063 2911 2102 cum
2971 2046 3282 2119 purulento
3339 2046 3585 2119 expulso

152 2139 505 2196 mirandum
538 2138 719 2209 quod,
751 2136 908 2192 ultra
936 2136 1500 2210 quinquagenarius,
1526 2140 1688 2192 tanto
1721 2137 1827 2191 fer.

149 2228 335 2284 vehat
362 2226 559 2283 studio
591 2229 656 2280 ut
686 2225 1017 2281 divinarum
1049 2224 1354 2282 lectionem
1387 2225 1823 2297 Scripturarum

154 2317 368 2374 Greco
415 2315 744 2372 addisceret
789 2313 1038 2386 eloquio.
1064 2315 1130 2369 Et
1174 2313 1452 2386 quoniam
1504 2313 1827 2369 visceribus

149 2404 406 2478 pietatis
437 2409 492 2460 et
520 2403 936 2460 misericordiae
986 2420 1164 2475 supra
1201 2420 1377 2475 quam
1426 2403 1581 2457 credi
1640 2406 1829 2474 potest

146 2494 472 2559 afﬂuebat,
499 2492 810 2547 innumera
831 2508 1156 2564 pauperum
1192 2490 1507 2546 multitudo
1540 2491 1828 2546 indefesse

145 2584 227 2640 ad
262 2584 399 2654 ejus
430 2580 759 2654 largitatem
806 2581 1172 2649 accurrebat,
1206 2580 1422 2651 quibus
1452 2579 1674 2651 absque
1704 2579 1828 2635 dis-

149 2672 421 2729 cretione
454 2670 790 2726 necessaria
825 2668 1219 2725 ministrabat.

224 2761 377 2817 XIII.
398 2761 696 2831 Leprosum
717 2760 779 2814 in
799 2773 896 2815 suo
920 2759 1058 2814 lecto
1073 2759 1315 2814 collocat.
1334 2758 1738 2814 Deemoniacam
1764 2758 1829 2812 li-

146 2853 330 2909 beral.
356 2881 422 2891 —
440 2849 543 2905 His
574 2849 783 2919 itaque
809 2848 923 2920 piis
944 2847 1225 2904 insistens
1249 2847 1498 2913 actibus,
1523 2848 1660 2902 dum
1686 2863 1829 2919 quo-

144 2941 288 2997 dam
327 2954 457 2994 sero
483 2941 699 2992 cuncta
727 2937 856 3007 ejus
880 2935 1104 2992 familia
1131 2953 1308 2992 causa
1333 2936 1607 2991 nocturni
1641 2952 1829 2991 seces-

146 3028 337 3084 sisset
363 3025 617 3098 soporis,
642 3024 771 3097 ipse
794 3024 1004 3097 praevio
1028 3023 1251 3080 lumine
1272 3041 1405 3080 cum
1428 3041 1609 3095 puero
1631 3024 1830 3079 deam-

144 3115 402 3173 bulabat
421 3129 525 3185 per
544 3129 795 3167 vacuum
819 3112 910 3167 sui
933 3112 1133 3184 palatii
1165 3113 1445 3185 spatium,
1464 3113 1726 3183 viditque
1748 3113 1834 3166 in-

1933 2135 2240 2206 sanguine,
2274 2135 2442 2190 laetus
2500 2140 2663 2207 pater
2718 2152 2853 2191 cum
2901 2134 3121 2208 sospite
3167 2133 3287 2190 filia
3341 2134 3581 2191 domum

1933 2224 2251 2294 repedavit.
2282 2225 2527 2280 Possent
2574 2228 2770 2281 autem
2810 2226 2882 2280 de
2923 2224 3035 2281 hoc
3081 2227 3282 2280 sancto
3329 2223 3587 2296 plurima

1932 2313 2279 2368 admiranda
2339 2313 2570 2380 referri,
2630 2314 2732 2369 sed
2791 2312 3055 2369 studioso
3109 2316 3201 2369 est
3255 2312 3583 2369 cedendum

1934 2398 2155 2465 lectori,
2187 2400 2273 2455 vel
2323 2400 2624 2457 incredulo
2654 2400 2929 2468 auditori,
2963 2401 3213 2473 ideoque
3242 2400 3405 2456 brevi
3454 2401 3583 2472 ejus

1936 2494 2330 2546 memorantes
2376 2491 2713 2558 transitum,
2748 2490 2922 2545 finem
2973 2493 3159 2561 coepto
3207 2489 3584 2561 imponamus

1936 2594 2091 2650 operi
2110 2623 2116 2631 .

2009 2666 2147 2722 XIV.
2183 2668 2379 2723 Incidit
2412 2670 2470 2723 in
2500 2668 2750 2724 morbum
2793 2668 3107 2725 Beneventi.
3142 2670 3367 2723 Romam
3402 2667 3584 2723 seuit.

1935 2755 2232 2811 Deducitur
2260 2757 2330 2811 ad
2349 2759 2653 2812 oratorium
2680 2757 2857 2813 sancti
2881 2758 3055 2812 Petri.
3081 2756 3206 2811 Oleo
3224 2770 3380 2811 sacro
3408 2762 3461 2812 et
3483 2755 3589 2810 Eu-

1936 2844 2205 2899 charistz’a
2232 2847 2504 2900 munitur.
2531 2845 2673 2901 Obit.
2700 2843 3209 2917 Metitur—Boni
3240 2860 3377 2916 ergo
3408 2846 3588 2900 certa-

1940 2933 2115 2989 minis
2165 2951 2337 2989 cursu
2390 2939 2823 3001 consummato,
2857 2932 3271 2990 abundantiori
3322 2948 3587 3005 supernas

1938 3020 2316 3078 beatitudinis
2345 3023 2400 3077 in
2434 3023 2557 3078 dies
2588 3024 2873 3079 aestuabat
2890 3022 3199 3090 desiderio,
3222 3025 3280 3077 et
3299 3025 3586 3095 tanquam

1940 3126 2072 3165 cum
2104 3110 2283 3166 Paulo
2331 3112 2581 3167 diceret:
2616 3112 2751 3168 Mihi
2778 3112 3016 3168 mundus
3060 3110 3361 3181 cruciﬁxus
3405 3114 3504 3177 est,
3535 3112 3588 3165 et

145 3203 376 3277 angulo
408 3183 708 3273 jacentem
770 3183 1068 3273 leprosum
1115 3183 1321 3258 scissis
1372 3200 1704 3272 panniculis
1763 3217 1828 3256 ac
1860 3183 1902 3250 C
1935 3215 2029 3270 ego
2074 3200 2276 3256 mundo
2306 3200 2445 3271 (Gal.
2478 3219 2556 3265 v1,
2590 3202 2699 3273 lla),
2734 3201 2819 3257 sic
2865 3200 3131 3257 funditus
3186 3199 3344 3256 curis
3402 3199 3583 3271 hujus

147 3290 461 3348 ulceribus
491 3290 773 3356 obsitum,
800 3289 994 3345 lurida
1037 3289 1343 3361 putredine
1371 3289 1660 3356 tabidum,
1693 3289 1817 3361 qui,

149 3381 342 3435 nimia
390 3396 635 3452 pressus
675 3376 1038 3450 aegritudine,
1072 3378 1352 3449 nequibat
1398 3392 1665 3450 gressum
1701 3395 1819 3431 mo-

154 3486 297 3525 vere
324 3468 540 3540 vixque
587 3470 816 3539 poterat
866 3483 935 3522 ex
980 3467 1149 3522 effeto
1197 3483 1435 3539 corpore
1466 3467 1641 3521 verba
1688 3483 1820 3538 pro-

1925 3287 2055 3343 vitae
2107 3289 2351 3344 curabat
2397 3290 2831 3359 abrenuntiare,
2876 3294 2942 3345 ut
2988 3290 3049 3344 in
3098 3306 3338 3362 corpore
3388 3287 3581 3344 adhuc

1927 3377 2155 3449 positus
2186 3378 2480 3433 videretur
2518 3379 2747 3435 beatam
2798 3378 3074 3451 angelica:
3122 3377 3582 3435 conversationis

1932 3466 2243 3538 puritatem
2267 3482 2549 3520 exercere.
2565 3466 2673 3520 Pro
2694 3466 3106 3523 defunctorum
3124 3482 3358 3538 quoque
3378 3466 3582 3538 requie

158 3558 339 3613 ferre.
374 3556 482 3613 Cui
512 3555 880 3611 venerandus
911 3560 1075 3627 pater
1104 3555 1353 3627 genibus
1383 3554 1573 3609 afﬁxis
1604 3554 1704 3610 diu
1736 3558 1825 3610 est
1930 3554 2404 3626 incorruptorum
2454 3557 2954 3609 sacramentorum
3003 3552 3377 3609 celebrationi
3407 3553 3581 3610 solito

154 3644 540 3702 familiariter
566 3642 818 3713 locutus,
843 3647 899 3699 et
927 3643 1180 3714 propriis
1210 3642 1534 3698 involutum
1565 3643 1825 3699 vestibus

153 3734 300 3791 suis
330 3731 534 3786 intulit
569 3732 834 3788 humeris
866 3733 937 3787 ad
969 3732 1184 3787 lectum
1219 3732 1315 3803 qui
1349 3731 1457 3787 sibi
1504 3732 1825 3804 pontificali

154 3837 335 3879 more
370 3819 563 3874 fuerat
591 3824 976 3893 preparatus;
1006 3820 1477 3891 intrinsecusque
1499 3821 1702 3891 januis
1733 3822 1830 3875 ob-

151 3909 381 3967 seratis
438 3923 506 3963 ac
566 3907 833 3965 ministro
866 3912 1157 3981 soporato,
1191 3908 1318 3980 ipse
1373 3907 1554 3963 solita:
1614 3907 1832 3964 institit

152 3996 510 4074 psalmodiis
540 3995 598 4051 in
645 3996 833 4052 vicino
864 3997 1141 4053 oratorio.
1176 3997 1421 4052 Demum
1479 4001 1613 4068 post
1643 3997 1828 4052 diuti-

157 4104 304 4144 nam
334 4086 545 4141 horam
584 4089 821 4141 assueto
872 4103 986 4142 usu
1038 4084 1205 4140 humi
1256 4086 1580 4142 cubaturus
1636 4085 1827 4154 rediit,

1932 3642 2301 3713 frequentius
2339 3641 2699 3713 invigilahat.
2731 3641 2801 3696 Et
2843 3657 3183 3713 quanquam
3212 3640 3308 3696 hic
3336 3640 3503 3697 labor
3530 3640 3586 3696 ei

1936 3731 2141 3786 luisset
2166 3729 2494 3802 pracipuus
2515 3733 2635 3786 toto
2655 3734 2915 3800 tempore
2931 3729 3024 3785 sui
3045 3727 3591 3797 incolatus,ferven-

1936 3820 2067 3875 tiori
2100 3824 2296 3874 tamen
2330 3818 2525 3874 studio
2564 3822 2622 3873 et
2660 3817 2982 3889 c0piosiore
3026 3822 3295 3873 votorum
3344 3832 3591 3874 numero

1938 3908 2249 3963 insistebat
2278 3910 2396 3962 tam
2421 3906 2674 3979 glorioso
2696 3905 2855 3978 operi
2885 3906 3039 3961 circa
3058 3906 3214 3962 diem
3245 3906 3337 3961 sui
3368 3904 3586 3961 obitus.

1941 3998 2008 4052 Et
2024 3996 2302 4067 quoniam
2321 3993 2640 4050 divinitatis
2657 3994 3181 4067 providentia,tum
3202 3993 3587 4068 indulgendo,

1940 4089 2069 4141 tum
2099 4084 2456 4140 verberando
2501 4087 2775 4155 operatur
2802 4082 3051 4139 salutem
3099 4083 3211 4139 sibi
3260 4085 3593 4156 obsequen-

155 4176 472 4249 leprosum
505 4190 685 4247 quem
733 4178 1026 4230 exstructo
1077 4174 1365 4230 locaverat
1416 4179 1540 4230 toro
1592 4174 1833 4230 minime
1942 4175 2112 4243 tium,
2139 4174 2207 4229 ad
2239 4173 2474 4228 virtutis
2504 4171 2807 4228 cumulum
2829 4188 2964 4228 eum
2993 4172 3136 4229 adeo
3163 4170 3476 4246 ﬂagellavit
3507 4171 3591 4226 af-

160 4263 422 4337 reperit,
479 4262 797 4318 excitatum
856 4279 1106 4334 puerum
1174 4263 1494 4335 interrogat
1550 4280 1834 4335 quorsum
1945 4262 2199 4317 ﬂictione
2229 4261 2530 4317 salutifera
2561 4266 2645 4329 ut,
2670 4260 2897 4333 perdito
2918 4260 3111 4317 omnis
3141 4260 3253 4317 cibi
3283 4259 3595 4327 desiderio,

167 4366 408 4425 pauper
456 4350 684 4406 abierit.
720 4349 823 4405 Ille
851 4351 1138 4406 attonitus
1185 4355 1427 4406 cunctos
1475 4351 1685 4407 circuit
1733 4368 1835 4406 an-
1944 4351 2255 4423 irrepentis
2278 4350 2461 4405 morbi
2496 4349 2661 4405 dolor
2678 4366 2813 4405 eum
2835 4349 3176 4406 continuare
3206 4353 3439 4422 cogeret
3467 4365 3597 4421 quae

165 4439 349 4513 gulos
380 4438 616 4505 domus,
650 4439 938 4494 ostiorum
982 4438 1230 4494 sollicite
1270 4443 1458 4495 tentat
1487 4440 1702 4509 aditus,
1735 4441 1837 4497 sed
1949 4439 2086 4495 olim
2109 4443 2314 4510 sponte
2336 4439 2639 4495 exercebat
2652 4436 2900 4509 jejunia,
2915 4436 3101 4493 solius
3124 4437 3373 4511 lymphae
3396 4436 3602 4510 poculo

170 4527 383 4585 omnia
430 4527 736 4583 inveniens
783 4527 1073 4609 obserata,
1119 4544 1254 4583 cum
1303 4543 1539 4583 summa
1585 4529 1838 4584 admim-
1873 4551 1919 4616 ι)
1953 4527 2210 4584 marcido
2263 4528 2486 4599 corpori
2550 4528 2845 4599 praebente
2903 4526 3322 4584 sustentacula.
3383 4527 3611 4582 Interea

170 4618 340 4674 tione
389 4616 739 4689 regreditur.
771 4615 892 4672 Hoc
920 4632 1056 4689 ergo
1088 4616 1237 4672 facto
1269 4617 1542 4688 stupidus
1589 4619 1842 4673 domnus
1876 4614 1887 4616 ⁷
1953 4616 2183 4674 evoluta
2214 4615 2351 4671 anni
2404 4616 2564 4683 orbe,
2598 4616 2856 4671 instabat
2885 4615 3014 4686 ejus
3061 4615 3446 4672 ordinationis
3483 4614 3613 4671 dies

176 4701 545 4779 apostolicus
592 4704 692 4759 dat
742 4703 898 4760 fessa
949 4704 1280 4777 soporiferae
1331 4705 1512 4777 quieti
1562 4706 1843 4773 membra,
1955 4705 2411 4771 anniversarias,
2464 4705 2522 4759 in
2584 4721 2699 4776 quo
2754 4703 2924 4760 solito
2982 4704 3245 4760 devotius
3293 4702 3614 4775 quotannis

178 4800 238 4851 et
282 4793 487 4850 nescio
538 4793 681 4866 quid
731 4791 916 4848 divini
974 4792 1034 4848 in
1094 4793 1317 4849 somnis
1376 4810 1641 4864 cernens,
1674 4811 1847 4850 mane
1955 4794 2186 4850 Christo
2235 4794 2348 4866 piis
2388 4793 2696 4848 insistebat
2743 4793 3036 4864 precibus.
3090 4792 3365 4858 Quamvis
3412 4791 3614 4861 itaque

179 4899 364 4957 puero
413 4897 552 4937 cum
602 4882 864 4938 terriﬁca
894 4881 1281 4938 admiratione
1320 4883 1568 4955 imperat
1617 4900 1689 4939 ne
1731 4884 1844 4952 cui,
1956 4883 2259 4955 languoris
2289 4882 2651 4938 invalescens
2683 4880 2957 4937 molestia
2990 4878 3215 4953 fatigati
3237 4878 3450 4935 divinis
3479 4892 3616 4949 ope-

183 4970 375 5044 quoad
429 4970 670 5051 viveget,
707 4968 831 5026 ullo
889 4971 1065 5026 modo
1122 4971 1402 5043 panderet
1438 4973 1593 5043 quod
1652 4978 1847 5028 actum
1956 4972 2122 5028 ribus
2161 4971 2422 5043 corporis
2469 4972 2587 5040 iam
2637 4968 2970 5024 debilitaret
3016 4968 3353 5041 pra’corzlia,
3385 4965 3611 5037 Spiritu

182 5061 390 5117 fuerat.
436 5058 643 5126 Credo,
699 5057 783 5113 illi
842 5059 903 5114 in
956 5059 1181 5115 somnis
1230 5059 1519 5126 Christus,
1568 5065 1635 5116 ut
1683 5063 1849 5117 beato
1960 5066 2162 5117 sancto
2195 5065 2389 5115 tamen
2434 5058 2765 5126 roboratus,
2795 5073 2829 5112 a
2858 5072 2974 5127 quo
3014 5060 3173 5113 totus
3203 5057 3331 5128 ejus
3361 5054 3487 5110 vita
3519 5053 3613 5108 di-

193 5149 440 5206 Martino
489 5147 779 5223 pontiﬁci,
813 5148 943 5219 ejus
976 5148 1220 5204 indutus
1250 5149 1510 5205 vestibus
1560 5150 1850 5222 apparuit,
1962 5150 2259 5223 rigebatur
2314 5162 2545 5210 cursus,
2578 5160 2712 5198 cum
2770 5143 3100 5215 apostolica:
3159 5143 3460 5217 dignitatis
3507 5142 3615 5200 ho-

186 5244 285 5295 aut
326 5240 488 5297 velut
539 5234 862 5308 Martyrius
907 5237 1233 5293 monachus
1263 5238 1399 5310 (53),
1431 5237 1732 5310 leprosum
1784 5240 1855 5295 de
1963 5256 2103 5296 nore
2132 5255 2199 5293 eo
2239 5236 2331 5291 die
2380 5233 2696 5289 missarum
2744 5231 3047 5288 celebrans
3092 5229 3401 5300 solemnia,
3431 5235 3618 5286 Bene-

187 5329 304 5386 suis
332 5327 716 5385 exsiliean
768 5325 925 5383 ulnis
974 5325 1186 5383 oculum
1237 5327 1554 5383 ascendere
1601 5327 1764 5394 vidit,
1798 5333 1857 5383 et
1963 5333 2265 5393 ventanos,
2298 5339 2433 5380 cum
2484 5320 2704 5393 quibus
2751 5323 2892 5374 tunc
2938 5317 3299 5385 morabatur,
3343 5315 3621 5387 gratiﬁce

183 5434 355 5477 causa
407 5412 795 5482 humilitatis,
830 5430 903 5470 ne
947 5414 1059 5470 sibi
1105 5431 1210 5487 pro
1262 5414 1525 5469 humana
1570 5414 1746 5471 laude
1772 5416 1855 5470 vi-
1967 5414 2324 5472 atl‘abilitatis
2354 5408 2697 5469 exhilaravit
2726 5406 2940 5464 laetitia.
2966 5408 3034 5462 Et
3061 5406 3171 5461 hoc
3200 5404 3310 5460 fuit
3339 5401 3623 5461 ultimum

183 5529 356 5663 23(533)
390 5526 482 5583 De
515 5537 587 5606 eo
619 5520 743 5593 (git
773 5522 980 5580 beatus
1012 5520 1328 5595 Gregorius
1360 5520 1605 5578 homilia
1633 5524 1703 5578 39
1732 5523 1791 5578 in
1814 5523 2146 5596 Evangelia.
2171 5523 2367 5577 Vitam
2397 5535 2532 5576 vero
2563 5516 2723 5575 illius
2753 5515 2987 5574 exhibet
3013 5513 3330 5573 Bollandus
3360 5508 3432 5565 ad
3464 5506 3625 5570 diem

316 5610 597 5660 anuarn.

316 5610 597 5660 anuarn.
