3964 6206
402 319 524 383 503

1782 324 1845 385 S.
1893 323 2045 385 LEO
2089 321 2167 385 IX
2210 322 2434 384 PAPA.

3704 320 3845 386 504

401 459 463 516 in
496 455 709 515 divinis
756 456 1136 515 sacramentis
1183 455 1554 529 obsequium,
1585 455 1752 529 quasi
1805 455 2047 514 vivificis
2078 454 2133 524 Α
2163 459 2422 512 astantes
2452 453 2768 530 respiciens
2801 453 3052 531 singulis
3081 471 3184 530 pro
3219 453 3333 513 sibi
3363 452 3621 527 exhibito
3656 455 3849 513 obse-

401 548 734 607 valedioens
772 545 1083 618 mysteriis,
1117 545 1332 618 quibus
1372 564 1604 619 semper
1634 562 1695 602 se
1726 548 2052 619 praebuerat

404 637 671 711 dignum.
705 634 1067 691 Certificatus
1097 639 1291 690 autem
1325 636 1395 690 de
1426 652 1547 691 suae
1586 636 1906 692 vocationis
1936 640 2049 692 ter-

402 726 584 794 mino,
631 724 876 779 Romam
921 739 983 778 se
1029 723 1164 778 ferri
1214 724 1348 778 fecit
1394 724 1607 779 lecticae
1655 724 1937 781 vehiculo.
1987 726 2049 780 In

404 830 521 887 quo
549 812 756 869 itinere
788 812 873 868 sic
892 828 1027 868 eum
1062 811 1390 869 conciliavit
1410 812 1681 869 divinitas
1709 831 1825 870 non
1858 814 2049 870 solum

403 902 549 969 suis,
569 918 771 958 verum
803 902 979 957 etiam
1010 901 1103 957 his
1125 903 1223 974 qui
1250 919 1438 974 nuper
1458 903 1687 958 fuerant
1715 903 1961 970 inimici,
1985 908 2052 960 ut

401 991 637 1064 copiosa
666 1007 879 1047 manus
926 991 1418 1059 Normannorum,
1445 992 1593 1064 quos
1641 1010 1821 1065 supra
1849 993 2049 1049 retuli-

400 1098 536 1138 mus
566 1081 667 1137 diu
699 1098 832 1137 cum
865 1081 974 1136 hoc
1020 1081 1142 1137 viro
1191 1082 1468 1137 habuisse
1500 1082 1833 1151 dissidium,
1869 1084 2049 1139 totius

400 1170 582 1227 animi
613 1170 1016 1228 sincerissima
1047 1171 1449 1228 devotione.se
1492 1171 1739 1227 invicem
1771 1172 2049 1243 praeveni-

397 1263 531 1316 rent
563 1262 632 1315 ad
664 1262 791 1332 ejus
830 1261 1201 1333 obsequium.
1234 1262 1303 1315 Et
1342 1260 1582 1316 decebat
1620 1261 1824 1333 utique
1854 1262 2047 1317 fortis-

399 1350 619 1407 simum
652 1350 1018 1405 defensorem
1050 1349 1389 1405 Christianae
1437 1349 1734 1422 religionis
1776 1353 1860 1417 ut,
1897 1352 2049 1423 regis

399 1438 493 1495 sui
542 1436 759 1493 Christi
815 1438 1084 1493 aditurus
1138 1436 1376 1509 palatia,
1423 1439 1810 1494 deduceretur
1865 1440 2047 1496 nobili

397 1526 700 1597 triumpho
743 1527 1019 1592 victoriae,
1053 1531 1345 1597 praeeunte
1377 1526 1596 1583 scilicet
1636 1528 1896 1583 hostium
1922 1530 2048 1600 jam

400 1606 850 1687 subjugatorum
894 1616 1296 1671 mansuefacta
1334 1615 1729 1672 multitudine.
1764 1616 2050 1689 Aliquan-

399 1703 594 1761 tulum
647 1721 782 1777 ergo
833 1709 1230 1761 commoratus
1279 1704 1337 1760 in
1389 1704 1763 1762 Lateranensi
1812 1706 2048 1779 palatio,

2160 546 2297 618 quio
2330 546 2547 619 gratias
2592 547 2808 614 retulit,
2840 548 3111 619 fessaque
3151 546 3418 603 membra
3442 546 3516 602 ad
3547 545 3841 619 requiem

2159 651 2515 708 componens
2546 635 2910 692 tolerabilius
2960 635 3129 693 solito
3178 651 3241 692 se
3289 634 3547 692 dolorem
3598 636 3844 693 sentire

2159 725 2477 796 perhibuit.
2511 724 2769 781 Credidit
2805 722 3315 782 circumstantium
3356 723 3620 780 fidelium
3667 724 3843 781 mul-

2158 813 2350 869 titudo
2378 830 2513 869 mox
2542 830 2676 869 eum
2707 814 3119 887 depositurum
3153 813 3344 870 carnis
3389 813 3650 882 exuvias,
3688 832 3843 871 sus-

2159 902 2511 976 piriosisque
2546 902 2909 977 singultibus
2941 903 3332 978 proficiscenti
3355 903 3565 960 animae
3589 919 3848 977 compe-

2156 995 2344 1049 tentes
2375 992 2633 1049 solvebat
2681 994 3008 1065 exsequias.
3045 993 3302 1058 Quorum
3343 1008 3511 1049 voces
3560 994 3846 1067 compri-

2158 1097 2324 1137 mens
2355 1081 2561 1137 beatus
2601 1082 2691 1137 vir
2722 1100 2734 1138 :
2764 1104 2792 1133 «
2825 1082 2964 1152 Hoc,
2999 1082 3213 1154 inquit,
3247 1081 3400 1152 quod
3433 1098 3591 1138 nunc
3624 1082 3843 1155 agitur

2158 1171 2383 1227 differte
2414 1170 2473 1225 in
2506 1171 2712 1227 horam
2743 1170 2972 1227 tertiam
3005 1170 3116 1226 diei
3150 1170 3439 1238 crastinas,
3471 1177 3837 1244 exspectan-

2159 1263 2245 1315 tes
2273 1260 2412 1332 quid
2443 1262 2513 1316 de
2545 1277 2637 1316 me
2686 1260 2910 1332 placeat
2959 1259 3391 1332 omnipotentiae
3439 1259 3563 1316 Dei.
3591 1283 3619 1310 »
3655 1261 3837 1334 Vigi-

2158 1349 2390 1404 lantiori
2440 1349 2619 1421 igitur
2649 1349 2975 1414 affectione,
3009 1352 3240 1421 postero
3290 1347 3403 1416 die,
3437 1348 3629 1404 adfuit
3676 1349 3837 1406 hora

2157 1438 2330 1494 tertia
2359 1438 2593 1510 copiosa
2643 1437 2906 1493 fidelium
2953 1436 3308 1509 frequentia,
3339 1441 3397 1492 et
3425 1436 3581 1493 circa
3611 1437 3836 1494 horam

2158 1544 2394 1594 nonam,
2422 1526 2748 1583 resolutum
2778 1543 2951 1582 carne
2984 1526 3259 1599 spiritum
3290 1525 3589 1599 coelosque
3620 1530 3839 1599 peten-

2158 1620 2277 1671 tem
2344 1617 2641 1671 deducunt
2705 1614 3212 1671 commendatione
3260 1610 3663 1673 devotissima.
3727 1618 3839 1672 Af-

2159 1706 2375 1761 ﬂuente
2406 1709 2601 1760 autem
2636 1705 2816 1760 totius
2862 1705 3136 1760 Romanae
3177 1703 3365 1777 plebis
3413 1703 3835 1774 multitudine,

400 1792 848 1867 praestolabatur
877 1794 1019 1866 quid
1052 1794 1121 1849 de
1153 1811 1215 1850 se
1245 1798 1539 1867 statueret.
1577 1796 1791 1851 interni
1823 1796 2047 1853 Judicis
2082 1833 2130 1898 B
2162 1812 2297 1850 cum
2329 1810 2562 1851 summo
2592 1794 2812 1849 honore
2842 1795 2971 1865 ejus
3003 1792 3306 1849 celebrata:
3335 1796 3475 1850 sunt
3504 1794 3836 1867 exsequiae,

401 1882 862 1939 clementissima
918 1883 1245 1957 dispositio.
1300 1888 1511 1940 Beatus
1570 1888 1765 1941 autem
1822 1885 2049 1953 Petrus,

400 1990 516 2029 non
547 1973 861 2028 immemor
889 1972 1099 2028 diutini
1141 1972 1373 2029 sudoris
1406 1990 1520 2046 quo
1551 1974 1662 2029 sibi
1703 1974 1760 2029 in
1799 1976 2049 2047 regendo

401 2061 534 2118 ovili
568 2061 834 2117 Ecclesia:
876 2062 1142 2118 adfuerat
1189 2066 1524 2135 cooperator
1570 2062 1664 2118 hic
1694 2064 1783 2118 vir
1830 2080 2050 2120 memo-

399 2150 625 2222 rabilis,
657 2167 791 2208 eum
832 2152 941 2208 sibi
990 2152 1240 2208 vicinius
1288 2151 1630 2208 deliberavit
1676 2154 2048 2226 conjungere,

400 2244 602 2313 utpote
655 2241 997 2313 participem
1043 2242 1311 2297 futurum
1364 2242 1657 2315 magnifici
1710 2243 1947 2298 honoris
1996 2247 2052 2298 et

400 2329 596 2404 gloria
628 2346 805 2403 quam
838 2330 1054 2386 summi
1096 2330 1353 2386 Pastoris
1400 2335 1691 2402 praeeunte
1721 2332 1908 2404 gratia
1939 2333 2051 2387 Ro-

400 2435 587 2477 manae
645 2418 963 2492 impertivit
1010 2420 1299 2475 Ecclesiae.
1343 2420 1547 2475 Divina
1593 2419 1792 2492 itaque
1836 2420 2047 2477 revela-

398 2508 556 2566 tione
586 2512 677 2565 est
722 2508 962 2564 edoctus
994 2509 1148 2580 quod
1185 2526 1299 2563 non
1349 2506 1494 2564 alias
1543 2525 1677 2564 eum
1727 2514 2052 2565 remaneret

400 2598 590 2657 carnis
640 2597 938 2663 resolutio,
972 2597 1084 2653 nisi
1144 2596 1202 2651 in
1252 2596 1395 2653 locis
1444 2597 1596 2652 beati
1646 2598 1795 2653 Petri
1841 2598 2049 2654 vicinis

398 2688 671 2746 oratorio.
703 2690 821 2743 Nec
863 2703 1026 2742 mora
1058 2704 1070 2741 :
1106 2686 1577 2757 gratulabundus
1615 2703 1791 2759 super
1835 2687 1935 2743 tali
1965 2689 2050 2744 vi-

401 2777 587 2847 sione,
641 2792 822 2847 seque
877 2773 1207 2848 intelligens
1263 2775 1453 2830 vocari
1512 2773 1691 2830 divini
1749 2781 2049 2848 respectus

403 2864 800 2931 miseratione,
849 2863 1054 2918 lectica
1100 2864 1290 2918 denuo
1348 2864 1680 2933 subvectus,
1730 2865 2047 2922 oratorium

401 2953 558 3010 beati
589 2952 739 3008 Petri
768 2956 858 3007 est
886 2951 1207 3023 ingressus.
1244 2951 1328 3007 Ibi
1370 2969 1439 3007 ex
1470 2953 1587 3008 imo
1631 2953 1823 3009 cordis
1868 2954 2048 3011 fundo

397 3041 675 3116 lacrymis
706 3040 1213 3112 permanantibus,
1246 3041 1318 3096 ad
1363 3045 1544 3096 Deum
1595 3044 1909 3099 extendens
1940 3061 2047 3116 pu-

402 3148 530 3187 ram
573 3135 829 3186 mentem
888 3145 1021 3184 cum
1079 3129 1377 3196 manibus,
1410 3129 1741 3186 diutissime
1796 3131 2047 3187 clemen-

2161 1887 2238 1953 et,
2272 1883 2423 1940 sicut
2464 1884 2588 1955 ipse
2619 1883 3010 1954 disposuerat,
3044 1881 3309 1954 sepultus
3339 1886 3429 1939 est
3465 1884 3638 1956 juxta
3665 1884 3835 1940 beati

2160 1971 2454 2046 pontificis
2494 1971 2753 2044 Gregorii
2812 1971 2993 2027 altare
3054 1974 3187 2027 ante
3233 1972 3387 2029 fores
3435 1972 3717 2029 ecclesiae.
3760 1975 3841 2029 Et

2160 2062 2367 2117 merito
2399 2062 2455 2115 in
2501 2062 2706 2117 decore
2746 2060 3063 2133 sepulturae
3092 2059 3177 2115 illi
3230 2064 3413 2116 exstat
3459 2061 3839 2133 eonjunctus

2161 2167 2335 2223 quem
2367 2150 2426 2205 in
2457 2150 2653 2205 divina
2702 2148 2982 2222 religione
3032 2166 3097 2205 ac
3145 2153 3352 2205 sancite
3398 2138 3665 2206 Ecclesiae
3724 2151 3839 2206 in-

2161 2238 2521 2296 stauratione
2566 2243 2655 2294 est
2702 2237 2950 2294 fideliter
2976 2238 3263 2294 imitatus.
3296 2238 3472 2309 Cujus
3517 2237 3708 2295 vitam
3767 2243 3835 2295 et

2160 2329 2530 2384 sanctitatem
2561 2328 2803 2400 quidam
2853 2328 3010 2384 brevi
3051 2326 3304 2384 disticho
3336 2327 3421 2383 sic
3468 2330 3557 2385 est
3603 2344 3836 2401 prose-

2160 2420 2330 2473 cutus
2364 2435 2376 2471 :

2284 2569 2480 2621 Victrix
2510 2569 2675 2617 Roma
2704 2566 2848 2617 dolet
2875 2580 3021 2617 nouo
3054 2567 3273 2617 viduata
3300 2569 3501 2630 Leone,

2344 2633 2419 2681 Ex
2447 2632 2631 2680 multis
2660 2630 2817 2680 talem
2849 2644 2962 2680 non
2992 2630 3102 2692 [al.,
3133 2631 3241 2693 vix]
3276 2630 3524 2682 habitura
3552 2633 3791 2683 Patrem.

2157 2774 2475 2847 Exemptus
2504 2777 2593 2829 est
2631 2777 2827 2829 autem
2855 2750 2950 2828 hic
2979 2772 3067 2828 vir
3116 2772 3466 2846 magnificus
3514 2774 3587 2830 ab
3636 2772 3826 2847 hujus

2156 2862 2284 2917 vitae
2333 2862 2655 2929 laboribus,
2700 2867 2866 2918 aztate
2915 2862 3483 2935 quinquagenarius,
3515 2879 3670 2919 anno
3722 2864 3825 2920 In-

2159 2951 2514 3007 carnationis
2571 2950 2882 3007 Dominicee
2951 2949 3262 3007 millesimo
3320 2951 3822 3026 quinquagesimo

2159 3041 2361 3113 quinto
2393 3041 2525 3112 (54),
2562 3041 2883 3096 Leucorum
2924 3040 3297 3112 episcopatus
3337 3039 3623 3113 vigesimo
3656 3047 3822 3098 octa-

2157 3146 2248 3200 vo,
2281 3128 2644 3201 apostolatus
2674 3133 2869 3184 autem
2900 3132 3079 3185 sexto.
3102 3129 3405 3202 Siquidem
3436 3130 3633 3185 Romae
3666 3132 3825 3187 sedit

400 3219 545 3276 tiam
574 3217 805 3275 Domini
836 3217 1074 3274 secretis
1121 3218 1403 3273 invocavit
1449 3218 1738 3290 precibus.
1770 3220 1913 3276 Dein
1945 3221 2047 3276 de-
2079 3204 2121 3270 C
2160 3219 2330 3275 annis
2352 3219 2629 3290 quinque,
2654 3218 2897 3291 adjectis
2919 3218 3150 3274 duobus
3182 3218 3485 3275 mensibus
3514 3224 3571 3275 et
3602 3236 3817 3276 novem

400 3310 559 3366 latus
597 3310 657 3364 in
698 3307 949 3364 vicinam
999 3307 1281 3379 episcopii
1332 3308 1593 3377 domum,
1642 3307 1912 3365 visitatus
1964 3313 2052 3366 est

401 3398 728 3473 frequentia
773 3396 1036 3453 ﬁdelium
1085 3412 1329 3452 summae
1382 3396 1711 3453 dilectionis
1750 3398 1938 3469 gratia
1977 3400 2049 3454 ad

397 3506 533 3547 eum
573 3485 1014 3545 confluentium.
1049 3488 1305 3551 Quorum
1351 3485 1448 3557 pia
1498 3487 1885 3543 consideratio
1917 3506 2045 3561 per-

394 3579 658 3653 pendens
707 3593 821 3633 non
854 3575 1077 3631 diutius
1107 3592 1242 3630 eum
1298 3575 1667 3631 retinendum
1717 3578 1908 3633 carnis
1955 3596 2042 3635 er-

392 3665 623 3742 gastulo
655 3664 909 3721 decrevit
948 3668 1032 3734 ut,
1067 3663 1346 3735 quoniam
1387 3664 1582 3736 plures
1611 3665 2040 3739 episcoporum,

391 3756 671 3812 abbatum
701 3756 1162 3825 ceterorumque
1191 3751 1453 3808 ﬁdelium
1484 3755 1882 3811 conﬂuxerant
1916 3761 2037 3812 tur-

388 3843 497 3916 bae,
528 3844 612 3900 eis
642 3842 1031 3915 praesentibus
1061 3842 1446 3913 inungeretur
1474 3842 1623 3897 sacri
1647 3842 1756 3899 olei
1789 3843 2034 3916 liquore.

386 3934 575 4007 Super
604 3950 718 4004 quo
764 3932 912 3988 facto
961 3929 1319 3987 exhilaratus
1366 3947 1789 4004 usquequaque
1842 3935 2033 3991 muni-

386 4027 602 4096 tusque
656 4020 941 4077 Dominici
986 4019 1244 4092 corporis
1302 4022 1358 4074 et
1411 4019 1718 4092 sanguinis
1770 4039 2031 4078 commu-

387 4112 581 4180 nione,
615 4110 934 4168 Teutonica
961 4108 1181 4180 lingua,
1210 4112 1275 4162 ut
1306 4107 1497 4163 testati
1529 4112 1671 4163 sunt
1700 4110 1799 4181 qui
1830 4111 2030 4168 adfue-

379 4204 545 4267 runt,
574 4197 675 4253 tali
706 4214 840 4253 cum
872 4197 987 4251 Deo
1028 4196 1257 4251 locutus
1290 4199 1377 4250 est
1416 4195 1674 4251 oratione
1710 4215 1756 4253 τι
1792 4199 2028 4256 Misera-

377 4271 491 4344 tor‘
517 4284 1080 4352 Domine,‘omnium
1138 4284 1506 4355 Redemptor,
1542 4285 1713 4341 unica
1761 4287 2023 4358 salvatio,

378 4377 428 4434 si
453 4373 684 4446 judicas
712 4373 976 4447 expedire
1010 4372 1194 4428 oculis
1234 4376 1347 4428 tuae
1392 4374 1713 4444 majestatis
1745 4380 1808 4429 ut
1837 4376 2024 4433 adhuc

375 4462 673 4521 communi
724 4461 958 4517 utilitati
1004 4461 1350 4534 populorum
1398 4465 1633 4517 tuorum
1683 4463 2017 4536 inserviam,

2160 3308 2387 3376 diebus,
2420 3306 2663 3380 impleta
2690 3307 2910 3363 visione
2940 3323 3115 3379 quam
3147 3324 3327 3380 supra
3357 3308 3428 3363 de
3463 3308 3819 3366 revelatione

2159 3396 2406 3452 calicum
2439 3396 2768 3452 retulimus.
2794 3396 2941 3452 Nam
2970 3396 3233 3468 quinque
3262 3395 3488 3467 calices,
3513 3397 3565 3453 ei
3588 3397 3819 3455 abeato

2157 3485 2323 3541 Petro
2382 3485 2595 3552 collati,
2637 3486 2952 3558 signabant
3001 3485 3440 3557 quinquennale
3495 3487 3625 3559 ejus
3681 3487 3817 3545 vitae

2156 3574 2446 3646 spatium;
2472 3573 2681 3647 reliqui
2704 3578 2843 3640 tres,
2866 3574 2958 3629 sui
2982 3574 3338 3630 successoris
3360 3573 3614 3630 Victoris
3634 3575 3817 3633 trien-

2153 3665 2315 3718 nium
2341 3683 2354 3733 ;
2389 3679 2642 3735 sequens
2674 3680 2850 3729 unus,
2884 3663 3063 3718 beata
3095 3663 3389 3719 memoriae
3423 3664 3715 3726 Frederici
3747 3666 3809 3722 in

2150 3752 2479 3825 apostolatu
2513 3753 2688 3808 unius
2718 3751 2855 3808 anni
2880 3769 3139 3808 cursum.
3161 3752 3269 3807 Sed
3297 3751 3579 3825 quoniam
3612 3753 3811 3831 adhuc

2146 3846 2372 3897 restant
2400 3841 2656 3913 plurima
2693 3842 2767 3897 ad
2819 3841 3134 3897 dicendum
3165 3857 3293 3913 quae
3344 3841 3415 3896 ad
3468 3842 3598 3913 ejus
3648 3845 3808 3899 tum-

2144 3931 2280 3986 bam
2314 3931 2467 3986 fiunt
2496 3930 2691 3985 divina
2721 3930 2935 4003 pietate
2975 3930 3278 3995 miracula,
3314 3930 3598 3986 Romanis
3629 3926 3807 3988 relin-

2145 4020 2383 4091 quimus
2421 4021 2728 4088 exaranda,
2763 4019 2824 4074 in
2855 4036 3107 4092 quorum
3158 4018 3361 4074 diatim
3411 4021 3814 4078 ostenduntur

2141 4109 2467 4181 praesentia.
2502 4109 2781 4165 Nostrum
2813 4113 2902 4165 est
2945 4110 3072 4181 ejus
3105 4108 3313 4163 merita
3354 4107 3580 4165 devotis
3615 4113 3806 4183 preci-

2138 4198 2251 4253 bus
2302 4214 2559 4266 exorare,
2591 4201 2655 4253 ut
2701 4198 2921 4253 viscera
2978 4196 3213 4270 pietatis
3260 4200 3317 4252 et
3362 4197 3804 4269 misericordiae,

2139 4286 2355 4357 quibus
2384 4288 2441 4340 in
2475 4287 2745 4359 praesenti
2791 4286 3053 4342 abundat
3097 4285 3234 4351 vita,
3264 4302 3420 4342 nunc
3453 4286 3514 4341 in
3545 4304 3807 4360 superna

2134 4376 2361 4447 positus
2390 4375 2578 4448 gloria
2625 4374 2795 4431 nobis
2847 4375 3123 4447 dignetur
3172 4374 3430 4452 aperire;
3482 4381 3803 4448 quatenus,

2133 4466 2260 4536 ejus
2314 4469 2514 4521 saneto
2566 4463 2843 4536 sutfragio
2894 4462 3180 4519 scelerum
3233 4468 3578 4520 nostrorum
3629 4466 3805 4523 abru'i

375 4568 623 4621 merear,
653 4568 773 4620 oro,
821 4550 991 4606 celeri
1036 4550 1327 4606 medicina
1374 4556 1485 4606 tuae
1534 4551 1887 4610 visitationis
1935 4555 2022 4609 in-
2055 4570 2100 4634 D
2133 4554 2249 4627 ptis
2289 4552 2554 4622 nexibus,
2588 4569 2852 4625 superna:
2903 4568 3236 4608 mereamur
3285 4568 3414 4609 esse
3476 4553 3801 4627 participes

373 4640 585 4701 stantis
633 4640 994 4714 aegritudinis
1044 4642 1284 4697 evadere
1324 4640 1683 4710 molestiam;
1717 4641 1809 4697 sin
1862 4643 2019 4699 aliud

372 4730 594 4805 aliquid
639 4730 923 4786 deliberat
968 4735 1081 4786 tua
1133 4730 1453 4785 divinitatis
1504 4730 1887 4802 providentia,
1922 4734 2018 4789 de-

369 4826 592 4897 precor,
638 4819 901 4888 Domine,
953 4825 1017 4876 ut
1066 4819 1416 4893 quantocius
1469 4819 1822 4875 concedatur
1874 4822 2020 4877 mihi

368 4912 525 4969 exire
566 4911 746 4985 hujus
794 4909 1053 4984 corporis
1104 4908 1458 4966 habitaculo.
1495 4907 1701 4990 Finitis
1748 4910 2020 4982 precibus

2131 4642 2351 4715 gloriae,
2383 4659 2448 4698 eo
2481 4646 2773 4697 annuente
2805 4641 2906 4713 qui
2941 4642 2998 4695 in
3033 4640 3260 4710 sanctis
3291 4641 3416 4701 suis
3448 4641 3591 4698 facit
3621 4642 3805 4700 mira:

2132 4732 2291 4802 bilia,
2326 4749 2359 4787 a
2388 4731 2604 4804 quibus
2635 4729 2811 4785 etiam
2842 4729 2954 4785 sibi
2987 4733 3260 4786 cantatur
3290 4729 3421 4787 laus
3469 4735 3529 4788 et
3575 4733 3799 4805 gratia-

2131 4839 2262 4878 rum
2298 4821 2448 4878 actio
2479 4821 2540 4877 in
2571 4819 2783 4877 saacUla
2811 4819 3182 4877 saeculorum.
3209 4822 3416 4876 Amen.
3464 4876 3469 4877 ,

436 5065 549 5138 (54)
579 5065 796 5121 Omnes
826 5063 1065 5120 omnino
1096 5066 1364 5138 auctores
1396 5062 1580 5118 sancti
1613 5062 1821 5119 Leonis
1851 5064 2077 5121 obitum
2111 5065 2180 5120 ad
2215 5079 2436 5120 annum
2470 5063 2606 5118 1054
2637 5063 2937 5131 revocant;
2972 5065 3106 5134 post
3131 5062 3301 5134 cujus
3333 5066 3587 5121 mortem
3623 5065 3801 5124 sedes

372 5134 539 5196 anno
554 5137 676 5196 fere
705 5137 935 5210 integro
965 5134 1211 5192 vacavit.
