3964 6206
339 313 458 377 507

1716 311 1782 376 S.
1829 309 1978 374 LEO
2021 309 2100 373 IX
2142 310 2374 379 PAPA.

3628 323 3755 389 508

341 450 744 517 mendo,illam
778 450 1020 507 defende
1044 447 1480 524 inexpugnabili
1513 464 1682 507 muro
1714 457 1824 508 tuae
1849 468 1979 524 pro-
2010 444 2067 512 Α
2099 451 2326 510 Interea
2355 453 2440 511 sol
2481 453 2754 530 apparuit
2803 452 3000 528 terris,
3031 459 3089 516 et
3107 452 3472 518 deleotabilis
3488 457 3636 517 visio
3659 475 3750 517 re-

341 541 695 604 tectionis,et
725 542 794 596 ab
822 558 889 596 ea
918 540 1128 612 repelle
1158 557 1331 596 omne
1363 541 1620 597 schisma
1641 557 1994 613 omnemque

339 631 740 686 haereticorum
775 630 1399 701 perﬁdiam,quatenus
1420 631 1524 686 tibi
1557 649 1689 687 vero
1718 632 1831 687 Deo
1858 633 1997 687 ﬁde.

337 723 471 777 liter
501 721 772 776 serviant.
807 719 1045 774 Custodi
1079 724 1135 775 et
1189 725 1424 792 protege
1455 738 1582 777 eam
1615 722 1685 776 ab
1714 723 1990 780 omnibus

334 811 704 866 inimicorum
741 809 993 873 insidiis,
1028 826 1098 864 ne
1129 810 1593 881 dedignerispro
1618 829 1734 884 qua
1756 813 1990 885 sangui-

337 923 468 961 nem
490 909 654 958 tuum
687 900 1176 975 pretiosissimum
1201 900 1487 957 fudisti.Si
1513 919 1662 973 quos
1684 902 1858 956 etiam
1882 918 1986 972 pro

331 999 434 1050 tua
465 993 576 1048 fide
609 992 818 1063 ligatos
849 991 936 1046 vel
969 991 1504 1046 excommunicatos
1544 991 1614 1045 ab
1663 1008 1730 1046 ea
1779 991 1982 1047 crude-

332 1084 448 1138 lius
481 1083 765 1154 separavi,
795 1086 855 1135 tu
890 1080 1367 1144 clementissime,
1403 1097 1627 1152 precor,
1661 1080 1914 1137 absolve.
1951 1105 1979 1130 ››

330 1174 592 1244 Cumque
606 1171 954 1243 complesset
971 1171 1492 1232 orationem,tanta-.
1515 1171 1817 1225 suavitatis
1842 1171 1985 1226 odor

330 1266 399 1320 de.
431 1263 582 1319 beati
612 1260 763 1316 Petri
795 1261 958 1316 altari
995 1261 1147 1315 exire
1174 1261 1344 1331 erepit
1375 1264 1438 1314 ut
1467 1265 1674 1314 cuncta
1705 1277 1981 1331 superare

326 1353 622 1407 videretur
652 1354 932 1405 aromata.
963 1351 1283 1406 Transacto
1316 1349 1569 1420 denique
1618 1349 1794 1404 unius
1825 1349 1978 1404 horas

329 1439 819 1514 spatio,pra3cepit
849 1439 957 1493 sibi
988 1455 1196 1510 panem
1226 1430 1286 1493 et
1315 1437 1512 1492 vinum
1536 1437 1977 1500 atferri.Quibus

326 1528 785 1601 oblatis,gratias
817 1544 994 1599 agens
1015 1527 1328 1594 benedixit;
1363 1530 1419 1581 et
1448 1527 1759 1583 comedens
1789 1543 1975 1598 quan-

323 1623 450 1676 tum
483 1618 672 1674 tribus
719 1618 944 1673 vicibus
991 1617 1179 1688 potuit
1210 1633 1306 1671 ore
1338 1616 1653 1688 suscipere,
1681 1615 1974 1688 reliquum

327 1708 549 1764 czeteris
579 1724 682 1780 pro
714 1706 1114 1762 benedictione
1144 1705 1464 1760 distribuit.
1500 1707 1621 1770 Quo
1666 1705 1814 1760 facto
1844 1721 1972 1776 per-

323 1797 468 1853 rexit
497 1797 564 1852 ad
595 1796 860 1850 tumbam
886 1810 1059 1866 quam
1095 1793 1152 1847 in
1186 1792 1490 1848 ecclesiam
1517 1793 1726 1848 deferri
1761 1810 1971 1865 prace-
2001 1820 2049 1884 B

321 1890 503 1958 perat.
549 1887 734 1949 Quam
794 1885 1029 1938 intuens
1085 1880 1540 1953 lacrymabiliter
1590 1898 1602 1936 :
1655 1905 1682 1929 ‹‹
1743 1881 1967 1949 Videte,

320 1975 531 2047 inquit,
567 1975 775 2029 fratres
809 1973 944 2041 mei,
975 1987 1151 2043 quam
1182 1970 1313 2025 vilis
1344 1987 1638 2042 quamque
1670 1969 1893 2041 fragilis
1914 1975 1971 2026 et

317 2065 653 2120 transitoria
703 2063 778 2118 sit
827 2062 1088 2117 humana
1119 2060 1318 2131 gloria.
1362 2059 1581 2136 Videte,
1616 2060 1880 2130 inquam,
1913 2062 1971 2113 et

316 2153 726 2225 unusquisque
755 2156 1010 2208 vestrum
1043 2150 1143 2222 qui
1175 2150 1234 2204 in
1266 2149 1488 2221 fragilis
1531 2149 1734 2203 mundi
1784 2148 1970 2220 fulget

316 2243 640 2299 honoribus
673 2259 764 2297 me
804 2257 1037 2311 semper
1069 2240 1124 2293 in
1159 2236 1490 2311 exemplum
1524 2241 1582 2291 et
1625 2254 1738 2307 pra?
1783 2237 1968 2292 oculis

316 2332 546 2388 habeat.
582 2331 955 2386 Considerate
987 2345 1190 2384 omnes
1221 2343 1397 2397 quam
1429 2325 1720 2381 versatilis
1750 2327 1826 2380 sit
1856 2325 1966 2380 hu-

317 2438 501 2475 manae
522 2418 694 2474 sortis
722 2417 1121 2485 conditio.Ego
1139 2415 1238 2486 qui
1256 2432 1322 2468 ex
1339 2413 1519 2469 nihilo
1543 2415 1964 2484 propemodum

315 2508 386 2562 ad
418 2507 688 2561 humanae
713 2504 910 2575 gloriae
942 2502 1236 2575 fastigium
1268 2506 1499 2556 evectus
1533 2502 1729 2572 [sum],
1756 2502 1828 2556 ab
1859 2501 1967 2556 hoc

315 2613 471 2651 nunc
492 2594 702 2649 iterum
726 2594 839 2647 fere
856 2593 926 2646 ad
947 2590 1198 2645 nihilum
1218 2605 1348 2646 sum
1368 2590 1964 2661 redigendus.Cellam

315 2701 492 2758 quam
546 2682 871 2737 monachus
919 2679 1135 2735 incolui
1186 2679 1244 2734 in
1292 2679 1722 2751 spatiosissima
1749 2677 1966 2750 palatia

305 2773 660 2845 jamdudum
693 2770 806 2825 vidi
842 2786 1179 2825 conversam
1217 2787 1228 2824 :
1264 2769 1435 2824 modo
1466 2769 1537 2823 ad
1566 2768 1747 2837 hujus
1778 2784 1966 2824 sarco-

314 2862 489 2935 phogi
524 2860 828 2933 angustias
858 2859 1073 2913 iterum
1104 2863 1193 2912 est
1222 2858 1622 2914 remeandum.
1651 2856 1960 2928 Respicite,

311 2948 874 3023 inquam,quomodo
897 2951 1028 3018 post
1044 2946 1383 3018 splendidas
1404 2951 1594 3001 vestes
1615 2961 1964 3000 aranearum

311 3039 445 3096 telis
464 3039 576 3093 sim
596 3036 1354 3110 cooperiendus,etjamjam
1377 3035 1436 3089 in
1459 3036 1744 3090 vermium
1768 3051 1961 3090 escam

311 3127 718 3183 destinandus.
746 3125 924 3180 Hodie
955 3124 1254 3179 vobiscum
1286 3141 1418 3178 caro
1446 3127 1501 3176 et
1531 3123 1773 3194 sanguis
1804 3140 1959 3188 sum,

311 3235 440 3273 cras
487 3221 790 3270 convertar
839 3215 896 3268 in
950 3214 1224 3269 cinerem.
1264 3236 1291 3262 ››
1324 3213 1542 3267 Deinde
1585 3213 1655 3266 ad
1706 3211 1955 3284 sepulcri
1987 3195 2030 3262 Ο

309 3306 563 3378 lapidem
595 3302 1111 3366 conversus,tlebili
1142 3302 1459 3356 admodum
1482 3318 1619 3355 voce
1642 3301 1762 3355 haec
1783 3301 1959 3356 verba

311 3394 552 3468 protulit
584 3412 596 3449 :
633 3413 654 3441 α
689 3393 1033 3448 Benedictus
1063 3391 1145 3446 sis
1173 3391 1322 3445 inter
1365 3389 1608 3460 lapides.
1651 3388 1962 3444 Benedicat

309 3489 385 3553 te,
419 3484 519 3555 qui
553 3489 608 3538 te
639 3498 704 3536 ex
736 3479 916 3534 nihilo
951 3480 1102 3540 fecit,
1136 3483 1193 3533 et
1224 3495 1366 3533 meae
1395 3484 1558 3532 terrae
1587 3495 1652 3533 ac
1693 3477 1959 3548 corporis

310 3573 492 3628 voluit
520 3557 648 3627 esse
678 3571 998 3626 custodem.
1043 3569 1156 3633 Sis,
1207 3584 1429 3640 precor,
1481 3567 1625 3621 mihi
1670 3566 1962 3622 fidissima

309 3659 1086 3735 petra,ut,quemadmodum
1106 3674 1285 3729 supra
1300 3655 1682 3728 apostolicum
1705 3654 1959 3726 lapidem

310 3767 480 3806 suam
509 3749 764 3834 ﬁrinavit
795 3747 1066 3802 Christus
1095 3744 1523 3812 Ecclesiam,sic
1555 3742 1700 3799 mihi
1731 3743 1958 3799 contin-

310 3843 409 3912 gat
437 3832 625 3909 usque
648 3839 717 3891 ad
752 3837 906 3892 diem
929 3835 1138 3906 judicii
1159 3839 1214 3891 te
1235 3849 1496 3890 meorum
1522 3832 1744 3888 ossium
1777 3832 1958 3888 fidum

310 3928 524 3983 habere
553 3927 958 3992 custodem,ut
993 3924 1050 3978 in
1082 3924 1176 3979 die
1205 3923 1325 3989 illa,
1358 3939 1492 3977 cum
1525 3921 1827 3977 districtus
1857 3921 1960 3977 Ju-

309 4017 419 4071 dex
448 4014 690 4083 venerit,
726 4031 852 4069 meo
885 4030 949 4068 ac
980 4017 1081 4068 tuo
1113 4028 1206 4067 me
1237 4013 1446 4067 reddas
1475 4011 1750 4066 Creatori.
1773 4031 1800 4059 »
1836 4011 1961 4065 Haec

309 4103 410 4160 illo
441 4103 892 4169 dicente,omnis
921 4119 1048 4173 quae
1080 4101 1307 4156 astabat
1335 4097 1653 4155 multitudo
1684 4115 1963 4154 conversa

310 4198 399 4248 est
428 4193 488 4247 in
518 4191 840 4263 planctum.
873 4190 1098 4253 Quibus
1125 4188 1221 4243 ille
1251 4189 1333 4242 ait
1365 4206 1378 4242 :
1409 4212 1436 4237 ς(
1469 4187 1712 4253 Sufficit,
1747 4186 1957 4258 inquit,

310 4283 519 4336 fratres
550 4279 684 4344 mei,
719 4279 870 4347 quod
905 4277 1210 4347 hucusque
1239 4275 1412 4331 hodie
1442 4292 1672 4331 mecum
1704 4291 1962 4348 perseve-

310 4368 508 4424 rastis.
543 4368 623 4422 Ite
646 4368 771 4436 jam
804 4364 1211 4436 unusquisque
1239 4364 1310 4420 ad
1341 4367 1613 4430 vestra,et
1637 4381 1766 4420 eras
1789 4380 1960 4419 mane

310 4456 383 4511 ad
415 4471 510 4510 me
536 4453 820 4523 venite,ut
849 4453 990 4525 quid
1023 4453 1288 4508 futurum
1320 4451 1396 4509 sit
1422 4452 1957 4508 videatis.»Dictum

310 4545 651 4615 factumque
683 4543 928 4613 est.lpse
956 4558 1089 4598 vero
1121 4546 1288 4598 nocte
1320 4542 1376 4596 in
1407 4543 1667 4598 oratione
1698 4545 1959 4614 prostra-

310 4637 406 4688 tus
435 4636 616 4689 totam
654 4632 816 4687 duxit
845 4632 1198 4687 insomnem.

381 4722 470 4777 IV.
503 4722 766 4777 lnvisitur
795 4740 828 4776 α
861 4721 951 4776 SS.
991 4725 1146 4777 Petro
1193 4729 1245 4775 et
1291 4721 1479 4775 Paulo.
1535 4720 1676 4774 Obit.
1709 4751 1775 4760 —
1801 4719 1954 4775 Hora

308 4817 504 4868 autem
555 4813 1061 4884 appropinquante
1108 4808 1459 4872 matutinali,
1493 4809 1836 4864 cadentibus
1883 4809 1956 4864 de

307 4901 450 4957 ccelo
475 4902 602 4971 jam
628 4901 831 4964 stellis,
863 4900 975 4971 ipsi
1009 4899 1110 4971 qui
1141 4899 1386 4954 aderant
1412 4897 1630 4966 labore,
1663 4903 1727 4953 ut
1754 4898 1814 4952 in
1853 4899 1957 4954 tali

305 4988 558 5062 negotio,
589 4989 816 5062 fatigati
848 4993 905 5043 et
935 4986 1169 5060 vigiliis,
1212 5002 1418 5041 somno
1462 4986 1741 5055 irruente,
1783 5003 1958 5058 parca

306 5079 593 5134 dederunt
617 5078 882 5133 membra
914 5075 1126 5148 quieti;
1162 5075 1377 5146 quibus
1419 5091 1522 5130 nec
1550 5091 1680 5130 vere
1710 5075 1956 5149 vigilan-

305 5166 465 5221 tibus
495 5183 600 5221 nec
632 5167 872 5222 omnino
921 5164 1370 5228 dormientibus,
1402 5169 1802 5236 apparuerunt
1842 5165 1957 5220 duo

303 5255 411 5308 viri
443 5256 502 5309 in
532 5256 794 5310 vestibus
835 5253 984 5309 albis
1011 5268 1144 5308 cum
1185 5268 1252 5307 eo
1283 5251 1611 5323 loquentes,
1661 5257 1717 5308 et
1762 5253 1958 5310 nescio

304 5343 446 5417 quid
480 5343 975 5398 scribentes.Cum
1002 5347 1196 5398 autem
1228 5340 1309 5395 illi
1344 5341 1440 5412 qui
1483 5342 1724 5397 aderant
1766 5343 1959 5399 subti-

303 5432 436 5485 liter
471 5433 871 5501 perquirerent
901 5433 1140 5502 quinam
1166 5435 1357 5486 essent
1381 5430 1462 5485 illi
1484 5432 1582 5499 qui
1607 5431 1664 5485 in
1694 5431 1790 5488 tali
1816 5432 1958 5488 hora

305 5535 414 5572 suo
448 5518 674 5572 molesti
708 5527 906 5574 essent
937 5518 1263 5582 domino,in
1287 5519 1415 5589 ipsa
1434 5525 1736 5575 ostensum
1761 5526 1851 5577 est
1873 5521 1956 5576 eis

302 5604 528 5658 visione
559 5603 688 5658 illos
715 5607 1008 5676 apostolos
1062 5611 1296 5660 Petrum
1346 5612 1403 5662 et
1455 5605 1702 5662 Paulum
1750 5608 1953 5665 fuisse.

2103 548 2269 618 cepta
2297 549 2385 602 est
2412 545 2472 602 in
2504 547 2857 606 coelis.Mane
2886 549 3069 623 igitur
3088 549 3237 606 facto
3267 549 3751 608 convenientibus

2102 635 2701 701 cunctis,venerabilis
2721 639 2989 703 vir,diem
3022 638 3366 712 prastolans
3395 643 3748 709 extremum,

2099 723 2158 779 in
2190 724 2494 781 ecclesiam
2527 726 2679 783 beati
2708 727 2858 783 Petri
2881 745 2944 784 se
2972 727 3184 784 iterum
3218 728 3429 784 deferri
3451 728 3748 800 praecepit.

2098 815 2257 879 Quod
2292 831 2421 869 cum
2457 815 2670 871 factum
2703 819 2876 884 esset,
2909 819 3206 888 prostatus
3236 821 3368 872 ante
3397 815 3749 883 altare,diu-

2094 902 2212 958 tius
2252 920 2383 958 cum
2432 903 2704 976 lacrymis
2753 921 2954 961 secum
3001 905 3204 961 oravit.
3235 905 3536 977 Completa
3567 906 3751 980 igitur

2093 982 2374 1060 oratione,
2407 1009 2581 1049 suum
2614 993 2845 1049 rediens
2875 995 2948 1050 ad
2978 993 3214 1059 lectum,
3249 1011 3623 1051 commonere
3644 1013 3749 1067 po-

2092 1081 2502 1154 pulum,prout
2529 1087 2775 1155 poterat,
2799 1101 2912 1138 non
2945 1083 3277 1152 desinebat;
3311 1085 3410 1140 sed
3439 1084 3581 1156 quia
3600 1085 3749 1142 hora

2091 1175 2348 1226 extrema
2370 1173 2496 1243 jam
2529 1171 3054 1245 appropinquabat,
3074 1173 3403 1228 convocatis
3431 1174 3505 1228 ad
3528 1191 3592 1229 se
3621 1175 3744 1246 epi-

2088 1260 2301 1332 scopis,
2332 1261 2756 1318 confessionem
2803 1261 2957 1328 fecit,
2991 1277 3056 1316 ac
3099 1261 3333 1333 signum
3384 1261 3575 1318 crucis
3629 1264 3746 1319 sibi

2087 1348 2397 1422 imponens
2429 1349 2764 1413 celestibus
2805 1351 3189 1406 sacramentis
3219 1366 3282 1405 se
3312 1351 3582 1406 munivit.
3617 1353 3742 1416 Quo

2086 1440 2258 1505 facto,
2291 1438 2590 1496 silentium
2623 1443 2926 1511 petens,ut
2954 1456 3160 1510 parum
3197 1439 3336 1511 quid
3365 1440 3556 1496 somni
3587 1442 3740 1497 acci-

2084 1531 2247 1600 peret
2293 1528 2350 1582 in
2383 1528 2600 1583 lectum
2652 1531 2828 1600 caput
2868 1526 3190 1595 declinans,
3235 1527 3381 1583 hora
3428 1528 3598 1600 quasi
3651 1529 3740 1584 di-

2085 1617 2268 1672 midia
2297 1617 2536 1689 quievit,
2559 1619 2733 1688 atque
2764 1616 2824 1671 in
2853 1616 2978 1688 ipso
3010 1617 3170 1688 pacis
3201 1633 3408 1672 somno
3440 1616 3544 1672 illa
3569 1634 3738 1674 sanc-

2083 1706 2316 1762 tissima
2341 1706 2538 1762 anima
2568 1721 2741 1761 carne
2765 1705 2959 1760 soluta
2987 1710 3095 1760 est.
3129 1707 3195 1760 In
3236 1706 3408 1775 cujus
3454 1706 3736 1778 obsequio

2083 1795 2241 1850 Beati
2272 1795 2423 1850 Petri
2451 1793 2781 1867 cymbalum
2807 1811 2840 1849 a
2860 1794 3174 1866 semetipso
3199 1793 3359 1850 nullo
3379 1799 3626 1868 cogente
3648 1813 3740 1852 so-

2080 1901 2219 1940 nare
2249 1883 2439 1956 coepit.

2148 1973 2216 2027 V.
2253 1974 2658 2030 Damonz'acam
2686 1973 2976 2028 liberat.——
3004 1971 3204 2027 Altera
3233 1971 3412 2045 igitur
3443 1977 3577 2044 post
3604 1975 3732 2043 ejus

2078 2061 2300 2117 obitum
2334 2062 2721 2132 die,qua2dam
2753 2060 2965 2116 mulier
2993 2060 3279 2117 daemonio
3305 2059 3492 2132 plena,
3507 2061 3577 2116 de
3600 2061 3727 2116 lon-

2077 2151 2318 2224 ginquis
2349 2150 2616 2222 partibus
2641 2151 2712 2206 ad
2745 2149 2951 2205 limina
2983 2150 3133 2204 beati
3165 2149 3317 2204 Petri
3347 2153 3401 2203 et
3432 2149 3593 2203 Pauli
3627 2150 3726 2205 ad-

2077 2240 2252 2295 ducta
2280 2244 2397 2306 est;
2432 2255 2686 2310 cumque
2717 2240 2787 2294 ad
2819 2239 2970 2294 beati
3003 2237 3214 2294 Leonis
3235 2236 3528 2293 tumulum
3555 2238 3728 2295 duce-

2077 2333 2256 2397 retur,
2289 2328 2442 2384 inter
2470 2332 2675 2383 caetera
2722 2345 2824 2399 per
2869 2344 2934 2383 os
2981 2329 3111 2398 ejus
3162 2327 3389 2382 daemon
3430 2324 3724 2397 clamavit,

2075 2417 2276 2473 dicens
2309 2435 2321 2472 :
2355 2440 2382 2466 ‹‹
2416 2417 2459 2472 Ο
2494 2417 2658 2483 Leo,o
2692 2417 2934 2482 Leo,cur
2961 2433 3054 2471 me
3082 2416 3153 2471 de
3184 2416 3321 2471 sede
3351 2430 3483 2470 mea
3506 2417 3727 2472 catenis

2075 2505 2261 2578 igneis
2278 2503 2526 2560 retrahis
2540 2505 2769 2560 ?»Unde
2787 2521 2940 2559 unus
2971 2505 3039 2559 de
3064 2503 3592 2560 circumstantibus
3612 2504 3730 2576 epi-

2074 2595 2267 2667 scopis
2298 2593 2378 2650 ait
2407 2595 2479 2649 ad
2509 2610 2643 2650 eum
2670 2593 2943 2664 :«Adjuro
2972 2597 3027 2648 te
3059 2609 3162 2666 per
3188 2609 3393 2649 verum
3419 2596 3726 2648 aeternum-

2074 2699 2185 2755 que
2217 2683 2401 2739 Deum
2433 2699 2499 2738 ac
2520 2682 2805 2754 judieem,
2841 2686 2906 2738 ut
2934 2681 3095 2738 dicas
3127 2681 3273 2737 mihi
3297 2681 3346 2737 si
3379 2682 3592 2748 Leo,de
3611 2699 3724 2754 quo

2073 2772 2240 2839 dicis,
2273 2789 2408 2828 cum
2441 2771 2662 2827 sanctis
2690 2770 2970 2827 veraciter
2998 2773 3268 2826 sanctum
3301 2769 3603 2842 possideat
3640 2769 3725 2826 lo-

2073 2877 2204 2916 cum
2225 2861 2252 2916 ?
2287 2883 2314 2910 »
2338 2860 2440 2916 Cui
2474 2861 2699 2916 dazmon
2731 2862 2892 2915 tanto
2918 2859 3298 2915 contristatus
3329 2862 3724 2927 sacramento,

2073 2950 2308 3006 mentiri
2338 2966 2454 3005 non
2487 2949 2730 3015 audens,
2759 2947 2894 3003 licet
2921 2947 3141 3003 invitus
3171 2947 3724 3019 respondit:«Vere,

2070 3038 2283 3111 inquit,
2310 3039 2463 3093 inter
2492 3041 2726 3093 sanctos
2751 3041 3065 3093 coronatus
3095 3041 3365 3092 sanctum
3388 3053 3455 3092 ac
3479 3052 3723 3092 venera-

2071 3127 2247 3183 bilem
2278 3127 2502 3182 obtinet
2529 3126 2723 3181 loeum
2739 3142 2861 3197 ;per
2881 3142 3055 3197 quem
3079 3126 3150 3180 de
3171 3125 3283 3180 hac
3302 3142 3479 3197 quam
3512 3141 3722 3181 novem

2068 3217 2239 3272 annis
2269 3220 2326 3269 et
2353 3215 2584 3270 duobus
2614 3214 2918 3271 mensibus
2949 3215 3180 3287 possedi
3214 3215 3388 3270 domo
3417 3213 3583 3269 vobis
3631 3215 3722 3268 vi—

2066 3305 2341 3362 dentibus
2370 3320 2501 3359 sum
2524 3303 3176 3375 ejiciendus.»Cumque
3198 3303 3306 3358 hoe
3327 3303 3720 3370 dixisset,una

2067 3395 2139 3451 de
2169 3392 2685 3449 circumstantibus
2708 3392 3222 3455 mulier.audaeior
3248 3392 3568 3460 caterismt
3589 3408 3720 3464 mos

2070 3487 2159 3538 est
2211 3483 2583 3548 feminarum,
2616 3481 2810 3537 dedita
2853 3480 3213 3547 verbositati,
3262 3479 3320 3534 in
3372 3480 3720 3550 hujusmodi

2068 3573 2185 3628 fere
2206 3571 2478 3628 deridens
2499 3569 2764 3643 prorupit
2783 3569 2958 3625 verba
2986 3587 3036 3625 :«
3058 3570 3416 3640 Quacunque
3437 3569 3583 3625 hora
3605 3570 3719 3624 Leo

2070 3660 2302 3731 ejecerit
2331 3661 2401 3715 de
2431 3675 2670 3731 corpore
2699 3659 2811 3714 isto
2842 3659 3148 3724 daemonia,
3184 3673 3288 3730 ego
3339 3657 3544 3729 regina
3579 3674 3676 3713 ero
3703 3675 3716 3726 ;

2071 3753 2128 3804 et
2155 3749 2418 3820 insuper,
2448 3764 2545 3804 eos
2575 3764 2724 3820 quos
2764 3748 2890 3819 ipse
2919 3747 3242 3801 interficere
3273 3745 3404 3801 fecit
3434 3746 3509 3801 ad
3539 3747 3722 3801 vitam

2070 3838 2369 3895 revocabo.
2408 3860 2436 3886 ››
2469 3837 2616 3892 Mira
2646 3836 2749 3892 Dei
2777 3836 2993 3891 virtus!
3020 3835 3116 3889 vix
3146 3835 3266 3890 haec
3295 3833 3491 3890 locuta
3534 3835 3728 3890 fuerat

2069 3943 2202 3982 cum
2235 3927 2486 3993 daemon,
2517 3924 2698 3981 altera
2725 3924 2992 3992 dimissa,
3011 3939 3138 3979 eam
3173 3921 3486 3978 crudeliter
3517 3939 3725 3979 vexare

2071 4014 2260 4084 cmpit.
2297 4014 2509 4086 Sicque
2538 4015 2757 4069 factum
2788 4016 2879 4068 est
2909 4016 2973 4067 ut
3002 4029 3130 4084 quis
3161 4011 3233 4066 ad
3271 4011 3461 4067 sancti
3507 4027 3727 4084 corpus

2072 4102 2319 4175 supplex
2347 4106 2840 4173 venerat,.recepta
2870 4101 3358 4172 sanitate,sospes
3387 4100 3458 4155 ad
3484 4100 3726 4173 prepria

2070 4195 2381 4258 remearet;
2439 4207 2564 4262 quae
2609 4206 2743 4246 vero
2790 4189 2966 4245 verba
3013 4188 3297 4246 derisoria
3344 4188 3604 4260 proferre
3632 4195 3728 4245 est

2071 4297 2235 4344 ausa,
2267 4279 2537 4334 meritam
2568 4277 2889 4334 incurreret
2919 4283 3233 4350 poenam,et
3255 4279 3420 4348 justo
3455 4277 3727 4349 Deijudi-

2070 4369 2158 4424 cio
2188 4366 2430 4424 alterius
2455 4367 2577 4437 jam
2609 4367 2866 4423 liberatae
2894 4365 3030 4422 inde
3059 4370 3384 4439 asportaret
3431 4366 3608 4422 mala.
3645 4366 3726 4422 Ex

2068 4474 2135 4514 eo
2168 4461 2430 4528 tempore
2456 4455 2661 4511 Leonis
2712 4471 2924 4512 nomen
2958 4454 3187 4522 claruit,
3220 4459 3278 4510 et
3304 4455 3516 4528 ingens
3543 4453 3726 4510 timor

1986 4565 2036 4632 Ι)
2069 4544 2370 4601 universos
2401 4543 2752 4601 invasit.Sed
2784 4543 2918 4616 quis
2948 4543 3100 4600 beati
3131 4542 3337 4599 Leonis
3369 4549 3582 4600 cuneta
3615 4560 3722 4600 va-

2066 4634 2181 4690 leat
2209 4631 2467 4689 evolvere
2484 4631 2770 4689 miracula
2785 4632 2814 4687 ‘I
2841 4633 2942 4704 qui
2963 4632 3072 4687 hoc
3093 4632 3368 4704 perficere
3388 4633 3719 4699 conabitur,

2063 4721 2229 4794 prius
2249 4737 2384 4776 eum
2404 4724 2640 4793 tempus
2662 4720 2892 4776 desinet
2911 4735 3090 4792 quam
3112 4718 3501 4776 materia.Hoc
3521 4726 3719 4776 tamen

2065 4826 2272 4876 unum,
2304 4810 2457 4881 quod
2488 4809 2755 4866 dicturus
2783 4825 2938 4877 sum,
2991 4809 3063 4864 de
3111 4806 3315 4864 multis
3354 4807 3720 4866 reticendum

2065 4915 2195 4956 esse
2225 4915 2341 4955 non
2369 4897 2638 4954 arbitror.

2135 4988 2233 5042 Vl.
2264 4989 2400 5043 Item
2439 4987 2633 5043 aliam.
2665 5018 2736 5028 —
2763 4986 2867 5043 His
2912 4986 3093 5060 igitur
3138 4986 3413 5059 peractis,
3466 4987 3720 5060 populus

2067 5092 2444 5149 perseverans
2464 5076 2592 5147 jam
2623 5079 2858 5131 assueta
2891 5075 3098 5132 Leonis
3128 5075 3506 5146 exspectabat
3543 5077 3720 5132 mira-

2069 5164 2232 5233 cula;
2266 5169 2324 5220 et
2349 5165 2506 5236 quod
2537 5164 2742 5221 devota
2770 5153 3220 5237 praestolabatur
3265 5168 3484 5232 mente,
3516 5182 3719 5238 perpe-

2067 5259 2287 5311 tratum
2309 5252 2435 5309 sine
2458 5269 2622 5308 mora
2643 5252 3037 5326 conspiciebat
3057 5253 3117 5308 in
3143 5253 3492 5324 opere.Nam
3517 5254 3720 5310 eadem

2069 5344 2188 5398 fere
2238 5342 2383 5406 hora
2437 5342 2661 5396 daemon
2721 5358 2824 5414 per
2879 5359 2944 5398 os
2993 5340 3258 5397 mulieris
3317 5341 3388 5396 de
3446 5358 3566 5413 qua
3593 5343 3718 5412 jam

2068 5432 2290 5486 dictum
2321 5433 2411 5485 est
2439 5429 2692 5484 clamare
2723 5431 2896 5502 coepit
2926 5447 2993 5486 ac
3021 5431 3213 5487 dicere
3247 5448 3260 5485 :
3301 5452 3322 5479 α
3370 5431 3529 5486 Heu!
3563 5431 3673 5485 heu
3700 5429 3713 5483 l

2067 5521 2199 5586 Leo,
2231 5535 2337 5574 cur
2365 5518 2577 5573 iterum
2609 5518 2681 5573 de
2711 5519 2818 5574 hac
2847 5519 3022 5574 domo
3063 5534 3156 5575 me
3202 5518 3409 5590 ejicis?
3441 5535 3630 5577 nonne
3659 5523 3718 5574 te

2064 5625 2194 5665 eam
2225 5606 2368 5664 mihi
2401 5607 2655 5663 donante
2675 5607 2946 5678 possideo
2965 5607 2993 5660 ?
3023 5624 3128 5662 cur
3155 5611 3277 5664 tam
3300 5608 3416 5664 cito
3439 5606 3718 5665 mutaris?
