3964 6206
247 350 367 464 βω

978 394 1414 461 PROLEG.—
1445 397 1547 460 DE
1591 399 1655 461 s.
1704 380 1961 460 mone
2003 395 2084 461 1x
2127 395 2247 460 pp.
2294 399 2943 468 COMMENTARIUS.

3546 396 3666 477 sic

248 531 446 593 Nimis
474 531 646 607 turpe
676 534 784 603 est,
809 549 988 606 quam
1006 533 1134 606 jam
1151 532 1378 590 dudum
1398 529 1761 601 dedisti,tam
1791 531 1904 590 cito
1935 532 1992 602 Α
2022 534 2283 592 nitatem.
2308 535 2582 595 Rusticus
2607 536 2847 611 quidam
2866 556 2937 597 ex
2961 540 3175 615 oppido
3196 536 3663 617 Ordonum,cum

254 628 489 681 mutare
516 623 1099 679 sententiam.«Tunc
1128 639 1285 679 unus
1314 623 1384 678 de
1415 621 1705 696 episcopis
1737 622 1904 694 adju-

253 730 393 770 rans
422 729 582 778 eum,
605 713 721 767 ait:
755 734 783 762 «
805 713 1127 780 Quomodo,
1162 712 1461 779 scelerate,
1491 712 1607 768 scis
1622 713 1776 784 quod
1807 712 1906 767 ho-

250 802 348 858 die
377 801 465 857 sis
490 802 564 857 ab
596 801 707 857 hac
738 801 983 857 muliere
1010 801 1370 857 revocandus
1399 804 1457 856 et
1485 801 1851 872 ejiciendus?
1874 822 1902 850 ››

248 890 357 948 Cui
382 891 615 946 daemon
650 890 985 962 respondit:
1011 891 1179 955 «Qua
1209 890 1721 962 hora,inquit,heri
1758 890 1903 944 muti

249 978 523 1051 linguam
546 978 805 1044 resolvit,
847 994 981 1033 cum
999 979 1193 1034 Marco
1216 979 1415 1049 (55),et
1444 979 1739 1034 Marciano
1771 980 1906 1034 Fre-

252 1068 670 1142 quentinensis
708 1068 866 1125 sedis
888 1069 1161 1141 episcopo
1192 1070 1584 1125 Beneventum
1634 1069 1904 1141 perrexit,

253 1162 437 1230 atque
466 1158 690 1215 eisdem
722 1157 1142 1214 comitantibus
1170 1157 1441 1229 Apuliam
1470 1157 1760 1229 petens,in
1778 1157 1905 1213 loco

256 1263 379 1319 quo
398 1251 726 1319 pugnatum
757 1247 829 1302 ab
860 1263 926 1303 eo
964 1248 1091 1319 jam
1122 1247 1314 1303 fuerat
1344 1263 1481 1302 cum
1512 1246 1768 1302 inimicis
1799 1246 1908 1301 de-

255 1336 453 1402 venit;
476 1351 627 1391 nunc
658 1339 857 1391 autem
897 1335 1013 1391 huc
1044 1341 1316 1408 properat
1344 1340 1637 1407 quatenus
1660 1352 1752 1391 me
1770 1335 1907 1391 hinc

257 1424 474 1496 ejiciat.
496 1448 524 1473 υ
557 1426 720 1480 Tune
753 1425 1086 1497 episcopus,
1120 1424 1263 1480 niliil
1294 1424 1694 1480 indiscussum
1725 1424 1908 1480 relin-

253 1513 610 1586 quens,subj
621 1514 789 1570 unxit
807 1530 855 1568 :u
873 1514 1137 1578 Quonam
1152 1514 1332 1586 igitur
1348 1513 1729 1586 signoeorum
1750 1519 1908 1585 pote-

172 1610 181 1615 ‘
258 1602 337 1657 rit
366 1601 1205 1674 deprehendiadventus?»Cui
1230 1604 1457 1659 dmmon
1474 1620 1487 1657 :
1504 1627 1531 1653 «
1557 1603 1619 1658 In
1643 1620 1712 1659 ea
1733 1620 1910 1674 quam

260 1690 334 1746 ad
368 1689 553 1747 altare
584 1690 836 1762 pendere
866 1690 1075 1747 videtis
1105 1690 1411 1764 lampade;
1440 1714 1465 1741 ››
1498 1696 1556 1747 et
1595 1691 1689 1746 his
1738 1692 1911 1747 dictis

262 1779 568 1835 conticuit.
587 1779 923 1836 Transactis
954 1780 1152 1851 itaque
1181 1780 1433 1836 duarum
1468 1780 1583 1836 fere
1633 1780 1911 1836 horarum

268 1867 509 1941 spatiis,
542 1868 681 1923 odor
708 1868 892 1924 mirus
914 1868 1099 1923 factus
1120 1871 1207 1924 est
1229 1886 1330 1941 per
1359 1873 1543 1924 totam
1576 1869 1728 1924 beati
1760 1868 1910 1925 Petri

262 1955 596 2023 ecclesiam,
621 1973 705 2024 ac,
733 1954 1067 2027 videntibus
1097 1958 1346 2024 cunctis,
1403 1962 1914 2029 supramemorata

258 2045 492 2118 lampas
524 2045 702 2102 altius
724 2045 897 2102 solito
926 2064 993 2102 ex
1026 2064 1087 2102 se
1117 2048 1430 2103 ascendere
1461 2046 1656 2119 coepit,
1682 2052 1741 2102 et
1764 2047 1823 2102 in
1847 2063 1915 2103 ea

255 2135 372 2192 tria
402 2133 725 2191 luminaria
753 2141 1151 2207 apparuerunt
1184 2136 1407 2192 ardere.
1432 2137 1553 2202 Quo
1584 2136 1755 2203 facto,
1800 2136 1912 2190 dae-

260 2240 398 2280 mon
430 2224 664 2296 ejulans
695 2222 1001 2280 mulierem
1034 2224 1458 2297 aliquantisper
1488 2241 1693 2280 vexare
1720 2225 1910 2297 cmpit,

261 2318 340 2379 et,
373 2317 441 2369 ut
469 2313 834 2386 praedixerat,
895 2313 1238 2369 adveniente
1268 2315 1470 2380 Leone,
1526 2331 1700 2369 suum
1734 2314 1792 2369 in
1850 2330 1912 2369 se

264 2406 609 2474 retorquens
636 2403 892 2458 iurorem
925 2420 1217 2475 nusquam
1248 2402 1595 2475 comparuit.

338 2492 459 2547 VII.
490 2493 725 2547 Ecclesia
752 2493 811 2547 in
840 2495 958 2564 ejus
986 2492 1245 2549 honorem
1274 2495 1584 2548 Beneventi.
1619 2524 1686 2532 -κ
1720 2493 1913 2563 Longe

261 2580 464 2653 itaque
493 2580 793 2654 divulgata
818 2583 971 2638 fama
996 2581 1413 2638 miraculorum
1440 2581 1764 2639 beatissimi
1782 2582 1913 2637 Leo-

262 2670 376 2738 nis,
414 2670 725 2726 Beneventi
747 2674 934 2742 carpta
960 2675 1049 2727 est
1079 2670 1353 2726 mdiﬁcari
1372 2672 1442 2726 ad
1475 2672 1605 2741 ejus
1627 2670 1911 2726 honorem

261 2758 512 2815 ecclesia
540 2759 653 2830 (56)
695 2763 759 2814 ut
789 2776 962 2831 quem
1013 2760 1401 2816 Beneventani
1433 2759 1585 2816 cives
1643 2759 1837 2815 vivum
1879 2778 1913 2816 a

259 2847 620 2904 Normannis
638 2864 866 2904 carcere
897 2849 1195 2905 detentum
1220 2854 1587 2921 aspexerant,
1607 2850 1732 2921 jam
1757 2866 1912 2904 mor-

260 2942 434 2993 tuum
467 2941 526 2992 et
555 2937 763 3009 spatiis
789 2937 1120 2995 etelestibus
1142 2939 1538 3011 perfruentem
1569 2954 1911 2994 veneraren-

261 3031 374 3083 tur.
410 3027 641 3083 Interea
669 3027 880 3083 accidit
900 3032 963 3082 ut
990 3026 1264 3084 Nicolaus
1296 3027 1538 3099 quidam
1568 3028 1639 3084 de
1672 3026 1912 3083 castello

259 3115 623 3186 Molliniana,
658 3120 716 3171 et
745 3116 1034 3173 Berardus
1063 3117 1133 3173 de
1162 3116 1288 3173 loco
1335 3116 1595 3186 Carrara,
1657 3134 1910 3189 quorum

264 3205 412 3262 alter
440 3205 668 3278 perdito
701 3204 935 3261 brachio
964 3206 1185 3271 dextro,
1209 3205 1471 3261 retractis
1500 3205 1823 3277 poplitibus
1855 3208 1913 3261 et

2019 626 2349 683 annualiter
2368 628 2552 684 votive
2576 628 2789 685 festum
2809 630 2965 687 beati
2988 632 3193 690 Leonis
3213 636 3663 707 excoleret,con-

2018 715 2148 787 tigit
2180 721 2237 770 ut
2270 733 2384 788 prm
2413 717 2597 774 nimia
2639 720 3019 791 oppressione
3069 722 3339 781 laborum
3398 743 3547 800 quos
3605 731 3662 786 in

2018 819 2158 877 agro
2189 807 2445 877 gerebat,
2472 807 2563 862 die
2596 808 2917 875 Dominico,
2973 813 3205 883 quando
3254 814 3403 871 festa
3434 834 3665 874 annun-

2017 892 2241 948 tiantur
2273 894 2510 967 populo,
2535 896 2778 952 minime
2799 898 3103 955 ecclesiam
3128 901 3371 958 adierat.
3397 906 3533 961 Erat
3562 925 3665 963 au-

2018 985 2133 1035 tem
2167 983 2291 1037 dies
2326 984 2507 1039 festus
2538 985 2723 1040 sancti
2775 987 2981 1043 Leonis
3013 988 3072 1043 in
3114 991 3319 1063 quinta
3373 995 3515 1051 feria
3575 1014 3663 1053 se-

2019 1071 2244 1141 quenti,
2274 1073 2428 1144 quod
2460 1075 2733 1144 praedicto
2765 1077 2983 1132 rustico
3013 1084 3135 1134 erat
3159 1080 3545 1157 incognitum.
3569 1085 3667 1143 Ille

2018 1160 2215 1230 itaque
2235 1160 2399 1216 valde
2432 1178 2602 1218 mane
2632 1180 2903 1236 surgens,
2937 1169 3192 1239 sumpsit
3229 1188 3428 1229 secum
3481 1192 3664 1232 unum

2019 1249 2333 1320 puerulum
2357 1266 2532 1322 quem
2555 1251 2739 1307 filium
2764 1253 2998 1309 unicum
3025 1256 3296 1326 habebat,
3325 1265 3382 1316 et
3402 1279 3663 1320 securem

2019 1342 2393 1409 rostrumque
2426 1340 2741 1395 fossorium
2779 1358 2912 1398 mox
2945 1350 3006 1398 ut
3035 1347 3319 1416 applicuit
3349 1368 3455 1405 suo
3503 1368 3667 1425 agro,

2020 1425 2245 1480 dimisit
2277 1428 2619 1496 praedictum
2651 1430 2965 1501 puerulum
2990 1433 3174 1490 ﬁlium
3200 1455 3372 1493 suum
3399 1441 3469 1495 ad
3495 1444 3670 1497 sarci-

2022 1531 2197 1581 nam;
2232 1514 2328 1571 ille
2350 1534 2482 1573 vero
2514 1518 2710 1572 fodere
2754 1521 2923 1576 anxie
2972 1522 3145 1593 coepit
3179 1541 3192 1591 ;
3242 1541 3311 1580 ex
3341 1526 3458 1583 alia
3505 1537 3669 1601 parte

2019 1602 2197 1674 lupus
2214 1610 2522 1677 oreaperto
2542 1606 2873 1664 tulitﬁlium
2891 1611 3018 1680 ejus
3038 1611 3349 1682 puerulum
3376 1620 3436 1672 et
3465 1618 3667 1691 fugam

2022 1693 2288 1764 arripuit.
2325 1695 2488 1760 Quod
2520 1712 2554 1750 a
2583 1695 2751 1768 longe
2781 1713 3026 1754 cernens
3057 1704 3240 1770 pater,
3274 1719 3508 1762 currere
3538 1713 3672 1780 post

2024 1780 2229 1852 lupum
2248 1783 2442 1854 cmpit,
2465 1784 2583 1839 haec
2606 1785 2971 1842 clamitanszu
2998 1788 3041 1843 Ο
3068 1794 3270 1847 sancte
3288 1793 3671 1866 Leo,patrone

2026 1871 2130 1938 mi,
2162 1872 2374 1941 adjuva
2406 1890 2497 1927 me
2523 1874 2757 1928 nuncin
2786 1877 3053 1946 praesenti
3082 1883 3138 1932 et
3160 1881 3334 1936 redde
3360 1883 3506 1939 mihi
3541 1886 3669 1942 uni-

2023 1975 2157 2014 cum
2183 1959 2370 2014 filium
2394 1977 2585 2016 meum
2600 1983 2650 2015 .››
2673 1965 2807 2025 Quae
2823 1962 2913 2017 vix
2931 1962 3160 2020 locutus
3178 1967 3671 2038 fuerat,cumecce

2022 2048 2198 2120 lupus
2219 2049 2444 2104 dimisit
2473 2067 2720 2121 puerum
2755 2052 2834 2105 ita
2866 2052 3115 2109 illaesum
3141 2059 3204 2110 ut
3227 2057 3285 2112 in
3301 2059 3671 2121 vestimentis

2019 2154 2123 2192 nec
2145 2138 2456 2209 vestigium
2481 2138 2720 2209 quidem
2744 2148 3050 2212 appareret
3069 2144 3338 2201 dentium
3361 2148 3483 2221 lupi
3511 2151 3570 2206 in
3602 2169 3670 2209 ea

2022 2231 2184 2298 parte
2215 2243 2330 2297 qua
2360 2244 2495 2282 eum
2532 2227 2708 2301 lupus
2736 2230 3081 2301 arripuerat.
3136 2232 3425 2292 Reversus
3475 2239 3671 2312 itaque

2021 2316 2275 2370 rusticus
2307 2316 2377 2371 ad
2406 2317 2711 2388 oppidum,
2732 2316 2852 2372 haec
2869 2336 3069 2375 omnia
3091 2325 3666 2392 narravit,sentiens-

2016 2419 2130 2474 que
2159 2420 2288 2458 eam
2324 2404 2512 2475 ipsam
2544 2405 2696 2460 diem
2727 2423 2856 2461 esse
2890 2408 3317 2467 aniversariam
3347 2414 3406 2469 in
3446 2433 3666 2474 inemo-

2021 2490 2167 2546 riam
2200 2492 2351 2547 beati
2385 2492 2609 2560 Leonis,
2643 2511 2788 2549 novo
2820 2512 2881 2551 se
2912 2497 3183 2553 astrinxit
3224 2507 3353 2557 voto
3410 2504 3483 2559 ad
3538 2523 3666 2563 eam

2021 2582 2338 2652 quotannis
2360 2581 2700 2638 solemniter
2720 2585 3163 2642 custodiendam
3190 2606 3202 2655 ;
3229 2591 3430 2663 sicque
3449 2595 3665 2654 nedum

2019 2670 2347 2739 Beneventi,
2381 2671 2481 2727 sed
2514 2688 2617 2743 per
2647 2677 2827 2728 totam
2859 2674 3080 2747 Apuliae
3112 2694 3293 2746 oram,
3353 2681 3663 2740 celeberri-

2022 2776 2187 2814 mum
2218 2759 2400 2815 evasit
2430 2760 2636 2817 Leonis
2669 2778 2903 2829 nomen,
2940 2770 3054 2820 er
3086 2766 3170 2821 sic
3201 2768 3547 2840 disponente
3606 2780 3670 2831 ut

2020 2847 2115 2904 his
2144 2847 2201 2903 in
2232 2847 2451 2904 eisdem
2487 2848 2632 2905 locis
2666 2850 2723 2905 in
2763 2852 2999 2922 quibus,
3054 2857 3257 2926 paucis
3304 2863 3439 2915 ante
3495 2864 3668 2921 annis

2022 2936 2326 3009 proﬂigato
2352 2938 2479 3007 ejus
2510 2943 2567 2994 et
2599 2938 2862 2995 Ecclesiae
2893 2944 3168 3013 exercitu,
3229 2946 3354 3019 ipse
3403 2952 3668 3023 captivus

2020 3025 2295 3081 detentus
2324 3026 2534 3092 fuerat,
2568 3030 2967 3099 postmodum,
2999 3030 3308 3105 ingruente
3351 3037 3668 3097 miraculo-

2019 3131 2155 3169 rum
2183 3115 2313 3184 ejus
2342 3115 2518 3184 fama,
2551 3116 2729 3173 iidem
2762 3119 2861 3190 qui
2893 3120 3173 3178 adversus
3203 3141 3337 3181 eum
3388 3132 3671 3187 steterant

2019 3202 2076 3258 in
2102 3204 2296 3275 praelia
2328 3203 2626 3277 supplices
2657 3212 2713 3262 et
2741 3208 3137 3266 venerabundi
3168 3215 3297 3284 ejus
3320 3218 3663 3277 memoriam

261 3293 482 3358 nervis.
514 3293 664 3349 alter
692 3310 825 3349 vero
858 3294 1043 3367 frigus
1073 3298 1132 3349 et
1160 3294 1370 3350 febrim
1388 3311 1577 3365 usque
1602 3294 1672 3348 ad
1698 3294 1909 3366 dysen-
1943 3278 2005 3349 (ἶ
2025 3292 2370 3360 excolerent,
2404 3298 2461 3349 et
2494 3295 2681 3366 magis
2711 3314 2778 3352 ac
2810 3298 3001 3371 magis
3026 3316 3165 3373 erga
3180 3278 3444 3361 sanctam
3471 3308 3666 3365 Eccle-

259 3384 470 3440 teriam
502 3400 719 3457 passus
742 3401 757 3452 ;
790 3400 923 3438 cum
944 3389 1186 3456 uterque
1205 3400 1267 3439 se
1289 3383 1511 3439 deferre
1537 3383 1812 3439 fecissent
1836 3385 1910 3439 ad

260 3472 597 3545 pradictam
631 3471 940 3529 ecclesiam
961 3490 1089 3545 qua:
1113 3472 1559 3529 eonstruebatur
1580 3473 1910 3538 Beneventi,

260 3561 415 3618 illico
445 3561 956 3633 omniumjudicio
982 3562 1350 3634 desperatam
1373 3564 1794 3633 recuperarunt
1819 3578 1911 3616 sa-

333 3705 444 3777 (55)
462 3705 695 3761 Marcus
722 3704 1036 3777 episcopus
1057 3703 1441 3777 Lucernensis
1483 3702 1695 3777 colitur
1723 3703 1911 3777 diem

256 3773 442 3844 Junii,
475 3781 532 3831 et
561 3773 899 3832 Marcianus
924 3773 1236 3847 episcopus
1270 3774 1911 3847 Frequentinus,vulgo

246 3848 536 3919 Frz'gento,
566 3848 660 3902 die
691 3849 757 3902 14
789 3847 1241 3919 δυΙὶἱ.Ι]ῐιιει(ίυθ
1270 3847 1390 3901 Ι]ωο
1425 3847 1594 3902 sedes
1651 3859 1740 3901 est
1798 3848 1909 3901 sub

243 3918 659 3977 Beneventana
690 3917 1023 3990 metropoli.

2022 3380 2170 3437 siam
2203 3382 2402 3438 fideles
2432 3398 2495 3438 se
2522 3389 2866 3455 praestarent
2894 3388 2965 3442 ad
3014 3387 3247 3447 laudem
3306 3399 3364 3450 et
3419 3395 3666 3469 gloriam

2022 3471 2440 3543 omnipotentis
2471 3472 2590 3540 Dei,
2616 3474 2787 3542 cujus
2817 3492 3029 3532 nomen
3061 3495 3161 3550 per
3189 3488 3397 3538 cuncta
3452 3487 3665 3543 sweula

2022 3558 2100 3614 sit
2128 3560 2523 3615 benedictum.
2558 3568 2758 3617 Amen.

2092 3702 2201 3771 (56)
2230 3701 2564 3757 Walderius
2587 3706 2723 3757 tunc
2756 3703 3167 3762 Boneventanaa
3194 3710 3463 3767 Ecclesiae
3522 3730 3664 3771 pra:-

2021 3778 2163 3838 erat,
2182 3790 2337 3856 anno
2355 3775 2513 3841 1053,
2540 3776 2615 3829 ab
2638 3775 2765 3847 ipso
2792 3776 3336 3848 Leone,uttestatur
3358 3775 3659 3856 Ughellus,

2020 3849 2416 3901 consecratus.

235 4065 3665 4098 ﬂ

1061 4217 1228 4318 DE
1364 4213 1944 4322 SANCTO

2090 4214 2566 4321 LEONE
2712 4217 2922 4321 1X.

1548 4409 1965 4471 PONTIFICE
2020 4410 2351 4470 ROMANO

1279 4582 2626 4727 COMMENTARIUS.

1154 4811 1341 4882 (Apud
1372 4807 1634 4866 Bolland.
1666 4810 1794 4867 Acta
1820 4810 1916 4865 SS.
1948 4811 2177 4883 Aprilis,
2214 4814 2357 4867 tom.
2392 4810 2460 4879 II,
2494 4811 2587 4868 die
2630 4815 2742 4887 19.)

240 5089 283 5155 ‘§
314 5087 358 5141 Ι.
386 5085 529 5142 Acta
561 5081 731 5139 varia
761 5080 987 5150 scripta,
1019 5080 1292 5134 veneratio
1320 5094 1516 5134 sacra:
1548 5079 1814 5151 reliquiae.
1906 5085 1954 5149 Β
1986 5080 2045 5135 in
2077 5078 2325 5151 prologo
2355 5079 2633 5149 praefatur
2671 5104 2698 5132 ‹‹
2721 5101 2783 5139 se
2814 5086 2885 5141 de
2925 5091 3087 5143 tanto
3117 5085 3369 5142 Praesule
3391 5103 3506 5143 non
3537 5093 3659 5146 tam

284 5178 333 5230 1.
369 5170 684 5231 Saeculum
717 5167 937 5224 Christi
970 5167 1346 5223 undecimum
1404 5166 1721 5224 illustravit
1750 5169 1885 5223 doc-

204 5263 362 5320 trina
393 5268 456 5320 et
496 5258 823 5318 sanctitate
848 5258 959 5313 Leo
990 5258 1147 5329 Papa
1170 5272 1384 5323 nonus,
1409 5261 1543 5312 ante
1566 5257 1873 5313 Pontifica-

204 5356 334 5407 tum
370 5353 725 5407 Romanum
752 5347 1074 5420 Episcopus
1104 5344 1398 5402 Tullensis
1426 5346 1536 5401 sub
1570 5345 1874 5418 Metropoli

208 5439 549 5496 Trevirenri
583 5438 643 5493 in
677 5435 911 5509 Belgica
942 5435 1154 5508 prima,
1190 5434 1384 5490 Bruno
1416 5434 1763 5507 appellatus,
1806 5453 1875 5490 ex

207 5527 595 5585 nobilissima
613 5524 1056 5599 Dapsburgensi
1070 5524 1130 5578 in
1142 5522 1365 5578 Alsatia
1382 5523 1608 5580 familia
1628 5541 1876 5597 progna-

208 5621 325 5673 tas.
340 5619 461 5674 Res
481 5617 619 5689 ejus
640 5620 837 5689 gestas
866 5614 1032 5671 libris
1053 5614 1284 5670 duobus
1306 5612 1616 5669 distinctas
1642 5612 1877 5685 scripsit

209 5704 545 5775 Wibertus,
575 5704 706 5775 ejus
737 5705 892 5778 apud
923 5702 1232 5760 Tullenses
1260 5700 1742 5772 Archidiaconus,
1776 5702 1877 5773 qui
1934 5746 1953 5755 -

1997 5166 2198 5221 audita
2228 5182 2408 5236 quam
2438 5164 2584 5235 visa,
2617 5169 2689 5221 ad
2752 5171 3211 5229 aediﬁcationem
3270 5172 3663 5245 plurimorum

1982 5254 2644 5325 transeribere;«utpote
2662 5260 3121 5333 quemnbenigni
3140 5262 3433 5334 tasipsius
3452 5262 3658 5335 digna,

1983 5349 2043 5399 ta
2071 5348 2159 5399 est
2171 5340 2521 5398 familiarius
2536 5343 2647 5398 sibi
2658 5344 2883 5416 jugiter
2909 5351 3300 5415 assistere.»Q
3316 5369 3400 5406 ua:
3418 5350 3541 5407 vult
3551 5368 3653 5410 au-

1983 5438 2106 5488 ctor
2134 5430 2381 5503 intelligi
2399 5432 2470 5486 de
2486 5433 2668 5488 rebus
2694 5434 2823 5503 ejus
2846 5440 2984 5489 ante
3011 5437 3430 5495 Pontificatum
3458 5442 3666 5496 Roma-

1983 5538 2127 5577 num
2153 5521 2549 5591 injuventule
2595 5529 2651 5577 et
2686 5522 3031 5593 Episcopatu
3065 5524 3327 5581 Tullensi
3373 5529 3575 5600 gestis,
3608 5533 3665 5585 et

1994 5611 2143 5666 libro
2178 5610 2368 5684 priore
2426 5610 2743 5679 indicatis;
2778 5626 2927 5682 quas
2960 5611 3196 5683 scripsit
3225 5630 3358 5669 cum
3419 5618 3544 5689 ipse
3602 5617 3660 5671 in

2018 5701 2388 5757 Pontilicatu
2414 5701 2677 5759 Romano
2704 5699 2896 5759 adhuc
2927 5699 3366 5771 \'i\e1et,volens
3386 5709 3529 5763 tunc
3548 5702 3663 5763 seri
