3964 6206
272 344 387 422 su

1681 347 1744 407 S.
1792 345 1942 410 Ι.Εο
1984 345 2065 409 IX
2108 346 2339 410 PAPA.

3556 349 3689 412 512.

275 455 466 542 benda
486 482 764 540 Romanis
786 482 1113 556 relinquere
1138 497 1266 554 quae
1287 479 1420 538 dein
1443 481 1600 554 Papa
1618 480 1919 539 Romanus
1947 481 2004 550 Α
2031 481 2178 540 Sunt
2199 499 2268 542 ea
2287 482 2485 542 omnia
2504 481 2564 541 in
2586 480 2765 542 tomis
2783 481 3174 544 Conciliorum
3191 485 3350 544 edita
3371 484 3482 545 sub
3501 487 3684 547 titulo

274 578 410 652 egit.
441 578 673 642 Verum,
708 579 930 631 mutato
962 572 1228 644 consilio,
1260 573 1638 646 postmodum
1671 589 1740 628 ea
1769 573 1920 629 libro

275 668 532 724 secundo
578 666 896 738 proposuit.
961 665 1154 720 Vitam
1198 664 1351 720 hanc
1417 680 1484 719 ex
1519 664 1659 719 Mss.
1697 663 1920 734 primus

274 757 458 814 edidit
481 755 736 812 Jaccbus
768 755 1117 810 Sirmondus
1139 753 1292 825 typis
1313 752 1745 808 Parisiensibus
1767 769 1919 809 anno

275 846 542 903 MDCXV.
578 846 694 900 Nos
725 861 852 900 eam
902 843 1172 915 pluribus
1199 842 1342 898 locis
1373 846 1605 897 auctam
1636 846 1692 898 et
1721 858 1918 898 emen-

273 937 469 992 datam
503 935 714 990 damus
732 949 800 988 ex
824 931 1042 1004 duplici
1066 933 1260 987 codice
1281 932 1411 996 Ms.,
1440 931 1620 987 altero
1642 947 1708 987 ex
1734 931 1918 1003 impe-

272 1025 400 1082 riali
435 1024 788 1080 monasterio
812 1024 870 1078 S.
906 1022 1142 1078 Maximi
1166 1039 1343 1095 prope
1362 1021 1628 1076 Treviros
1659 1026 1914 1094 accepto,

272 1116 454 1172 altero
484 1114 719 1170 aliunde
748 1112 1121 1177 transmisso,
1155 1116 1211 1166 et
1243 1112 1434 1167 forsan
1468 1127 1536 1167 ex
1566 1110 1918 1167 bibliotheca

272 1203 612 1261 monasterii
643 1206 698 1258 S.
733 1201 971 1258 Huberti
1003 1201 1063 1256 in
1093 1201 1382 1267 Ardenna,
1433 1200 1531 1255 ubi
1569 1201 1788 1256 scimus
1819 1217 1914 1256 ex-

269 1299 413 1350 tare.
444 1293 714 1350 Molanus
744 1292 801 1347 in
834 1292 960 1347 suis
991 1290 1155 1346 Notis
1186 1291 1258 1346 ad
1292 1289 1542 1346 Usuardi
1571 1289 1913 1361 Martyrolo-

270 1385 432 1456 gium
461 1384 697 1450 indicat,
729 1406 756 1432 «
792 1383 848 1436 in
880 1381 1353 1438 Gerardi-monte
1384 1380 1454 1435 ad
1501 1381 1558 1436 S.
1591 1379 1911 1435 Adrianum

269 1491 396 1548 esse
409 1475 600 1529 Vitam
624 1469 1702 1543 ejus,percontemporaneum,duobus
1722 1467 1908 1523 libris.

337 1570 392 1622 2.
414 1564 602 1630 Alius,
631 1568 688 1618 et
719 1561 954 1634 quidem
989 1558 1256 1615 oculatus
1288 1558 1789 1630 testis,deseripsit
1817 1574 1905 1613 ac-

269 1659 469 1711 curate
500 1653 793 1725 quomodo
818 1654 874 1706 S.
905 1652 1008 1706 Leo
1031 1667 1093 1705 se
1116 1649 1322 1704 ultimo
1345 1648 1537 1703 triduo
1566 1645 1911 1718 praeparavit

268 1744 340 1799 ad
373 1741 599 1799 felicem
632 1741 855 1796 obitum
889 1758 900 1794 :
937 1738 1320 1810 adjungitque
1351 1736 1603 1791 illustria
1633 1740 1689 1791 et
1736 1734 1908 1807 plane

2030 574 2267 633 Coneilii
2300 574 2606 634 Remensis
2635 593 2790 632 anno
2819 575 3047 636 MXLIX
3077 575 3285 642 habiti,
3326 593 3397 634 ex
3453 579 3682 650 quibus

2031 665 2316 723 nonnulla
2344 665 2681 734 inserimus,
2715 666 2924 724 ceteris
2955 666 3214 734 omissis,
3241 667 3532 724 cumlistic
3562 667 3684 741 legi

2029 755 2290 826 possint;
2326 773 2440 811 non
2472 771 2845 812 recensemus
2877 755 3011 823 alia,
3034 761 3092 812 et
3113 756 3334 828 passim
3348 760 3489 812 nota
3507 757 3686 813 chre-

2027 844 2178 912 nica,
2204 849 2306 901 aut
2365 845 2512 901 alios
2566 848 2849 901 tractatus
2907 846 3008 917 qui
3066 847 3195 917 ejus
3255 845 3684 903 monimeru‘nt.

2025 934 2370 1006 Aliquorum
2403 934 2529 991 suis
2557 934 2700 992 locis
2729 935 3088 992 mentionem
3119 936 3390 992 facimus.

2097 1025 2149 1079 4.
2181 1028 2356 1079 Sacra
2373 1025 2667 1081 veneratio
2699 1041 2834 1080 cum
2867 1025 2960 1097 pio
2986 1029 3043 1080 Β.
3105 1025 3312 1081 Leonis
3359 1026 3522 1082 obit’u
3555 1043 3680 1083 cce-

2027 1113 2132 1185 pit,
2161 1113 2234 1168 ob
2267 1113 2612 1186 multiplicia
2632 1127 2761 1186 quis
2794 1131 2929 1171 mox
2966 1115 3340 1187 contigerunt
3359 1115 3672 1173 miracula:

2024 1202 2177 1258 inter
2197 1220 2324 1276 quae
2337 1208 2672 1260 recensetur
2686 1204 2913 1277 lampas
2927 1206 2998 1260 ad
3012 1204 3172 1260 illius
3191 1204 3494 1262 tumulum
3505 1211 3675 1263 sexto

2024 1297 2158 1364 post
2186 1293 2410 1349 obitum
2459 1293 2552 1350 die
2598 1293 2793 1350 divino
2820 1294 2954 1366 igne
2986 1311 3252 1361 accensa,
3285 1298 3342 1349 et
3395 1297 3672 1367 sequenti

2025 1397 2223 1438 mense
2253 1398 2456 1438 cereus
2487 1384 2557 1438 de
2588 1383 2794 1438 tumba
2816 1383 2944 1453 ejus
2965 1386 3240 1454 acceptus
3267 1382 3361 1439 bis
3383 1383 3538 1441 ultro
3567 1402 3673 1441 ac-

2025 1487 2256 1528 census.
2292 1472 2363 1527 Et
2393 1489 2509 1527 non
2543 1471 2735 1527 solum
2768 1472 2960 1528 Romae
2984 1473 3084 1528 sed
3107 1472 3419 1529 Beneventi
3438 1490 3578 1541 mox
3604 1475 3667 1531 in

2017 1561 2386 1618 veneratione
2415 1560 2545 1634 fuit,
2571 1561 2668 1617 ubi
2724 1566 2913 1634 empta
2950 1565 3040 1618 est
3085 1563 3157 1618 ad
3189 1563 3318 1633 ejus
3374 1562 3670 1620 honorem-

2017 1650 2202 1705 extrui
2227 1649 2486 1720 ecclesia,
2502 1654 2558 1706 et
2585 1667 2850 1706 annuum
2881 1651 3094 1706 festum
3117 1652 3246 1722 ejus
3269 1653 3505 1725 publice
3527 1655 3662 1725 pro-

2017 1738 2269 1809 mulgari
2301 1742 2357 1794 et
2384 1740 2584 1795 devote
2615 1738 2746 1795 coli.
2770 1740 2911 1810 Ejus
2934 1739 3306 1796 festivitatem
3324 1741 3386 1796 in
3407 1741 3672 1798 Ecclesia

268 1832 536 1887 miranda
563 1828 865 1896 miracula,
908 1845 1036 1900 quae
1069 1828 1222 1881 intra
1251 1843 1311 1881 se
1342 1827 1414 1880 ab
1473 1827 1600 1895 ejus
1652 1824 1904 1924 transitu
1938 1858 1986 1924 Β
2017 1828 2306 1900 Signiensi
2338 1828 2689 1885 celebratam
2721 1829 2903 1885 fuisse
2932 1833 3183 1886 testatur
3199 1831 3259 1886 S.
3284 1830 3483 1887 Bruno
3504 1831 3677 1904 Epis-

266 1921 663 1976 hebdomadas
692 1919 847 1974 ultra
879 1916 1252 1989 septuaginta
1280 1916 1350 1970 ad
1384 1916 1514 1985 ejus
1567 1913 1905 1985 sepulcrum
1938 1913 1984 1924 ”
2015 1917 2846 1990 copusSigniensis,Memoria
2870 1918 3152 1990 inscripta
3179 1919 3357 1975 etiam
3389 1924 3481 1977 est
3499 1920 3665 1977 anti-

267 2011 456 2066 Romae
490 2013 715 2082 patrata
746 2012 902 2063 sunt.
938 2008 1159 2062 Damus
1187 2005 1309 2060 haec
1341 2022 1374 2060 a
1405 2004 1572 2060 nobis
1603 2003 1904 2060 Florentia

264 2117 416 2157 anno
445 2099 713 2156 MDCLXI
735 2097 1024 2168 descripta
1053 2113 1120 2151 ex
1150 2095 1346 2150 codice
1376 2093 1762 2149 illustrissimi
1810 2094 1905 2149 Se-

263 2189 482 2246 natoris
514 2187 700 2244 Caroli
733 2185 970 2249 Strozzi,
1004 2185 1231 2257 signato
1286 2199 1450 2239 num.
1481 2184 1608 2248 690,
1641 2181 1738 2238 fol.
1763 2183 1901 2238 201:

261 2283 316 2334 et
348 2279 407 2334 in
437 2278 606 2332 titulo
639 2278 962 2332 addebatur
991 2291 1058 2330 ea
1078 2275 1390 2344 desumpta
1421 2289 1548 2327 esse
1577 2289 1646 2327 ex
1687 2270 1902 2327 Collec-

259 2368 416 2424 tione
446 2366 782 2423 Officiorum
817 2365 962 2419 Mss.
995 2368 1071 2417 At
1103 2361 1386 2417 miracula
1417 2360 1584 2432 plura
1643 2365 1807 2416 erant
1844 2359 1902 2416 in

261 2456 370 2512 Ms.
403 2453 923 2518 Hubertino,nobis
956 2451 1094 2507 olim
1127 2469 1160 2506 a
1191 2451 1257 2506 D.
1293 2449 1618 2505 Romualdo
1652 2451 1905 2505 Haneart

262 2545 401 2601 dicti
432 2543 770 2600 monasterii
803 2543 997 2597 Priore
1028 2540 1401 2608 transmissa,
1433 2557 1558 2611 qua:
1600 2539 1734 2594 inde
1775 2539 1902 2594 edi-

261 2634 600 2702 mus,etsub
616 2634 790 2688 finem
809 2648 876 2687 ex
891 2631 1125 2702 praefato
1144 2627 1540 2685 Ms.nonnulla
1553 2627 1902 2700 supplemus

259 2723 662 2781 Ferdinandus
685 2718 1280 2793 Ugbellus,tomonIl
1308 2716 1484 2772 Italia:
1512 2718 1774 2783 sacrae,in
1797 2719 1901 2773 Be-

259 2809 1098 2882 neventanisArchiepiscopis,
1129 2809 1466 2881 pag.129,ex
1496 2807 1691 2862 codice
1721 2812 1899 2862 Bene-

258 2909 528 2970 ventano,
553 2901 764 2957 litteris
786 2898 1240 2971 Longobardicis
1263 2896 1682 2964 exarato,dedit
1699 2897 1898 2953 eadem

259 2995 330 3050 de
360 2992 540 3066 gestis
562 2990 756 3046 triduo
775 2993 907 3045 ante
928 2989 1237 3057 obitum,et
1257 2985 1555 3042 nonnullis
1575 2986 1897 3054 miraculis,

260 3085 358 3141 sed
374 3081 779 3145 contractiora,
800 3084 857 3135 et
874 3078 1008 3134 hinc
1029 3078 1164 3133 inde
1176 3076 1291 3132 alia
1307 3075 1505 3148 phrasi
1524 3075 1898 3148 amplificata,

2014 2006 2148 2078 quis
2180 2006 2607 2080 Martyrologiis
2631 2025 2644 2076 ;
2669 2025 2737 2064 ex
2765 2008 2980 2080 quibus
3013 2006 3249 2080 aliquod
3279 2008 3658 2078 Usuardi,sed

2016 2095 2214 2150 Remis
2245 2101 2502 2164 auctum,
2539 2097 2695 2153 unde
2727 2096 2999 2154 Molanus
3029 2114 3206 2153 suum
3239 2097 3431 2164 edidit,
3447 2097 3510 2152 in
3533 2098 3654 2169 quo

2013 2185 2126 2240 sub
2156 2186 2332 2240 finem
2365 2186 2606 2258 antiquo
2637 2185 2964 2242 charactere
2994 2187 3109 2242 ista
3136 2186 3334 2242 addita
3387 2190 3526 2242 sunt
3577 2187 3655 2242 ad

2014 2274 2168 2330 diem
2195 2292 2292 2330 xxx
2322 2275 2551 2347 Apriis:
2585 2297 2614 2326 «
2645 2275 2864 2331 Eodem
2907 2275 3002 2330 die
3031 2277 3184 2348 apud
3217 2275 3535 2332 Ecclesium
3594 2277 3658 2332 S.

2013 2365 2166 2420 Petri
2196 2365 2413 2430 Romae,
2447 2363 2730 2437 depositio
2771 2365 2976 2421 Domni
3023 2365 3232 2420 Leonis
3289 2366 3457 2438 Papa;
3495 2366 3660 2437 noni,

2015 2455 2113 2526 qui
2147 2453 2464 2510 Ecclesiam
2497 2454 2560 2509 B:
2595 2454 2843 2527 Remigii
2876 2455 3184 2510 dedicavit.
3215 2475 3243 2504 n
3275 2455 3457 2526 Cujus
3488 2455 3659 2528 eIogii

2014 2544 2173 2617 prior
2204 2560 2339 2615 pars
2371 2543 2669 2615 adscripta
2697 2548 2787 2600 est
2823 2544 3046 2599 Adonis
3077 2544 3490 2616 Martyrologio
3547 2544 3671 2600 Ms.‘

2013 2631 2314 2689 Leodiensi
2348 2631 2595 2688 coanobii
2628 2633 2687 2688 S.
2721 2633 3037 2690 Laurentii.
3068 2635 3129 2688 1n
3162 2633 3272 2689 Ms.
3299 2632 3666 2689 Bruxellensi

2012 2723 2070 2778 S.
2106 2721 2326 2778 Gudilae
2357 2721 2474 2777 ista
2495 2721 2790 2778 habentur
2822 2739 2836 2778 :
2881 2745 2909 2772 α
2939 2723 3157 2778 Eodem
3188 2721 3281 2779 die
3339 2723 3400 2778 S.
3454 2722 3665 2779 Leonis

2011 2811 2149 2867 noni
2179 2815 2346 2883 Papae
2377 2814 2434 2866 et
2462 2810 2826 2867 Confessoris
2851 2828 2864 2880 ;
2897 2811 2999 2882 qui
3030 2811 3290 2883 primum
3340 2810 3666 2883 Episcopus

2009 2899 2304 2957 Tullensis
2333 2901 2406 2956 ab
2439 2901 2793 2972 Imperatore
2825 2901 3069 2957 Henrico
3094 2902 3167 2956 ad
3198 2901 3483 2974 Papatum
3515 2917 3662 2973 pro-

2012 2994 2230 3057 motus,
2261 3006 2329 3045 ex
2359 2989 2468 3045 hoc
2497 2989 2915 3045 conscientiam
2947 2991 3171 3046 habens
3203 2990 3553 3063 resignavit:
3599 2996 3667 3045 et

2010 3081 2202 3136 denuo
2224 3079 2327 3134 rite
2344 3078 2727 3151 electus,post
2745 3079 3101 3136 laudabilem
3120 3080 3300 3136 vitam
3319 3081 3381 3136 in
3410 3078 3668 3136 ecclesia

261 3191 387 3247 quae
418 3169 733 3229 benevolus
766 3170 968 3224 Lector
1008 3166 1217 3240 poterit
1247 3166 1464 3222 ibidem
1517 3165 1789 3237 reperire.
1822 3165 1899 3219 Ex
1935 3231 1973 3247 η
2012 3168 2071 3224 S.
2101 3168 2251 3224 Petri
2283 3167 2633 3236 tumulatur,
2668 3167 2896 3224 clarens
2926 3167 3248 3225 miraculis.
3287 3191 3316 3218 »
3371 3169 3675 3241 Ejusdem-

259 3231 414 3320 dicto
445 3265 640 3317 tamen
674 3263 832 3314 tomo
859 3231 1085 3329 Ugbelli
1120 3257 1332 3311 damus
1363 3271 1492 3326 quae
1523 3231 1738 3310 ibidem
1763 3271 1898 3310 con-
1931 3231 1973 3300 α
2014 3257 2297 3314 memoria
2312 3231 2716 3313 celebraturin
2739 3257 3116 3313 Ms.Romano
3136 3231 3674 3330 DueisAltempsii,‘

257 3354 520 3409 tinentur
551 3351 620 3406 de
652 3348 897 3405 ecclesia
928 3348 985 3403 S.
1017 3346 1224 3402 Leonis
1255 3344 1559 3400 Beneventi
1593 3348 1724 3414 post
1778 3344 1901 3400 obi-

258 3446 384 3497 tum
418 3443 546 3513 ejus
593 3444 807 3508 erecta,
866 3441 922 3492 et
981 3433 1282 3491 nonnullis
1330 3433 1545 3488 ibidem
1602 3431 1902 3488 miraculis

259 3531 534 3605 patratis:
560 3545 808 3600 quorum
834 3525 1002 3599 plura
1025 3524 1429 3580 subnectimus
1443 3539 1511 3578 ex
1531 3522 1686 3578 dicto
1707 3522 1904 3579 codice

258 3620 607 3677 Strozziano.
631 3617 878 3689 Aliquod
913 3633 981 3672 ex
1010 3615 1102 3669 his
1132 3617 1455 3669 extractum
1486 3612 1901 3684 compendium

258 3710 508 3767 describi
538 3707 876 3764 curavimus
915 3707 1130 3773 Romae,
1164 3722 1198 3760 a
1245 3704 1409 3760 Petro
1467 3701 1600 3760 Calo
1659 3701 1898 3772 factum,

259 3800 411 3872 quod
443 3797 792 3854 omittimus.

326 3891 379 3944 3.
407 3891 560 3944 Inter
576 3885 894 3942 familiares
924 3888 981 3940 et
1002 3884 1150 3939 fidos
1185 3883 1407 3937 amicos
1438 3882 1644 3936 habuit
1665 3905 1692 3930 «
1713 3882 1770 3937 S.
1791 3881 1900 3936 Leo

257 3977 738 4043 Hildebrandum,
762 3997 789 4026 ››
831 3978 1032 4046 postea
1065 3996 1084 4021 α
1116 3976 1423 4027 Summum
1474 3971 1816 4027 Pontiﬁcem
1847 3973 1904 4025 et

260 4067 600 4139 Gregorium
622 4066 722 4119 VII
745 4087 773 4114 »
797 4061 1148 4133 dictum,qui
1173 4061 1401 4132 przefuit
1429 4059 1696 4116 Ecclesia:
1711 4059 1782 4114 ab
1797 4075 1899 4114 an-

259 4174 333 4212 no
365 4156 642 4211 MLXXIII
669 4153 942 4223 usquead
967 4149 1596 4220 ann.MLXXXV,quod
1619 4148 1762 4204 obiit
1789 4166 1901 4202 xxv

261 4244 417 4313 Maii,
444 4245 514 4298 ad
546 4243 765 4298 dictum
795 4241 950 4295 diem
982 4239 1388 4310 Martyrologio
1420 4237 1904 4293 Romanoinscri-

261 4338 416 4406 ptus.
442 4333 527 4386 Ab
556 4331 663 4385 hoc
684 4332 885 4384 sancto
918 4327 1193 4383 Pontifice
1215 4326 1436 4398 accepit
1458 4325 1901 4397 nonnulla,qua3

260 4420 594 4478 ediditlib.3
611 4418 977 4489 Dialogorum
992 4415 1326 4471 Desiderius
1338 4415 1532 4470 Abbas
1546 4416 1902 4485 Casinensis,

2013 3352 2070 3404 et
2098 3345 2466 3403 Ms.Florario
2492 3347 2871 3413 Sanctorum,
2894 3347 3031 3402 item
3056 3348 3210 3420 apud
3235 3346 3660 3404 Bellinum-Pa-

2013 3435 2172 3492 risiis
2193 3453 2346 3492 anno
2365 3435 2820 3492 4521excusum.
2835 3435 3657 3509 Maurolycum,Galesinium,

2011 3526 2330 3594 Molanum,
2362 3525 2730 3597 Saussajum,
2759 3525 3084 3592 Canisium,’
3104 3530 3164 3581 et
3191 3542 3328 3581 cum
3351 3525 3424 3580 iis
3457 3525 3514 3579 in
3549 3523 3661 3582 ho-

2011 3615 2210 3672 dierno
2243 3614 2652 3688 Martyrologio
2684 3615 2946 3670 Romano
2978 3615 3071 3670 his
3121 3613 3312 3670 verbis
3346 3630 3360 3670 :
3395 3638 3421 3664 «
3457 3615 3660 3671 Romae

2009 3707 2068 3762 S.
2104 3703 2305 3761 Leonis
2336 3705 2502 3776 Papa:
2561 3704 2720 3773 noni,
2776 3703 3060 3760 virtutum
3118 3708 3176 3760 et
3232 3702 3664 3770 miraculorum

2011 3793 2182 3851 laude
2214 3793 2486 3866 insignis.
2512 3815 2540 3843 »
2570 3794 2858 3850 Eumdem
2889 3793 3143 3850 refertin
3165 3792 3471 3850 Natalibus
3503 3793 3658 3848 San-

2011 3888 2237 3940 ctorum
2267 3883 2693 3940 Canonicorum
2715 3882 3136 3939 Constantinus
3156 3882 3442 3938 Ghinius‘:
3470 3881 3662 3938 Bene-

2010 3973 2246 4030 dictinis
2273 3971 2576 4034 monachis
2611 3976 3003 4028 annumerant
3043 3972 3240 4042 Wion,
3305 3971 3656 4045 Dorganius,

2010 4061 2344 4132 Bucelinus,
2367 4061 2702 4116 Menardus.
2737 4062 2847 4117 Sed
2880 4061 2975 4116 hic
3001 4061 3249 4116 miratur
3276 4060 3380 4117 lib.
3405 4079 3422 4115 1
3446 4061 3666 4117 Obser-

2011 4151 2315 4208 vationum
2348 4174 2375 4199 «
2412 4149 2634 4206 nullam
2679 4149 3037 4207 mentionem
3098 4151 3221 4206 ﬁeri
3272 4150 3667 4206 monachatus

2010 4243 2191 4313 hujus
2221 4241 2281 4294 S.
2316 4239 2526 4294 Leonis
2544 4241 2604 4294 in
2626 4240 2755 4311 ejus
2770 4239 2926 4306 Vita,
2953 4262 2981 4288 «
3001 4243 3059 4295 et
3087 4244 3374 4296 excusat»
3399 4239 3669 4311 potuisse

2011 4332 2120 4386 hoc
2151 4327 2535 4402 praetermitti,
2567 4331 2633 4383 ut
2663 4327 2778 4384 alia
2807 4327 3014 4397 multa;
3041 4345 3169 4400 quae
3201 4330 3273 4383 ad
3308 4329 3488 4399 hujus
3511 4329 3668 4384 Pon-

2011 4419 2186 4475 tiﬁcis
2215 4417 2393 4473 vitam
2426 4421 2712 4488 spectant,
2747 4433 2873 4489 quae
2904 4421 3099 4472 tamen
3127 4417 3186 4472 in
3212 4416 3344 4473 aliis
3366 4417 3670 4474 historicis

262 4515 463 4586 postea
481 4508 678 4564 Victor
718 4507 872 4578 Papa
925 4506 1022 4560 III.
1056 4505 1198 4560 Item
1257 4506 1314 4560 S.
1376 4506 1569 4561 Bruno
1616 4505 1902 4577 Astensis,
2013 4507 2265 4581 reperire
2289 4509 2411 4563 est:
2460 4506 2571 4562 Sed
2605 4522 2719 4561 non
2754 4505 2980 4562 indicat
3010 4506 3248 4578 quibus.
3286 4528 3314 4555 »
3368 4504 3672 4563 Arnoldus

260 4600 584 4675 Episcopus
615 4595 964 4669 Signiensis,
1005 4593 1195 4649 Vitam
1242 4593 1500 4666 aliquam
1559 4594 1904 4665 conscripsit
1933 4610 1980 4675 D
2007 4597 2183 4654 Wion
2215 4594 2429 4668 allegat
2457 4593 2850 4650 Trithemium
2880 4594 2940 4649 in
2990 4593 3272 4649 Chronico
3317 4593 3668 4667 Hirsaugiae,

261 4693 320 4748 S.
350 4689 560 4746 Leonis
594 4687 680 4757 IX,
710 4687 860 4741 inter
890 4684 1112 4756 reliqua
1143 4701 1317 4757 opera
1337 4685 1464 4755 ejus
1479 4684 1735 4740 Venetiis
1753 4701 1904 4740 anno
2015 4691 2072 4743 et
2102 4687 2362 4742 Fratrem
2397 4682 2773 4738 Franciscum
2805 4683 3034 4738 Yvanez
3064 4682 3421 4738 monachum
3480 4689 3673 4739 Bene-

262 4781 483 4840 MDCLI
502 4793 797 4836 excusam:
823 4789 1100 4849 quam,ne
1115 4774 1299 4832 moles
1311 4773 1724 4843 excrescat,hic
1738 4774 1908 4828 omit-

259 4872 464 4936 timus,
499 4885 630 4924 cum
657 4883 842 4939 pauca
873 4864 1072 4936 aliqua
1101 4882 1168 4919 ex
1189 4865 1343 4919 Actis
1368 4867 1766 4935 excerpta,aut
1789 4880 1822 4918 a
1848 4866 1904 4917 S.

261 4960 536 5033 Gregorio
575 4959 674 5013 VII
727 4960 963 5027 accepta
993 4954 1600 5024 indicentur,quorum
1648 4951 1709 5006 in
1747 4952 1911 5008 Notis

259 5049 617 5107 mentionem
632 5043 1255 5113 facimus,«Anselmus
1269 5041 1593 5098 monachus
1606 5041 1910 5097 Remensis

261 5140 369 5211 (uti
391 5137 613 5194 indicat
628 5137 965 5209 Sigebertus
977 5134 1047 5189 de
1061 5133 1182 5188 Scri
1190 5137 1287 5204 pto
1296 5131 1456 5186 ribus
1471 5129 1907 5198 Ecclesiasticis,

260 5246 389 5300 cap.
423 5228 546 5300 153)
569 5225 818 5297 Scripsit
859 5222 1223 5278 itinerarium
1253 5220 1391 5277 noni
1429 5220 1638 5276 Leonis
1682 5220 1848 5293 Papae
1879 5238 1913 5275 a

262 5320 448 5374 Roma
471 5317 529 5370 in
561 5313 876 5384 Gallias,ad
900 5313 1009 5368 hoc
1027 5312 1278 5368 maxime
1301 5315 1369 5366 ut
1389 5311 1912 5382 notiﬁcaretquan-

264 5412 320 5460 ta
335 5405 680 5460 auctoritate
698 5403 894 5458 Remis
909 5403 996 5456 vel
1015 5403 1072 5456 in
1098 5402 1227 5456 aliis
1251 5400 1497 5456 urbibus
1514 5401 1812 5473 Synodum
1829 5417 1914 5456 ce-

261 5493 534 5549 lebrarit:
569 5496 788 5562 quanta
805 5492 1039 5561 justitia
1068 5497 1124 5547 et
1146 5480 1466 5547 subtilitate
1497 5491 1914 5548 examinaverit

263 5595 476 5636 causas
534 5578 994 5634 ecclesiasticas:
1029 5597 1147 5650 qua
1194 5579 1544 5635 discretione
1601 5583 1910 5652 peccantes

267 5667 619 5723 correxerit:
651 5667 942 5735 quomodo
973 5667 1024 5723 ei
1053 5668 1368 5725 virtusDei
1400 5672 1708 5739 eooperata
1738 5668 1844 5724 sit:
1879 5693 1908 5720 ››

2018 4775 2301 4832 dictinum
2333 4773 2662 4844 Hispanum
2692 4770 2753 4826 in
2774 4771 3040 4842 Epitome
3057 4770 3312 4827 virorum
3342 4770 3672 4829 illustrium

2019 4863 2252 4921 Ordinis
2283 4863 2341 4918 S.
2377 4860 2691 4916 Benedicti.
2724 4860 2941 4915 Verum
2980 4861 3192 4916 horum
3222 4862 3539 4917 auctoritas
3569 4879 3674 4917 va-

2019 4953 2212 5011 cillat:
2248 4951 2387 5024 quia
2412 4951 2553 5005 Acta
2573 4953 2706 5004 ante
2732 4948 3172 5022 Episcopatum,
3195 4954 3465 5006 accurate
3487 4968 3520 5007 a
3548 4950 3676 5005 Wi-

2018 5043 2183 5099 berto
2221 5039 2497 5108 indicata,
2559 5037 2717 5093 aliud
2767 5039 3038 5094 suadent.
3096 5039 3340 5095 Interim
3395 5043 3678 5112 optamus

2021 5131 2185 5188 illum
2206 5127 2408 5185 Ordini
2431 5126 2898 5196 Benedictino,ut
2913 5127 3122 5184 saltem
3157 5127 3366 5185 colant
3382 5133 3677 5201 tanquam

2021 5218 2382 5292 singularem
2438 5215 2889 5285 benefactorem,
2922 5217 3009 5273 uti
3065 5208 3273 5274 merito
3303 5234 3438 5275 eum
3471 5217 3682 5275 colunt

2021 5307 2296 5366 monachi
2327 5307 2644 5362 Remenses
2675 5309 2732 5360 S.
2783 5306 3034 5380 Remigii
3065 5311 3123 5364 et
3179 5307 3418 5380 quidem
3475 5307 3678 5365 officio

2021 5397 2327 5456 duodecim
2341 5394 3010 5454 Leetionum.Tullenses
3033 5413 3136 5469 per
3153 5399 3342 5454 totam
3371 5397 3676 5454 dioecesim
3712 5407 3718 5415 '

2021 5489 2317 5546 celebrant
2348 5486 2564 5540 festum
2597 5483 2791 5541 officio
2823 5484 3072 5542 solemni
3103 5487 3215 5544 sub
3248 5487 3364 5542 ritu
3397 5485 3623 5558 duplici
3660 5505 3674 5544 :

2018 5594 2272 5653 quorum
2305 5575 2662 5632 Breviarium
2689 5575 2976 5633 habemus
2997 5593 3150 5634 anno
3173 5577 3476 5634 MDXXXV
3496 5593 3678 5633 excu-

2019 5685 2173 5726 sum.
2203 5663 2451 5725 Romani
2481 5664 2542 5721 in
2573 5663 2824 5722 Basilica
2850 5664 3224 5732 Vaticanus.
3279 5666 3434 5723 Petri
3493 5667 3698 5724 etiam.
