3964 6206
228 310 347 376 513
966 307 1298 374 PROLEG.
1331 339 1412 357 —
1439 303 1542 368 DE
1584 306 1648 367 S.
1681 296 1962 366 LEONIS
2008 302 2085 362 ΙΧ
2129 301 2247 363 ΡΡ.
2281 302 2928 370 COMMENTARIUS.
3533 306 3650 368 5M

232 443 427 502 officio
456 442 687 516 duplici
718 444 848 514 ejus
882 443 1098 501 festum
1139 443 1250 499 hoc
1280 440 1374 497 die
1412 440 1722 513 peragunt,
1756 451 1897 509 prai-
1927 434 1983 502 Α
2012 433 2160 490 tium
2191 435 2487 491 Februarii
2531 437 2666 494 anni
2699 439 2944 508 MXLIX,
2974 440 3021 496 si
3056 440 3144 512 (ut
3191 440 3402 498 dicitur
3433 441 3505 496 ab
3533 440 3654 496 An-

245 533 486 606 seriptis
516 533 577 589 in
622 533 806 595 Missa
852 533 1048 590 Gloria
1076 537 1132 588 et
1162 531 1365 596 Credo,
1398 546 1463 586 eo
1495 529 1648 600 quod
1697 525 1899 582 etiam-
2011 524 2194 579 selmo
2227 525 2284 580 iu
2333 526 2651 598 ltinerario)
2676 551 2702 577 ‹‹
2735 528 3038 601 dignitatis
3087 531 3403 587 Pontificiae
3450 530 3654 587 infulis

249 639 398 682 num
426 623 772 696 possideant
799 640 1034 679 sacrum
1067 623 1196 693 ejus
1219 636 1450 692 corpus.
2011 613 2326 685 insignilus
2357 616 2528 671 fuerit
2557 617 2614 671 in
2647 618 2985 690 llypapante
3014 620 3266 688 Domini,
3302 644 3321 669 η
3359 621 3478 677 sive
3508 621 3654 676 festo

316 715 372 768 5.
398 735 424 764 α
452 711 735 784 Sepultus
760 735 787 762 »
811 713 951 768 olim
984 711 1116 778 fuit,
1142 733 1170 761 ‹‹
1195 711 1346 767 sicut
1364 709 1490 780 ipse
1509 705 1899 777 disposuerat,
2011 701 2439 760 Purilicationis
2469 705 2746 777 Deiparm,
2771 707 2903 762 dein
2927 708 3150 764 solenni
3178 709 3292 766 ritu
3317 733 3342 760 ‹‹
3369 709 3654 767 inthroni-

234 804 409 874 juxta
438 802 596 858 beati
629 802 928 859 Pontificis
948 800 1211 873 Gregorii
1239 799 1422 854 altare
1451 799 1587 852 ante
1626 795 1778 851 fores
1808 809 1903 849 ec-
2011 794 2176 846 zatus
2224 810 2303 846 xu
2352 793 2646 849 Februarii
2680 795 2983 851 Dominica
3032 797 3221 869 prima
3269 799 3654 872 Quadragesi-

240 891 462 959 clesiae,
485 913 515 940 ››
538 891 628 946 uti
661 891 719 946 in
752 891 870 946 ﬁne
898 891 1043 946 Vitta
1064 888 1246 946 tradit
1263 887 1582 942 Wibertus.
1609 885 1682 939 At
1701 889 1905 939 Roma-
2013 897 2141 948 mae,
2167 901 2193 929 »
2228 881 2312 936 uti
2342 880 2400 935 in
2433 882 2559 952 ejus
2589 883 2746 939 Actis
2777 885 2956 940 tradit
2985 885 3298 943 Wibertus.

242 997 356 1036 nus
381 979 718 1036 Canonicus
739 979 1007 1051 ejusdem
1038 977 1314 1048 basilicae,
1337 975 1435 1048 qui
1458 973 1670 1031 saeculo
1702 987 1906 1044 praece-

239 1069 403 1126 denti
437 1069 605 1136 vixit,
637 1068 698 1124 in
740 1067 1132 1142 descriptione
1160 1065 1450 1122 Vaticana:
1496 1061 1748 1120 basilicae
1793 1061 1907 1117 ista

245 1158 459 1216 asserit
481 1176 530 1214 ;‹‹
559 1159 673 1214 Leo
694 1158 852 1230 Papa
873 1174 1063 1214 nonus
1089 1153 1403 1228 requiescit
1429 1153 1580 1209 infra
1601 1151 1904 1234 ecclesiam

248 1251 312 1302 Β.
337 1247 593 1315 Petri,-in
624 1246 744 1319 pilo
776 1262 1104 1304 marmoreo
1135 1259 1314 1318 prope
1345 1246 1572 1316 portam
1605 1243 1904 1296 Ravenna-

249 1335 429 1405 ticam
466 1351 478 1389 :
513 1335 584 1391 de
613 1353 731 1407 quo
763 1339 904 1392 sunt
933 1336 1087 1407 apud
1122 1350 1228 1390 nos
1259 1331 1445 1388 multa
1474 1335 1531 1386 et
1560 1345 1774 1401 magna
1806 1328 1908 1382 mia

250 1423 470 1480 recula.
506 1423 610 1481 Hic
661 1425 928 1480 condidit
974 1422 1345 1497 privilegium
1384 1419 1810 1477 Canonicorum
1844 1419 1903 1472 B.

249 1512 404 1568 Petri
437 1513 509 1568 de
538 1513 990 1569 confirmatione
1019 1526 1262 1567 suarum
1302 1508 1716 1565 Ecclesiarum.
1743 1529 1770 1558 ››
1804 1507 1910 1560 Lu-

245 1602 376 1658 cius
388 1602 610 1658 Saccus
631 1601 692 1656 in
705 1601 1100 1673 descriptione
1121 1599 1398 1656 historica
1417 1599 1644 1654 Suessae
1661 1594 1910 1652 civitatis

248 1691 406 1762 (qua
421 1689 582 1747 inter
603 1689 860 1762 Capuam
885 1693 940 1745 et
961 1689 1223 1762 Cajetam
1243 1687 1302 1743 in
1329 1686 1648 1759 Campania
1667 1689 1755 1741 est
1775 1684 1910 1755 sita)

255 1779 438 1834 refert
467 1795 591 1850 cap.
611 1781 646 1833 7
675 1778 950 1851 «Corpus
981 1779 1040 1834 S.
1071 1779 1281 1835 Leonis
1326 1777 1492 1847 Papa:
1541 1775 1678 1830 noni
1731 1773 1912 1829 fuisse

255 1865 377 1922 sub
405 1865 587 1922 Paulo
605 1865 653 1919 V
679 1883 828 1922 anno
860 1865 1139 1921 MDCVIII
1170 1867 1465 1936 repertum
1487 1862 1711 1932 absque
1732 1859 1912 1915 altero
1940 1859 1987 1874 ”’
2020 1859 2259 1944 Symp“).
2277 1859 2580 1944 PCI‘PSNDP
2603 1859 2826 1944 Παφίη,
2853 1859 3065 1944 Romae.

255 1954 526 2022 brachio,
563 1955 713 2026 quod
747 1955 974 2010 Suessae
1015 1930 1366 2019 asservatur,
1391 1955 1447 2006 et
1474 1930 1825 2005 tunc—fuisse
1852 1947 1912 2004 in
2023 1933 2079 1983 ξεί
2109 1930 2262 2026 αρυά
2298 1930 2502 1985 urbem
2524 1933 2846 2026 Augustam
2872 1935 3142 2026 ἁξηέθηοίι
3163 1936 3563 2026 modulatione
3585 1953 3674 1994 re~

251 2022 723 2115 Gongregatione
736 2042 1135 2098 Cardinalium
1149 2045 1449 2098 ostensam
1465 2037 1887 2111 epistulam,qu;

2039 2022 2284 2073 :reatum
2321 2035 2332 2072 :
2362 2041 2388 2067 ››
2421 2036 2608 2092 neque
2639 2025 2868 2092 tempus
2902 2022 3012 2076 l'uit
3060 2023 3492 2095 intermedium,
3518 2027 3675 2097 quod

2977 2115 2986 2125 ,
3121 2113 3252 2125 ηπ
3438 2114 3538 2125 ...

248 2106 564 2189 constabat
593 2148 699 2205 per
720 2133 1020 2204 antiquam
1045 2137 1100 2188 et
1120 2106 1517 2188 indubitatam
1543 2106 1917 2185 traditionem
2026 2107 2227 2206 itinef‘i.
2250 2106 2628 2206 CaniaPeIfﬁi‘
2652 2109 3177 2206 ξιὶξνίὺιιξποὶυξξβ.
3214 2115 3406 2206 Bruno
3438 2114 3677 2206 Episco-

253 2221 482 2277 dictum
505 2221 815 2277 brachium
831 2221 1120 2278 Sinuessae
1139 2219 1727 2290 asservari.»Aliquas
1744 2217 1887 2272 etiam

2039 2211 2139 2267 pus
2172 2195 2497 2266 Signiensis
2544 2195 3000 2254 Ilildcbrandum
3038 2200 3371 2257 \Vormatim
3419 2202 3678 2260 adfuisse

253 2311 440 2382 hujus
481 2311 694 2366 Leonis
746 2309 1022 2382 reliquias
1071 2326 1200 2366 esse
1248 2307 1517 2364 Bononiae
1572 2285 1630 2361 in
1679 2305 1922 2362 ecclesia
2031 2285 2253 2382 ἶθτίξῄξ
2289 2285 2345 2382 il}
2378 2285 2505 2355 ipsa
2525 2285 2926 2382 ἀῇίῗξὲηξξίίρῖιῡ
3045 2291 3241 2346 Leonis
3269 2292 3340 2346 ad
3365 2293 3678 2349 Summum

266 2399 330 2454 S.
361 2398 664 2470 Stephani,
689 2399 874 2455 tradit
901 2399 1162 2456 Masinus
1185 2398 1244 2452 in
1265 2396 1522 2452 Bononia
1549 2395 1920 2467 perlustrata.

271 2487 534 2560 Corpora
561 2505 729 2546 sacra
759 2492 1013 2560 quatuor
1042 2488 1299 2542 Leonum
1337 2485 1683 2541 Pontificum
1715 2484 1923 2538 Roma-

273 2593 488 2632 norum
556 2577 742 2633 tuisse
804 2582 1040 2633 ostensa
1114 2575 1388 2632 Kalendis
1451 2573 1697 2646 Augusti
1772 2589 1924 2628 anno

268 2665 601 2734 MDLXXX,
623 2672 680 2721 et
701 2667 914 2722 iterum
937 2683 1048 2720 xxv
1069 2664 1202 2721 Maii
1226 2679 1377 2720 anno
1405 2661 1682 2718 MDCVIll
1703 2661 1924 2717 dictum

265 2760 358 2811 est
386 2772 444 2810 xx
473 2755 715 2827 Aprilis,
748 2756 819 2811 ad
855 2755 1041 2810 Vitam
1073 2756 1131 2810 S.
1167 2752 1365 2808 Leonii
1405 2751 1600 2823 Magni
1635 2767 1767 2823 pag.
1797 2752 1887 2806 21.

269 2849 300 2912 §
327 2844 396 2899 ΙΙ.
430 2845 595 2900 Ratio
637 2846 918 2916 temporis.
951 2845 1079 2899 Acta
1108 2844 1288 2915 primo
1315 2857 1461 2896 anno
1500 2843 1565 2895 in
1600 2841 1927 2911 Ponti/iectu

470 2935 735 2990 Romano.
771 2933 1166 2990 Controversia?
1193 2932 1482 2988 nonnullae
1511 2930 1727 2986 decisae.

2083 1042 2136 1093 7.
2171 1040 2273 1094 Hic
2314 1040 2511 1113 aliqua
2558 1045 2949 1100 controversia
2981 1046 3241 1102 oboritur
3288 1065 3420 1103 cum
3451 1049 3660 1105 Ottone

2015 1129 2371 1199 Frisingensi
2403 1135 2457 1184 et
2489 1130 2617 1186 aliis
2647 1149 2776 1187 cum
2823 1135 3061 1201 secutis,
3095 1127 3261 1207 quasi
3293 1160 3319 1186 ‹‹
3355 1139 3410 1192 S.
3447 1139 3554 1194 Leo
3588 1138 3659 1194 ad

2015 1218 2221 1284 Sedem
2257 1219 2315 1272 Β.
2347 1219 2496 1273 Petri
2529 1221 2875 1288 destinatus,
2903 1229 3203 1296 assumpta
3231 1244 3491 1298 purpura
3510 1232 3660 1282 Pon-

2013 1306 2214 1360 tiﬁcali
2248 1323 2348 1378 per
2375 1306 2588 1362 Gallias
2617 1309 2726 1364 iter
2754 1311 2987 1380 egisset,
3012 1317 3067 1366 et
3087 1312 3341 1369 Cluniaci
3373 1317 3444 1371 ab
3478 1315 3666 1371 Hilde-

2015 1395 2238 1450 brando
2260 1397 2609 1468 redargutus
2637 1415 2890 1470 purpura
2916 1401 3176 1471 deposita
3199 1405 3485 1475 peregrini
3507 1405 3666 1459 habi-

2019 1488 2146 1538 tum
2178 1485 2584 1556 assumpisset,
2614 1491 2670 1540 et
2698 1488 2917 1541 ducens
2947 1506 3146 1544 secum
3181 1490 3666 1562 llildebrandum,

2020 1573 2263 1628 Romam
2305 1574 2575 1629 venisset.
2602 1597 2628 1625 ››
2651 1576 2779 1630 Fuit
2826 1577 2955 1631 Otto
3008 1578 3396 1651 Frisingensis
3442 1581 3667 1654 integro

2021 1662 2231 1717 sacculo
2256 1663 2478 1732 junior,
2509 1668 2776 1720 mortuus
2808 1684 2960 1720 anno
3001 1667 3293 1724 MCLVIII.
3319 1669 3503 1742 Magis
3533 1687 3670 1742 ergo

2022 1751 2654 1808 credendumWi‘oerto
2676 1755 2810 1810 testi
2835 1757 3190 1828 0culato,qui
3213 1758 3440 1826 asserit,
3453 1758 3672 1826 «Tulli,

2020 1844 2255 1912 sumpto
2277 1847 2580 1912 peregrino
2603 1842 2826 1911 habitu,
2851 1845 3176 1901 Romanum
3200 1847 3309 1904 iter
3329 1848 3675 1921 arripuisse,

2034 2373 2440 2428 Pontiﬁcatum
2477 2391 2523 2428 ;‹‹
2562 2373 2681 2430 lllis
2714 2376 2944 2446 diebus,
2975 2380 3176 2449 inquit,
3209 2385 3333 2438 erat
3363 2381 3443 2438 ibi
3475 2400 3678 2439 mona-

2033 2461 2178 2518 chus
2209 2463 2446 2533 quidam
2479 2464 2799 2536 Romanus,
2834 2466 3261 2526 Ilildcbrandus
3295 2471 3552 2540 nomine,
3577 2489 3679 2527 no-

2032 2551 2167 2606 bilis
2197 2550 2410 2607 indolis
2441 2551 2951 2622 adolescens,clari
2986 2555 3568 2631 ingenii,sanctmque
3591 2577 3678 2616 rc-

2033 2641 2290 2712 ligionis.
2330 2642 2490 2696 llunc
2521 2641 2698 2714 igitur
2738 2644 2944 2699 beatus
2989 2645 3309 2719 Episcopus
3356 2649 3578 2705 vocavit
3608 2650 3681 2706 ad

2035 2747 2115 2798 se,
2150 2734 2205 2785 et
2237 2731 2456 2802 rogavit
2502 2747 2632 2788 eum
2668 2737 2731 2787 ut
2770 2733 2949 2788 simul
2999 2735 3240 2791 Romam
3299 2738 3581 2794 rediret...
3614 2739 3683 2795 Et

2036 2824 2175 2874 tunc
2197 2820 2517 2892 Episcopus
2546 2821 2789 2878 Romam
2822 2823 3080 2892 veniens,
3106 2827 3446 2897 praedictum
3475 2845 3680 2884 mona-

2037 2907 2213 2962 chum
2245 2925 2446 2964 secum
2477 2910 2737 2977 adduxit,
2774 2911 3024 2968 multum
3054 2913 3109 2968 in
3139 2914 3245 2970 hoc
3277 2916 3402 2988 ipso
3431 2918 3492 2971 B.
3516 2917 3682 2972 Petro

337 3026 392 3079 6.
419 3023 607 3079 Natus
631 3027 722 3079 est
743 3023 801 3078 S.
831 3025 934 3079 Leo
956 3039 1052 3077 xxx
1077 3021 1237 3077 Junii
1263 3037 1415 3077 anno
1439 3020 1572 3087 Mli;
1597 3018 1928 3092 quinquen-
2038 2997 2317 3098 εθῐξνίθηει
2349 2998 2504 3098 (ἰξρά
2553 2997 2722 3098 illum
2741 3000 3051 3098 _hOfT_1in‘im
3096 3020 3310 3098 5301101
3347 3007 3683 3098 ιἐξάιξοεῦεξξ»

263 3113 364 3169 nis
382 3117 452 3169 ut
471 3113 866 3170 instrueretur
885 3112 1142 3168 traditus
1165 3107 1476 3166 Bertholdo
1496 3086 1781 3180 Episcopo
1799 3105 1928 3164 Tul-
1970 3177 1999 3180 Ἀ
2037 3086 2481 3180 θυιῙυδΡυηεηίο
2501 3090 2582 3180 μετ’
2628 3090 2918 3180 sapientia
2967 3091 3228 3149 Romam
3273 3094 3529 3151 Ecclesia
3580 3094 3683 3151 nli-

260 3202 438 3274 lensi,
471 3220 540 3260 ac
587 3203 723 3259 dein
775 3202 952 3273 hujus
992 3199 1316 3256 successori
1363 3176 1737 3254 Herimanno.
1788 3197 1927 3253 Inde
2040 3176 2274 3276 Quand?
2307 3177 2557 3276 Ρθξθοᾴξλ
2597 3181 2654 3233 εδ
2691 3179 3073 3276 ξηδθνῐὶᾶηάᾶ
3101 3187 3242 3276 επιρι
3279 3183 3380 3276 Hic
3409 3184 3682 3276 estge‘nim

263 3265 600 3349 translatus
626 3293 701 3348 ad
734 3265 928 3348 aulam
956 3289 1205 3348 Conradi
1232 3287 1618 3360 imperatoris,
1645 3291 1702 3342 et
1728 3286 1925 3343 Diaco-
1956 3265 1988 3268 ﬁ
2038 3265 2351 3360 Gregorii”
2379 3266 2678 3360 septimm?
2705 3269 2879 3360 Pf‘Pag
2905 3292 2932 3320 ’ν
2967 3275 3075 3360 θὲοο
3105 3273 3291 3343 Hujus
3323 3273 3518 3329 sane“
3542 3274 3686 3329 Ροῐι-

267 3399 382 3438 nus
413 3382 626 3449 factus,
658 3398 812 3437 anno
844 3380 1045 3443 MXXV
1088 3379 1149 3434 in
1181 3376 1645 3450 Longobardiam
1679 3375 1924 3432 militem

264 3471 609 3528 Tullensem
641 3471 827 3526 duxit.
851 3473 1016 3524 Anno
1048 3471 1328 3540 sequente
1357 3466 1582 3522 MXXVl
1623 3465 1836 3522 absens
1867 3465 1924 3519 in

265 3561 628 3633 Episcopum
653 3558 990 3623 Tullensem
1021 3557 1259 3626 electus,
1287 3572 1355 3611 ex
1382 3553 1546 3610 Italia
1574 3554 1756 3609 redux
1787 3552 1925 3609 Tul-

267 3649 396 3705 lum
426 3650 586 3706 venit
624 3649 720 3704 die
756 3645 1117 3704 ascensionis
1157 3643 1394 3712 Christi,
1427 3647 1802 3699 consecratus
1835 3642 1926 3698 die

274 3755 332 3792 1x
363 3737 742 3809 Septembris.
777 3738 846 3792 Et
876 3735 997 3791 haec
1029 3753 1098 3790 ex
1127 3733 1271 3805 ipsis
1301 3733 1459 3788 Actis
1487 3735 1644 3788 certa
1672 3735 1811 3787 sunt
1840 3735 1925 3787 at-

269 3843 392 3900 que
421 3825 768 3885 indubitata.
795 3827 872 3881 Eo
903 3829 1099 3880 autem
1132 3821 1469 3879 Tullenscm
1511 3820 1924 3892 Episcopatum

264 3920 472 3974 sancte
489 3915 770 3989 dirigente
791 3916 1030 3971 fuerunt
1046 3911 1356 3969 Pontifices
1379 3910 1647 3977 Romani,
1667 3910 1924 3966 Joannes

267 4007 420 4074 XIX,
455 4004 590 4061 dein
625 4005 972 4061 Benedictus
1001 4003 1110 4058 IX:
1144 4018 1259 4075 quo
1298 4017 1369 4056 ex
1407 4000 1554 4056 Sede
1595 3999 1926 4071 Apostolica

267 4095 465 4168 pulso,
501 4099 558 4151 et
587 4093 904 4151 schismate
942 4091 1202 4149 Silvestri
1246 4090 1320 4147 ΙΙΙ
1359 4089 1702 4162 composito,
1737 4090 1924 4145 factus

265 4193 357 4243 est
385 4185 545 4256 Papa
577 4182 891 4256 Gregorius
914 4182 990 4237 Vl
1010 4197 1162 4237 anno
1187 4180 1444 4235 MXLIV.
1469 4179 1684 4234 Verum
1715 4178 1807 4233 his
1827 4177 1926 4233 tri-

265 4275 379 4338 bus
400 4272 690 4345 depositis
711 4270 940 4328 electus
954 4274 1043 4327 est
1061 4270 1329 4326 Clemens
1350 4285 1392 4324 Ir
1413 4271 1582 4324 antea
1604 4266 1922 4340 Episcopus

265 4362 722 4435 Bambergensis
771 4377 923 4416 anno
971 4359 1199 4416 MXLVI
1233 4374 1245 4414 :
1280 4374 1394 4430 quo
1443 4374 1596 4413 anno
1644 4361 1924 4428 sequente

261 4451 527 4516 MXLVII
545 4456 801 4517 mortuo,
821 4450 1028 4506 iterum
1052 4448 1209 4504 sedit
1223 4447 1570 4503 Benedictus
1592 4446 1668 4502 IX
1689 4464 1701 4502 :
1721 4451 1925 4503 contra

269 4559 448 4616 quem
481 4540 704 4600 electus
726 4543 814 4595 est
837 4539 1124 4596 Damasus
1156 4538 1202 4592 ΙΙ
1234 4541 1368 4593 ante
1399 4537 1716 4609 Episc0pus
1738 4537 1922 4593 Brixi-
1951 4558 2001 4625 Β

272 4630 509 4699 Nensis,
545 4632 924 4687 consecratus
957 4645 1108 4684 anno
1139 4626 1439 4693 MXLVIII,
1463 4626 1555 4681 die
1584 4643 1698 4681 xvn
1728 4626 1870 4682 Julii
1904 4643 1917 4683 :

261 4721 362 4776 sed
395 4735 536 4776 cum
582 4719 834 4774 sedisset
881 4717 1003 4773 dies
1033 4733 1195 4782 χχιιι,
1227 4714 1518 4771 extinctus
1566 4720 1674 4784 est,
1709 4720 1772 4771 ut
1799 4733 1923 4772 cre-

259 4810 694 4875 ditur,veneno.
711 4807 850 4862 Post
867 4807 1024 4862 hunc
1039 4807 1243 4862 eodem
1265 4804 1458 4860 adhuc
1479 4821 1632 4860 anno
1658 4804 1928 4878 designaa

255 4903 356 4956 tus
372 4900 440 4954 in
462 4899 760 4955 Conventu
784 4894 1226 4961 Wormatiensi,
1250 4893 1344 4949 hic
1375 4896 1573 4949 noster
1603 4893 1922 4966 Episcopus

266 4987 588 5058 Tullensis,
606 4991 748 5043 tunc
767 4990 964 5041 Bruno
986 4983 1303 5056 dictus,qui
1326 5000 1459 5039 cum
1479 4981 1633 5038 Tulli
1651 4982 1925 5040 Natalitia

257 5077 479 5136 Christi
511 5076 892 5144 celebrasset,
923 5092 1077 5130 xxvu
1107 5073 1442 5130 Decembris
1472 5072 1580 5127 iter
1609 5089 1923 5145 aggressus

257 5173 351 5226 est
397 5185 505 5241 per
552 5166 950 5233 Germaniam,
992 5165 1223 5236 quando
1268 5165 1542 5235 Augustae
1590 5163 1922 5221 Vindelico-

257 5275 394 5318 rum
415 5280 446 5308 ‹‹
479 5255 710 5314 audivit
741 5253 1006 5326 angelica
1043 5269 1178 5309 voce
1216 5266 1488 5308 resonare
1514 5250 1916 5310 harmonicam

257 5346 787 5406 modulationem.»
809 5345 951 5400 Inde
971 5343 1080 5400 iter
1099 5342 1455 5410 accelerans,
1475 5341 1552 5397 ob
1579 5341 1916 5400 inundatio-

255 5452 388 5502 nem
421 5452 724 5510 aquarum
749 5434 863 5491 fuit
884 5437 1240 5505 coactusper
1267 5440 1470 5503 septem
1487 5431 1608 5488 dies
1637 5447 1772 5487 cum
1802 5451 1910 5490 suo

249 5527 539 5586 comitatu
555 5522 934 5593 subsistere:
958 5527 1016 5579 et
1031 5525 1230 5580 tamen
1251 5519 1490 5578 hiemali
1518 5519 1619 5577 illo
1649 5525 1910 5596 tempore

246 5616 497 5682 Romam
529 5613 793 5692 appulit,
824 5613 1024 5677 forsan
1053 5612 1164 5673 sub
1185 5611 1364 5671 ﬁnem
1385 5609 1652 5672 Januarii
1672 5615 1774 5672 aut
1803 5612 1910 5674 ini-

2036 3355 2210 3412 titicis
2241 3356 2434 3412 Vitam
2465 3356 2710 3430 Scripsit
2741 3357 2956 3415 Paulus
2996 3359 3436 3418 Bernricdensis
3484 3367 3686 3419 auctor

2036 3462 2283 3512 coaevus,
2317 3446 2373 3501 in
2420 3463 2603 3518 eaque
2634 3448 2811 3502 tradit
2859 3448 3023 3504 illum
3057 3472 3086 3500 «
3119 3451 3487 3523 aliquantum
3539 3457 3683 3508 tem-

2036 3534 2193 3606 poris
2226 3551 2449 3590 moram
2499 3535 2703 3591 fecisse
2732 3536 2792 3590 in
2823 3536 2957 3592 aula
2986 3539 3217 3594 Henrici
3266 3541 3637 3611 Imperatoris
3667 3561 3680 3598 :

2034 3625 2186 3680 addit
2213 3624 2410 3679 deinde
2442 3629 2686 3679 Leonem
2728 3625 2940 3697 Papam
2974 3642 3217 3695 nonum,
3250 3629 3428 3698 hujus
3476 3629 3684 3685 lauda-

2035 3713 2170 3768 bilis
2200 3713 2308 3769 viri
2341 3713 2713 3786 prudentiam
2745 3719 2802 3770 et
2829 3716 3196 3774 sanctitatem
3228 3733 3296 3772 ex
3326 3718 3498 3774 corde
3519 3734 3685 3774 vene-

2038 3806 2249 3870 ratum,
2273 3807 2329 3858 et
2359 3802 2753 3874 amplexatum
2786 3805 2914 3875 ejus
2946 3822 3048 3877 per
3077 3806 3274 3861 omnia
3303 3807 3548 3863 consilia
3581 3825 3592 3862 :
3627 3813 3684 3865 et

2034 3891 2184 3947 hanc
2216 3908 2416 3948 eorum
2456 3892 2827 3949 concordiam
2873 3893 3192 3966 plurimum
3228 3895 3286 3950 in
3318 3912 3456 3968 agro
3486 3897 3681 3952 Domi-

2033 3981 2163 4037 nico
2194 3981 2382 4054 spinis
2410 3982 2592 4038 erutis
2624 3982 3045 4040 fructiﬁcasse:
3076 3985 3296 4041 interea
3330 3985 3517 4053 illum,
3542 3988 3681 4042 sub-

2033 4070 2343 4126 diaconum
2367 4071 2438 4127 ab
2461 4071 2664 4127 eodem
2689 4072 2840 4145 Papa
2859 4074 3216 4141 ordinatum,
3245 4076 3598 4132 monasterio
3620 4077 3678 4132 S.

2033 4159 2215 4228 Pauli,
2235 4160 2645 4216 miserabiliter
2662 4162 3252 4235 desolato,przelatum
3277 4165 3513 4221 fuisse.»
3529 4166 3686 4222 Post-

2034 4249 2274 4306 modum
2299 4272 2327 4300 «
2347 4249 2671 4322 spiritualis
2702 4251 2974 4324 agricola,
3001 4255 3252 4310 Sanctus
3275 4254 3540 4311 videlicet
3572 4255 3681 4312 Leo

2033 4340 2206 4411 Papa,
2222 4340 2599 4396 considerans
2617 4350 2673 4397 et
2689 4341 2990 4400 admirans
3013 4343 3268 4401 multum
3288 4346 3542 4402 fructum
3567 4345 3682 4419 pal-

2034 4428 2194 4484 mitis
2251 4429 2450 4501 hujus,
2484 4446 2549 4486 eo
2581 4431 2734 4502 quod
2795 4432 2918 4503 ipse
2973 4440 3237 4491 maneret
3277 4435 3334 4491 in
3367 4436 3594 4492 Christo
3625 4440 3684 4493 et

2033 4518 2299 4575 Christus
2327 4519 2385 4574 in
2417 4519 2844 4590 ipso,dilatavit
2875 4523 2933 4577 in
2966 4541 3032 4580 eo
3055 4525 3418 4582 mansionem
3442 4527 3680 4595 Christi,

2031 4625 2134 4681 per
2165 4609 2596 4680 impositionem
2642 4610 2876 4667 Ordinis
2926 4614 3189 4683 Levitici;
3219 4619 3294 4684 et,
3329 4622 3393 4672 ut
3427 4617 3682 4673 fructum

2032 4697 2164 4770 plus
2192 4699 2420 4755 alierret
2453 4700 2724 4756 Romanae
2759 4701 3045 4772 Ecclesiae,
3070 4703 3560 4762 Archidiaconum
3592 4706 3684 4761 in-

2033 4787 2277 4844 stituit.»
2304 4790 2428 4845 llarc
2462 4789 2562 4844 ibi.
2588 4791 2666 4844 Ex
2697 4791 2913 4862 quibus
2945 4793 3221 4848 omnibus
3249 4793 3581 4865 colligimus
3619 4794 3678 4850 S.

2035 4877 2284 4934 Leonem
2317 4896 2430 4934 non
2462 4879 2645 4934 fuisse
2676 4879 2734 4935 in
2766 4880 2919 4935 dicto
2950 4881 3157 4937 itinere
3179 4880 3460 4950 Cluniaci,
3489 4897 3682 4952 neque

2032 4966 2300 5035 inde,sed
2334 4985 2401 5023 ex
2433 4967 2566 5023 aula
2589 4970 2958 5040 Imperatoris
2989 4970 3317 5025 adduxisse
3339 4969 3680 5025 llildebran-

2033 5058 2205 5126 dum;
2242 5073 2429 5126 neque
2461 5057 2637 5127 hujus
2670 5058 3091 5123 admonitione,
3125 5057 3389 5129 deposita
3421 5058 3677 5115 Cluniaci

2031 5164 2312 5221 purpura,
2343 5145 2739 5216 assumpsisse
2770 5149 3060 5222 peregrini
3094 5146 3570 5219 habitum,quem
3605 5150 3678 5206 ab

2028 5236 2194 5293 initio
2217 5235 2443 5291 itineris
2464 5238 2783 5306 acceperat.
2804 5237 2935 5293 Fuit
2964 5237 3396 5294 Hildebrandus
3417 5239 3676 5311 primum

2022 5327 2440 5406 tergiversatus
2470 5322 2760 5391 invitanti,
2790 5325 3072 5396 objiciens
3095 5350 3122 5378 «
3148 5327 3288 5399 quia
3318 5344 3432 5383 non
3464 5346 3678 5386 secun-

2021 5429 2162 5485 dum
2187 5419 2541 5484 Canonicam
2559 5412 3123 5483 institutionem,sed
3146 5434 3248 5488 per
3264 5419 3602 5479 saecularem
3623 5441 3681 5506 et

2019 5521 2240 5596 regiam
2271 5511 2639 5591 potestatem,
2664 5503 2990 5562 Romanam
3015 5505 3335 5564 Ecclesiam
3367 5503 3674 5594 arriperet;

2016 5613 2124 5673 Leo
2153 5626 2308 5680 vero,
2341 5608 2407 5664 ut
2433 5602 2556 5660 erat
2583 5601 2792 5657 natura
2822 5597 3069 5674 simplex
3098 5600 3272 5670 atque
3303 5601 3676 5684 mitissimus,
