3964 6206
317 287 433 346 515

322 415 610 487 patienter
639 417 689 472 ei
721 418 1003 475 satisfecit
1032 419 1258 477 reddita
1287 422 1358 476 de
1390 422 1684 491 omnibus,
1706 423 1856 477 sicut
1878 421 1972 477 ille
2000 425 2056 489 Α

311 505 595 569 voluerat,
629 506 868 563 ratione.
898 529 925 557 »
958 509 1088 564 Haec
1119 510 1332 566 Bruno.

382 639 435 691 8.
455 638 651 694 Altera
672 642 1065 697 controversia
1090 643 1425 699 desumitur
1453 661 1520 699 ex
1553 644 1836 700 Chronico
1866 645 1966 700 Ca-

309 725 529 782 sinensi
562 727 771 783 Leonis
818 729 1128 785 Marsicani
1178 732 1449 803 Episcopi
1477 733 1781 802 Ostiensis,
1811 750 1964 789 anno

308 815 510 871 MCXV
537 816 659 872 vita
706 819 911 886 functi,
941 818 1039 890 qui
1086 820 1288 875 scribit
1338 820 1437 876 lib.
1476 839 1536 893 u,
1569 839 1693 894 cap.
1726 823 1815 876 81.
1840 846 1866 871 ‹‹
1901 823 1958 877 8.

306 905 555 962 Leonem
601 907 966 976 Pontificem,
1001 909 1205 964 eodem
1238 927 1354 980 quo
1386 911 1690 967 ordinatus
1722 917 1812 966 est
1858 928 1958 965 an-

302 1010 399 1065 no,
430 996 712 1051 orationis
741 997 930 1069 gratia
975 1003 1234 1053 montem
1273 998 1606 1071 Garganum
1638 1000 1892 1071 petiisse.
1929 1021 1955 1049 »

299 1082 516 1139 Verum
548 1084 607 1139 id
649 1085 965 1158 contigisse
1019 1103 1171 1142 anno
1221 1087 1488 1158 sequenti
1536 1088 1688 1143 infra
1717 1088 1954 1159 patebit.

297 1170 541 1228 Videtur
570 1178 774 1229 auctor
806 1174 896 1228 hic
933 1191 1118 1228 annos
1158 1193 1192 1229 a
1225 1174 1503 1231 Pascliate
1537 1175 1866 1246 incocpisse,
1901 1181 1958 1229 et

298 1260 383 1315 sic
414 1262 673 1333 primum
713 1264 890 1317 etiam
924 1280 1144 1317 annum
1192 1265 1249 1317 S.
1287 1264 1494 1319 Leonis
1543 1264 1870 1329 inchoasse,
1902 1269 1958 1317 et

294 1348 404 1404 hoc
427 1351 1069 1423 posito,consequcnter
1091 1351 1325 1424 singula
1348 1358 1617 1409 accurate
1638 1354 1763 1409 suis
1785 1353 1956 1407 annis

295 1438 635 1494 attribuisse
665 1456 824 1507 eum,
860 1441 1010 1495 infra
1041 1442 1442 1497 ostendemus.
1474 1442 1712 1509 Verum,
1748 1448 1811 1497 ut
1838 1444 1951 1496 An-

293 1525 515 1581 selmus
560 1527 619 1581 in
659 1528 787 1598 ejus
846 1528 1146 1584 [tinerario
1207 1530 1396 1598 docet,
1429 1528 1676 1601 explevit
1700 1552 1726 1579 «
1760 1531 1952 1585 Romae

291 1613 829 1688 Quadragcsimalis
865 1618 1146 1688 temporis
1180 1618 1427 1690 jejunia,
1462 1619 1952 1689 succedentiaque

291 1701 605 1759 Dominicaa
637 1706 1083 1761 resurrectionis
1106 1706 1419 1762 celebravit
1438 1706 1783 1762 solemnia.»
1806 1707 1952 1761 Prae~

289 1791 448 1847 terea
478 1792 849 1849 Hermannus
881 1798 1247 1860 Contractus,
1271 1794 1372 1865 qui
1418 1796 1621 1851 eodem
1653 1812 1806 1851 anno
1833 1812 1949 1867 quo
1980 1794 2028 1859 B

289 1879 347 1934 8.
382 1880 489 1936 Leo
522 1886 791 1937 mortuus
840 1887 948 1949 est,
986 1882 1311 1938 monachus
1358 1884 1690 1955 Augiensis,
1725 1884 1949 1940 scilicet

287 1966 491 2037 MLIV,
524 1969 637 2024 ista
681 1968 882 2024 scribit
917 1986 929 2024 :
958 1992 983 2018 ‹‹
1020 1970 1081 2025 In
1113 1971 1575 2043 Quadragesima
1614 1973 1942 2040 ordinatus,

284 2057 491 2113 Leonis
522 2057 662 2112 noni
697 2074 909 2113 nomen
934 2060 1172 2131 accepit.
1195 2060 1303 2125 Qui
1335 2059 1394 2114 in
1427 2061 1691 2132 proximo
1722 2061 1945 2117 Pascha

283 2143 643 2213 Udalricum,
668 2146 980 2219 Augiensis
1013 2147 1260 2202 ccenobii
1290 2147 1671 2219 Provisorem,
1696 2150 1941 2206 Romam

280 2234 632 2301 venientem,
677 2236 923 2291 Abbatis
978 2236 1384 2291 benedictione
1442 2239 1834 2305 consecravit;
1887 2244 1944 2294 et

281 2324 549 2394 ejusdem
584 2324 921 2379 monasterii
975 2324 1299 2396 privilegia,
1334 2325 1666 2397 antiquitus
1715 2344 1750 2381 a
1796 2328 1943 2383 Sede

278 2412 610 2484 Apostolica
654 2413 889 2479 tradita,
927 2430 1036 2468 sua
1082 2414 1429 2468 auctoritate
1478 2416 1848 2482 conﬁrmavit
1885 2421 1942 2471 et

281 2499 598 2567 innovavit,
650 2500 973 2556 Indictione
1014 2519 1075 2567 ιι,
1110 2519 1189 2556 v11
1222 2501 1511 2557 Kalendas
1558 2504 1793 2575 Aprilis,
1822 2528 1848 2552 ››
1881 2505 1937 2560 id

280 2594 369 2645 est
399 2588 587 2661 pridie
615 2588 931 2644 Dominica:
963 2588 1336 2658 Palmarum;
1370 2606 1506 2662 ergo
1538 2592 1688 2647 hanc
1720 2592 1942 2649 Palma-

281 2693 413 2732 rum
436 2677 811 2733 festivitatem
836 2695 952 2733 non
976 2678 1288 2734 celebravit
1309 2678 1463 2735 dicto
1485 2697 1637 2735 anno
1659 2681 1717 2735 in
1741 2686 1938 2737 monte

278 2765 512 2835 Casino,
535 2767 691 2837 quod
736 2782 805 2821 ex
854 2767 1043 2823 Leone
1092 2768 1416 2824 Marsicano
1474 2770 1931 2827 assumebatur:

277 2856 403 2923 sed,
438 2859 502 2910 ut
531 2856 683 2910 infra
712 2855 960 2923 dicetur,
994 2873 1147 2912 anno
1178 2858 1468 2928 sequenti.

344 2988 400 3041 9.
427 3008 454 3037 ‹‹
486 2988 644 3043 Idem
676 2988 850 3059 Papa,
876 3011 904 3039 »
937 2988 1131 3060 inquit
1161 2990 1531 3047 Hermannus
1558 2992 1931 3061 Contractus,

275 3099 303 3124 ‹‹
320 3076 378 3130 in
397 3075 764 3132 hebdomada
782 3077 1156 3149 postAlbas,»
1172 3079 1227 3133 id
1248 3085 1332 3135 est
1352 3084 1481 3151 post
1497 3083 1854 3138 Dominicam
1871 3083 1930 3138 in

1671 291 1734 351 S.
1783 290 1935 352 LEO
1976 290 2059 351 IX
2103 290 2336 354 PAPA.

3608 303 3736 364 516

2159 447 2184 471 ‹‹
2220 425 2306 479 10.
2332 424 2592 497 Denique
2622 427 2875 484 domnus
2922 429 3097 501 Papa,
3131 447 3165 485 a
3213 432 3536 489 Leucorum
3586 438 3736 494 urbe

2076 512 2398 583 digressus.
2434 514 2543 569 iter
2572 515 2644 569 ad
2687 517 3034 574 Remensem
3067 520 3290 576 ducens
3338 524 3546 580 urbem
3578 526 3728 582 arri-

2076 602 2232 671 puit;
2268 603 2323 658 in
2348 603 2541 675 vigilia
2564 606 2620 660 8.
2648 606 2948 663 Michaelis
2969 609 3041 663 ad
3061 611 3504 670 Curmolensem
3526 614 3729 673 villam

2074 691 2231 745 venit
2254 708 2267 745 :
2294 691 2386 747 die
2407 709 2539 748 vero
2562 695 2828 765 sequenti
2851 697 2922 751 ad
2947 697 3225 755 Sanctum
3244 703 3508 773 pervenit
3530 704 3733 760 Remi-

2072 778 2730 854 gium,Archiepiscopis
2746 784 2937 840 tribus
2953 787 3733 857 comitantibus,Trevirensi

2070 867 2359 933 videlicet,
2395 871 2787 939 Lugdunensi,
2812 872 3280 946 Vesontionensi,
3304 878 3554 953 aliisque
3583 881 3732 940 viris

2072 955 2517 1013 honorabilibus
2552 975 2564 1012 :
2600 958 2754 1014 inter
2782 976 2929 1031 quos
2959 968 3080 1024 erat
3111 965 3367 1022 Joannes
3400 969 3731 1042 Episcopus
3800 1000 3811 1007 ·

2072 1043 2429 1110 Portuensis,
2458 1050 2517 1101 et
2546 1046 2751 1103 Petrus
2798 1050 3069 1107 Ecclesiae
3118 1053 3391 1110 Romanae
3429 1057 3731 1117 Diaconus

2068 1137 2125 1186 et
2154 1134 2339 1204 ipsius
2375 1135 2545 1189 Urbis
2584 1137 2913 1217 Praefectus.
2950 1140 3009 1194 In
3043 1142 3188 1197 atrio
3228 1143 3490 1202 Basilicas
3521 1146 3728 1219 dispo-

2067 1223 2228 1275 nitur
2256 1222 2669 1279 decentissima
2698 1227 3012 1296 processio,
3038 1230 3338 1303 Episcopis
3367 1234 3582 1300 tribus,
3606 1237 3730 1292 Sil-

2066 1312 2394 1365 vanectensi
2418 1311 2703 1380 videlicet,
2720 1316 3142 1387 Andegavensi,
3160 1319 3522 1390 Nivernensi,
3548 1325 3726 1399 longe

2065 1398 2323 1467 digestos
2344 1400 2578 1454 ordines
2596 1404 3095 1483 antecedentibus,
3110 1411 3453 1480 textumque
3464 1398 3724 1485 Evange-

2062 1485 2123 1539 lii
2153 1502 2287 1541 cum
2318 1504 2475 1557 aqua
2506 1489 2808 1545 benedicta
2837 1496 2894 1546 et
2921 1498 3249 1550 aromatum
3273 1498 3450 1554 odore
3482 1501 3720 1558 ferenti-

2061 1574 2192 1629 bus.
2219 1575 2312 1630 Sic
2332 1575 2546 1646 Papam
2579 1577 2981 1635 advenientem
3013 1584 3345 1655 suscipiunt
3375 1603 3510 1644 cum
3536 1590 3720 1663 digna

2062 1661 2457 1719 modulatione
2482 1680 2494 1718 :
2519 1665 2639 1735 qui,
2664 1666 2890 1738 expleta
2908 1670 3186 1739 oratione,
3205 1674 3509 1732 adstantes
3530 1661 3720 1735 laetiﬁ-

2059 1750 2207 1805 cavit
2230 1751 2627 1809 benedictione
2641 1755 3061 1827 Apostolica,et
3078 1760 3284 1816 exinde
3307 1763 3619 1823 deducitur
3636 1769 3715 1824 ad

2058 1838 2307 1895 civitatis
2339 1841 2572 1896 moenia.
2604 1842 2687 1897 lbi
2719 1844 3026 1902 Remensis
3059 1847 3281 1916 Clerus,
3304 1869 3441 1908 cum
3470 1856 3715 1914 Archie-

2055 1927 2293 2000 piscopo
2315 1946 2423 1983 suo
2441 1928 2688 2002 aliisque
2700 1933 3242 2007 Episcopisobviam
3265 1944 3714 2014 procedens,us~

2054 2032 2168 2086 que
2194 2017 2264 2071 ad
2294 2017 2615 2075 Ecclesiam
2639 2021 2696 2076 S.
2723 2022 2915 2077 Marias
2945 2026 3279 2084 comitatur.
3303 2030 3385 2085 Ibi
3416 2032 3709 2091 Sacerdo-

2053 2104 2271 2161 talibus
2292 2107 2601 2163 redimitus
2622 2109 2954 2182 insignibus
2987 2118 3271 2185 processit
3286 2120 3355 2173 ad
3382 2120 3704 2180 Missarum

2053 2194 2400 2251 celebranda
2431 2198 2715 2253 solennia.
2747 2200 2850 2255 Die
2892 2204 3274 2276 subsequenti
3303 2208 3371 2262 ad
3406 2210 3463 2264 S.
3498 2210 3705 2268 Remi-

2050 2284 2214 2354 gium
2246 2286 2543 2353 remeavit,
2570 2287 2974 2347 imminentem
3002 2293 3148 2348 tanti
3175 2295 3363 2351 Patris
3382 2298 3707 2358 solennita-

2050 2377 2165 2427 tem
2198 2376 2257 2427 in
2288 2374 2541 2430 crastino
2572 2376 2993 2435 celebraturus.
3027 2384 3150 2447 Quo
3180 2384 3275 2442 die
3316 2385 3468 2444 circa
3492 2388 3705 2446 horam

2051 2462 2300 2529 tertiam,
2317 2462 2625 2520 redimitus
2648 2464 2851 2521 infulis
2869 2470 3441 2545 Sacerdotalibus,ad
3458 2477 3704 2549 gloriosi

2049 2550 2235 2605 Patris
2266 2551 2513 2624 Remigii
2547 2554 2881 2625 sepulcrum
2906 2563 3167 2630 procedit
3187 2579 3322 2620 cum
3354 2565 3705 2640 thymiama-

2045 2639 2211 2695 teriis
2234 2644 2297 2695 et
2326 2642 2619 2708 crucibus,
2644 2645 2882 2701 sociatis
2913 2648 3025 2702 sibi
3055 2651 3524 2729 Archiepiscopis
3553 2674 3703 2731 qun-

2046 2732 2198 2796 tuor,
2243 2729 2515 2787 Remensi
2561 2731 2845 2802 videlicet,
2899 2737 3245 2809 'l‘revirensi,
3295 2729 3702 2817 Lugdune—nsi,

2044 2815 2491 2875 Vesontionensi
2521 2837 2655 2875 cum
2703 2823 3057 2893 quibusdam
3088 2828 3241 2898 aliis,
3276 2815 3479 2891 sed'et
3506 2815 3704 2908 ipsius

2044 2904 2155 2960 loci
2176 2907 2417 2977 Abbate,
2438 2909 2501 2962 DL
2523 2926 2574 2962 m
2588 2926 2774 2981 neque
2798 2912 2843 2966 H
2854 2930 3040 2986 ugone
3059 2921 3373 2976 venerabili
3396 2904 3565 2982 Patre
3585 2943 3703 2983 cae-

2043 2994 2202 3050 nobii
2233 2995 2652 3066 Cluniacensis,
2688 3007 2746 3055 et
2775 3002 2932 3059 illius
2962 3004 3196 3063 Ordinis
3231 3009 3523 3080 plurimis.
3547 3018 3700 3075 Cum

2043 3084 2257 3156 quibus
2294 3085 2500 3141 litania
2546 3089 2762 3144 facta...
2796 3094 3072 3150 feretrum
3120 3096 3319 3154 Sancti
3348 3118 3383 3157 a
3410 3107 3517 3160 suo
3562 3104 3700 3165 loco

271 3165 456 3233 Albis,
473 3186 502 3215 «
526 3166 822 3237 Synodum
848 3182 981 3221 eum
1008 3168 1313 3240 Episcopis
1345 3169 1520 3225 Italiae
1553 3172 1746 3227 Romae
1777 3172 1924 3229 cele—
1955 3161 2007 3235 0
2036 3173 2345 3246 paululum
2374 3178 2649 3233 removit:
2677 3184 2750 3248 et,
2778 3180 2876 3237 ubi
2907 3190 3305 3257 competenter
3331 3161 3694 3264 dispositum

273 3253 515 3308 bravit.»
533 3253 857 3323 Scilicet,ut
871 3255 1171 3312 Wibertus
1193 3258 1343 3313 infra
1363 3261 1630 3330 explicat,
1647 3262 1924 3320 adversus

272 3342 733 3410 Simoniaeos,et
762 3344 1080 3417 Episcopos
1112 3345 1255 3402 tales
1277 3347 1573 3420 deposuit;
1600 3350 1736 3405 item
1769 3352 1922 3407 deci-

272 3447 504 3486 marum
528 3448 701 3487 usum
734 3434 1110 3505 praescripsit,
1128 3439 1186 3489 et
1207 3435 1459 3493 incestas
1490 3440 1725 3511 nuptias
1745 3440 1925 3497 disci-

269 3519 374 3575 dit.
398 3519 576 3579 Varia
603 3521 778 3577 etiam
805 3522 875 3579 de
904 3521 1017 3578 hac
1038 3523 1269 3596 Synodo
1293 3527 1471 3582 tradit
1491 3529 1552 3584 Β.
1579 3528 1783 3585 Petrus
1810 3531 1925 3587 Da-

268 3608 502 3664 mianus
533 3609 590 3663 in
624 3609 870 3681 epistola
899 3611 968 3666 ad
1006 3611 1319 3669 Henricum
1364 3616 1755 3674 Ravennatem
1788 3620 1924 3693 Epi-

265 3713 499 3769 copum,
528 3714 657 3769 quae
706 3699 858 3771 apud
914 3701 1227 3757 Baronium
1262 3706 1319 3758 et
1346 3704 1405 3759 in
1439 3707 1615 3763 tomis
1649 3708 1927 3764 Concilio-

264 3802 396 3841 rum
452 3785 755 3859 allegatur.
813 3789 1047 3857 Deinde,
1094 3795 1242 3847 teste
1301 3795 1505 3852 eodem
1568 3797 1922 3869 Hermanno,

263 3896 291 3925 ‹‹
314 3873 470 3930 idem
502 3875 656 3947 Papa
700 3877 758 3930 in
792 3876 1165 3935 hebdomada
1214 3881 1581 3940 Pentecostes
1613 3887 1786 3944 aliam
1821 3892 1924 3963 Sy-

261 3964 481 4018 nodum
510 3964 700 4036 Papiae
734 3968 1127 4038 congregavit,
1155 3970 1407 4043 indeque
1432 3990 1534 4045 per
1556 3980 1813 4033 montem
1834 3980 1930 4043 Jo-

258 4053 349 4109 vis
368 4068 506 4108 cum
530 4052 801 4124 pluribus
826 4055 1223 4113 Romanorum
1256 4059 1315 4114 in
1346 4061 1767 4135 Transalpinas
1798 4087 1930 4142 par-

257 4146 348 4198 tes
381 4142 613 4197 devenit
644 4160 657 4197 :
688 4165 710 4191 ιι
738 4158 804 4198 ac
830 4144 1044 4214 primo,
1071 4150 1137 4201 ut
1167 4147 1373 4205 scribit
1397 4151 1712 4211 Anselmus
1745 4157 1800 4213 in
1838 4160 1928 4215 lti-

260 4229 515 4293 nerario,
533 4228 726 4284 «adiit
763 4230 1201 4301 Imperatorem,
1224 4235 1282 4289 in
1306 4237 1539 4308 regione
1563 4258 1927 4304 commoran-

258 4323 376 4373 tem
408 4316 728 4372 Saxonica:
756 4339 783 4366 »
808 4318 907 4389 qui
951 4320 1125 4375 ambo
1153 4342 1181 4370 «
1203 4321 1498 4381 Coloniam
1532 4331 1925 4405 Agrippinam

259 4406 621 4461 advenerunt
640 4404 703 4460 in
718 4406 1127 4476 Apostolorum
1153 4408 1303 4466 Petri
1328 4416 1384 4467 et
1402 4413 1561 4472 Pauli
1585 4404 1850 4479 natalitio
1874 4445 1919 4482 τη

2034 3262 2164 3358 fuit,
2190 3279 2322 3358 cum
2348 3265 2602 3358 prazfatis
2618 3268 3085 3358 Archiepiscopis
3105 3280 3162 3331 et
3180 3262 3525 3350 Abbatibus,
3550 3302 3617 3340 su
3625 3304 3694 3358 p—

2033 3351 2242 3423 positis
2265 3352 2525 3410 humeris
2545 3355 2688 3412 illud
2708 3358 2908 3416 devote
2925 3360 3254 3436 lacrymans
3269 3351 3692 3431 extulit...Col-

2032 3438 2221 3497 locato
2241 3459 2307 3498 eo
2330 3442 2388 3498 in
2412 3444 2656 3502 ecclesia
2673 3453 2887 3505 sanctae
2908 3450 3011 3507 Dei
3029 3452 3340 3516 Genitricis
3361 3477 3541 3534 super
3561 3482 3711 3522 san-

2034 3534 2138 3585 ctaa
2187 3530 2390 3588 Crucis
2440 3532 2641 3605 altare,
2676 3538 3163 3616 Archiepiscopus
3207 3530 3694 3622 Vesonti—onensis

2034 3620 2344 3677 Missarum
2368 3621 2633 3681 solennia
2661 3626 2731 3683 de
2760 3626 2947 3701 ipsius
2970 3631 3207 3704 gloriosi
3228 3637 3414 3698 Patris
3436 3620 3700 3710 celebra-

2033 3710 2117 3763 vit
2146 3708 2471 3767 festivitate.

2109 3821 2133 3847 α
2158 3800 2177 3851 t
2194 3799 2210 3851 1
2227 3799 2364 3854 .Diei
2384 3800 2605 3859 interea
2621 3804 2816 3877 elapso
2834 3810 3262 3883 curriculo;nox
3283 3823 3696 3898 subsequitur:

2038 3904 2208 3989 mane
2234 3890 2713 3989 a.utem.Domnus
2735 3894 2888 3968 Papa
2910 3907 3240 3963 convocatis
3261 3890 3585 3989 Episcopis,
3603 3920 3704 3976 in-

2035 3979 2123 4031 tro
2148 3977 2453 4077 dedicandi
2479 3984 2817 4077 monasterii
2840 3988 3065 4077 abdita,
3085 3977 3335 4068 singulis
3357 3977 3595 4077 singula
3612 4009 3698 4067 ad

2037 4069 2499 4124 consecrandum
2522 4070 2811 4144 delegavit
2830 4074 3037 4135 altaria
3056 4087 3113 4136 et
3134 4084 3385 4145 missaru
3395 4069 3702 4154 m'solem-

2037 4154 2135 4209 nia
2154 4155 2309 4211 idem
2327 4156 2590 4215 Pontifex
2606 4178 2672 4218 ex
2688 4162 3070 4225 dedicationis
3086 4172 3396 4235 celebravit
3411 4172 3699 4244 festivita-

2035 4248 2110 4299 te.
2138 4245 2308 4301 Lecto
2329 4246 2658 4321 Evangelia,
2682 4252 2977 4324 pulpitum
2997 4266 3398 4326 conscendens
3416 4272 3702 4333 exhorta-

2035 4333 2210 4434 tionis
2241 4350 2572 4434 sermonem
2599 4338 2749 4434 fecit
2762 4342 2835 4398 ad
2866 4344 3347 4412 circumstantem
3375 4363 3695 4434 populum,

2037 4421 2225 4512 multa
2254 4441 2323 4480 ex
2351 4423 2537 4496 ipsius
2572 4429 2774 4503 templi
2815 4435 3276 4500 sanctiﬁcatione
3306 4421 3699 4512 cobcionatus

256 4494 595 4615 ibide‘mqm
638 4493 695 4549 S.
731 4494 842 4549 Leo
874 4494 1227 4615 Heriitnlanno
1260 4501 1714 4582 Archiepiscopo
1752 4514 1911 4570 varia
1938 4536 1986 4603 D
2034 4511 2201 4567 utilia
2243 4530 2255 4568 :
2306 4512 2462 4570 diem
2511 4514 2671 4573 illam
2695 4493 3010 4581 -celebrem
3067 4544 3195 4586 esse
3255 4493 3703 4615 praecepit”;:

260 4582 402 4615 ηκῖινί
432 4582 554 4615 anh-
589 4584 902 4615 ηηηηοοοῖι.
938 4589 993 4615 ιιι
1084 4586 1327 4615 ηιξ-..-ηε
1389 4594 1479 4615 Αιλ
1518 4596 1584 4615 4..-
1637 4600 1673 4615 n
1894 4605 1904 4615 .
2021 4601 2058 4615 η
2279 4602 2289 4612 .
2343 4604 2382 4615 η
2431 4603 2442 4613 .
2594 4606 2629 4615 ..
2779 4610 2801 4615 -
2858 4612 2866 4615 _

256 4581 560 4656 privilegia
589 4584 903 4653 concessit;
936 4589 995 4640 et
1032 4585 1330 4646 Herimaro
1376 4594 1584 4649 Abbati
1637 4600 1906 4659 Rcmensi

256 4670 507 4728 ccenobii
538 4672 596 4728 S.
624 4671 894 4745 Remigii,
922 4673 1055 4731 istic
1087 4676 1316 4734 obviam
1350 4680 1521 4751 facto,
1546 4688 1834 4759 addixit,«
1861 4710 1921 4749 se

255 4763 315 4818 in
372 4760 744 4817 solemnitate
799 4763 856 4819 S.
903 4763 1201 4823 Michaelis
1256 4770 1602 4845 Archaugeli
1648 4800 1675 4826 ››
1709 4778 1919 4839 Remos

258 4874 287 4901 «
310 4854 648 4921 venturum,
667 4856 724 4907 et
744 4851 804 4907 in
827 4852 1073 4909 ecclesia
1094 4854 1157 4910 B.
1184 4857 1374 4913 Maria:
1405 4860 1718 4922 Missarum
1753 4885 1918 4926 sacra

256 4938 711 4997 celebraturum.
740 4942 974 4998 Festum
997 4960 1132 4999 vero
1153 4944 1391 5017 gloriosi
1434 4949 1621 5009 Patris
1644 4955 1913 5031 Remigii,

255 5028 497 5102 pretiosi
528 5029 789 5103 corporis
829 5031 958 5101 ejus
999 5031 1333 5103 elevationi;
1368 5041 1423 5092 et
1454 5028 1911 5115 subsequentem

251 5117 407 5174 diem
441 5118 694 5174 basilicae
716 5121 1163 5190 consecrationi,
1185 5129 1406 5179 ceteros
1430 5129 1639 5186 deinde
1670 5139 1784 5190 tres
1807 5141 1909 5210 Sy-

250 5207 389 5263 :odi
421 5208 664 5280 deputat
694 5207 1090 5265 celebrationi.
1111 5210 1379 5269 Ceterum
1401 5216 1555 5290 Papa
1575 5219 1810 5280 Colonia
1828 5207 1911 5282 di-

251 5311 512 5369 gressus,
536 5296 772 5352 Tullum
788 5296 849 5352 in
874 5297 1237 5357 Exaltatione
1257 5309 1469 5360 sanctae
1491 5307 1692 5367 Crucis
1712 5315 1869 5369 venit
1891 5334 1903 5373 :

251 5383 390 5439 inde
421 5384 970 5457 circumjecentium
994 5388 1299 5461 regionum
1322 5393 1621 5469 Episcopis
1653 5404 1709 5455 et
1737 5402 1908 5460 abba-

250 5472 413 5528 tibus
442 5471 654 5530 litteris
687 5491 807 5563 suie
837 5476 1208 5563 auctoritatis
1240 5483 1506 5541 mandari
1536 5492 1811 5563 praecepit
1839 5496 1906 5549 ut

252 5560 317 5633 in
342 5559 576 5646 praeﬁxa
605 5562 699 5617 die
739 5562 851 5617 sibi
898 5572 1288 5635 occurrerent,
1321 5572 1391 5626 ad
1425 5559 1901 5646 Synodum—cele-

249 5644 539 5709 brandarn
565 5649 626 5708 in
645 5648 891 5708 basilica
908 5654 1133 5726 praefati
1155 5644 1511 5722 Francorum
1530 5666 1861 5741 Apostoli...

2018 4601 2325 4691 Remensis
2341 4603 2632 4678 Episcopii
2657 4601 3296 4677 conﬁnia...Constituit
3324 4601 3502 4683 etiam
3526 4601 3698 4691 ut‘ad

2030 4689 2233 4759 altare,
2265 4693 2419 4764 quod
2460 4694 2521 4750 in
2562 4695 2783 4754 honore
2810 4702 3222 4772 Apostolorum
3254 4711 3405 4769 Petri
3434 4722 3493 4773 et
3519 4689 3697 4778 Pauli

2027 4783 2085 4834 et
2131 4779 2445 4878 Clementis
2492 4787 2550 4878 et
2598 4784 3000 4878 Christophori
3048 4794 3371 4871 Martyrum
3415 4805 3696 4878 gloriosi-

2029 4885 2141 4940 que
2214 4870 2576 4929 Confessoris
2633 4875 2884 4951 Remigii
2942 4870 3510 4961 consecraveratfet
3569 4915 3697 4957 non

2024 4957 2340 5016 indiscrete
2370 4979 2403 5017 a
2435 4962 2769 5037 quibusque
2809 4969 2889 5025 sic
2903 4975 2964 5026 ut
2992 4972 3277 5036 hactenus
3306 4957 3696 5045 sacrosancta

2025 5049 2305 5119 mysteria
2350 5057 2658 5123 agerentur
2701 5072 2714 5110 :
2762 5058 2863 5113 sed
2913 5065 3240 5123 secundum
3290 5087 3513 5129 morem
3570 5076 3699 5134 Ro-

2024 5154 2210 5192 manae
2270 5139 2526 5197 ecclesia:
2585 5148 2810 5214 septem
2870 5154 3279 5224 tantummodo
3335 5160 3695 5225 Sacerdotes

2020 5225 2316 5314 digniores
2370 5229 2443 5284 ad
2501 5230 2612 5287 hoc
2660 5234 2919 5293 ofﬁcium
2970 5240 3409 5313 deputarentur.
3462 5252 3698 5314 Deinde

2017 5313 2305 5386 explicitis
2353 5317 2569 5375 divinis
2620 5320 2865 5395 Ofﬁciis,
2897 5329 3231 5400 Apostolica
3275 5313 3698 5403 benedictione

2015 5404 2411 5504 sanctiﬁcans-
2459 5407 2741 5504 populum
2800 5414 3047 5474 dimisit.
3115 5421 3221 5480 Die
3272 5441 3406 5483 vero
3471 5430 3687 5504 altera,

2015 5509 2140 5589 qua:
2181 5498 2272 5551 est
2317 5496 2520 5589 quinto
2568 5498 2767 5589 Nonas
2815 5502 3103 5581 Octobris,
3153 5516 3493 5589 congregati
3532 5496 3698 5581 'sunt

2012 5583 2073 5639 in
2114 5590 2440 5684 memorata
2478 5587 2723 5644 basilica
2762 5591 3031 5671 Episcopi
3070 5583 3297 5674 viginti,
3331 5583 3469 5663 cum
3501 5611 3688 5684 quin-

2009 5673 2294 5752 quaginta
2351 5674 2471 5738 fere
2533 5677 2859 5742 Abbatibus
2936 5690 2994 5748 et
3068 5688 3199 5753 aliis
3275 5673 3692 5766 Ecclesiastici
