3964 6206
394 480 507 551 881

1763 490 1824 554 S.
1873 493 2022 556 LEO
2064 492 2146 555 IX
2192 492 2417 554 PAPA.

3677 485 3780 550 532

391 613 541 678 lum.
574 623 692 680 Hoc
731 621 992 680 videntes
1033 627 1408 683 surrexerunt
1438 643 1470 682 a
1500 641 1704 682 somno
1739 644 1749 680 :
1788 631 1841 680 et
1872 643 2028 682 cam-
2059 632 2112 698 Α
2142 626 2550 699 obtemperans
2577 623 2869 681 consentit
2912 624 3147 690 servire,
3181 639 3392 696 corpus
3441 602 3570 696 ejus
3626 623 3776 695 quasi

393 726 558 782 psum
587 718 881 782 coeperunt
909 713 1128 786 pulsari
1155 719 1415 788 tempore
1449 718 1752 770 matutino.
1775 716 2033 787 Cumque

391 799 518 854 dies
575 799 882 866 illuxisset,
957 806 1322 876 congregatis
1380 805 1653 860 omnibus
1710 805 2031 876 Episcopis,

391 888 753 960 Presbyteris
782 894 838 945 et
866 891 1238 958 Diaconibus,
1271 899 1593 966 cunctoque
1624 894 1785 948 Clero
1835 899 1890 948 et
1935 911 2032 964 po-

391 976 530 1048 pulo
560 977 820 1034 Romano
845 979 904 1034 in
934 981 1178 1038 ecclesia
1204 985 1263 1037 B.
1299 984 1470 1048 Petri,
1505 984 1757 1038 surrexit
1803 984 1872 1037 de
1921 982 2031 1036 lec-

389 1065 535 1135 tulo,
550 1065 686 1123 hinc
715 1072 774 1124 et
803 1070 938 1126 inde
969 1088 1002 1126 a
1033 1072 1318 1128 ministris
1349 1073 1472 1127 suis
1502 1073 1859 1143 gubernatus
1890 1072 2032 1125 duo-

390 1154 523 1222 bus,
557 1156 629 1212 ad
660 1157 855 1228 ipsum
887 1163 948 1214 B.
982 1161 1133 1215 Petri
1164 1178 1395 1215 sacrum
1445 1161 1624 1215 altare
1657 1179 1668 1215 :
1705 1165 1837 1215 ante
1880 1160 2033 1231 quod

392 1259 527 1301 cum
559 1243 889 1318 lacrymans
913 1253 1240 1320 prostratus
1268 1250 1474 1305 fuisset
1517 1251 1574 1304 in
1607 1249 2036 1316 terram,oravit

391 1333 562 1404 quasi
611 1335 799 1406 spatio
830 1336 982 1392 horae
1016 1338 1190 1393 unius
1225 1356 1236 1393 :
1270 1344 1325 1392 et
1354 1356 1618 1394 reversus
1651 1341 1720 1393 ad
1754 1338 2032 1393 lectulum

383 1421 570 1491 jussit
613 1423 910 1479 silentium
957 1426 1102 1492 fieri,
1135 1443 1379 1482 monens
1436 1427 1719 1500 populum
1769 1442 2036 1482 sermone

392 1507 572 1566 brevi.
604 1511 746 1566 Hinc
776 1514 1025 1568 munivit
1051 1531 1261 1586 corpus
1292 1533 1464 1570 suum
1498 1516 1664 1587 signo
1694 1514 2036 1587 gloriosissi-

393 1613 504 1654 me
560 1600 758 1656 Crucis
813 1601 1050 1667 Christi,
1100 1608 1157 1658 et
1203 1605 1420 1659 vocatis
1470 1605 1767 1675 Episcopis
1810 1604 2032 1657 confes-

392 1687 619 1744 sionem
664 1689 818 1756 fecit,
866 1694 922 1745 et
961 1692 1143 1760 jussit
1190 1693 1301 1748 sibi
1350 1694 1421 1748 ab
1471 1710 1585 1747 uno
1616 1693 2032 1763 Episcoporum

394 1775 524 1833 cani
581 1777 820 1833 Missam
875 1796 887 1833 :
937 1797 971 1834 a
1023 1797 1136 1851 quo
1194 1782 1480 1852 accipiens
1537 1783 1755 1852 Corpus
1821 1780 2032 1835 Christi

393 1867 452 1920 et
478 1866 849 1937 sanguinem,
874 1869 1019 1923 dixit
1050 1885 1062 1922 :
1092 1871 1300 1925 Audite
1330 1876 1564 1942 propter
1593 1869 2035 1934 Dominum,ha-v

391 1954 524 2011 bete
563 1955 884 2024 silentium,
917 1957 1160 2013 forsitan
1191 1976 1420 2030 possem
1458 1965 1688 2031 propter
1735 1960 2031 2014 modicum

394 2043 653 2115 accipere
690 2061 963 2100 somnum
1017 2063 1028 2100 :
1087 2051 1141 2102 et
1191 2064 1322 2103 cum
1373 2047 1708 2103 inclinasset
1757 2052 1932 2118 caput
1977 2047 2034 2100 in

391 2129 606 2187 lectum
662 2134 831 2204 quasi
889 2135 1094 2190 horam
1142 2135 1445 2190 dimidiam
1500 2135 1716 2207 quievit
1768 2154 1778 2188 :
1825 2135 1882 2188 in
1924 2151 2040 2204 qua

395 2219 738 2293 quietudine
768 2222 1117 2278 obdormivit
1146 2224 1203 2278 in
1237 2241 1394 2295 pace.
1429 2225 1593 2278 Tunc
1623 2240 1777 2277 unus
1809 2223 1877 2276 de
1907 2221 2039 2292 Epi-

394 2309 588 2380 scopis
626 2310 878 2365 surrexit
923 2315 980 2365 et
1028 2311 1213 2383 tetigit
1257 2311 1447 2374 illum,
1479 2316 1692 2382 putans
1732 2310 1920 2365 vivere
1970 2310 2038 2362 il-

395 2396 520 2452 lum
554 2414 567 2451 ε
598 2413 772 2468 quem
803 2414 935 2452 eum
969 2399 1333 2469 cognovisset
1361 2399 1722 2463 defunctum,
1751 2399 2041 2452 nuntiavit

396 2485 620 2542 cateris
649 2484 1016 2557 Coepiscopis
1065 2487 1163 2556 qui
1215 2487 1456 2541 aderant
1493 2503 1695 2541 omnes
1726 2487 2038 2540 Dominum

397 2589 652 2630 exorare.
686 2573 832 2629 Mira
861 2575 1126 2629 dicturus
1158 2591 1310 2641 sum,
1345 2591 1470 2646 qua:
1502 2575 1785 2629 Dominus
1817 2575 1874 2628 in
1916 2574 2039 2629 suis

394 2661 566 2719 factis
597 2662 874 2734 dignatus
905 2667 1182 2718 est.Hora
1211 2680 1324 2734 qua
1357 2665 1604 2718 eximius
1636 2662 1848 2717 Praesul
1872 2679 2038 2717 suam

395 2751 656 2810 animam
687 2752 914 2808 Christo
963 2753 1410 2816 commendavit,
1444 2752 1604 2808 nullo
1639 2753 2039 2806 ministrorum

395 2839 730 2913 pulsante,a
759 2857 822 2896 se
853 2841 981 2912 ipsa
1008 2846 1063 2896 S.
1099 2841 1247 2896 Petri
1279 2857 1562 2912 campana
1593 2858 1800 2895 sonare
1846 2841 2038 2912 coepit.

398 2930 525 2994 Qua
553 2929 772 2986 scilicet
799 2929 941 2985 hora
971 2931 1208 3000 quidam
1248 2931 1514 2984 Albertus
1563 2931 1816 2996 nomine,
1851 2929 2036 2983 caeteri

398 3017 660 3089 quinque
689 3019 761 3073 de
793 3019 1110 3074 Tudertina
1138 3020 1280 3073 urbe
1331 3020 1629 3090 protestati
1661 3023 1798 3073 sunt
1826 3018 2042 3072 vidisse

395 3123 459 3164 se
489 3106 657 3179 quasi
690 3111 937 3163 stratam
987 3107 1181 3178 palliis
1235 3107 1590 3178 fulgentibus
1621 3107 1959 3161 adornatam
1987 3111 2043 3161 et

393 3195 723 3252 innumeris
743 3201 1144 3251 coruscantem
1169 3195 1686 3266 lampadibus,qua
1707 3196 1903 3249 anima
1915 3197 2041 3266 ejus

395 3285 468 3340 ab
495 3283 735 3355 Angelis
763 3285 1084 3340 ducebatur
1114 3285 1186 3340 ad
1219 3283 1428 3339 omium
1461 3285 1589 3353 (67).
1627 3285 1816 3338 Tanta
1846 3284 2039 3353 itaque

2142 717 2381 771 domum
2438 715 2731 787 propriam
2780 715 3090 792 intramus,
3125 714 3281 786 quod
3315 713 3554 785 quidem
3608 712 3779 767 multo

2140 809 2399 875 tempore
2432 805 2771 859 habitamus
2798 803 3217 859 occulte.Tunc
3247 803 3521 857 dixerunt
3553 802 3780 874 quidam

2141 894 2212 948 de
2243 893 2652 948 Sacerdotibus
2687 911 2698 947 :
2735 892 2856 956 Dic,
2892 891 3189 959 scelerate,
3224 896 3282 947 et
3313 907 3447 946 cum
3481 890 3706 947 occulte
3733 880 3783 946 in

2141 982 2400 1039 hominis
2431 999 2668 1053 corpore
2703 981 3311 1053 habitatis,quomodo
3341 984 3480 1036 tunc
3511 995 3646 1036 eum
3681 981 3784 1051 pri-

2144 1087 2305 1125 mum
2338 1070 2563 1125 lreditis.
2594 1072 2832 1126 Daemon
2866 1071 3168 1142 respondit
3200 1087 3212 1124 :
3249 1071 3310 1124 In
3343 1069 3550 1141 primis
3588 1069 3783 1140 incipi-

2142 1174 2276 1214 mus
2307 1158 2365 1213 in
2395 1158 2494 1214 illo
2526 1159 2753 1214 mittere
2785 1158 3259 1226 somnolentiam,
3290 1157 3557 1230 pigitiam
3617 1162 3676 1213 et
3710 1160 3786 1213 fa-

2142 1264 2295 1302 mem
2329 1264 2341 1300 :
2376 1252 2431 1302 et
2461 1249 2601 1302 dum
2657 1247 2999 1303 dormiendo
3046 1252 3104 1302 et
3153 1248 3485 1319 pigritando
3527 1247 3783 1318 quiescit,

2142 1336 2464 1391 maximum
2497 1337 2858 1407 acquirimus
2890 1336 3140 1391 lucrum.
3167 1335 3428 1407 Cumque
3458 1339 3647 1390 totum
3681 1352 3788 1391 cor-

2144 1442 2252 1496 pus
2301 1426 2427 1496 ejus
2477 1431 2684 1479 nostra:
2743 1425 3116 1479 subdidimus
3163 1425 3457 1495 potestati,
3513 1425 3787 1497 contingit

2142 1530 2276 1568 eum
2307 1515 2377 1568 ad
2411 1513 2714 1569 ecclesiam
2745 1513 2850 1582 ire,
2884 1519 2940 1568 et
2970 1515 3123 1568 inter
3153 1513 3338 1568 bonos
3371 1516 3428 1568 et
3467 1513 3785 1569 Catholicos
3817 1541 3823 1560 -

2142 1602 2294 1657 viros
2327 1602 2688 1657 commisceri
2710 1621 2722 1657 :
2743 1619 2995 1673 quorum
3015 1602 3406 1673 eloquentiam
3431 1601 3784 1673 spiritualem

2143 1706 2259 1745 non
2289 1690 2544 1745 valentes
2577 1691 2839 1757 sufferre,
2873 1690 3191 1761 incipimus
3237 1689 3325 1744 ira
3371 1690 3607 1745 excitati
3646 1690 3786 1746 lace-

2144 1796 2271 1834 rare
2320 1796 2531 1850 corpus
2559 1780 2780 1849 ejus,eo
2815 1780 2969 1850 quod
3006 1777 3160 1833 ultra
3203 1796 3318 1833 non
3350 1795 3670 1850 possumus
3699 1796 3788 1835 oc-

2144 1867 2369 1923 cultari.
2393 1868 2554 1922 Tunc
2586 1868 2730 1922 dixit
2762 1885 2916 1922 unus
2947 1868 3018 1921 de
3051 1867 3424 1922 adstantibus
3455 1868 3784 1939 Episcopis:

2145 1958 2366 2026 Adjuro
2416 1963 2468 2011 te
2519 1972 2621 2027 per
2668 1957 2953 2010 viventem
2987 1956 3045 2009 in
3079 1955 3293 2011 saecula
3336 1956 3700 2024 saculorum,
3731 1960 3790 2011 ut

2148 2046 2308 2100 dicas
2337 2045 2503 2100 nobis
2535 2045 2582 2099 si
2619 2046 2727 2099 Leo
2760 2045 2856 2098 Dei
2888 2061 3094 2098 servus
3124 2049 3180 2099 et
3208 2049 3365 2114 Papa
3385 2043 3535 2100 inter
3554 2046 3788 2100 Sanctos

2149 2134 2362 2188 fruitur
2411 2133 2608 2204 aliqua
2661 2137 2967 2204 potestate.
3017 2137 3090 2187 At
3142 2133 3238 2188 ille
3289 2149 3414 2188 cum
3463 2133 3684 2204 gemitu
3732 2138 3788 2187 et

2149 2223 2400 2293 suspirio
2432 2223 2576 2276 dixit
2611 2240 2622 2276 :
2657 2223 2699 2276 Ο
2734 2221 3014 2289 malefice,
3049 2238 3228 2292 quare
3279 2222 3582 2276 nominasti
3619 2220 3788 2275 illum

2149 2311 2543 2366 adversarium
2578 2315 2844 2365 nostrum
2877 2314 2933 2364 et
2963 2311 3330 2366 seductorem
3361 2311 3539 2365 totius
3569 2309 3792 2382 provin-

2148 2399 2269 2463 cire,
2303 2415 2405 2470 per
2436 2415 2607 2470 quem
2641 2403 2804 2453 tanta
2833 2415 2975 2470 gens
3009 2399 3286 2454 subversa
3318 2405 3426 2466 est,
3451 2403 3506 2454 et
3535 2416 3569 2454 a
3599 2403 3791 2454 nostro

2149 2487 2387 2558 collegio
2419 2493 2715 2559 separata;
2750 2504 2856 2543 nos
2905 2490 3078 2542 etiam
3135 2488 3394 2559 quotidie
3442 2488 3698 2560 expellit,
3745 2492 3794 2543 et

2148 2576 2398 2631 vinculis
2430 2581 2768 2631 catenarum
2802 2576 3169 2648 constringit,
3203 2580 3381 2648 atque
3411 2576 3569 2648 ejicit
3599 2577 3672 2633 de
3701 2577 3790 2632 ha-

2151 2664 2419 2718 bitaculis
2454 2682 2465 2718 :
2499 2665 2654 2719 unde
2699 2665 2827 2735 vagi
2875 2669 2932 2720 et
2981 2664 3285 2721 instabiles
3316 2683 3382 2721 ac
3415 2665 3674 2733 venales,
3703 2683 3793 2738 per

2149 2754 2378 2807 deserta
2406 2758 2462 2807 et
2491 2753 2851 2808 infructuosa
2874 2752 3000 2807 loca
3031 2753 3529 2825 perambulantes,
3552 2755 3613 2809 in
3648 2754 3794 2809 nullo

2150 2858 2405 2913 unquam
2455 2842 2714 2913 requiem
2764 2842 3116 2896 invenimus.
3172 2845 3240 2897 Et
3289 2843 3614 2915 Episcopus
3663 2845 3739 2899 ait
3781 2860 3794 2897 ε

2150 2935 2273 2984 Νοιι
2304 2931 2372 2983 ad
2408 2945 2475 2984 ea
2501 2947 2627 3000 quos
2662 2931 3010 3001 interrogavi
3043 2931 3396 3001 respondes;
3434 2933 3532 2986 sed
3567 2931 3691 2986 alia
3725 2931 3796 2985 vi-

2149 3018 2306 3072 deris
2355 3025 2606 3072 cnotare.
2660 3019 2728 3072 Et
2778 3019 3003 3073 daemon
3055 3020 3400 3090 respondit:
3439 3020 3571 3083 Leo,
3624 3024 3801 3075 vester

2152 3108 2302 3177 Papa
2351 3123 2416 3162 ac
2465 3107 2768 3171 Dominus,
2821 3124 2952 3161 vere
3001 3108 3152 3161 inter
3200 3106 3443 3163 Sanctos
3491 3112 3606 3174 est,
3668 3110 3804 3163 inter

2149 3211 2296 3265 quos
2330 3211 2607 3266 magnum
2641 3195 2864 3249 obtinet
2892 3193 3258 3264 triumphum
3294 3210 3306 3246 :
3341 3193 3439 3264 qui
3468 3211 3588 3248 non
3628 3198 3803 3250 cessat

2149 3283 2410 3354 quotidie
2441 3283 2705 3354 persequi
2751 3299 2877 3348 nos,
2913 3288 2976 3336 ut
3025 3286 3291 3336 nostrum
3352 3282 3536 3354 possit
3593 3298 3801 3339 nomen

395 3372 510 3428 fuit
540 3372 820 3444 quietudo
851 3373 911 3427 in
941 3374 1069 3443 ejus
1100 3373 1259 3428 obitu
1311 3389 1412 3443 per
1459 3376 1637 3426 totam
1690 3372 1891 3426 urbem
1928 3373 2035 3426 Ro-
2071 3359 2112 3424 C
2152 3388 2429 3428 evacuare
2462 3389 2472 3426 :
2505 3388 2607 3443 per
2637 3388 2808 3442 quem
2843 3376 2899 3425 et
2929 3370 3100 3425 hodie
3131 3371 3201 3426 de
3232 3370 3338 3426 hac
3369 3372 3543 3427 domo
3579 3371 3804 3444 ejicien-

396 3477 656 3531 manam,
684 3465 746 3516 ut
795 3477 898 3516 nec
947 3462 1220 3517 arborum
1274 3462 1509 3516 frondes
1559 3477 1702 3515 aura
1747 3461 2042 3515 modicum

396 3550 826 3623 agitaret.0biit
854 3555 1046 3605 autem
1081 3550 1462 3606 Beatissimus
1495 3551 1604 3604 Leo
1629 3553 1778 3619 Papa
1798 3566 1898 3604 xm
1937 3550 2041 3603 Ka-

396 3639 601 3696 lendas
633 3639 837 3707 Maias,
862 3639 1006 3694 feria
1036 3657 1110 3705 ιν,
1144 3644 1199 3694 et
1230 3639 1496 3710 sepultus
1529 3643 1618 3692 est
1646 3639 1704 3692 in
1738 3639 2046 3708 pace.Vere

397 3726 554 3783 enim
585 3725 740 3782 Deus
770 3743 876 3782 sua
908 3725 1118 3798 pietate
1148 3727 1311 3798 pium
1360 3727 1608 3781 Leonem
1643 3726 1794 3780 fecit.
1833 3727 1941 3780 Sed
1975 3742 2046 3779 ne

396 3815 679 3886 temporis
707 3815 954 3870 tarditas
987 3831 1078 3870 me
1109 3816 1579 3886 comprehendat,
1608 3816 1676 3869 ad
1711 3831 1778 3869 ea
1809 3831 1934 3885 quae
1957 3815 2042 3868 di-

397 3907 600 3960 cturus
631 3920 764 3959 sum
798 3903 1080 3976 attingam
1114 3921 1126 3959 :
1162 3920 1297 3958 nam
1328 3903 1441 3958 ista
1473 3920 1656 3973 pauca
1696 3903 2044 3958 detersimus

397 3993 468 4048 de
496 3993 626 4064 ejus
654 3991 789 4047 Vita
817 3992 888 4048 de
919 3992 1151 4057 multis;
1184 3994 1285 4047 sed
1335 3993 1404 4046 de
1455 3992 1753 4046 miraculis
1784 4009 1910 4063 qua:
1945 4008 2047 4063 per

396 4097 530 4136 eum
585 4081 870 4135 Dominus
922 4081 1197 4152 dignatus
1245 4085 1334 4136 est
1378 4085 1509 4150 post
1555 4082 1682 4150 ejus
1729 4083 2043 4135 transitum

398 4169 726 4234 ostendere,
758 4167 1008 4223 ﬁdeliter
1033 4171 1367 4222 doceamus.

1049 4256 1282 4310 CAPUT
1321 4257 1389 4310 ll.

396 4345 664 4401 Hiracula
687 4347 807 4414 post
834 4349 1066 4399 mortem
1093 4360 1262 4414 usque
1291 4344 1361 4398 ad
1389 4346 1640 4412 vigiliam
1672 4347 2034 4403 Ascensiom’s.

472 4434 526 4488 8.
550 4431 748 4487 Altera
776 4447 910 4486 vero
940 4433 1034 4486 die
1065 4436 1197 4503 post
1225 4433 1353 4500 ejus
1375 4433 1891 4504 obitum,quaedam
1917 4453 2043 4490 mu-

398 4520 507 4578 lier
534 4521 606 4576 de
636 4519 859 4575 Tusciae
909 4520 1172 4591 partibus
1221 4521 1377 4575 venit
1426 4523 1495 4575 ad
1546 4521 1850 4578 ecclesiam
1885 4525 2041 4580 Beati

397 4608 663 4683 Apostoli
695 4625 708 4662 :
743 4612 800 4664 et
829 4625 962 4664 cum
993 4609 1263 4680 coepisset
1309 4626 1411 4680 per
1456 4611 1673 4682 gradus
1712 4614 2042 4681 ascendere,

2155 3462 2265 3515 dus
2296 3477 2449 3515 sum.
2484 3460 2642 3514 Talia
2672 3476 2736 3514 eo
2768 3458 3238 3522 dicente,mulier
3266 3460 3536 3530 quaedam
3572 3477 3804 3534 respon-

2152 3550 2416 3617 dit,inter
2445 3554 2681 3604 caeteros
2714 3552 2907 3602 mente
2937 3548 3159 3618 perﬁda
3210 3547 3549 3620 dicens(68):
3579 3551 3649 3605 In
3675 3550 3805 3604 hora

2155 3655 2272 3708 qua
2305 3638 2414 3692 Leo
2451 3642 2603 3708 Papa
2631 3637 2923 3690 dzemones
2958 3637 3264 3706 fugaverit,
3297 3651 3402 3707 ego
3433 3637 3654 3708 regina
3681 3655 3804 3702 ero;

2155 3731 2212 3782 et
2258 3743 2460 3781 omnes
2493 3743 2638 3796 quos
2670 3725 2804 3780 fecit
2833 3725 3025 3797 gladio
3056 3723 3285 3795 perimi,
3318 3740 3424 3796 ego
3467 3727 3681 3782 statim
3729 3743 3804 3780 re-

2155 3816 2473 3871 suscitabo.
2505 3815 2615 3868 Vix
2668 3814 2808 3868 talia
2855 3812 3244 3884 compleverat
3288 3814 3484 3880 verba,
3530 3817 3735 3871 subito
3779 3831 3808 3868 a

2155 3905 2441 3959 daemonio
2472 3902 2784 3958 crudeliter
2813 3901 2986 3972 erepit
3011 3903 3232 3967 vexari;
3276 3901 3376 3957 illa
3425 3907 3638 3960 autem
3689 3921 3806 3959 mu-

2156 3994 2279 4058 lier,
2314 4010 2439 4064 quze
2472 4011 2504 4048 a
2537 3993 2759 4047 Tusciae
2791 3993 3050 4062 partibus
3080 3997 3334 4057 venerat,
3367 3994 3581 4050 eadem
3619 3997 3808 4050 horae

2155 4084 2440 4138 daemonio
2472 4087 2560 4137 est
2589 4082 2852 4136 liberata.
2888 4082 3052 4135 ’l‘uno
3083 4097 3285 4135 omnes
3308 4081 3509 4152 populi
3546 4085 3658 4155 qui
3691 4084 3809 4138 ade-

2155 4176 2285 4226 rant
2311 4174 2612 4241 cceperunt
2642 4187 2756 4240 prae
2788 4169 2999 4223 timore
3041 4185 3168 4223 esse
3198 4169 3510 4240 perterriti,
3545 4171 3809 4227 claman-

2152 4265 2240 4315 tes
2271 4259 2627 4314 unanimiter
2657 4275 2670 4313 ι
2708 4260 2916 4313 Sancte
2951 4259 3088 4323 Leo,
3120 4273 3290 4329 parce
3331 4259 3524 4326 nobis,
3553 4261 3702 4333 quia
3730 4263 3817 4315 in-

2147 4351 2305 4419 juste
2335 4349 2586 4419 egimus.

2223 4438 2276 4490 9.
2309 4437 2369 4491 In
2402 4437 2500 4490 illa
2531 4436 2673 4490 hora
2704 4436 2818 4490 duo
2849 4435 2953 4489 viri
2987 4436 3267 4490 contracti
3294 4444 3588 4494 venerunt
3621 4441 3694 4494 ad
3729 4443 3816 4493 tu-

2155 4525 2380 4580 mulum
2407 4524 2844 4596 ejus,habentes
2864 4524 3080 4579 nodosa
3104 4528 3162 4578 et
3185 4529 3449 4580 contorta
3467 4543 3671 4599 genua
3694 4543 3814 4590 sua,

2155 4631 2402 4685 quorum
2437 4613 2690 4668 calcanei
2725 4611 2960 4666 natibus
2995 4613 3368 4668 adhzerebant
3403 4631 3415 4668 :
3452 4616 3556 4686 qui
3579 4617 3820 4673 venien-

398 4699 575 4772 caapit
603 4714 732 4754 eam
763 4698 988 4754 dazmon
1018 4714 1222 4753 vexare
1249 4704 1305 4752 et
1334 4715 1435 4769 per
1465 4717 1527 4754 os
1554 4701 1680 4769 ejus
1710 4700 1961 4756 clamare
1993 4708 2049 4757 et
2081 4727 2122 4789 υ
2155 4703 2396 4772 tes,sani
2433 4702 2639 4756 reversi
2675 4700 3070 4766 sunt,nullum
3102 4702 3339 4774 signum
3375 4702 3670 4760 habentes
3702 4705 3819 4776 pri-

396 4789 586 4846 dicere
636 4805 649 4844 :
703 4787 746 4842 Ο
795 4787 1002 4842 Sancte
1038 4788 1168 4852 Leo,
1220 4804 1399 4858 quare
1451 4789 1670 4843 catenis
1719 4790 1905 4858 igneis
1956 4808 2046 4844 me

395 4878 658 4935 vinctum
693 4876 915 4932 trahis?
947 4894 1061 4931 non
1091 4881 1146 4931 te
1180 4875 1299 4931 laesi
1328 4878 1686 4948 unquamEt
1715 4895 1845 4931 cum
1870 4879 2046 4934 ducta

395 4967 605 5024 fuisset
632 4967 705 5022 ad
732 4965 1028 5021 tumulum
1057 4965 1510 5035 ejus,c(nperunt
1540 4967 1836 5020 adstantes
1859 4967 2045 5022 incre-

394 5072 536 5128 pare
565 5056 890 5110 dmmonem
921 5060 978 5109 et
1008 5055 1198 5109 dicere
1227 5070 1239 5107 :
1277 5053 2044 5125 Dic,maledicte,quomodo

396 5145 512 5201 huc
562 5143 793 5210 venisti,
828 5148 928 5198 aut
973 5143 1126 5197 unde
1156 5143 1216 5196 in
1247 5142 1608 5197 Christianos
1658 5149 1850 5198 tantas
1895 5146 2045 5200 vires

395 5231 706 5304 sumpsisti
756 5232 826 5285 ad
880 5230 1228 5285 vexandum.
1271 5235 1494 5283 Dmmon
1548 5232 1845 5302 respondit
1883 5250 1893 5286 :
1929 5235 2044 5304 Ego

396 5323 455 5376 et
483 5319 524 5374 ii
556 5318 655 5390 qui
686 5318 900 5373 adsunt
931 5317 1093 5384 mihi,
1118 5317 1281 5371 missi
1317 5335 1525 5372 sumus
1557 5320 1890 5376 subvertere
1921 5322 2044 5375 ani-

397 5423 556 5462 mam
584 5407 924 5476 hominis,et
951 5406 1177 5462 tamdiu
1207 5411 1430 5462 tentare
1461 5408 1652 5478 quoad
1687 5425 1872 5480 usque
1909 5427 2044 5465 nos-

397 5498 490 5549 tra
537 5495 822 5550 faciamus
871 5496 1191 5567 adimplere
1231 5497 1528 5550 mandata.
1563 5496 1826 5568 Cumque
1876 5499 2043 5553 nobis

471 5615 583 5689 (6])
617 5615 946 5689 Desiderius
977 5617 1306 5672 Casiuensis
1344 5634 1355 5670 :
1391 5619 1464 5672 Ab
1496 5619 1597 5673 hac
1625 5622 1875 5674 instabili
1905 5623 2040 5689 luce,

400 5681 473 5756 ad
517 5681 814 5756 Christum,
846 5691 940 5756 qui
987 5704 1114 5740 vera
1162 5692 1211 5740 et
1251 5692 1458 5742 aeterna
1509 5691 1607 5743 tua:
1654 5695 1750 5756 est,
1784 5681 2044 5748 caeloruni

403 5752 721 5809 latentibus
749 5752 974 5823 civibus,
997 5757 1269 5823 Angelicis
1296 5758 1574 5813 subvectus
1601 5752 1874 5827 manibus,
1901 5780 2042 5819 com-

2155 4792 2316 4847 slinae
2347 4789 2728 4845 inﬁrmitatis.
2767 4789 2896 4859 ipso
2927 4788 3070 4844 item
3119 4791 3212 4844 die
3261 4790 3408 4846 hora
3456 4795 3818 4865 vespertina.

2152 4880 2307 4935 venit
2323 4880 2557 4950 quidam
2583 4877 2668 4931 vir
2689 4882 2890 4932 mutus
2913 4882 2969 4932 et
2988 4879 3224 4944 surdus,
3251 4884 3306 4934 et
3323 4880 3642 4937 sinistrum
3669 4883 3820 4936 latus

2154 4967 2384 5020 aridum
2417 4966 2942 5034 habens,totusque
2970 4965 3380 5034 phantasmate
3412 4971 3682 5039 quodam
3705 4986 3824 5024 ma-

2154 5055 2406 5118 culatus;
2439 5055 2538 5125 qui
2572 5069 2704 5107 cum
2736 5053 2946 5108 fuisset
2975 5054 3045 5107 ad
3078 5070 3311 5109 sacrum
3357 5057 3668 5113 tumulum
3724 5061 3822 5112 de-

2156 5141 2681 5216 portatus,solutus
2710 5147 2798 5196 est
2829 5158 2863 5195 a
2891 5141 3140 5197 vinculis
3164 5143 3381 5214 quibus
3403 5161 3622 5217 corpus
3659 5145 3823 5202 illius

2156 5232 2653 5287 tennb-drrTunc
2685 5247 2890 5284 omnes
2921 5237 3220 5302 cmperunt
3253 5237 3432 5288 Deum
3467 5235 3692 5291 salutis
3725 5253 3821 5290 au-

2153 5329 2367 5378 ctorem
2421 5319 2776 5374 continuatis
2830 5317 3104 5374 laudibus
3152 5320 3461 5390 honorare,
3497 5324 3603 5395 qui
3657 5329 3824 5380 tanta

2153 5409 2446 5466 mirabilia
2477 5414 2749 5479 operatur
2777 5423 2880 5477 per
2909 5408 3186 5463 Sanctum
3238 5411 3585 5468 Pontiﬁcem
3644 5429 3823 5468 suum

2155 5501 2420 5554 Leonem.
2472 5495 2716 5551 Romani
2763 5494 2944 5566 igitur
2991 5497 3254 5553 videntes
3300 5506 3496 5556 tantas
3536 5501 3820 5564 virtutes,

2154 5632 2625 5769 i’z‘gdélvi’thlnrima
2666 5708 2734 5745 ex
2782 5690 2853 5746 iis
2904 5690 3120 5747 habent
3168 5694 3362 5751 Bruno
3392 5695 3738 5769 Signiensis
3772 5700 3824 5750 et

2156 5763 2358 5821 Petrus
2390 5763 2542 5818 Calo.
