3964 6206
272 337 395 402 833

877 330 1209 400 PROLEG.
1238 364 1317 381 -
1349 332 1718 397 HISTORIA
1764 334 2056 398 MURTIS
2100 334 2199 398 ΕΤ
2247 335 2514 398 MIRAC.
2563 336 2628 398 S.
2677 331 2955 400 LEONIS
2999 332 3106 398 IX.

3575 331 3690 395 i534

274 468 598 531 currebant
626 464 893 528 certatim
919 483 1060 527 cum
1084 466 1268 526 cereis
1289 470 1346 526 et
1364 466 1936 543 oblationibus,gau-
1963 474 2018 540 Α
2048 468 2109 525 in
2140 466 2328 525 nobis.
2360 467 2454 524 Ait
2481 468 2802 543 Episcopus
2837 485 2850 524 :
2883 468 3181 526 Venerunt
3207 465 3318 540 ipsi
3349 467 3549 526 Sancti
3578 466 3690 525 Ro-

278 563 486 621 dentes
517 563 573 617 et
604 558 1005 618 exsultantes-

357 652 446 708 10.
477 649 605 707 Alia
631 664 770 706 vero
800 648 892 704 die
940 648 1099 703 venit
1128 648 1370 718 quidam
1420 646 1508 701 vir
1553 646 1624 702 de
1673 645 1936 713 Francia,

279 743 382 813 qui
416 738 670 796 habebat
699 754 913 809 corpus
962 753 1137 792 suum
1170 736 1353 791 ferreo
1397 733 1631 807 cingulo
1680 738 1935 790 coarcta-

273 833 432 896 tum,
466 827 550 882 ita
580 830 647 881 ut
697 842 800 898 per
842 840 1049 897 gyrum
1083 824 1341 896 corporis
1372 824 1566 879 sanies
1610 822 1797 878 multa
1841 823 1938 877 de-

274 919 545 974 curreret
594 914 656 970 in
715 918 934 970 terram
972 912 1167 985 :quod
1224 912 1486 968 videntes
1539 912 1637 983 qui
1699 912 1941 967 aderant

273 1022 455 1063 nares
501 1002 618 1059 sibi
666 988 783 1076 prie
830 1000 1012 1058 nimio
1052 1017 1260 1074 pavore
1311 1006 1366 1056 et
1413 1000 1592 1056 fetore
1635 1001 1936 1055 obturave-

277 1098 444 1161 runt,
478 1094 864 1166 deprecantes
891 1089 1206 1146 Dominum
1253 1093 1319 1144 ut
1357 1105 1460 1162 per
1488 1089 1547 1144 S.
1580 1089 1786 1145 Leonis
1817 1104 1936 1144 me-

283 1182 403 1238 rita
432 1182 643 1237 misero
672 1179 760 1235 illi
809 1194 1147 1235 succurrere
1196 1178 1553 1250 dignaretur.
1590 1177 1700 1233 Res
1748 1176 1935 1232 miral

282 1270 488 1327 statim
530 1270 750 1326 ferrum
800 1266 1044 1340 crepuit,
1076 1271 1133 1323 et
1181 1266 1364 1322 multa
1397 1266 1525 1321 fusa
1555 1265 1717 1322 sanie
1765 1265 1938 1320 homo

281 1358 549 1416 redditus
581 1361 672 1414 est
698 1357 935 1429 penitus
967 1354 1203 1410 sanitati
1236 1373 1249 1410 :
1282 1371 1350 1410 ex
1378 1371 1493 1426 quo
1524 1354 1703 1426 gavisi
1736 1370 1939 1408 omnes

276 1447 468 1504 Deum
509 1451 567 1502 et
615 1461 847 1502 servum
897 1459 1073 1500 suum
1132 1443 1190 1499 S.
1226 1442 1562 1499 Pontificem
1610 1441 1940 1498 collaudare

273 1538 603 1609 coeperunt.

350 1626 441 1679 11.
466 1625 529 1680 In
559 1622 661 1678 illa
690 1621 835 1677 hora
863 1621 1091 1676 daemon
1122 1636 1225 1693 per
1244 1636 1308 1675 os
1338 1618 1602 1675 mulieris
1630 1617 1789 1674 illius
1811 1634 1937 1691 quas

280 1712 556 1784 superius
585 1711 843 1765 dixerat:
868 1709 1021 1765 Hora
1051 1725 1169 1780 qua
1206 1709 1316 1763 Leo
1348 1709 1503 1780 Papa
1532 1708 1825 1763 daemones
1854 1707 1938 1761 fu-

2044 557 2242 613 mam?
2273 558 2591 630 Respondit
2614 559 2837 614 daemon
2866 575 2877 612 :
2903 558 3068 623 Vere,
3091 556 3386 630 inquiens,
3411 555 3582 613 hodie
3601 572 3693 613 ve-

2045 645 2217 702 niunt
2245 662 2378 701 cum
2410 647 2565 720 Papa
2614 649 2819 704 Leone.
2852 647 3132 703 Dixerunt
3161 646 3401 718 quidam
3437 647 3508 702 de
3554 646 3695 701 Pre-

2046 734 2315 807 sbyteris,
2341 736 2437 807 qui
2485 742 2800 807 prazsentes
2840 737 3081 792 aderant
3114 753 3126 791 :
3159 736 3228 790 Et
3256 735 3411 790 unde
3441 735 3695 791 sciemus

2048 824 2281 895 quando
2306 822 2419 878 huc
2440 824 2707 879 venient?
2728 828 2829 880 aut
2852 825 3086 896 quando
3109 840 3453 896 cognoscere
3484 824 3696 896 poteri-

2048 910 2221 966 mus?
2249 911 2484 966 Daemon
2508 913 2849 985 respondit?
2879 914 3059 968 Citius
3081 914 3208 984 jam
3240 929 3418 985 prope
3448 912 3696 968 Romam

2048 1004 2187 1054 sunt
2221 1018 2233 1054 :
2269 1000 2483 1071 quibus
2532 1002 2899 1056 venientibus
2928 1018 3033 1074 ego
3075 1001 3169 1056 hic
3202 1005 3357 1057 stare
3393 1000 3550 1056 ultra
3578 1016 3695 1056 non

2048 1091 2267 1158 potero.
2293 1088 2440 1143 Sunt
2470 1089 2622 1143 enim
2656 1089 2750 1143 hic
2782 1093 2839 1144 et
2869 1088 2968 1144 alii
3017 1090 3223 1145 fratres
3255 1090 3401 1158 mei;
3435 1090 3577 1144 dum
3610 1088 3696 1143 illi

2047 1175 2331 1243 venerint,
2365 1193 2566 1232 omnes
2599 1193 2825 1232 mecum
2868 1177 3067 1249 fugam
3109 1178 3404 1250 arripiant.
3438 1180 3554 1232 Vos
3584 1190 3715 1234 au-‘

2050 1265 2166 1317 tem
2200 1264 2441 1335 aspicite
2472 1264 2529 1320 in
2569 1264 2838 1338 lampade
2886 1271 3020 1320 ante
3067 1266 3303 1338 signum
3336 1267 3484 1337 ejus,
3507 1269 3565 1322 et
3592 1281 3691 1320 co-

2049 1351 2341 1422 gnoscetis
2387 1352 2623 1424 signum
2671 1353 2954 1409 adventus
2983 1370 3204 1408 eorum.
3234 1355 3398 1409 Tunc
3423 1369 3554 1409 vere
3600 1367 3692 1407 se-

2046 1440 2305 1495 cundum
2338 1441 2618 1497 daemonis
2644 1443 2885 1509 dictum,
2908 1442 3077 1513 quasi
3108 1442 3261 1497 circa
3288 1442 3492 1497 horam
3524 1457 3695 1513 quar-

2048 1531 2190 1594 tam,
2215 1530 2357 1585 odor
2387 1547 2635 1602 magnus
2667 1531 2854 1586 factus
2884 1535 2973 1586 est
3012 1547 3113 1604 per
3140 1534 3319 1587 totam
3352 1529 3690 1595 ecclesiam;

2047 1621 2103 1671 et
2127 1618 2545 1689 aspicientibus
2574 1619 2631 1673 in
2657 1619 3008 1692 lampadem,
3032 1620 3304 1675 viderunt
3332 1635 3459 1674 eam
3493 1633 3692 1674 ascen-

2048 1705 2183 1760 dere
2214 1724 2390 1779 prope
2419 1707 2670 1763 ecclesiaa
2710 1714 3023 1781 tegmenta.
3055 1725 3189 1763 cum
3223 1725 3339 1780 qua
3368 1711 3425 1762 et
3454 1711 3573 1764 tres
3604 1722 3694 1760 ar-

282 1800 533 1873 gaverit,
563 1815 665 1872 ego
694 1797 896 1871 regina
937 1814 1065 1865 ero;
1108 1800 1164 1853 et
1194 1813 1340 1901 quos
1373 1797 1498 1869 ipse
1545 1796 1680 1901 fecit
1728 1796 1937 1901 per-imi
1970 1836 2017 1901 Β
2054 1794 2189 1849 dere
2218 1794 2522 1901 lampades
2567 1797 2759 1901 visum
2792 1802 2898 1851 est.
2938 1800 2997 1851 in
3029 1796 3159 1901 ipsa
3204 1796 3349 1851 hora
3376 1795 3550 1867 cmpit
3578 1794 3697 1849 daa-

281 1887 506 1963 gladio,
529 1903 632 1960 ego
653 1887 1032 1955 resuscitabo,
1054 1886 1230 1959 coepit
1255 1884 1507 1942 clamare
1527 1885 1759 1940 dicens:
1785 1884 1904 1940 Heu
1923 1899 1935 1954 ι

279 1975 434 2032 heu!
481 1991 659 2048 quare
702 1974 1071 2048 ingredimur
1103 1978 1161 2029 et
1192 1974 1558 2030 coarctamur
1603 1973 1756 2028 exire
1802 1988 1937 2027 cum

269 2063 633 2121 tormentis?
664 2062 822 2119 Nihil
869 2067 925 2119 te
968 2062 1248 2128 lsesimus,
1284 2062 1414 2127 Leo,
1456 2078 1636 2133 quare
1666 2078 1772 2115 nos
1820 2077 1936 2115 non

270 2151 572 2224 permittis
595 2150 682 2206 vel
713 2167 831 2205 una
858 2151 1218 2222 requiescere
1258 2148 1439 2205 hora?
1470 2150 1633 2204 Tunc
1663 2148 1935 2221 Episcopi

272 2240 377 2313 qui
425 2240 673 2296 aderant
718 2238 993 2294 dixerunt
1028 2255 1040 2293 :
1074 2237 1398 2304 Maledicta,
1448 2242 1730 2293 revertere
1779 2237 1934 2293 unde

274 2326 400 2382 huc
428 2325 735 2393 advenisti,
764 2330 822 2381 et
862 2325 950 2380 exi
996 2326 1070 2381 ab
1121 2325 1239 2381 illa.
1273 2325 1377 2389 Qui
1429 2327 1729 2397 respondit
1760 2342 1772 2380 :
1808 2326 1935 2381 Non

280 2432 524 2488 possum
555 2414 761 2470 reverti
795 2414 950 2470 unde
998 2413 1321 2486 exivi,quia
1350 2414 1579 2487 signata
1628 2419 1719 2469 est
1751 2433 1764 2470 :
1797 2432 1934 2470 nam

277 2503 556 2560 hesterno
578 2503 671 2559 die
697 2502 845 2559 exivi
866 2503 938 2558 de
967 2503 1139 2559 domo
1163 2519 1311 2569 mea,
1328 2507 1385 2558 et
1412 2502 1558 2558 hanc
1584 2504 1642 2558 in
1667 2520 1936 2559 commu-

274 2591 563 2648 tationem
597 2590 809 2664 recepi.
843 2590 1114 2664 Dixitque
1153 2592 1477 2665 EpiscOpus
1511 2609 1525 2649 :
1556 2593 1626 2647 Et
1655 2609 1832 2665 quare
1865 2593 1937 2648 de

270 2681 390 2738 ista
423 2680 578 2736 ultro
608 2679 729 2736 exis
749 2679 777 2735 ?
808 2678 910 2735 Ille
940 2679 1278 2751 respondit:
1312 2680 1458 2744 Quia
1486 2680 1599 2736 Leo
1631 2681 1773 2736 mihi
1807 2698 1936 2737 eam

273 2768 441 2825 dedit
470 2769 545 2824 ad
589 2767 1013 2840 possidendum
1064 2768 1191 2823 heri
1247 2772 1482 2841 propter
1540 2768 1937 2841 blasphemiae

273 2875 428 2930 quas
462 2857 659 2913 locuta
683 2861 773 2912 est
803 2857 862 2911 in
894 2873 1026 2912 eum
1051 2874 1064 2923 ;
1090 2856 1189 2911 sed
1214 2860 1410 2912 tamen
1444 2856 1541 2913 ille
1572 2857 1805 2913 mobilis
1827 2862 1935 2925 est,

273 2951 336 3003 et
366 2961 673 3003 sermones
704 2945 832 3017 ejus
865 2961 977 2999 non
1014 2950 1153 3000 ‘sunt
1180 2946 1299 3000 veri
1326 2962 1338 2999 :
1364 2944 1637 3001 hesterno
1664 2947 1756 3001 die
1782 2947 1941 3002 dedit

274 3035 451 3091 nobis
481 3038 541 3090 et
571 3034 744 3089 hodie
776 3033 969 3104 ejiciet
991 3050 1097 3089 nos
1128 3034 1198 3089 de
1229 3034 1340 3089 ista
1370 3033 1748 3090 habitatione.
1774 3036 1939 3091 Tunc

273 3123 425 3179 dixit
448 3122 776 3195 Episcopus
811 3139 823 3178 :
857 3122 925 3177 Et
955 3123 1112 3178 unde
1156 3122 1271 3178 scis
1321 3124 1472 3194 quod
1507 3123 1678 3179 hodie
1706 3124 1938 3194 ejiciet?

2051 1896 2185 1936 mon
2223 1881 2444 1939 ululare
2476 1883 2627 1938 sicut
2656 1883 2853 1955 lupus,
2885 1888 2941 1939 et
2983 1884 3279 1939 modicum
3311 1901 3528 1940 vexans
3567 1898 3698 1938 mu-

2046 1967 2247 2025 lierem
2290 1972 2463 2027 exivit
2494 1972 2564 2026 ab
2595 1989 2680 2027 ea.
2705 1973 2869 2028 Tunc
2907 1973 3355 2028 circumstantes
3401 1973 3701 2044 cmperunt

2047 2055 2287 2114 laudare
2320 2060 2499 2115 Deum
2535 2065 2588 2114 et
2620 2060 2681 2115 B.
2715 2061 2963 2116 Leonem
2996 2059 3283 2116 famulum
3315 2061 3443 2131 ejus
3471 2059 3604 2129 (71).

2119 2148 2203 2203 12.
2239 2149 2434 2204 Tertia
2471 2149 2564 2204 die
2616 2153 2745 2221 post
2785 2148 3149 2222 sepulturam
3183 2149 3245 2203 Β.
3280 2148 3489 2204 Leonis
3545 2146 3693 2203 Noui

2045 2235 2232 2307 Papae,
2259 2238 2407 2291 facta
2436 2242 2575 2292 sunt
2604 2238 2718 2293 duo
2750 2237 3034 2294 miracula
3063 2239 3132 2293 ad
3156 2237 3452 2293 tumulum
3483 2236 3694 2311 ipsius,

2042 2324 2310 2380 videlicet
2344 2325 2457 2380 duo
2490 2325 2779 2391 homines,
2804 2327 2905 2399 qui
2927 2328 3024 2383 diu
3051 2330 3184 2383 ante
3207 2328 3422 2397 januas
3451 2327 3690 2397 Aposto-

2046 2411 2233 2469 lorum
2282 2413 2568 2485 Principis
2607 2416 2917 2485 jacuerant
2947 2415 3375 2486 contracti,per
3417 2414 3692 2469 meritum

2046 2502 2107 2557 B.
2144 2502 2351 2558 Leonis
2375 2503 2538 2575 Papre
2563 2504 2834 2559 abierunt
2862 2504 3060 2569 erecti,
3083 2507 3139 2558 et
3168 2503 3278 2558 hoc
3300 2519 3445 2574 pene
3468 2505 3589 2580 tota
3619 2501 3697 2556 ci-

2046 2592 2192 2646 vitas
2225 2593 2403 2657 novit,
2430 2610 2558 2665 qua:
2598 2610 2696 2648 eos
2735 2596 3062 2648 contractos
3092 2596 3260 2647 antea
3289 2591 3453 2646 vidit.
3489 2589 3696 2645 Mulier

2048 2681 2335 2752 quendam,
2361 2682 2549 2753 spatio
2573 2682 2827 2737 sedecim
2850 2697 3139 2737 annorum
3166 2680 3451 2753 languens
3473 2682 3530 2734 et
3558 2695 3694 2735 con-

2046 2772 2253 2835 tracta,
2277 2770 2485 2840 jacens
2512 2770 2567 2823 in
2600 2771 2862 2841 grabato,
2885 2771 3013 2841 ejus
3035 2770 3104 2824 ad
3137 2768 3432 2827 tumulum
3462 2768 3698 2822 devecta

2047 2861 2171 2912 est:
2197 2861 2253 2911 et
2282 2856 2419 2928 quia
2458 2857 2705 2913 ﬁdeliter
2737 2857 3001 2922 credidit,
3037 2875 3180 2914 sana
3222 2862 3278 2912 ct
3318 2860 3508 2913 erecta
3536 2855 3698 2910 illinc

2048 2945 2253 3000 rediit:
2281 2949 2335 3000 et
2364 2944 2487 2999 hinc
2518 2945 2786 3001 similiter
2806 2947 3030 3001 civibus
3057 2950 3192 3001 nota
3217 2950 3322 3001 est.
3342 2944 3535 3000 Altera
3566 2960 3697 2999 vero

2049 3032 2261 3087 mulier
2290 3033 2361 3088 de
2392 3034 2712 3101 Latoranis,
2738 3033 3033 3105 Stephana
3054 3032 3309 3099 nomine,
3335 3050 3480 3088 uxor
3503 3033 3698 3104 cujus-

2048 3121 2182 3176 dam
2217 3120 2387 3187 Petri,
2417 3122 2772 3177 daemonium
2814 3121 3057 3189 habens,
3080 3122 3151 3177 ad
3200 3120 3497 3177 tumulum
3535 3119 3694 3175 illius

272 3210 602 3284 Respondit
625 3211 850 3266 daemon
879 3228 892 3266 :
918 3210 1121 3266 Vidisti
1144 3211 1293 3278 heri,
1323 3212 1555 3285 quando
1580 3217 1802 3268 mutam
1826 3212 1937 3283 lin_
1967 3195 2009 3262 C
2047 3210 2204 3265 venit
2237 3227 2249 3264 :
2284 3210 2381 3263 ubi
2430 3210 2774 3283 sanguinem
2825 3226 3066 3265 vomens
3102 3214 3159 3265 et
3187 3208 3454 3266 volutans
3483 3225 3545 3264 se
3575 3212 3694 3264 tres

274 3316 456 3375 guam
478 3298 738 3365 resolvit,
759 3298 886 3371 ipsa
908 3297 1052 3354 hora
1074 3299 1325 3372 perrexit
1345 3317 1476 3356 cum
1495 3300 1686 3356 Marco
1710 3301 1940 3373 Episco.

273 3405 351 3461 po
370 3387 595 3460 Apuliae
627 3393 685 3443 et
715 3404 850 3445 cum
883 3386 1177 3443 Marciano
1209 3388 1490 3460 Episcopo
1513 3389 1625 3460 (69)
1648 3390 1937 3461 Frequen-

280 3476 420 3531 tius
453 3476 566 3547 (70)
597 3475 865 3532 Ecclesiae
914 3476 1330 3531 Beneventum.
1364 3475 1517 3531 Dixit
1565 3476 1883 3549 Episcopus
1922 3496 1934 3533 :

208 3638 217 3645 .
276 3565 391 3622 Pro
436 3581 554 3636 qua
608 3581 791 3621 causa
847 3568 1242 3637 perrexerunt.
1279 3565 1600 3637 Respondit
1657 3567 1935 3638 daemon;

280 3652 516 3720 Nescio,
540 3654 637 3709 sed
688 3653 808 3709 scio
839 3652 978 3725 quia
1008 3653 1068 3707 in
1098 3652 1306 3725 Apulia
1335 3658 1493 3720 sunt,
1528 3654 1628 3708 ubi
1677 3671 1936 3728 pugnam

272 3744 485 3795 contra
512 3740 752 3797 Sanctos
772 3740 1094 3797 Normanni
1126 3740 1681 3796 commiserunt.Ait
1704 3744 1939 3814 Episco-

264 3844 389 3902 pus
421 3845 435 3884 :
470 3827 609 3884 Vere
638 3835 774 3886 sunt
803 3830 989 3886 sancti
1032 3828 1365 3898 Alemanni,
1399 3828 1505 3901 qui
1551 3837 1694 3886 sunt
1722 3832 1939 3888 ibidem

268 3916 609 3973 interfecti?
654 3919 749 3973 Ait
795 3918 1008 3974 demon
1043 3935 1055 3973 :
1089 3917 1357 3990 Triginta
1405 3922 1460 3973 et
1500 3920 1761 3991 quinque
1794 3926 1936 3976 sunt

275 4006 635 4063 sanctiﬁcati
661 4022 728 4062 ex
754 4007 839 4062 eis
870 4023 972 4078 per
1010 4023 1158 4077 quos
1188 4006 1357 4076 signa
1387 4012 1444 4061 et
1474 4005 1764 4062 mirabilia
1792 4008 1943 4063 fiunt

275 4096 338 4150 in
371 4093 499 4151 loco
528 4093 652 4163 illo,
677 4111 742 4150 eo
773 4096 927 4166 quod
960 4099 1167 4166 sponte
1196 4099 1480 4150 venerunt
1510 4098 1566 4149 et
1596 4111 1729 4150 cum
1764 4097 1942 4151 ﬁdeli-

276 4188 402 4238 tate
444 4199 549 4254 pro
589 4182 824 4254 justitia
872 4198 1137 4255 pugnare
1187 4180 1540 4237 maluerunt.
1574 4182 1771 4239 Crateri
1822 4184 1941 4240 illic

270 4277 418 4327 tunc
448 4272 665 4325 mortui
689 4271 749 4326 in
776 4270 1046 4342 paradiso
1068 4276 1209 4326 sunt
1232 4287 1457 4337 omnes,
1483 4271 1582 4325 sed
1605 4273 1743 4343 quia
1764 4273 1941 4329 invite

267 4363 583 4426 venerunt,
606 4358 761 4414 inter
792 4358 923 4415 illos
946 4359 1188 4415 minime
1211 4359 1471 4431 deputati
1495 4364 1652 4415 sunt.
1680 4360 1767 4416 Illi
1797 4379 1940 4433 quo-

275 4464 393 4522 que
438 4448 685 4520 triginta
714 4448 975 4520 quinque
1022 4446 1259 4520 propria
1289 4446 1585 4503 voluntate
1636 4454 1938 4518 venerunt,

270 4541 331 4595 et
361 4537 691 4610 gaudentes
723 4536 897 4592 morti
944 4552 1006 4592 se
1048 4536 1438 4601 tradiderunt,
1474 4541 1707 4609 propter
1756 4539 1938 4593 Deum

269 4642 455 4699 quem
487 4624 817 4692 coluerunt,
849 4630 906 4681 et
934 4642 1037 4697 per
1064 4626 1228 4698 ipsos
1273 4624 1458 4680 multa
1488 4626 1645 4681 mala
1674 4634 1948 4683 crescunt

346 4750 465 4821 (69)
496 4749 649 4821 Sunt
679 4748 740 4803 hi
761 4748 876 4805 duo
899 4749 1097 4821 Sancti
1126 4748 1187 4804 in
1218 4765 1434 4821 magna
1456 4750 1823 4806 veneratione
1845 4753 1950 4808 Be-

272 4820 620 4893 neventiLS.
648 4821 860 4893 Marcus
889 4820 1211 4893 Episcopus
1233 4820 1638 4893 Lucernensis,
1671 4827 1728 4876 et
1748 4823 1947 4879 Patro-

275 4910 393 4949 nus
426 4891 793 4964 Bovinensis
818 4892 877 4964 in
923 4890 1152 4964 Apulia,
1186 4892 1285 4963 qui
1336 4890 1545 4946 colitur
1577 4894 1640 4947 14
1669 4893 1862 4961 Junii;
1897 4898 1953 4950 et

273 4965 333 5021 S.
374 4965 711 5036 Marcianus
756 4962 1079 5036 Episcopus
1128 4962 1578 5036 Frequentinus.
1611 4964 1706 5033 qui
1742 4965 1954 5021 colitur

277 5038 348 5091 14
381 5035 558 5101 Julii;
598 5034 774 5089 ambo
804 5032 913 5089 sub
947 5032 1627 5104 Metropoli’Benevento.

356 5107 470 5177 (70)
504 5108 877 5177 Frequentum
911 5104 1097 5177 vulgo
1134 5105 1815 5177 Friyenlo.‘Hirpinorum
1850 5125 1951 5161 an-

280 5174 885 5259 tiquissima‘civitas,
919 5174 1344 5259 inHPrincipatu
1378 5174 1672 5244 ulteriore,
1710 5179 1776 5231 12
1807 5179 1949 5233 mill.

279 5247 578 5323 passuum
610 5252 938 5303 Benevento
968 5247 1169 5303 distat.

355 5322 475 5400 (71)
503 5320 827 5400 Sequentia
856 5318 1142 5375 miracula
1182 5317 1241 5372 in
1262 5317 1380 5400 ‘Ms.
1418 5316 1734 5400 lluhertino
1780 5334 1955 5400 accu-

282 5388 473 5448 ratius
506 5388 792 5463 notantur
824 5409 838 5447 :
873 5407 1055 5463 quaro
1084 5406 1153 5463 ea
1180 5388 1377 5463 potius
1426 5388 1562 5442 inde
1610 5389 1953 5460 accipimus,

280 5464 439 5521 facta
470 5462 785 5520 collatione
816 5460 952 5519 cuin
988 5462 1096 5518 Ms.
1131 5460 1489 5516 Strozziano.

376 5535 472 5608 72)
511 5534 909 5608 Nominantur
966 5533 1141 5608 hodie
1199 5530 1644 5608 quattuordecim
1691 5532 1958 5608 Regiones

282 5600 484 5678 Urbis,
499 5607 680 5679 vulgo
711 5608 877 5665 Ηίοηί
899 5624 918 5662 :
940 5606 1043 5662 sed
1076 5621 1154 5660 ea:
1185 5600 1274 5659 vel
1308 5618 1465 5657 nunc
1488 5600 1656 5657 aliter
1674 5601 1959 5657 distinctae

2050 3298 2249 3370 nigros
2280 3299 2560 3354 carbones
2602 3315 2699 3353 ore
2746 3298 3028 3365 reddidit;
3064 3314 3198 3353 eum
3247 3298 3462 3369 quibus
3492 3300 3549 3352 et
3579 3296 3694 3351 daa-

2050 3387 2313 3441 monium
2347 3386 2648 3455 abscessit,
2681 3390 2737 3442 et
2766 3386 2884 3453 illa,
2936 3403 3111 3442 sensu
3164 3390 3411 3458 recepto,
3443 3385 3694 3442 laudans

2049 3474 2231 3529 Deum
2258 3474 2449 3529 rediit.

2122 3562 2291 3617 13.1n
2316 3561 2553 3616 Letania
2580 3562 2821 3631 majore,
2848 3564 2919 3617 ad
2955 3562 3244 3618 tumulum
3279 3563 3440 3618 illius
3472 3563 3701 3635 lampas

2050 3649 2244 3705 divino
2275 3650 2408 3721 igne
2440 3667 2684 3705 accensa
2715 3654 2820 3704 est.
2847 3650 2962 3705 Nec
2996 3650 3103 3705 hoc
3145 3649 3325 3706 semel
3356 3656 3573 3717 actum,
3596 3652 3699 3706 sed

2050 3739 2143 3793 bis
2172 3743 2228 3793 et
2258 3742 2362 3807 ter,
2388 3742 2445 3793 et
2492 3739 2600 3794 hoc
2628 3738 2771 3793 vidit
2805 3755 2932 3809 quae
2967 3738 3065 3793 illa
3093 3739 3187 3793 die
3217 3738 3384 3794 ﬂuxit
3411 3740 3483 3794 ad
3516 3739 3704 3795 eccle-

2051 3826 2201 3882 siam
2235 3826 2297 3881 B.
2325 3825 2476 3881 Petri
2507 3826 2699 3881 omnis
2730 3828 2992 3882 Romana
3018 3826 3354 3883 multitudo.
3383 3829 3443 3883 In
3476 3827 3704 3883 Mercu-

2050 3915 2186 3970 lana
2205 3916 2558 3986 regione(72)
2575 3916 2836 3986 quredam
2860 3915 3317 3988 mulier,Rogata
3338 3916 3703 3982 nomine,ha-

2051 4005 2196 4059 bene
2219 4002 2571 4059 daemonium
2606 4005 2676 4059 ab
2711 4005 2836 4076 ipsa
2865 4003 3131 4073 infantia,
3156 4003 3372 4059 auditis
3404 4003 3705 4059 miraculis

2053 4094 2123 4148 ad
2150 4093 2444 4147 tumulum
2465 4092 2645 4148 venit:
2664 4093 2758 4147 ubi
2777 4095 2982 4164 jacens
3002 4093 3343 4149 immundos
3362 4091 3605 4165 spiritus
3625 4092 3707 4149 ita

2054 4180 2327 4248 reddidit,
2351 4181 2617 4236 videlicet
2664 4183 2826 4254 prius
2868 4200 3090 4238 murem
3124 4182 3236 4237 tria
3265 4182 3455 4255 capita
3484 4181 3705 4237 haben-

2053 4271 2456 4335 tem,secunr‘o
2479 4271 3070 4338 ranunculum,tertio
3089 4270 3606 4343 lacertam,quarto
3623 4288 3711 4326 ra-

2053 4359 2899 4432 nam,quintoscabronem(73)
2922 4367 3007 4417 :et
3037 4365 3170 4432 post
3200 4360 3448 4417 multum
3480 4360 3709 4416 effusio-

2008 4507 2031 4514 _
2054 4464 2186 4502 nem
2221 4448 2548 4519 sanguinis,
2583 4448 2813 4503 sanitati
2867 4450 3138 4505 restituta
3179 4454 3286 4518 est,
3308 4449 3512 4505 multis
3543 4449 3706 4504 testi-

1975 4558 2021 4622 Β
2056 4536 2167 4590 bus
2200 4551 2314 4590 nczi
2349 4534 2540 4590 solum
2573 4536 2778 4591 auditu
2809 4538 2904 4591 sed
2931 4542 2988 4592 et
3008 4537 3133 4592 visu
3158 4536 3563 4608 probantibus.
3589 4535 3710 4590 Mu-

2055 4622 2162 4678 lier
2191 4622 2734 4694 qumdam,nomine
2757 4623 3093 4696 Stephania,
3116 4623 3389 4681 habitans
3420 4628 3585 4679 trans
3614 4623 3707 4679 Ti-

2060 4751 2199 4821 sunt
2226 4762 2402 4817 quam
2435 4746 2699 4821 olim,ve1
2730 4747 2787 4801 in
2823 4748 3021 4819 plures
3043 4752 3236 4821 partes
3257 4747 3573 4821 subdivisa:
3593 4746 3710 4821 sin-

2059 4818 2230 4891 gulis,
2256 4834 2503 4891 quarum
2538 4817 2658 4891 haec
2702 4817 2840 4891 una'
2874 4817 3068 4886 fuerit,
3096 4819 3182 4874 vel
3230 4820 3551 4891 etiamnum
3582 4817 3661 4891 sit
3691 4837 3705 4891 ς

2062 4890 2196 4944 nam
2228 4905 2341 4959 qua
2375 4890 2596 4942 ratione
2626 4890 2778 4943 infra
2807 4892 3147 4944 nominatur
3173 4891 3324 4958 regio
3356 4890 3630 4956 Calussa/3i,
3650 4890 3708 4944 id

2061 4967 2149 5016 est
2178 4959 2605 5029 Amphitheatri
2628 4965 2779 5030 (quae
2802 4959 2937 5015 alibi
2961 4977 3138 5030 quam
3164 4960 3358 5014 Roma
3380 4959 3558 5029 quaeri
3593 4977 3709 5014 non

2062 5032 2251 5093 debet,
2277 5036 2333 5082 et
2365 5034 2552 5082 tamen
2589 5029 2701 5083 nou
2736 5036 2824 5084 est
2855 5029 3068 5085 una’ex
3104 5030 3173 5084 44
3217 5029 3411 5100 dictis,
3445 5031 3543 5084 sed
3575 5048 3709 5100 per-

2063 5106 2207 5156 tinet
2237 5101 2307 5153 ad
2344 5100 2654 5169 Regionum
2696 5101 3004 5171 Montium)
3035 5101 3116 5155 ita
3154 5099 3709 5171 persuademus’no-

2061 5172 2153 5227 bis
2185 5171 2330 5226 alias
2358 5187 2612 5239 quoque,
2648 5170 2739 5224 hic
2780 5169 3134 5235 nominatas,
3156 5169 3294 5226 esse
3324 5170 3509 5241 ipsius
3541 5169 3711 5227 Urbis

2065 5242 2350 5315 Regiones
2383 5257 2394 5293 :
2431 5258 2577 5301 quas
2619 5241 2907 5315 (Romanis
2952 5242 3174 5315 civibus
3222 5239 3610 5315 relinquimus
3641 5244 3709 5297 il-

2064 5311 2420 5392 lustrandas,
2447 5313 2731 5392 quoniam
2764 5311 3621 5392 chorographorum_diligentia
3639 5315 3708 5370 ad

2065 5386 2237 5440 hasce
2272 5381 2555 5437 minutias
2595 5400 2722 5437 sese
2765 5381 3069 5439 extendere
3113 5384 3335 5454 nequit.
3367 5381 3624 5441 Ecclesia
3652 5392 3709 5442 S.

2066 5455 2348 5524 Matthsei,
2377 5457 2449 5507 22
2478 5456 2551 5527 (in
2603 5454 2855 5527 Regioue
2912 5455 3219 5522 Montium,
3263 5456 3317 5508 S.
3364 5455 3607 5515 Matthaei
3654 5462 3714 5515 in

2066 5528 2350 5582 Merulana
2376 5525 2609 5580 dicitur.

2136 5599 2247 5668 (73)
2280 5597 2523 5652 Videtur
2551 5598 2687 5671 poni
2721 5616 2822 5672 pro
2853 5598 3116 5656 Scarabeo
3148 5597 3377 5670 majori.
