3964 6206
403 344 524 409 385

1781 341 1842 405 S.
1891 340 2044 406 LEO
2086 341 2167 405 IX
2204 341 2433 405 PAPA.

3693 345 3832 410 836

404 479 616 548 berim,
635 476 921 536 daemonio
948 482 1146 534 vexata
1166 475 1339 549 longo
1360 478 1638 549 tempore,
1664 478 1863 531 audita
1894 479 2049 531 fama
2077 478 2131 542 Α
2160 477 2256 547 qui
2283 477 2586 532 sinistrum
2613 476 2818 549 pedem
2840 475 3092 534 habebat
3111 473 3362 534 aridum.
3387 475 3490 534 Hic
3511 495 3616 551 per
3637 481 3830 536 meri-

407 568 562 626 beati
603 566 872 640 Corporis
918 565 1093 632 venit,
1131 570 1188 621 et
1226 567 1372 622 duos
1421 567 1701 623 carbones
1753 584 1867 621 una
1917 582 2048 621 cum

405 657 592 714 multo
625 655 908 727 sanguine
948 655 1370 720 evomuit.Qua
1419 657 1566 711 facto
1616 656 1849 712 sanitati
1884 655 2047 710 resti-

402 748 534 802 tuta
555 748 726 810 est,et
747 746 939 799 mente
962 748 1192 816 recepta
1210 745 1334 800 visa
1359 749 1446 800 est
1466 746 1536 800 ab
1556 746 1831 800 omnibus
1855 749 2049 799 astan-

401 835 562 891 tibus
588 832 775 888 redire
800 832 1000 888 libera.
1028 835 1090 887 In
1117 834 1347 904 regione
1380 835 1630 889 Arenula
1652 836 1784 904 (74),
1809 834 2048 904 quidam

400 921 706 980 habitabat
733 921 988 978 Joannes
1037 924 1292 989 nomine,
1320 924 1440 995 qui,
1475 924 1665 979 nervis
1714 922 2048 988 contractis,

401 1028 644 1069 manum
676 1011 900 1067 aridam
930 1012 1001 1066 ab
1033 1016 1196 1067 utero
1230 1012 1433 1066 matris
1466 1011 1735 1067 habebat.
1768 1012 1868 1066 Hic
1897 1011 2047 1066 beati

399 1101 507 1158 viri
537 1101 778 1158 veniens
801 1101 872 1156 ad
901 1100 1216 1167 tumulum,
1240 1104 1534 1156 extensum
1564 1105 1619 1156 et
1637 1100 1885 1156 validam
1919 1116 2047 1155 eam

399 1189 734 1264 reportavit.

477 1281 558 1335 14.
595 1280 775 1335 Homo
807 1279 1320 1350 quidam,veniens
1343 1281 1411 1334 de
1432 1279 1767 1352 longinquis
1797 1278 2047 1349 regioni-

398 1371 534 1436 bus,
554 1368 612 1424 in
639 1369 981 1441 paenitentia
1012 1370 1159 1424 ferro
1191 1369 1424 1441 ligatus,
1451 1375 1583 1424 ante
1613 1368 1906 1423 tumulum
1933 1372 2049 1423 ste-

400 1459 557 1525 tit,et
581 1459 719 1514 dum
738 1458 961 1513 diutius
982 1457 1330 1514 incumbens
1348 1458 1592 1513 orationi
1613 1457 1926 1513 commissa
1943 1475 2049 1514 sua

402 1546 901 1616 deﬂeret,Divinae
949 1547 1180 1619 pietatis
1225 1547 1394 1613 dono,
1438 1547 1800 1613 ferrum,ubi
1860 1547 2048 1618 magis

403 1637 659 1695 solidum
684 1636 890 1702 fuerat,
913 1637 1155 1709 crepuit.
1180 1636 1653 1692 Sanctimonialis
1676 1637 1938 1707 quzedam
1971 1635 2048 1690 si—

401 1725 619 1783 militer
647 1727 797 1782 ferro
829 1724 1027 1797 ligata,
1059 1726 1131 1779 ad
1162 1725 1417 1780 loculum
1457 1725 1728 1791 accessit;
1763 1729 1818 1779 et
1847 1724 2048 1779 eodem

402 1816 578 1871 modo
636 1814 827 1870 soluta
882 1831 916 1869 a
972 1813 1522 1884 ferro,henedicens
1580 1814 1915 1880 Dominum,
1949 1813 2048 1884 qui

404 1908 494 1961 est
535 1903 594 1958 in
655 1903 886 1960 Sanctis
937 1903 1062 1959 suis
1094 1903 1401 1970 mirabilis,
1427 1905 1497 1959 ad
1551 1904 1784 1976 propria
1832 1903 2048 1958 incoluo

403 1993 519 2050 mis
548 1992 812 2049 rediit.ln
845 2010 961 2048 una
981 1992 1074 2048 die
1101 1993 1358 2048 restituti
1390 1997 1528 2048 sunt
1548 1995 1663 2048 duo
1687 1994 1931 2064 juvenes
1963 2010 2050 2047 sa-

403 2082 596 2148 nitati,
620 2098 871 2154 quorum
894 2099 1048 2137 unus
1080 2083 1304 2138 habens
1337 2099 1400 2137 os
1431 2087 1715 2138 retortum
1746 2082 1816 2138 ad
1848 2099 2048 2136 aurem

403 2171 718 2237 dexteram,
742 2174 798 2226 et
827 2188 1070 2226 manum
1101 2171 1324 2227 aridam
1347 2188 1479 2226 cum
1505 2175 1621 2226 toto
1644 2171 1853 2226 latere:
1876 2187 2047 2242 quem

401 2265 593 2318 mater
620 2261 855 2317 nomine
887 2260 1086 2328 Maria,
1108 2278 1252 2315 uxor
1279 2261 1522 2315 Joannis
1543 2260 2049 2327 Orbitani,deﬂens

401 2348 659 2422 scapulis
688 2349 1043 2421 apportavit;
1077 2350 1178 2404 sed
1210 2349 1386 2420 duplo
1414 2349 1540 2403 laeta
1580 2347 1883 2412 miraculo,
1905 2365 2046 2420 gau-

403 2439 548 2494 dens
569 2452 704 2492 cum
723 2436 862 2492 ﬁliio
886 2437 1074 2502 rediit,
1098 2441 1154 2492 et
1173 2437 1266 2491 hic
1287 2441 1375 2492 est
1399 2442 1572 2492 notus
1594 2437 1870 2493 omnibus
1892 2439 2043 2509 apud

397 2527 457 2584 S.
479 2524 765 2598 Angelum
798 2525 1182 2581 morantibus.
1205 2525 1363 2580 Alter
1391 2542 1522 2581 vero
1546 2528 1615 2581 ab
1647 2526 1894 2581 infantia
1925 2527 2044 2581 offi-

395 2613 486 2671 cio
518 2615 825 2670 ambarum
875 2630 1161 2669 manuum
1209 2615 1490 2686 privatus,
1523 2615 1756 2671 sanitati
1801 2615 2041 2671 restitu-

391 2707 510 2771 tus,
543 2720 826 2759 manuum
861 2720 1101 2758 suarum
1134 2703 1433 2759 laboribus
1463 2704 1621 2759 vivit.

465 2795 551 2849 15.
567 2791 770 2847 Multis
791 2793 1121 2848 astantibus
1141 2791 1432 2864 loquelam
1455 2792 1669 2864 recepit
1687 2797 1885 2849 mutus
1911 2794 2037 2865 qui-

391 2883 549 2946 dam,
575 2881 808 2936 nomine
849 2881 1056 2947 Guido,
1082 2883 1151 2936 de
1179 2882 1484 2937 Casamala
1521 2886 1703 2937 ortus.
1730 2883 1878 2938 Puer
1908 2883 2035 2954 qui-

2160 569 2285 626 tum
2305 566 2364 620 B.
2384 567 2583 622 Leonis
2605 567 2840 622 sanitati
2865 567 3191 635 restitutus,
3208 568 3470 640 gaudens
3491 585 3624 623 cum
3650 574 3830 640 patre

2161 655 2350 710 rediit.
2367 656 2613 718 Quidam
2638 657 2741 723 vir,
2759 657 2994 712 nomine
3016 661 3243 722 Petrus,
3259 655 3416 713 ﬁlius
3436 657 3635 713 Nuccii
3655 659 3833 730 phle-

2162 745 2560 814 botomatoris,
2582 746 2874 801 habitator
2901 745 3088 817 ipsius
3111 745 3387 818 regionis,
3412 747 3484 801 ab
3506 749 3671 804 utero
3698 765 3832 804 ma-

2159 833 2266 888 tris
2323 838 2541 903 mutus,
2594 834 2922 889 astantibus
2972 834 3178 889 multis
3225 833 3518 906 loquelam
3574 837 3829 909 recepit.

2159 923 2432 987 Quaedam
2465 922 2674 978 mulier
2703 924 2772 978 de
2805 922 3010 978 Fallari
3033 924 3167 992 (78),
3201 923 3462 978 daemone
3480 929 3707 993 vexata,
3743 928 3828 981 ad

2157 1011 2452 1067 tumulum
2485 1013 2661 1080 venit,
2684 1013 2883 1084 ibique
2906 1012 3149 1068 liberata
3169 1015 3276 1067 est.
3302 1013 3512 1069 Mulier
3542 1016 3829 1086 quaedam

2159 1100 2228 1156 de
2257 1102 2732 1173 Aquapendente,
2757 1117 2996 1156 manum
3049 1101 3272 1157 habens
3321 1102 3568 1172 aridam,
3593 1105 3827 1162 auditis

2158 1189 2480 1255 miraculis,
2495 1191 2564 1244 ad
2591 1191 2780 1245 locum
2798 1190 2974 1257 venit,
2991 1194 3046 1245 et
3063 1190 3318 1245 officium
3339 1207 3552 1248 manus
3574 1196 3825 1266 recepit.

2158 1279 2404 1343 Quidam
2426 1279 2534 1348 vir,
2560 1284 2721 1333 ortus
2746 1280 2815 1334 de
2837 1279 3129 1334 Tuscanis
3152 1279 3420 1350 partibus
3446 1297 3691 1337 manum
3719 1283 3826 1339 ha-

2158 1366 2301 1421 bens
2324 1367 2570 1424 aridam.
2595 1384 2697 1438 per
2722 1368 2998 1422 meritum
3023 1367 3085 1421 B.
3113 1368 3322 1423 Leonis
3347 1369 3630 1442 [sanitati]
3653 1373 3826 1428 resti-

2156 1459 2320 1511 tutus
2351 1460 2456 1511 est.
2485 1457 2759 1522 Quaedam
2783 1455 3015 1525 mulier,
3040 1456 3223 1511 Maria
3252 1457 3513 1526 nomine,
3538 1458 3824 1517 habitans

2158 1543 2217 1598 in
2239 1545 2438 1599 Castro
2460 1548 2814 1613 Cornazano,
2842 1562 3082 1600 manum
3109 1545 3409 1600 sinistram
3445 1545 3672 1604 habens
3703 1550 3822 1604 ari-

2159 1633 2404 1702 dam,ad
2435 1633 2731 1688 tumulum
2761 1634 2920 1688 venit
2954 1651 2965 1689 :
3003 1633 3201 1706 ibique
3233 1639 3441 1690 sanata
3486 1640 3595 1691 est.
3625 1637 3826 1694 Altera

2161 1721 2389 1790 mulier,
2407 1723 2636 1777 Beatrix
2658 1724 2993 1790 nomine,de
3017 1721 3236 1795 Apuliae
3259 1723 3546 1795 partibus,
3572 1738 3822 1783 manum

2079 1846 2127 1912 B
2159 1811 2454 1867 dexteram
2478 1813 2698 1868 habens
2722 1811 3260 1880 aridam,similiter
3286 1813 3525 1869 sanitati
3545 1815 3827 1872 restituta

2160 1901 2521 1965 est.Quidam
2539 1900 2782 1956 Juvenis
2807 1900 3023 1956 ibidem
3045 1901 3236 1956 visum
3257 1902 3474 1974 recepit
3488 1919 3590 1975 per
3606 1905 3825 1961 merita

2159 1989 2223 2043 B.
2264 1989 2488 2044 Leonis.
2528 1989 2737 2044 Mulier
2781 1990 3069 2060 quaedam,
3113 1991 3502 2062 Ermengarda
3547 1993 3818 2060 nomine,

2159 2076 2360 2133 relicta
2408 2077 2559 2132 Petri
2609 2078 2851 2133 textoris
2901 2079 2972 2132 de
3019 2077 3221 2133 Castro
3252 2077 3372 2133 vico
3401 2079 3530 2146 (79),
3556 2096 3816 2135 manum

2160 2165 2462 2221 sinistram
2491 2166 2715 2221 habens
2764 2165 3011 2234 aridam,
3045 2183 3150 2238 per
3197 2165 3460 2221 meritum
3492 2166 3555 2221 Β.
3593 2167 3822 2225 Leonis

2159 2253 2344 2326 Papae,
2369 2250 2699 2310 videntibus
2727 2255 2928 2310 multis
2959 2254 3216 2310 officium
3249 2272 3459 2311 manus
3487 2257 3730 2330 recepit.

2803 2362 3032 2417 CAPUT
3073 2362 3165 2417 III.

2156 2451 2420 2504 Mirucula
2461 2455 2679 2522 patrata
2711 2469 2744 2505 a
2793 2452 3004 2520 Vigilia
3054 2452 3398 2507 Ascensionis
3450 2469 3616 2524 usque
3664 2453 3818 2508 ultra

2661 2524 2916 2578 Octavam
2944 2525 3298 2578 Pentecostes.

2225 2611 2310 2664 17.
2346 2611 2409 2664 In
2440 2609 2637 2683 vigilia
2677 2610 3050 2667 Ascensionis
3099 2611 3353 2681 Domini,
3389 2629 3493 2684 per
3529 2611 3815 2669 interces-

2151 2698 2376 2754 sionem
2407 2699 2736 2754 Beatissimi
2783 2702 2948 2772 Papze
2990 2701 3217 2767 Leonis,
3252 2706 3469 2756 sanatae
3519 2706 3662 2757 sunt
3691 2706 3818 2758 tres

2149 2787 2376 2841 feminae
2404 2806 2416 2842 :
2441 2805 2559 2842 una
2582 2805 2822 2843 manum
2846 2789 3084 2860 recepit,
3111 2787 3288 2843 altera
3308 2789 3597 2855 auditum,
3627 2789 3818 2847 altera

2147 2875 2448 2931 visum.1n
2481 2876 2678 2949 vigilia
2731 2877 2916 2932 noctis
2966 2877 3338 2932 Ascensionis
3387 2879 3643 2944 Domini,
3672 2897 3811 2935 mu-

2146 2963 2252 3019 lier
2283 2966 2571 3036 quaedam,
2619 2966 2786 3020 Berta
2819 2965 3072 3033 nomine,
3099 2965 3320 3020 famula
3351 2966 3502 3022 Petri
3552 2969 3813 3040 opificis,

2147 3054 2245 3124 qui
2278 3053 2492 3109 dicitur
2521 3054 2590 3109 de
2623 3055 2765 3122 Udo,
2798 3054 3071 3109 habitans
3105 3054 3161 3108 in
3194 3056 3429 3127 regione
3458 3056 3810 3129 Campitello

389 2971 758 3040 dam,Petrus
772 2971 1297 3037 nomine,ofﬁcium
1316 2972 1529 3043 recepit
1547 2989 1756 3026 manus
1769 2973 2032 3027 dexterae.

388 3061 539 3116 Puer
565 3059 806 3131 quidam
837 3059 908 3113 de
939 3059 1172 3131 regione
1216 3060 1449 3114 Coloseo
1494 3060 1745 3115 habebat
1793 3077 2032 3115 manum

387 3149 684 3204 dexteram
724 3147 972 3213 aridam,
1003 3163 1136 3202 cum
1185 3153 1305 3202 toto
1353 3148 1527 3203 latere
1558 3153 1613 3204 et
1644 3151 1823 3220 pede:
1858 3167 2031 3219 quem
2070 3209 2105 3220 ﬂ
2144 3142 2278 3212 (80),
2301 3142 2654 3197 daemonium
2706 3143 2946 3208 habens,
2971 3141 3050 3196 ibi
3093 3141 3338 3197 liberata
3365 3146 3473 3199 est.
3501 3144 3564 3198 In
3598 3146 3807 3201 eadem

388 3235 915 3308 mater,Stephania
932 3236 1409 3301 nomine,deﬂens
1428 3237 1497 3292 ad
1519 3237 1810 3292 tumulum
1839 3238 2029 3309 ipsum
2063 3209 2106 3277 Ο
2145 3230 2331 3285 noctis
2361 3231 2576 3303 vigilia.
2599 3231 2862 3302 qumdam
2888 3230 3099 3285 ῐηυὶίθν
3128 3233 3296 3302 Cujus
3329 3249 3540 3288 nomen
3574 3233 3810 3305 ignora-

387 3323 744 3397 apportavit,
769 3329 826 3379 et
856 3324 1090 3380 sanitati
1112 3325 1419 3381 restitutus
1436 3330 1524 3381 est
1553 3326 1752 3380 multis
1783 3327 2029 3381 astanti-
2144 3335 2299 3386 IDUS,
2327 3320 2530 3376 ambas
2564 3337 2796 3389 maDUS,
2817 3337 2964 3391 quas
2987 3321 3224 3391 gerebat
3243 3325 3597 3392 contractas,
3622 3340 3803 3379 sanas

383 3413 499 3468 bus
527 3416 584 3468 et
609 3412 962 3468 videntibus.
1006 3414 1187 3468 Homo
1240 3414 1498 3486 quidam,
1538 3415 1882 3470 Benedictus
1929 3433 2030 3470 nn-
2141 3408 2376 3480 recepit.
2402 3411 2525 3476 Quo
2551 3409 2698 3464 facto
2720 3409 3016 3480 quoddam
3047 3408 3403 3465 miraculum
3437 3409 3518 3465 ibi
3552 3411 3804 3468 miriﬁce

381 3501 560 3572 mine,
594 3501 1064 3557 Phlebotomator
1084 3503 1216 3573 (75),
1241 3503 1512 3560 habitans
1543 3505 1601 3558 in
1637 3503 1867 3576 regione
1898 3506 2032 3576 Sep-
2142 3497 2370 3553 accidit.
2395 3497 2642 3561 Quidam
2692 3497 2948 3553 Joannes
2987 3497 3057 3552 de
3097 3497 3354 3567 Civitate,
3406 3497 3686 3554 habitans
3739 3501 3798 3556 in

379 3589 635 3658 temviis,
675 3589 974 3645 ulceribus
1012 3590 1472 3663 plenus,auditis
1503 3591 1804 3647 miraculis
1836 3594 1908 3647 ad
1941 3598 2030 3648 tu-

379 3675 608 3736 mulum
625 3679 810 3747 venit;
830 3678 1028 3750 ibique
1045 3695 1147 3750 per
1163 3681 1437 3735 meritum
1458 3681 1607 3736 beati
1633 3682 1925 3737 Pontificis
1945 3700 2031 3738 sa-

379 3783 492 3823 nus
523 3766 712 3822 factus
734 3766 941 3833 est,ita
962 3771 1026 3821 ut
1051 3785 1156 3822 nec
1183 3769 1420 3840 signum
1447 3768 1732 3826 cicatricis
1766 3772 1824 3825 in
1859 3787 2030 3826 carne

380 3856 509 3927 ejus
548 3860 872 3927 appareret.
899 3856 1145 3920 Quidam
1178 3856 1264 3910 vir
1304 3857 1492 3928 Majus
1524 3858 1778 3926 nomine,
1804 3859 1874 3913 de
1904 3859 2032 3913 Pal-

378 3943 536 4000 liano
564 3943 696 4016 (76),
722 3943 994 3999 habitans
1018 3949 1180 4001 trans
1203 3945 1481 4011 Tiberim,
1509 3964 1541 4001 a
1563 3948 1850 4002 daemonio
1871 3965 2033 4003 vexa-

381 4035 480 4088 tus
509 4049 612 4104 per
655 4049 840 4088 annos
873 4033 1230 4104 quindecim,
1265 4035 1463 4089 audita
1513 4037 1668 4090 fama
1719 4036 1870 4091 beati
1901 4036 2028 4102 viri,

379 4120 542 4176 venit
569 4120 642 4174 ad
671 4120 963 4175 tumulum
999 4122 1146 4191 ejus,
1173 4125 1229 4176 et
1259 4123 1406 4178 duas
1437 4122 1722 4178 blactulas
1754 4125 1864 4194 (77)
1897 4141 2030 4180 cum

382 4204 571 4261 multo
602 4206 892 4275 sanguine
912 4207 1337 4272 evomuit,cum
1362 4207 1577 4278 quibus
1599 4213 1654 4263 et
1675 4210 2027 4265 daemonium

376 4291 938 4355 abscessit.Quidam
960 4295 1208 4364 juvenis,
1227 4295 1442 4349 France
1467 4296 1827 4369 nomine,qui
1843 4314 2030 4353 caecus

373 4379 624 4449 exstitit,
647 4379 846 4434 lumen
895 4382 1134 4452 recepit,
1170 4398 1347 4448 nepos
1396 4384 1617 4438 ostiarii
1641 4385 1698 4440 S.
1724 4386 1914 4440 Mariae
1960 4387 2030 4442 de
2137 4384 2746 4453 Amata(81)nomine,
2773 4389 2934 4456 patre
2964 4385 3159 4457 genita
3181 4384 3549 4457 Engelberto.
3574 4389 3643 4442 Hi
3673 4389 3794 4444 fue-

374 4469 574 4526 Monte
602 4472 789 4522 acuto.
814 4468 1055 4524 Juvenis
1076 4470 1316 4541 quidam
1351 4473 1420 4526 de
1452 4473 1681 4528 civitate
1701 4474 2023 4541 Tiburtina,
2139 4475 2278 4527 runt
2306 4489 2373 4526 ex
2403 4473 2665 4543 partibus
2690 4473 3019 4546 Campaniae
3052 4474 3122 4528 de
3149 4473 3334 4528 Rocca
3365 4475 3436 4529 de
3469 4475 3610 4532 Risa
3635 4496 3648 4533 :
3673 4477 3796 4532 haec

373 4557 633 4614 Joannes
655 4555 909 4622 nomine,
933 4555 1090 4612 filius
1111 4558 1375 4625 Joannis,
1397 4561 1467 4615 ab
1493 4566 1656 4617 utero
1680 4563 1883 4618 matris
1906 4581 2028 4620 mu-
2056 4570 2104 4636 D
2136 4565 2330 4616 autem
2363 4561 2442 4615 ita
2475 4562 2582 4616 fuit
2626 4565 2922 4616 contracta
2950 4566 3016 4616 ut
3047 4579 3348 4633 nunquam
3381 4564 3635 4635 pedibus
3667 4583 3791 4622 am-

369 4650 490 4713 tus,
523 4643 854 4701 astantibus
886 4645 1088 4701 multis
1120 4647 1412 4718 loquelam
1447 4647 1682 4722 recepit.
2132 4649 2383 4705 bularet.
2417 4649 2541 4705 Una
2567 4650 2680 4704 alia
2712 4649 2924 4722 puella,
2959 4651 3194 4706 nomine
3226 4651 3429 4720 Maria,
3465 4653 3589 4710 ﬁlia
3620 4656 3792 4721 Cicae,

447 4737 535 4792 16.
563 4735 743 4791 Homo
775 4735 1015 4807 quidam
1072 4737 1419 4794 Benedictus
1467 4739 1719 4805 nomine,
1755 4740 2026 4796 habitans
2139 4756 2263 4811 quae
2303 4739 2608 4794 habitabat
2638 4741 2696 4794 in
2731 4739 2963 4812 regione
3007 4740 3283 4809 Arenula,
3317 4741 3518 4798 lumen
3551 4746 3796 4817 recepit,

373 4825 436 4881 in
458 4823 676 4896 Campo
699 4824 924 4892 Martio,
947 4824 1403 4882 habebatﬂlium
1427 4828 1663 4883 nomine
1685 4829 2027 4884 Gratianum
2140 4845 2267 4898 quae
2307 4844 2408 4899 per
2464 4844 2649 4883 annos
2709 4829 3046 4900 quindecim
3093 4846 3207 4884 non
3264 4829 3510 4886 viderat.
3545 4832 3793 4898 Quidam

2141 3586 2374 3658 regione
2404 3586 2618 3658 Campo
2645 3586 2872 3653 Martio,
2898 3601 3129 3640 cereum
3177 3586 3245 3640 de
3291 3587 3496 3642 tumba
3526 3588 3796 3659 ejusdem

2138 3675 2465 3730 beatissimi
2493 3676 2657 3747 Papae
2690 3675 2893 3731 Leonis
2923 3691 3235 3730 accensum
3266 3675 3322 3730 in
3357 3692 3535 3731 manu
3569 3680 3804 3752 accepit

2147 3767 2204 3819 et
2231 3763 2522 3819 exstinxit.
2562 3764 2677 3819 Hoc
2708 3764 2877 3831 facto,
2903 3764 3045 3818 dum
3078 3780 3278 3818 secure
3330 3765 3689 3822 exstinctum
3726 3775 3804 3823 te-

2141 3856 2323 3920 neret,
2358 3853 2552 3908 subito
2592 3869 2903 3908 accensum
2936 3852 3097 3906 vidit.
3123 3855 3303 3917 Quem
3337 3852 3434 3908 ille
3484 3871 3603 3910 non
3655 3857 3803 3912 bene

2140 3942 2494 3997 exstinctum
2547 3942 2808 4006 credens,
2843 3942 3054 3996 iterum
3105 3941 3397 3997 exstinxit.
3429 3943 3499 3997 Et
3529 3945 3665 4015 quis
3698 3947 3799 4002 Dei

2141 4029 2426 4085 miracula
2452 4029 2603 4085 valet
2642 4029 3037 4101 perscrutari?
3083 4030 3292 4085 iterum
3326 4048 3387 4086 se
3419 4031 3478 4086 in
3514 4049 3697 4089 manu
3730 4035 3803 4089 il-

2140 4116 2254 4173 lius
2285 4119 2567 4173 accendit.
2590 4117 2689 4172 Hic
2713 4118 2889 4173 etiam
2913 4135 3114 4174 cereus
3153 4119 3210 4173 in
3244 4119 3649 4176 testimonium
3681 4141 3808 4178 ser-

2138 4212 2307 4262 vatus
2339 4213 2446 4262 est.

2213 4297 2296 4349 18.
2325 4295 2385 4348 In
2423 4295 2515 4350 die
2543 4295 2914 4351 Ascensionis
2959 4295 3190 4350 Domini
3238 4301 3445 4351 sanata
3476 4302 3567 4354 est
3600 4299 3829 4372 puella.

470 4968 562 5036 74)
594 4966 702 5023 Ms.
736 4965 1138 5022 Strozzianum
1171 4970 1421 5025 Temula.

469 5040 946 5119 7§)n¢?‘s6mopﬁa,_
960 5055 1133 5119 .venaz
1186 5045 1346 5097 sectio
1356 5083 1368 5106 ,
1429 5042 1462 5096 b
1497 5059 1572 5119 ne
1597 5042 2028 5119 _Phlet2c_)t_01_nare

377 5109 533 5184 apud
547 5109 780 5165 "Bedam
811 5114 867 5164 et
897 5109 1062 5178 alios,
1096 5129 1199 5183 pro
1228 5130 1422 5168 venam
1457 5115 1714 5169 incidere.
1743 5115 2024 5171 Phleboto-

373 5185 577 5250 matus,
614 5179 1065 5246 Phlebotomalor,
1099 5188 1204 5237 etc.

445 5253 555 5326 (76)
599 5251 735 5325 Agri
795 5269 897 5307 seu
951 5254 1278 5325 Campaniae
1338 5255 1610 5310 Romanae
1657 5257 2023 5328 oppidudum

2139 4971 2464 5097 fuittoviqina
2505 4971 2723 5027 civitati
2753 4972 3110 5039 Castellanae,
3136 4989 3292 5029 nunc
3340 4975 3470 5046 ejus
3520 4978 3793 5050 episcopo

2139 5061 2205 5097 ευ
2256 5061 2339 5097 IBC
2369 5061 2422 5097 a.

2138 5061 2422 5112 SUDJBCLa.

2207 5115 2319 5185 (79)
2355 5115 2415 5168 In
2449 5112 2680 5168 Sabinis
2711 5113 2873 5170 locus
2903 5119 2990 5170 est
3027 5117 3146 5171 Vico
3189 5115 3253 5170 di
3291 5116 3552 5174 Sarrento
3582 5119 3791 5183 dictus,

2136 5203 2308 5260 quem
2343 5204 2457 5256 prae
2490 5185 2620 5260 aliis
2650 5187 2991 5260 synonymis
3038 5185 3286 5259 intelligi
3333 5191 3654 5260 persuadet
3703 5210 3790 5247 ur-

2135 5258 2226 5312 bis
2257 5258 2530 5312 Romanae
2561 5257 2790 5312 vicinia.

373 5329 484 5398 est.
510 5395 546 5398 Η
585 5393 621 5398 _
909 5395 937 5398 __
1106 5397 1109 5398 ν
1144 5396 1151 5398 _
2205 5329 2317 5398 (80)
2351 5329 2481 5383 Haec
2511 5344 2628 5380 una
2658 5332 2748 5382 est
2778 5345 2845 5383 ex
2895 5330 2958 5384 14
3011 5328 3351 5394 nominatis,
3383 5334 3441 5385 et
3489 5331 3648 5388 inter
3695 5350 3789 5388 eas

442 5395 554 5473 (77)
585 5393 711 5476 Pro.
743 5395 1039 5474 vermibus
1098 5396 1190 5449 hic
1241 5398 1500 5454 blactula?
1556 5398 1668 5452 diei
1729 5398 2019 5470 videntur,
2132 5393 2324 5524 prima
2357 5416 2369 5453 :
2407 5415 2616 5452 nomen
2650 5415 2683 5452 a
2713 5399 3014 5471 Capitolio,
3047 5401 3202 5470 quod
3234 5393 3666 5473 complectitur,
3691 5404 3789 5484 ha-

442 5479 542 5516 lasi
571 5464 916 5520 diminutive
945 5483 979 5520 a
1008 5467 1194 5521 blatta.
2172 5487 2306 5524 ens:
2341 5486 2406 5524 eo
2440 5469 2610 5524 modo
2632 5475 2992 5524 corruntum.
3016 5487 3142 5524 quae
3171 5471 3345 5524 vulgo
3378 5490 3483 5524 nro
3505 5474 3786 5524 Canitnlio

370 5464 916 5548 qu’a'si‘d‘iminu‘tive
945 5483 979 5548 a
1008 5467 1216 5548 blatta;
1365 5538 1375 5548 .
1403 5538 1416 5548 ι
1558 5540 1571 5548 .
1697 5541 1710 5548 _
1749 5540 1760 5548 -
1887 5541 1898 5548 _
1930 5541 1960 5548 __
2001 5464 2014 5470 ⁷
2132 5464 2412 5548 hens;_eo_
2431 5464 3142 5548 _quo‘cerru'ptum,'quae
3171 5471 3345 5544 vulgo
3371 5464 3483 5546 pro
3505 5464 3786 5548 Capitolio

443 5531 914 5612 (.78).Urbevetani
946 5537 1220 5612 territorii
1245 5538 1714 5612 oppidumhaud
1747 5540 2017 5612 ignobile.
2135 5531 2470 5612 Campizlolio
2501 5539 2732 5612 dicitur.

375 5599 591 5654 Fateris
623 5606 816 5656 autem
863 5599 1451 5674 praenominataprbs
1500 5610 1640 5665 olim
1672 5599 2020 5683 episcopalis
2205 5599 2316 5680 (8i)
2348 5611 2454 5665 Ms.
2491 5611 2880 5680 Stozzianum,
2912 5612 3180 5667 Amriata.
