3964 6206
163 381 265 448 83⁸1

749 377 1082 443 PROLEG.
1114 409 1193 424 —
1219 375 1588 442 HISTORIA
1633 365 1924 440 MORTIS
1967 376 2067 438 ET
2109 375 2378 438 MlRAC.
2426 378 2492 440 S.
2537 375 2818 439 LEONIS
2860 377 2965 441 IX.

3447 367 3566 445 538

173 533 296 592 puer
319 517 484 588 patre
516 513 741 571 rustico
771 513 1027 586 genitus,
1059 513 1130 568 de
1161 512 1389 567 civitate
1420 511 1652 579 Ortana,
1680 515 1804 567 erat
1831 512 1885 578 Α
1915 515 1984 569 de
2016 516 2210 569 monte
2239 511 2502 580 Ca'ssino,
2535 513 2592 568 in
2620 501 2923 572 Dominica
2952 511 3080 588 qua
3101 513 3316 572 dicitur
3343 517 3567 574 Pascha

171 607 245 664 ita
265 608 618 673 contractus,
653 606 719 658 ut
747 619 933 658 unum
963 601 1119 658 latus
1150 601 1210 655 in
1243 617 1350 656 sua
1380 603 1666 672 potestate
1689 617 1805 656 non

175 697 417 761 haberet;
451 694 556 749 sed
589 693 876 748 Dominus
900 707 1034 748 eum
1056 707 1158 763 per
1176 688 1534 747 sanctissimi
1566 689 1808 745 Pontiﬁ-

173 785 249 841 cis
277 783 546 839 meritum
578 782 893 848 sanavit,et
919 781 1099 836 latere
1127 783 1356 851 recepto
1388 795 1523 834 cum
1553 781 1808 851 gauden-

170 877 220 929 te
246 876 401 945 patre
425 874 630 926 votum
661 871 712 926 ei
743 870 920 934 vovit,
953 871 1010 925 et
1037 867 1350 924 incolumis
1379 867 1569 924 rediit.
1593 869 1662 922 Et
1692 868 1808 923 fere

167 962 301 1018 hora
331 960 520 1017 noctis
553 963 678 1015 erat
708 959 920 1023 media,
971 974 1104 1013 cum
1153 958 1299 1012 duos
1348 973 1527 1011 caacos
1565 956 1810 1011 miriﬁce

167 1050 381 1108 sanavit
415 1067 427 1104 :
464 1064 621 1104 unus
654 1047 815 1118 Pipo,
850 1045 994 1101 alter
1021 1061 1154 1100 vero
1185 1043 1534 1100 Adelbertus
1577 1045 1809 1099 diceba-

167 1143 262 1196 tur
289 1155 304 1193 :
334 1137 429 1194 isti
459 1136 617 1192 enim
645 1136 717 1191 de
738 1134 1047 1205 Lama(82)
1072 1133 1302 1188 civitate
1324 1133 1592 1189 fuere.Et
1613 1149 1811 1204 quem-

171 1229 326 1296 dam,
356 1225 689 1282 Bandiﬁum
737 1222 992 1288 nomine,
1043 1221 1232 1277 ﬁlium
1281 1221 1518 1277 Berardi
1567 1222 1812 1278 Comitis

167 1315 498 1386 Mursicani,
530 1314 628 1386 qui
677 1314 878 1369 lancea
925 1327 1240 1385 percussus
1273 1311 1402 1376 fuit,
1433 1315 1489 1366 et
1519 1311 1600 1365 ita
1629 1314 1808 1366 attra-

163 1406 470 1478 ctus,quod
503 1406 710 1478 pedem
743 1419 928 1458 unum
951 1402 1023 1458 ad
1053 1405 1269 1456 terram
1294 1417 1506 1474 ponere
1528 1417 1640 1455 non
1662 1401 1810 1456 vale-

158 1497 286 1563 bat;
318 1496 440 1563 sed,
467 1495 714 1565 jubente
742 1492 880 1554 Deo.
903 1507 1005 1562 per
1026 1490 1300 1545 meritum
1323 1489 1478 1545 beati
1510 1487 1808 1545 Pontiﬁcis

157 1601 334 1642 sanus
365 1581 908 1648 recessit.Quaedam
943 1579 1137 1652 puella
1165 1578 1501 1634 omnimodo
1535 1578 1810 1634 manibus

155 1678 215 1730 et
242 1672 487 1745 pedibus
512 1672 594 1726 ita
625 1672 923 1725 contracta
953 1667 1062 1723 fuit
1093 1668 1247 1740 quod
1281 1683 1582 1740 nunquam
1610 1667 1812 1722 ambu-

160 1761 284 1817 lare
311 1759 557 1827 valebat,
587 1776 692 1815 nec
722 1774 964 1813 manum
997 1757 1064 1811 ad
1099 1773 1165 1812 os
1195 1757 1438 1823 ducere;
1472 1760 1528 1810 et
1558 1772 1659 1828 per
1689 1772 1808 1811 me-

159 1851 347 1906 ritum
389 1854 450 1903 Β.
483 1848 684 1904 Leonis
735 1846 992 1903 ofﬁcium
1041 1846 1442 1901 membrorum
1491 1845 1724 1917 recepit,
1754 1849 1811 1902 et
1841 1883 1888 1947 Β

160 1953 312 1994 sana
343 1936 601 1992 recessit.

226 2027 316 2081 4'9.
351 2025 623 2080 Proxima
651 2023 743 2079 die
771 2027 903 2094 post
934 2022 1348 2076 Ascensionem
1396 2019 1651 2088 Domini,
1683 2019 1811 2076 duae

152 2114 430 2171 mulieres
462 2129 591 2186 quae
623 2130 657 2167 a
686 2113 897 2184 spiritu
948 2111 1253 2165 immundo
1297 2109 1677 2177 vexabantur,
1711 2126 1814 2181 per

152 2190 339 2260 sancti
404 2201 515 2256 viri
576 2201 852 2256 meritum
919 2198 1152 2255 sanitati
1215 2197 1473 2270 pristinae
1532 2196 1812 2252 restitutae

151 2295 310 2349 sunt.
342 2290 758 2347 Investituram
790 2287 1074 2352 Culcitraz,
1108 2287 1264 2359 quod
1308 2290 1396 2341 est
1446 2301 1727 2358 magnum
1759 2288 1814 2340 et

153 2380 490 2436 inauditum
541 2378 916 2445 miraculum,
969 2377 1235 2449 quaedam
1293 2375 1504 2431 mulier
1553 2374 1811 2429 Amantii

150 2469 404 2526 Diaconi
452 2453 670 2523 famula
718 2467 912 2522 lavare
957 2465 1079 2534 ivit,
1112 2481 1239 2536 quae
1289 2463 1520 2536 proprie
1567 2465 1691 2519 erat
1744 2463 1815 2518 de

150 2559 306 2615 lecto
337 2557 662 2614 beatissimi
692 2555 904 2611 Leonis
932 2555 1120 2627 Papae.
1154 2555 1232 2608 Ex
1262 2570 1380 2624 qua
1427 2553 1568 2608 dum
1600 2569 1814 2626 aquam

151 2651 549 2720 extorqueret,
582 2647 736 2700 inter
775 2661 943 2700 crura
995 2661 1102 2699 sua
1149 2643 1356 2709 tenuit,
1391 2645 1448 2696 et
1493 2641 1576 2696 ita
1622 2643 1816 2698 media

152 2742 323 2810 parte
372 2736 465 2792 sui
517 2734 775 2807 corporis
806 2734 1132 2806 stupefacta
1161 2731 1290 2802 fuit,
1323 2748 1388 2786 ac
1419 2730 1466 2786 si
1501 2730 1815 2802 paralysim

151 2825 540 2883 haberet.Sed
564 2825 633 2879 ad
660 2825 816 2879 istud
841 2823 1060 2878 malum
1092 2820 1428 2894 supervenit
1456 2819 1612 2875 aliud
1639 2837 1652 2874 :
1679 2836 1814 2874 nam

151 2915 458 2988 ulceribus
511 2913 684 2985 plena
709 2913 834 2968 visa
863 2915 951 2967 est
977 2912 1038 2966 in
1070 2910 1270 2966 eadem
1306 2912 1467 2982 parte
1515 2908 1813 2980 corporis;

150 3010 208 3061 et
236 3006 366 3060 haec
395 3003 556 3059 venit
586 3003 657 3058 ad
687 3000 981 3056 tumulum
1017 3001 1079 3055 B.
1115 2999 1349 3066 Leonis,
1375 3003 1431 3053 et
1460 3015 1604 3053 sana
1635 3015 1816 3054 reces-

153 3096 248 3151 sit.

222 3185 316 3240 20.
353 3182 634 3246 Quaadam
669 3178 878 3251 puella,
911 3180 1133 3250 Rogata
1164 3176 1420 3244 nomine,
1449 3175 1569 3231 ﬁlia
1599 3175 1814 3241 Mariae,

1917 603 2132 660 Rosata
2157 603 2293 674 (84),
2321 602 2391 659 ad
2424 601 2718 658 tumulum
2751 604 2909 660 Beati
2941 605 3240 662 Pontiﬁcis
3261 607 3344 663 ita
3363 612 3566 665 mutus

1917 691 2256 764 (egritudine
2285 691 2536 756 advenit,
2571 691 2726 762 quod
2758 709 2929 748 nemo
2959 692 3253 766 loquelam
3302 697 3430 767 ejus
3477 697 3566 752 in-

1916 780 2176 854 telligere
2207 779 2421 836 valeret
2451 797 2464 835 :
2500 781 2623 848 sed,
2657 780 2758 836 Dei
2789 783 3015 838 favente
3045 781 3362 856 gratia,per
3392 787 3565 841 meri-

1917 874 2045 925 tum
2093 870 2156 925 Β.
2204 869 2407 924 Leonis
2454 873 2671 924 rectam
2721 869 3014 942 loquelam
3049 872 3284 944 recepit.
3316 875 3561 939 Quidam

1919 975 2082 1029 puer,
2117 955 2215 1029 qui
2247 956 2356 1011 fuit
2386 957 2456 1012 de
2484 957 2711 1013 Verona
2740 963 2987 1032 utroque
3018 964 3162 1032 pede
3209 967 3566 1030 contractus,

1922 1047 2017 1102 Dei
2040 1046 2354 1101 comitante
2385 1046 2574 1118 gratia
2605 1063 2707 1118 per
2737 1048 3012 1104 meritum
3044 1050 3196 1106 beati
3227 1051 3334 1107 viri
3365 1052 3443 1107 ibi
3475 1071 3566 1109 sa-

1921 1139 2115 1200 natus,
2149 1152 2281 1190 eum
2316 1135 2658 1207 parentibus
2689 1136 2881 1192 rediit.
2915 1139 3190 1204 Quaedam
3241 1139 3452 1196 mulier
3497 1143 3569 1197 de

1918 1225 2372 1296 Aquapendente
2405 1242 2438 1280 a
2469 1225 2753 1280 daemonio
2785 1232 2981 1298 erepta
3019 1231 3126 1294 est,
3160 1234 3324 1285 nocte
3363 1231 3568 1287 eadem

1920 1329 2046 1386 quae
2098 1313 2314 1368 dicitur
2361 1313 2433 1368 de
2483 1313 2706 1368 Pascha
2738 1315 2980 1370 Rosata.‘
3007 1316 3253 1380 Quidam
3285 1309 3430 1389 puer
3459 1323 3568 1374 Pe-

1920 1401 2230 1459 trunculus
2279 1402 2535 1468 nomine,
2572 1404 2642 1458 de
2692 1404 2864 1471 Sena,
2918 1421 3050 1460 cum
3107 1407 3447 1476 parentibus
3497 1409 3568 1464 ad

1917 1491 2216 1548 tumulum
2272 1490 2432 1547 venit
2473 1508 2486 1546 :
2527 1490 2621 1546 hic
2669 1491 2823 1547 enim
2875 1493 3121 1565 pedibus
3181 1481 3571 1568 manibusque

1920 1585 2262 1636 contractus
2277 1580 2613 1644 eratQuem
2647 1597 2750 1653 ego
2782 1582 2924 1637 dum
2967 1587 3173 1656 rogatu
3222 1584 3570 1642 Senensium

1919 1670 2019 1742 qui
2053 1687 2155 1742 pro
2188 1670 2384 1724 anima
2414 1686 2521 1725 sua
2551 1670 2662 1741 (85)
2693 1687 2826 1725 eum
2860 1671 3240 1740 adduxerant,
3274 1674 3345 1728 ad
3379 1679 3572 1730 tumu-

1917 1759 2042 1814 lum
2074 1758 2232 1813 Beati
2261 1757 2555 1813 Pontificis
2581 1759 3177 1832 erexissem;repente
3205 1779 3296 1818 me
3317 1764 3571 1834 vidente,

1920 1863 2114 1904 coram
2148 1847 2307 1902 omni
2334 1846 2569 1919 populo,
2602 1847 2857 1902 ofﬁcium
2892 1850 3290 1907 membrorum
3331 1854 3567 1926 recepit.

1922 1936 2171 2000 Quidam
2202 1936 2507 2007 Presbyter
2531 1936 2749 2004 France
2771 1936 3031 2004 nomine,
3063 1938 3134 1992 de
3163 1940 3308 1994 Cora
3330 1940 3443 2012 (86)
3469 1959 3573 2013 op-

1922 2024 2345 2098 pido,quinque
2363 2024 2533 2078 annis
2554 2027 2792 2078 vexatus
2814 2023 3015 2090 fuit,ut
3036 2041 3169 2080 cum
3188 2026 3246 2080 in
3265 2026 3358 2082 die
3375 2027 3572 2084 Domi-

1922 2113 2053 2170 nica
2067 2130 2192 2185 qua:
2214 2112 2429 2167 dicitur
2440 2111 2662 2167 Pascha
2677 2112 2889 2167 Rosata
2904 2113 2974 2168 ad
2997 2117 3054 2168 tu
3067 2113 3292 2169 mulum
3306 2117 3572 2188 ejusdem

1922 2202 2288 2259 Sanctissimi
2308 2201 2412 2255 viri
2437 2201 2726 2256 adductus
2751 2201 2978 2271 fuisset,
2994 2203 3192 2258 statim
3217 2203 3572 2262 daemOnium

1924 2309 2028 2364 per
2055 2291 2406 2362 sanguinem
2437 2289 2936 2359 evomuit,cadens
2961 2291 3017 2346 in
3042 2296 3256 2348 terram
3281 2298 3570 2351 mortuus.

1923 2381 1993 2435 Et
2023 2396 2156 2434 cum
2189 2377 2382 2433 omnis
2414 2375 2666 2450 populus
2698 2395 2832 2433 eum
2863 2383 3164 2450 asportare
3211 2379 3404 2448 vellet,
3436 2383 3576 2454 quia

1925 2469 2250 2525 exanimem
2282 2467 2578 2533 videbant,
2614 2465 2811 2522 divina
2845 2466 3063 2523 favente
3093 2469 3300 2540 gratia,
3328 2485 3430 2543 per
3460 2488 3576 2528 me-

1926 2557 2106 2613 ritum
2141 2557 2203 2611 B.
2237 2556 2444 2611 Leonis
2495 2556 2564 2610 ad
2609 2555 2790 2610 vitam
2824 2572 3005 2612 sanus
3054 2558 3248 2630 rediit,
3279 2560 3439 2616 omni
3473 2577 3574 2633 po-

1925 2646 2062 2719 pulo
2111 2645 2212 2718 qui
2264 2646 2465 2701 aderat
2511 2645 2758 2700 Domino
2808 2649 2864 2701 et
2918 2646 3128 2702 Sancto
3173 2647 3392 2721 gratias
3431 2650 3578 2706 refe-

1925 2739 2108 2791 rente.

1994 2827 2084 2880 22.
2121 2823 2366 2891 Quidam
2399 2823 2743 2879 Benedictus
2776 2823 3221 2894 nomine,ﬁliam
3255 2843 3449 2894 suam,
3475 2845 3578 2884 no-

1929 2913 2085 2970 mine
2132 2913 2374 2980 Bonam,
2411 2929 2590 2968 causa
2633 2912 2974 2985 recipiendae
3024 2915 3316 2984 sanitatis,
3365 2917 3436 2972 ad
3485 2921 3580 2974 tu-

1927 3002 2156 3059 mulum
2187 3003 2337 3058 beati
2371 3002 2666 3058 Pontificis
2696 3001 2911 3070 attulit,
2945 3020 3071 3074 qua
3119 3009 3243 3060 erat
3289 3005 3580 3065 ambabus

1927 3092 2204 3148 manibus
2235 3094 2531 3146 contracta
2561 3107 2573 3145 :
2609 3091 2732 3156 sed,
2764 3091 2962 3146 divina
2993 3093 3216 3150 favente
3247 3095 3453 3168 gratia,
3480 3113 3584 3168 per

1931 3182 2205 3237 meritum
2250 3179 2406 3235 Beati
2457 3179 2758 3236 Pontiﬁcis
2798 3181 3012 3253 recepit
3041 3182 3312 3239 sanitatis
3341 3185 3579 3257 gaudia.

152 3273 303 3328 feria
333 3270 591 3344 septima
622 3284 822 3323 mense
868 3267 1017 3322 Maio
1067 3267 1338 3331 intrante,
1373 3265 1573 3320 eodem
1618 3281 1818 3320 mense
1847 3255 1889 3320 C
1932 3271 2063 3326 Fuit
2084 3270 2140 3324 in
2166 3268 2747 3340 Marsicana(87)villa
2767 3271 2837 3324 de
2861 3255 3586 3343 Monte,quzedam_mulier

150 3362 248 3418 die
280 3367 494 3433 quarto
526 3359 772 3426 decimo,
806 3357 874 3411 ad
913 3355 1239 3410 venerabile
1287 3355 1414 3425 ejus
1459 3353 1817 3426 sepulcrum,

151 3450 476 3507 sinistrum
507 3447 813 3502 brachium
848 3447 1210 3520 contractum
1235 3443 1638 3510 ferens,venit;
1665 3443 1818 3512 ejus-

150 3557 274 3612 que
305 3543 517 3594 sancta
547 3532 961 3606 suffragatione
993 3532 1260 3588 sanitatis
1289 3530 1636 3586 beneﬁcium
1686 3548 1820 3585 con-

142 3631 368 3685 secuta
397 3630 568 3692 est,et
595 3625 716 3679 haec
746 3627 867 3678 erat
896 3623 969 3677 de
999 3622 1198 3677 Castro
1232 3619 1386 3692 quod
1418 3623 1659 3674 vocatur
1696 3622 1819 3673 Sta-

139 3717 258 3772 bla
302 3715 444 3785 (83).
477 3713 717 3778 Quidam
745 3713 815 3767 de
845 3711 1076 3766 civitate
1107 3708 1456 3775 Florentina,
1480 3724 1613 3763 cum
1640 3707 1822 3763 servis

134 3805 312 3869 suis,
351 3803 422 3857 ad
459 3801 747 3856 tumulum
779 3801 1043 3871 ejusdem
1080 3797 1403 3854 beatissimi
1435 3795 1646 3852 Leonis
1664 3797 1823 3852 venit

134 3910 384 3961 caecus;
419 3894 476 3946 et
499 3891 685 3963 gratia
714 3890 913 3945 divina
943 3888 1257 3944 comitante
1290 3885 1491 3941 lumen
1523 3885 1824 3956 recepit,et

131 4001 269 4056 pra?
297 3979 523 4053 gaudio
545 3996 756 4051 magno
785 3978 940 4050 quod
973 3977 1108 4032 inde
1134 3974 1602 4040 habuit,eosdem
1626 3991 1820 4029 servos

135 4071 430 4127 libertate
479 4068 734 4123 donavit.
785 4067 1033 4130 Quidam
1091 4069 1411 4129 Romanus,
1470 4062 1818 4118 Adelbertus

139 4159 421 4223 nomine,
449 4157 591 4212 dum
624 4157 775 4211 ferro
807 4155 1087 4211 recideret
1116 4153 1347 4207 vineam
1381 4150 1822 4223 suam,contigit

137 4249 312 4320 quod
370 4247 441 4302 de
492 4245 707 4300 domno
760 4241 1093 4316 Apostolieo
1147 4242 1336 4296 Leone
1385 4239 1633 4312 turpiter
1657 4239 1819 4311 loqui

139 4353 269 4393 non
304 4333 632 4391 exhorruit.
662 4333 769 4388 Sed
802 4332 958 4386 istud
989 4331 1219 4386 facinus
1250 4329 1472 4400 absque
1501 4327 1673 4400 culpa
1701 4345 1817 4383 non

136 4421 531 4496 evasit:quia
561 4421 857 4493 malignus
888 4419 1130 4492 spiritus
1151 4433 1363 4490 corpus
1393 4416 1554 4472 illius
1584 4421 1818 4489 repente

133 4512 460 4579 invasit,et
489 4509 741 4583 graviter
760 4525 965 4565 vexare
991 4507 1181 4580 ccepit.
1216 4505 1333 4561 Hoc
1365 4510 1557 4562 autem
1591 4505 1818 4561 vivente

135 4602 248 4686 illo
281 4604 490 4688 actum
519 4604 626 4655 est.
662 4598 772 4688 Sed
803 4597 1000 4688 divina
1030 4597 1256 4688 favente
1282 4595 1493 4688 gratia,
1525 4611 1660 4650 cum
1684 4599 1817 4688 post
1844 4623 1892 4688 D

142 4681 388 4746 obitum
417 4687 581 4744 illius
609 4687 831 4743 veniret
859 4687 930 4741 ad
962 4684 1294 4757 sepulcrum
1325 4684 1472 4754 ejus,
1506 4701 1610 4756 per
1637 4684 1812 4738 meri-

147 4783 281 4836 tum
318 4779 512 4852 ipsius
543 4782 787 4834 sanatus
818 4780 927 4832 est.

217 4872 315 4926 21.
353 4867 604 4932 Quidam
632 4863 1005 4920 Grimoaldus
1027 4863 1362 4929 nomine,de
1392 4863 1450 4918 S.
1485 4862 1815 4932 Benedicto,

221 5029 345 5102 (82)
370 5029 546 5108 Eorte
574 5027 806 5108 (farina,
848 5041 984 5108 quae
1009 5027 1104 5106 est
1141 5023 1347 5108 civitas
1367 5022 1729 5108 Eapitanatze
1760 5023 1819 5108 in

150 5094 338 5174 regno
368 5097 780 5174 Neapolitano,
813 5094 958 5152 alias
1006 5095 1066 5150 in
1116 5096 1318 5151 eadem
1364 5094 1705 5167 Capitanata
1732 5101 1822 5150 est

155 5172 323 5229 Tarre
353 5173 500 5228 della
529 5172 721 5225 Lama.

220 5246 338 5316 (83)
361 5244 525 5302 Istud
554 5239 919 5316 credo_,qu_od
955 5239 1132 5316 Ceste!
1161 5255 1194 5293 α
1223 5253 1376 5316 ma_r_e
1406 5236 1464 5290 di
1495 5237 1681 5316 Stabit;
1705 5237 1824 5292 vul-

191 5309 496 5382 o'di'citur,
533 5309 800 5369 ditionis
827 5309 1142 5366 Pontiﬁcis:
1193 5309 1474 5381 oppidum
1505 5309 1575 5364 ad
1625 5309 1821 5364 sinum

205 5389 640 5464 eapolitanum,

215 5449 338 5536 (8‘4)
369 5458 850 5536 nspemecostgn
877 5453 1186 5536 nominarit
1219 5449 1384 5536 itali:
1411 5451 1667 5536 ρρροίιρε
1688 5468 1824 5506 σευ-
1912 5477 1925 5488 .

151 5521 265 5593 8am
314 5521 608 5592 'reddunt
665 5531 937 5582 auctores
992 5521 1360 5580 Vocabularii
1394 5521 1548 5579 della
1585 5523 1823 5592 Crusca,

147 5611 295 5674 quod
330 5626 402 5666 eo
436 5607 566 5662 fere
597 5603 863 5674 tempore
893 5598 1057 5674 Bos?
1081 5596 1347 5653 ﬂoreant.

198 5665 564 5757 (85)Clavis
596 5665 771 5738 infra,
803 5688 864 5727 ιι.
897 5671 987 5738 36,
1021 5671 1128 5726 Pro
1155 5665 1401 5726 mercede
1440 5666 1652 5723 animae
1686 5679 1824 5720 suae.

1930 3359 1999 3414 de
2039 3359 2276 3414 Civitate
2305 3357 2638 3430 Spoletana,
2672 3357 2769 3412 diu
2807 3375 2957 3413 caeca
2991 3375 3003 3412 :
3037 3376 3163 3430 quae
3196 3360 3338 3416 dum
3367 3363 3582 3418 oratio-

1930 3447 2021 3504 nis
2050 3449 2236 3520 gralia
2265 3447 2416 3502 beati
2445 3446 2550 3502 viri
2575 3446 2910 3518 sepulcrum
2948 3449 3291 3518 requireret,
3325 3449 3384 3505 in
3422 3450 3585 3506 Sabi-

1930 3535 2096 3591 ncnsi
2145 3535 2516 3606 Episcopatu,
2552 3539 2866 3605 antequam
2903 3535 2971 3589 ad
3005 3534 3198 3590 locum
3241 3535 3339 3592 ubi
3368 3553 3585 3608 corpus

1929 3625 2058 3694 ejus
2091 3623 2402 3696 requiescit
2432 3623 2888 3694 perveniret,per
2920 3622 3194 3678 meritum
3227 3624 3410 3680 sancti
3434 3623 3583 3681 Pon-

1929 3711 2104 3768 tiﬁcis
2133 3712 2332 3767 lumen
2364 3711 2669 3782 recepit,ac
2700 3711 2810 3766 iter
2839 3712 2992 3784 quod
3025 3717 3278 3784 cmperat
3318 3715 3586 3785 gaudens

1931 3799 2428 3875 peregit.Quidam
2453 3817 2598 3871 puer
2624 3801 2693 3856 de
2716 3800 2988 3872 praedicta
3029 3800 3278 3868 civitate,
3321 3801 3585 3875 quinque

1929 3907 2115 3946 annos
2147 3889 2389 3955 habens,
2424 3894 2597 3960 atque
2630 3906 2663 3944 a
2692 3889 2990 3945 nativitate
3031 3905 3236 3962 gressu
3268 3894 3324 3946 et
3353 3891 3584 3964 loquela

1929 3995 2153 4043 carens,
2189 3981 2496 4050 parentum
2528 3976 2740 4032 auxilio
2774 3977 2844 4032 ad
2877 3977 3212 4050 sepulcrum
3243 3979 3438 4035 Sancti
3469 3981 3584 4036 du-

1928 4071 2197 4138 ctus,per
2230 4065 2501 4120 meritum
2531 4067 2658 4137 ejus
2691 4083 2958 4138 gressum
2991 4071 3046 4122 et
3075 4066 3367 4139 loquelam
3403 4068 3582 4126 simul

1927 4155 2161 4228 recepit.
2195 4155 2340 4212 Item
2384 4154 2534 4211 alius
2587 4155 2852 4226 ejusdem
2892 4156 3188 4223 territorii,
3222 4161 3444 4229 septem
3476 4175 3578 4214 an-

1928 4263 2162 4312 norum,
2197 4261 2299 4318 per
2327 4248 2447 4300 tres
2478 4261 2664 4300 annos
2703 4261 2905 4317 gressu
2959 4246 3173 4318 pedum
3217 4246 3404 4302 caruit
3437 4264 3448 4302 :
3479 4249 3583 4305 sed

1929 4333 2069 4388 dum
2101 4334 2174 4388 ad
2209 4331 2544 4404 sepulcrum
2577 4332 2875 4388 Antistitis
2904 4333 3222 4402 accederet,
3256 4353 3358 4408 per
3407 4339 3582 4393 meri-

1926 4425 2055 4477 tum
2082 4422 2209 4492 ejus
2240 4419 2434 4477 subito
2467 4425 2693 4477 erectus
2723 4425 2828 4477 est.
2852 4422 3099 4489 Quidam
3131 4424 3242 4495 (88)
3277 4440 3440 4498 puer,
3479 4432 3584 4484 Leo

1927 4510 2260 4577 nomine,de
2291 4514 2486 4565 monte
2517 4510 2747 4578 Casino,
2774 4510 2832 4565 in
2858 4511 3060 4566 eadem
3093 4513 3397 4569 Dominiea
3417 4513 3583 4569 clau-

1926 4599 2037 4655 dus
2068 4598 2147 4654 ita
2177 4599 2408 4654 advenit
2437 4599 2592 4670 quod
2648 4598 2806 4654 nullo
2857 4601 3028 4654 modo
3077 4601 3302 4673 absque
3351 4601 3583 4659 duobus

1925 4688 2360 4745 sustentatoriis
2405 4687 2630 4745 baculis
2682 4689 2948 4744 incedere
2976 4688 3204 4744 valebat
3262 4707 3274 4744 :
3330 4691 3430 4746 sed
3482 4709 3586 4764 per

1928 4779 2201 4834 meritum
2234 4780 2294 4834 B.
2323 4779 2621 4834 Pontiﬁcis
2654 4779 2876 4851 absque
2909 4778 3168 4846 ductore,
3201 4779 3447 4850 abjectis
3473 4779 3582 4835 ba-

1928 4867 2096 4937 culis,
2157 4868 2466 4923 sanitatem
2529 4868 2928 4923 membrorum
2989 4881 3188 4922 secum
3248 4868 3581 4938 reportavit.

2001 5027 2114 5168 (86)
2146 5025 2332 5151 Vulgo
2365 5025 2509 5090 Cori,
2542 5025 2874 5108 Qampanize
2902 5025 3174 5106 Romanae
3206 5022 3508 5104 oppidum.

2025 5099 2113 5167 87)
2148 5102 2272 5168 Dup
2300 5113 2368 5150 ex
2396 5098 2690 5168 Marsicum
2739 5097 2911 5152 hodie
2939 5099 3284 5151 nominatur
3314 5111 3507 5168 111091]

2025 5099 2113 5167 87)
2148 5094 2368 5168 Duplex
2396 5094 2704 5168 Marsicum
2739 5097 2911 5152 hodie
2939 5094 3587 5168 nominatu’r'inconﬁ-

1932 5165 2046 5223 niis
2076 5165 2361 5240 citerioris
2391 5172 2565 5237 atque
2587 5166 2880 5240 ulterioris
2901 5169 3292 5240 Principatus,
3314 5165 3583 5240 aiiudive-

1931 5245 2049 5309 tus,
2083 5239 2242 5293 aliud
2274 5236 2522 5313 novu‘m’:
2555 5243 2718 5313 vetus
2747 5238 2852 5313 hic
2873 5236 3170 5313 designari
3210 5236 3581 5313 crediderim,

1934 5307 2068 5383 cum
2101 5327 2314 5365 novum
2346 5327 2396 5383 a_
2411 5307 2591 5378 Regni
2620 5308 2984 5380 Neapolitani
3004 5307 3462 5383 'Chorographis
3511 5312 3584 5366 ad

1937 5382 2179 5437 fluvium
2211 5380 2624 5435 constituatur.

2005 5454 2118 5524 (88)
2147 5453 2208 5508 In
2228 5453 2328 5524 (Ms
2367 5451 2688 5524 Bubertino
2720 5449 2944 5521 quidam
2971 5467 3184 5522 pauper
3211 5469 3230 5505 ,ο
3263 5451 3459 5524 ipsum
3490 5468 3588 5508 au-

1933 5521 2051 5653 tsetm
2085 5524 2188 5606 Ms.
2225 5523 2318 5578 hic
2349 5521 2566 5578 desinit
2598 5539 2610 5577 :
2646 5538 2824 5594 quare
2853 5525 3059 5577 caetera
3080 5521 3305 5578 dantur
3343 5541 3412 5580 ex
3460 5525 3587 5584 solo

2003 5611 2286 5652 rozzlano.

1978 5595 2286 5652 trozziano.
