3964 6206
153 449 264 513 841

747 442 1082 510 PROLEG.
1114 476 1193 504 υ-
1223 443 1596 508 HISTORIA
1639 442 1935 507 MORTIS
1979 444 2079 506 ET
2124 438 2391 507 MIRAC.
2439 444 2503 506 S.
2551 443 2832 508 LEONIS
2878 442 2984 507 IX.

3445 426 3566 510 an

156 582 370 658 crymis
395 580 501 639 illa
530 579 786 649 dicente,
820 583 872 636 et
905 579 1128 637 caeteris
1151 579 1507 653 quiaderant
1528 596 1646 636 una
1668 594 1802 634 cum
1832 582 1888 650 Α
1917 577 2146 652 pliciter
2171 579 2322 651 quod
2358 578 2521 652 prius
2552 577 2875 636 abstulerat
2900 577 2986 635 ei:
3019 580 3076 635 et
3105 594 3310 637 omnes
3330 580 3431 653 qui
3453 579 3564 638 hoc

157 673 280 730 viro
309 672 408 729 illo
437 670 711 745 simplice
741 687 844 743 pro
890 685 958 724 ea
1004 668 1331 739 orantibus,
1373 667 1560 736 atl‘uit,
1610 666 1807 723 divina
1914 668 2184 724 viderunt
2214 671 2270 723 et
2294 667 2617 737 audierunt
2671 668 3095 725 benedixerunt
3145 669 3332 726 Deum
3392 673 3450 726 et
3500 671 3559 727 S.

157 761 465 821 clementia
492 763 550 816 et
578 758 889 815 mulierem
923 757 1087 814 illam
1108 775 1142 814 a
1166 761 1326 831 peste
1345 757 1642 824 liberavit;
1676 773 1807 828 qua)

151 851 461 909 sanitatem
475 850 549 906 ad
562 847 807 923 plenum
830 846 1138 919 recipiens,
1164 845 1422 902 deditilli
1444 845 1669 901 homini
1704 844 1809 900 tri-

1920 758 2169 813 Leonem
2207 757 2497 813 famulum
2530 758 2682 829 ejus.

858 1040 1487 1153 MIRACULA
1562 1037 2231 1152 BENEVENTI
2328 1039 2870 1155 PA’I‘ilATA

150 1251 372 1322 partim
393 1265 464 1306 ex
482 1250 573 1305 Ms.
606 1251 984 1305 Beneventano
1015 1264 1050 1302 a
1077 1246 1421 1303 Ferdinando
1454 1246 1677 1315 Ughello
1708 1247 1769 1301 in
1793 1247 2055 1389 ggﬁpia
2086 1246 2479 1301 Beneventanis
2506 1246 2672 1312 edita,
2725 1252 2934 1319 partim
2963 1269 3037 1307 ex
3090 1255 3184 1309 Ms.
3244 1256 3570 1315 Strozziano

1754 1333 1792 1372 α
1980 1357 1993 1370 .

1754 1333 1972 1372 αεοευια
1980 1357 1993 1370 .

1196 1505 1929 1592 PiUEMONI'I‘IO
1989 1505 2551 1592 UGHELLI.

118 1686 121 1691 ί
229 1686 321 1762 a7.
342 1684 469 1762 Non
486 1682 1127 1762 praetereudumquod,
1131 1682 1642 1762 _V_V‘alder_ico_9_01')
1665 1682 1812 1736 Pras-

164 1755 318 1822 sule,
358 1756 431 1810 ad
459 1752 667 1810 coelum
691 1752 1080 1810 evolavitLeo
1110 1754 1176 1809 ΙΧ
1197 1754 1458 1809 Pontifex
1481 1752 1772 1808 Maximus
1795 1772 1808 1808 :

165 1826 265 1883 cui
296 1831 433 1898 post
462 1826 706 1893 obitum,
739 1841 869 1898 cum
904 1825 1107 1879 multis
1134 1825 1445 1898 claruisset
1487 1823 1809 1898 miraculis,

162 1896 615 1955 Beneventanus
632 1896 884 1968 populus
915 1897 1286 1951 sanctissimo
1316 1896 1461 1959 viro,
1494 1900 1552 1950 et
1580 1896 1661 1968 de
1683 1896 1812 1961 ejus

161 1969 402 2026 civitate
421 1969 532 2038 (92)
561 1966 951 2033 benefmerito,
976 1970 1105 2035 ejus
1126 1968 1363 2022 nomine
1384 1967 1538 2021 intra
1560 1966 1814 2021 civitatis

162 2040 383 2096 mcenia
411 2039 717 2095 ecclesiam
756 2038 1139 2110 aediﬁcarunt,
1169 2044 1225 2093 et
1254 2038 1518 2110 quolibet
1538 2054 1689 2092 anno
1724 2054 1814 2093 so-

163 2111 346 2169 lemni
368 2111 485 2166 ritu
518 2126 586 2166 ac
627 2111 780 2165 fastu
812 2126 937 2165 eum
971 2109 1220 2181 incolere
1252 2109 1577 2181 cmperunt:
1642 2110 1810 2179 cujus

162 2187 220 2239 et
247 2199 429 2262 causa
457 2180 1285 2262 ejuadcm_miraculaaliquot
1303 2180 1376 2262 _in
1413 2183 1812 2262 Beneventana

160 2254 397 2327 regione
426 2251 658 2309 meritis
687 2252 848 2307 illius
879 2257 1105 2324 patrata
1144 2251 1352 2307 litteris
1374 2251 1703 2324 consignari
1728 2251 1810 2306 fc-

1922 1686 2147 1757 eerunt.
2181 1683 2483 1757 Oetaeum
2515 1684 2573 1738 in
2631 1686 3049 1757 antiquissimo
3105 1692 3305 1748 codice
3359 1693 3571 1752 litteris

1924 1753 2378 1825 Longobardicis
2408 1761 2643 1810 exarata
2671 1755 2729 1811 in
2763 1753 3117 1815 Bibliotheca
3164 1762 3571 1823 Beneventana

1922 1823 2242 1911 invenisset
2274 1830 2471 1907 noster
2500 1825 2867 1911 gmlestin‘us,
2924 1830 3173 1911 ﬁdeliter
3201 1837 3569 1911 conscripsit,

1926 1894 2192 1977 mihique
2222 1896 2552 1977 transmisit
2577 1915 2602 1977 :_
2622 1903 2686 1977 ut
2717 1900 2785 1952 ad
2812 1902 3142 1977 augendam
3168 1894 3450 1977 pietatem
3467 1894 3578 1965 hoc

1926 1966 1986 2020 in
2018 1965 2141 2021 loco
2172 1966 2487 2021 lectoribus
2517 1965 2947 2025 exhiberemus.
2981 1974 3144 2037 Quod
3168 1965 3442 2034 ‘libenter
3492 1982 3580 2036 fe-

1925 2038 2281 2118 cimus,cum
2312 2038 2371 2092 in
2405 2038 2477 2118 iis
2507 2038 2705 2118 aliqua
2734 2041 3305 2118 con_tineantur,quze
3327 2050 3399 2105 ab
3420 2050 3574 2117 aliis,

1924 2108 2030 2181 qui
2064 2108 2257 2181 Vitam
2288 2108 2647 2181 sanctissimi
2681 2112 2982 2169 Pontiﬁcis
3014 2108 3226 2174 litteris
3257 2108 3579 2178 demanda;

1926 2179 2066 2260 runt
2097 2179 2319 2260 omissa
2352 2179 2588 2236 fuerint.
2623 2188 2840 2239 Auctor
2869 2201 3197 2260 anonymus
3227 2195 3318 2246 est
3346 2194 3404 2247 et
3434 2193 3575 2250 Leo-

1927 2251 2019 2306 nis
2043 2250 2434 2323 synchronus.

1133 2435 1673 2530 HISTORIA
1732 2437 2625 2529 MIRACULORUM.

231 2637 325 2691 28.
352 2636 550 2708 Longe
566 2633 866 2707 divulgata
887 2633 1042 2689 fama
1058 2633 1473 2689 miraculorum
1493 2632 1814 2689 beatissimi
1847 2637 1894 2702 B
1928 2632 2060 2689 tulit
2093 2633 2279 2689 ﬁlium
2310 2634 2435 2705 ejus
2466 2636 2875 2708 puerulum,et
2906 2639 3106 2714 fugam
3125 2644 3391 2719 arripuit.
3414 2649 3577 2713 Quod

162 2725 401 2792 Leonis,
435 2724 746 2780 Beneventi
780 2728 965 2795 empta
994 2727 1085 2778 est
1114 2722 1387 2779 aediﬁcari
1423 2722 1494 2777 ad
1529 2723 1658 2794 ejus
1715 2722 1819 2778 ho-

162 2831 373 2871 norem
405 2812 687 2869 ecclesia:
720 2816 805 2879 ut,
840 2828 1014 2885 quem
1031 2811 1414 2868 Beneventani
1446 2811 1600 2867 cives
1625 2812 1821 2867 vivum

162 2901 591 2960 aNormannis
625 2916 853 2956 carcere
910 2901 1212 2956 detentum
1272 2904 1641 2973 aspexerant,
1693 2901 1821 2971 jam

166 2996 481 3049 mortuum
514 2995 571 3047 et
603 2989 811 3062 spatiis
839 2989 1166 3045 coelestibus
1199 2990 1592 3060 perfruentem
1652 3006 1819 3045 vene-

160 3085 464 3138 rarentur.
498 3079 729 3135 Interea
750 3077 1080 3150 accidit(93)
1115 3082 1178 3133 ut
1198 3077 1471 3134 Nicolaus
1492 3078 1729 3151 quidam
1753 3078 1823 3133 de

161 3169 423 3227 Castello
457 3167 799 3225 Molliniana
822 3172 878 3222 et
933 3167 1223 3223 Berardus
1254 3167 1324 3222 de
1380 3166 1504 3223 loco
1556 3169 1819 3235 Carrara,

162 3275 429 3332 quorum
481 3257 631 3313 alter
688 3256 911 3328 perdito
952 3256 1190 3311 brachio
1249 3256 1505 3322 dextero,
1556 3256 1824 3312 retractis

162 3347 498 3421 poplitibus
520 3350 578 3402 et
608 3346 839 3413 nervis;
894 3343 1041 3400 alter
1078 3362 1209 3401 vero
1263 3345 1447 3419 frigus
1507 3349 1563 3400 et
1614 3345 1822 3401 febrim

163 3453 362 3510 usque
393 3436 467 3491 ad
497 3434 890 3509 dysenteriam
921 3451 1161 3507 passus;
1195 3451 1328 3489 cum
1360 3438 1606 3507 uterque
1637 3450 1698 3490 se
1724 3434 1825 3489 de-

166 3525 324 3581 ferre
360 3524 640 3580 fecissent
662 3523 735 3578 ad
766 3523 1104 3596 praedictam
1138 3523 1466 3590 ecclesiam,
1501 3540 1627 3595 qua:
1688 3540 1825 3579 con-

162 3613 526 3670 struebatur
562 3612 891 3680 Beneventi,
912 3611 1065 3668 illico
1092 3612 1356 3669 omnium
1370 3611 1594 3683 judicio
1620 3612 1826 3684 despe-

158 3705 372 3758 ratam
405 3704 821 3772 recuperarunt
843 3700 1174 3756 sanitatem.

246 3790 345 3844 29.
376 3788 648 3845 Rusticus
660 3789 901 3861 quidam
916 3806 984 3845 ex
1000 3788 1215 3862 oppido
1228 3788 1529 3844 Ordonum
1556 3788 1829 3861 (O~’i),cum

163 3876 711 3937 annualitervotive
724 3878 937 3934 festum
952 3881 1013 3933 B.
1043 3878 1245 3933 Leonis
1261 3877 1565 3944 excoleret,
1590 3876 1833 3949 contigit

163 3972 241 4024 ut
273 3984 400 4040 pra
431 3966 613 4022 nimia
642 3966 1021 4039 Oppressione
1045 3964 1313 4022 laborum
1371 3982 1519 4038 quos
1575 3965 1633 4019 in
1692 3982 1830 4040 agro

162 4058 445 4131 gerebat,
479 4056 572 4112 die
600 4055 923 4123 Dominica,
958 4055 1191 4128 quando
1222 4054 1367 4110 festa
1401 4054 1832 4111 annuntiantur

167 4144 426 4219 populo,
460 4144 706 4200 minime
736 4143 1040 4200 ecclesiam
1072 4144 1313 4199 adierat.
1337 4144 1473 4199 Erat
1493 4150 1688 4200 autem
1707 4144 1831 4200 dies

167 4234 372 4290 festus
394 4234 460 4289 S.
502 4233 711 4289 Leonis
743 4233 799 4288 in
819 4233 1024 4305 quinta
1055 4230 1197 4288 feria
1225 4232 1488 4304 sequenti
1512 4233 1643 4305 (95),
1678 4234 1832 4306 quod

164 4321 464 4395 praedicto
494 4320 714 4378 rustico
744 4326 869 4377 erat
898 4320 1280 4394 incognitum.
1312 4320 1414 4376 Ille
1444 4321 1641 4394 itaque
1664 4321 1832 4378 valde

168 4426 361 4466 mane
391 4425 664 4483 surgens,
700 4409 953 4481 sumpsit
993 4426 1192 4465 secum
1250 4426 1435 4465 unum
1496 4409 1829 4482 puerulum,

170 4514 364 4572 quem
383 4497 576 4553 ﬁlium
611 4497 851 4553 unicum
873 4497 1143 4566 habebat,
1178 4501 1234 4553 et
1262 4513 1525 4553 securem
1558 4502 1836 4554 rastrum-

171 4603 299 4659 que
331 4586 676 4643 fossorium.
708 4587 839 4642 Mox
867 4590 933 4642 ut
961 4586 1244 4659 applicuit
1272 4603 1384 4642 suo
1415 4604 1577 4661 agro,
1612 4586 1835 4643 dimisit

169 4676 532 4749 praedictum
565 4676 884 4749 puerulum
916 4693 1088 4733 suum
1112 4677 1182 4732 ad
1217 4676 1544 4732 sarcinam:
1580 4675 1675 4731 ille
1696 4694 1829 4734 vero

171 4764 389 4821 fodere
419 4764 590 4821 anxie
620 4764 813 4836 cmpit.
846 4764 926 4819 Ex
955 4763 1068 4821 alia
1106 4770 1269 4838 parte
1297 4764 1474 4837 lupus
1507 4781 1604 4821 ore
1633 4770 1833 4838 aperto

240 4923 895 5051 éml'g’aldericusinitio
915 4923 1056 4980 Julii
1077 4940 1230 4981 anno
1255 4926 1394 4981 1053
1413 4925 1469 4979 in
1493 4926 1835 5051 episcopum

292 5037 308 5051 .
427 5011 537 5051 one
569 4996 725 5051 Pana
754 5000 1129 5051 consecratur
1157 4998 1312 5051 anud
1344 4997 1525 5051 Uehel
1554 5015 1652 5051 um
1680 5042 1692 5051 .
1735 5016 1835 5051 om

169 5012 209 5051 a
231 4994 323 5071 β),
348 4994 537 5071 Leone
569 4996 725 5071 Papa
754 5000 1129 5071 consecratur
1157 4998 1312 5071 apud
1344 4994 1652 5069 Ughellum
1680 4994 1712 5066 ;’
1735 5000 1835 5071 qui

169 5066 358 5142 addit
387 5065 680 5142 illustrem
707 5065 931 5142 bullam
962 5071 1107 5142 tunc
1129 5065 1547 5124 ciconcessam
1579 5065 1685 5142 pro
1706 5065 1838 5125 con-

169 5138 523 5210 ﬁrmatione
554 5139 944 5195 Ecclesiarum
976 5139 1397 5210 subjectarum.
1469 5190 1481 5204 ,

249 5209 371 5281 (92)
404 5209 542 5267 Sunt
569 5213 668 5282 qui
695 5211 937 5266 scribant
964 5209 1101 5265 cum’
1122 5211 1361 5265 Barom’o
1389 5212 1457 5265 ab
1516 5212 1744 5267 Henrico
1792 5214 1843 5269 II

172 5282 517 5352 Imperatore
538 5282 799 5351 Ponti/isi
829 5284 994 5338 Leoni
1019 5282 1091 5337 IX
1135 5283 1374 5337 Romano
1429 5283 1676 5338 oblatum
1731 5286 1837 5339 Be-

1932 2721 2163 2795 alonge
2193 2739 2437 2779 cernens
2469 2729 2652 2796 pater,
2686 2744 2916 2785 currere
2950 2736 3082 2802 post
3108 2732 3316 2806 lupum
3386 2738 3581 2810 coepit,

1932 2810 2053 2867 haec
2082 2810 2428 2867 clamitans:
2462 2812 2505 2867 Ο
2538 2813 2748 2871 Sancte
2780 2816 2916 2882 Leo,
2948 2819 3199 2879 Patrone
3231 2823 3333 2892 mi,
3369 2827 3586 2899 adjuvu

1940 2916 2033 2955 me
2064 2916 2223 2954 nunc
2254 2899 2313 2956 in
2345 2901 2638 2973 praesenti,
2665 2907 2722 2959 et
2753 2906 2929 2963 redde
2961 2908 3105 2965 mihi
3130 2912 3370 2970 unicum
3396 2915 3583 2972 ﬁlium

1934 3005 2152 3044 meum.
2188 2990 2321 3054 Quae
2353 2989 2444 3044 vix
2474 2989 2705 3048 locutus
2756 2994 2967 3065 fuerat,
3029 3015 3164 3055 cum
3223 3018 3356 3059 ecce
3406 3003 3585 3079 lupus

1933 3076 2158 3133 dimisit
2183 3094 2428 3150 puerum
2460 3078 2543 3135 ita
2573 3080 2847 3155 illaesum,
2883 3089 2948 3141 ut
2974 3085 3033 3142 in
3064 3089 3428 3149 vestimentis
3476 3076 3587 3152 nec

1933 3166 2248 3240 vestigium
2281 3168 2519 3241 quidem
2553 3178 2861 3243 appareret
2890 3175 3155 3233 dentium
3200 3179 3347 3253 lupi,
3406 3182 3467 3238 in
3518 3199 3590 3239 ea

1939 3259 2104 3327 parte
2137 3272 2254 3328 qua
2285 3273 2418 3313 eum
2453 3257 2629 3325 lupus
2659 3261 3006 3334 arripuerat.
3042 3265 3328 3325 Reversus
3388 3271 3587 3343 itaque

1937 3343 2194 3400 rusticus
2216 3345 2286 3400 ad
2306 3346 2739 3419 oppidum,ha':c
2762 3352 2960 3407 omnia
2982 3356 3240 3412 narravit
3264 3376 3275 3413 :
3301 3358 3586 3416 sentiens-

1937 3448 2050 3504 que
2081 3450 2209 3489 eam
2241 3434 2431 3507 ipsam
2453 3434 2610 3492 diem
2642 3454 2771 3494 esse
2801 3441 3259 3502 anniversariam
3280 3446 3339 3502 in
3362 3464 3587 3505 memo-

1939 3522 2086 3578 riam
2116 3522 2177 3577 Β.
2210 3523 2438 3592 Leonis,
2474 3542 2617 3580 novo
2649 3543 2711 3581 se
2768 3528 3080 3586 adstrinxit
3140 3538 3272 3589 voto
3328 3536 3403 3590 ad
3457 3553 3587 3592 eam

1940 3612 2257 3684 quotannis
2288 3612 2630 3669 solemniter
2657 3616 3344 3692 custodiendam.‘:.‘ieque
3366 3623 3585 3681 nedum

1941 3700 2272 3765 Beneventi,
2305 3701 2406 3755 sed
2442 3718 2544 3773 per
2572 3707 2754 3759 totam
2784 3704 3004 3777 Apuliae
3038 3724 3227 3777 oram,
3276 3708 3585 3767 celeberri-

1942 3805 2105 3844 mum
2137 3788 2322 3845 evasit
2345 3788 2551 3846 Leonis
2584 3808 2827 3847 nomen:
2863 3793 2979 3849 Deo
3006 3795 3091 3850 sic
3122 3796 3467 3869 disponente
3527 3806 3590 3857 ut

1942 3878 1993 3934 is
2014 3876 2074 3933 in
2107 3876 2325 3933 eisdem
2358 3876 2503 3933 locis
2561 3878 2620 3934 in
2672 3880 2888 3951 quibus
2944 3884 3147 3955 paucis
3199 3890 3337 3941 ante
3392 3888 3588 3957 annis,

1943 3966 2247 4040 proﬂigato
2277 3967 2405 4037 ejus
2435 3971 2493 4022 et
2513 3967 2778 4024 Ecclesiae
2835 3971 3110 4039 exercitu,
3150 3974 3275 4047 ipse
3322 3977 3588 4048 captivus

1943 4058 2213 4111 detentus
2229 4055 3157 4134 fuerat,postmodum,ingruente
3174 4063 3588 4122 miraculorum

1942 4144 2070 4215 ejus
2099 4143 2274 4212 fama,
2304 4144 2479 4200 iidem
2515 4146 2616 4217 qui
2667 4147 2947 4205 adversus
3000 4166 3134 4207 eum
3190 4156 3472 4210 steterant
3528 4155 3589 4211 in

1944 4232 2162 4306 praelio,
2198 4232 2494 4305 supplices
2524 4239 2581 4291 et
2611 4238 3007 4295 venerabundi
3057 4241 3186 4312 ejus
3244 4243 3589 4301 memoriam

1941 4320 2287 4392 excolerent,
2309 4326 2367 4378 et
2396 4323 2583 4397 magis
2610 4342 2675 4380 ac
2718 4326 2908 4398 magis
2939 4344 3077 4401 erga
3099 4323 3362 4387 sanctam
3394 4333 3590 4390 Eccle-

1940 4411 2088 4466 siam
2120 4410 2318 4467 ﬁdeles
2349 4428 2411 4467 se
2449 4418 2816 4484 praestarent,
2850 4417 2923 4473 ad
2952 4416 3187 4476 laudem
3246 4427 3302 4476 et
3331 4420 3581 4495 gloriam

1942 4498 2362 4571 omnipotentis
2394 4501 2513 4570 Dei,
2545 4503 2716 4574 cujus
2756 4522 2968 4563 nomen
3002 4524 3104 4580 per
3133 4517 3347 4566 cuncta
3376 4512 3591 4569 saecula

1944 4588 2028 4643 sic
2058 4588 2452 4645 benedictum.
2490 4593 2691 4647 Amen.
2726 4593 2860 4666 (96).

2015 4676 2104 4734 30.
2137 4677 2266 4733 Haec
2301 4683 2439 4734 sunt
2474 4680 2756 4738 miracula
2796 4700 2923 4755 quae
2954 4684 3109 4743 Deus
3133 4688 3256 4745 ﬁeri
3287 4689 3469 4747 voluit
3490 4707 3594 4764 per

1945 4766 2353 4824 beatissimum
2381 4772 2628 4826 Leonem
2658 4766 2946 4829 famulum
2987 4777 3116 4847 ejus
3148 4776 3208 4831 in
3242 4781 3588 4836 Benevento.

1944 4927 2299 5003 Strozzjano,
2332 4928 2570 5003 etprius
2590 4930 2898 5003 castellum
2921 4934 3136 4989 dicitur
3155 4935 3361 5003 Maron,
3381 4953 3592 4994 secun-

1946 5000 2101 5071 dum
2119 4999 2286 5053 Curre
2304 5014 2325 5071 εΔ
2341 4999 2621 5071 _vide_ntur
2636 5002 2806 5071 juxta
2826 5003 3218 5060 Beneventum
3243 4999 3595 5071 requirenda

1947 5071 2068 5144 haec
2090 5069 2242 5125 loca:
2276 5068 2423 5144 alias
2456 5068 2695 5126 Carrara
2723 5077 2780 5127 et
2809 5074 3142 5144 Modiglzana
3190 5077 3261 5131 ad

1947 5142 2152 5197 ducem
2185 5139 2497 5197 pertinent.

2018 5210 2478 5290 (9Ai)__F_ors.itam
2512 5212 2726 5290 Ortona
2748 5230 2875 5290 qua;
2920 5216 3133 5290 duplex
3163 5221 3283 5290 est:
3309 5217 3492 5290 altera
3520 5216 3595 5273 ad

1948 5298 2103 5338 mare
2132 5281 2286 5355 dicta
2316 5281 2375 5334 in
2409 5282 2650 5355 Aprutio
2679 5281 2969 5355 citeriore;
3003 5281 3186 5342 altera
3215 5288 3273 5343 in
3322 5287 3595 5345 ulteriore

3361 5080 3592 5134 etruriae

172 5358 574 5439 Eeventumnut
593 5370 793 5439 'annua
820 5355 1008 5439 pensio
1035 5354 1130 5439 αρ’
1164 5354 1427 5436 Εσεὶεεία,
1450 5355 1840 5425 Bambergensi
1870 5375 1917 5439 D
1948 5354 2451 5439 dictalllartornm.

179 5424 449 5482 Romana:
476 5424 945 5498 Ecclesiwupendi
981 5425 1167 5498 _:olita
1195 5440 1255 5498 eo
1313 5427 1531 5498 ratione
1584 5424 1839 5498 cornpen-

2020 5425 2133 5495 (92)
2165 5430 2332 5495 Anno
2350 5425 2543 5495 forsan
2572 5424 2703 5480 1061
2740 5426 2931 5483 littera
2964 5428 3305 5485 Dominicali
3326 5429 3394 5495 G,
3428 5435 3485 5485 et
3508 5429 3596 5484 sic

176 5504 421 5553 seretur.
455 5498 543 5571 _I_ta
576 5494 855 5571 Ughell'us
886 5496 946 5552 in
979 5495 1323 5571 Prazfatione
1345 5496 1417 5571 de
1439 5494 1842 5571 Beneve_ntana
1952 5494 2228 5571 ultimum
2260 5494 2396 5571 hoc_
2428 5494 2777 5571 miraculum
2836 5506 2968 5571 post
3021 5499 3152 5567 alia,
3204 5518 3338 5556 mox
3383 5518 3451 5557 ex
3484 5501 3595 5556 Ms.

178 5568 520 5642 metropoli,
554 5566 675 5640 qua
702 5568 772 5624 de
802 5585 865 5625 re
892 5573 950 5624 et
981 5584 1086 5624 nos
1117 5567 1347 5640 egimus
1403 5566 1500 5622 hic
1555 5566 1615 5623 in
1649 5568 1840 5625 Prole-

182 5642 682 5785 gzgléfllezfgrtur
707 5711 882 5769 etiam
905 5711 1016 5769 hoc
1045 5709 1262 5782 duplex
1282 5708 1707 5765 miraculumin
1731 5710 1839 5765 Ms.

1949 5566 2278 5643 Strgaaiano
2309 5566 2705 5643 subjicienda,
2730 5566 3021 5643 patratum
3054 5572 3221 5628 foret.

2022 5637 2431 5709 (96)Hactenus
2460 5654 2529 5694 ex
2549 5639 2657 5695 Ms.
2681 5637 3083 5701 Beneventano
3111 5662 3289 5702 :nunc
3308 5661 3378 5701 ex
3403 5644 3597 5699 Stroz-

1950 5708 2118 5764 ziano
2138 5708 2417 5779 predicto.
