3964 6206
144 453 265 517 541
751 445 1085 513 PROLEG.
1118 478 1197 506 υ-
1226 445 1599 510 HISTORIA
1642 442 1912 508 MORTIE

1983 443 2083 506 E'l‘
2128 438 2394 506 MIRAC.
2441 443 2507 506 s.
2554 442 2836 507 LEONlS
2881 441 2988 507 1x.
3449 424 3569 508 542'

147 586 375 662 crymis
402 584 510 643 illa
539 582 790 652 dicente,
824 585 877 639 et
909 582 1132 639 caeteris
1155 581 1512 655 quiaderant
1532 596 1650 636 una
1672 595 1807 635 cum
1836 582 1893 650 Α
1922 576 2150 652 pliciter
2175 579 2326 651 quod
2362 578 2525 651 prius
2555 576 2878 634 abstulerat
2904 576 2990 633 ei:
3023 579 3080 633 et
3108 593 3314 635 omnes
3335 578 3435 651 qui
3457 577 3569 635 hoc

148 677 281 734 viro
312 675 414 732 illo
443 673 715 748 simplice
746 689 848 746 pro
895 687 963 727 ea
1008 670 1336 741 orantibus,
1377 668 1564 736 affuit,
1614 667 1811 724 divina
1918 668 2188 723 viderunt
2218 672 2274 723 et
2298 667 2621 738 audierunt
2674 667 3099 724 benedixerunt
3150 667 3336 724 Deum
3397 672 3455 725 et
3505 669 3565 726 S.

150 764 473 824 clementia
500 767 558 819 et
586 761 894 818 mulierem
927 759 1092 816 illam
1113 777 1147 816 a
1171 763 1330 833 peste
1349 758 1647 825 liberavit;
1680 774 1811 829 qua)
1924 758 2173 812 Leonem
2210 757 2501 812 famulum
2534 757 2686 828 ejus.

144 855 469 912 sanitatem
482 853 557 909 ad
569 850 811 925 plenum
835 848 1143 921 recipiens,
1168 846 1427 904 deditilli
1448 846 1674 902 homini
1709 844 1813 901 tri-

864 1041 1492 1154 MlltACULA
1567 1037 2236 1152 BENEVENTI
2332 1038 2875 1153 PA'l‘ilATA

149 1254 378 1326 partim
400 1253 581 1309 est.
615 1253 990 1308 Beneventano
1021 1266 1056 1304 a
1083 1247 1425 1304 Ferdinando
1458 1247 1682 1315 Ughelto
1714 1247 2060 1389 inﬁgam:
2090 1246 2484 1299 Beneventanis
2511 1246 2677 1310 edita,
2730 1250 2939 1318 partim
2968 1267 3042 1305 ex
3097 1253 3190 1307 ills.
3250 1254 3576 1312 Strozziano

1201 1488 1934 1593 Pii/EMONITIO
1994 1505 2556 1591 UGHELLI.

128 1688 131 1691 “
234 1689 327 1763 g7.
349 1687 478 1763 Non
495 1683 1647 1763 ριςωιειιθιιᾴαῳμίιαοάμγιζαιάβμιξοορρι⁸)
1672 1682 1818 1737 Prae-

170 1758 324 1824 sule,
364 1759 438 1813 ad
467 1753 675 1813 cEelnm
699 1753 1085 1812 evolavitLeo
1114 1755 1183 1811 IX
1202 1754 1464 1811 Pontifex
1487 1753 1814 1824 Maximus:

173 1829 271 1887 cui
301 1823 440 1901 post
470 1829 714 1895 obitum,
746 1844 875 1901 cum
911 1827 1114 1901 multis
1140 1826 1451 1901 claruisset
1494 1823 1815 1901 miraculis,

170 1896 624 1957 Beneventanus
641 1898 890 1971 populus
922 1899 1293 1971 sanctissimo
1323 1898 1467 1971 viro,
1500 1901 1559 1951 et
1586 1896 1669 1971 de
1690 1897 1818 1971 ejus

169 1971 409 2029 civitate
429 1972 540 2042 (9‘2)
570 1966 958 2042 bene—merito,
982 1972 1111 2037 ejus
1133 1968 1545 2042 nomineintra
1566 1966 1820 2022 civitatis

172 2043 392 2099 mmnia
420 2039 725 2097 ecclesiam
763 2041 1145 2107 editicarunt,
1176 2046 1232 2095 et
1260 2039 1525 2111 quolibet
1544 2054 1696 2093 anno
1730 2054 1821 2111 so-

174 2114 356 2171 lemni
377 2113 495 2169 ritu
526 2129 595 2168 ac
634 2113 786 2167 fastu
818 2128 944 2167 eum
979 2111 1227 2166 incolere
1259 2110 1584 2182 coeperunt:
1648 2110 1817 2180 cujus

173 2190 231 2242 et
258 2202 439 2264 causa
467 2181 1291 2264 ejusdem_miracula_aliqnot
1310 2181 1383 2264 in
1420 2183 1819 2264 Beneventani;

171 2257 408 2330 regione
436 2252 666 2312 meritis
694 2254 856 2310 illius
886 2259 1112 2326 patrata
1150 2252 1359 2309 litteris
1381 2252 1709 2325 consignari
1735 2252 1817 2306 fe-

1142 2436 1681 2531 llISTORIA
1739 2436 2632 2527 MIRACULORUM.

247 2640 338 2693 28.
364 2638 559 2710 Longe
576 2636 873 2710 divulgata
895 2635 1050 2691 fama
1067 2635 1480 2690 miraculorum
1500 2633 1822 2690 beatissimi
1854 2637 1901 2701 Β
1936 2633 2068 2689 tulit
2101 2632 2286 2689 lilium
2317 2633 2442 2705 ejus
2473 2634 2883 2707 puerulum,et
2914 2638 3113 2712 fugam
3132 2641 3398 2716 arripuit.
3421 2646 3584 2710 Quod

180 2727 412 2794 Leonis,
446 2726 753 2783 Beneventi
788 2730 973 2798 empta
1003 2729 1093 2780 est
1123 2724 1394 2780 aedificari
1431 2723 1501 2779 ad
1537 2724 1665 2795 ejus
1724 2723 1827 2778 ho-
1940 2721 2171 2795 alonge
2201 2738 2445 2778 cernens
2477 2728 2659 2795 pater,
2693 2742 2924 2783 currere
2956 2734 3089 2800 post
3116 2729 3324 2803 lupum
3393 2734 3589 2807 ccepit,

182 2833 384 2873 norem
417 2814 695 2871 ecclesia:
729 2817 813 2882 ut,
848 2831 1022 2887 quem
1040 2813 1423 2869 Beneventani
1454 2813 1607 2868 cives
1633 2812 1828 2868 vivum
1940 2810 2061 2866 haec
2091 2810 2435 2867 clamitans:
2469 2811 2513 2867 Ο
2545 2813 2756 2869 Sancte
2788 2814 2923 2881 Leo,
2955 2816 3205 2876 Patrone
3238 2820 3340 2889 mi,
3376 2823 3593 2895 adjuvu

1928 1686 2153 1763 gerunt.
2186 1682 2488 1763 Quacum
2521 1683 2602 1763 in
2638 1684 3055 1763 antiquissimo
3112 1690 3311 1763 oo_dice
3365 1690 3577 1750 litteris

1930 1752 2383 1824 Longobardieis
2414 1760 2649 1810 exarata
2677 1754 2735 1810 in
2769 1752 3123 1813 bibliotheca
3172 1760 3577 1821 Beneventana

1928 1823 2248 1908 invenisset
2280 1829 2477 1907 noster
2506 1825 2873 1908 gmlestinus,
2931 1829 3179 1908 fideliter
3208 1835 3575 1908 conscripsit,

1932 1894 2197 1975 mihique
2229 1895 2558 1975 transmisit
2583 1914 2609 1975 :_
2629 1902 2692 1975 ut
2723 1898 2791 1951 ad
2818 1900 3147 1975 augendam
3175 1894 3456 1975 pietatem
3474 1894 3584 1963 hoc

1932 1966 1992 2020 in
2024 1964 2148 2021 loco
2178 1965 2493 2020 lectoribus
2524 1964 2953 2024 exhiberemus.
2987 1972 3152 2035 Quod
3176 1964 3449 2032 'libenter
3499 1980 3587 2033 fe-

1932 2037 2286 2116 cimus.,_cnm
2318 2038 2378 2091 in
2410 2037 2483 2116 iis
2513 2037 2711 2116 aliqua
2741 2040 3311 2116 contineantunquie
3333 2047 3406 2102 ab
3426 2047 3581 2115 aliis,

1931 2108 2038 2181 qui
2070 2107 2263 2181 Vitam
2294 2107 2654 2181 sanctissimi
2687 2111 2988 2167 Pontificis
3020 2107 3233 2172 litteris
3263 2107 3585 2175 demenda;

1934 2179 2073 2257 runt
2104 2179 2326 2257 omissa
2358 2179 2594 2235 fuerint.
2629 2186 2846 2237 Auctor
2875 2198 3203 2257 anonymus
3234 2192 3325 2243 est
3353 2192 3410 2245 et
3441 2190 3582 2247 Leo-

1933 2251 2026 2306 nis
2050 2250 2441 2322 syncbronus.

182 2904 601 2962 aNormannis
633 2919 861 2959 carcere
918 2903 1220 2957 detentum
1280 2904 1649 2973 aspexerant,
1701 2901 1829 2972 jam

189 2998 491 3051 mortuum
524 2997 580 3049 et
611 2991 818 3065 spatiis
848 2991 1175 3047 coelestibus
1206 2991 1601 3062 perfruentem
1660 3007 1828 3045 vene-

182 3086 475 3140 rarentur.
509 3082 736 3137 Interea
758 3079 1089 3152 aceidit(93)
1124 3083 1188 3134 ut
1207 3078 1479 3135 Nicolaus
1501 3078 1738 3152 quidam
1762 3079 1832 3134 de

182 3171 436 3229 Castello
468 3169 807 3227 Mollioiana
831 3174 886 3225 et
941 3168 1231 3224 Berardus
1262 3168 1333 3223 de
1389 3168 1513 3224 loco
1565 3170 1828 3235 Carrara,

185 3276 443 3334 quorum
492 3259 641 3315 alter
698 3258 920 3331 perdito
962 3257 1199 3313 brachio
1259 3257 1515 3323 dextero,
1564 3256 1832 3312 retractis

184 3349 510 3423 poplitibus
531 3351 589 3404 et
618 3348 849 3415 nervis;
903 3345 1051 3402 alter
1087 3363 1218 3402 vero
1272 3346 1457 3419 frigus
1516 3350 1572 3401 et
1624 3346 1832 3401 febrim

186 3455 377 3512 usque
408 3438 478 3493 ad
509 3436 899 3511 dysenteriam
930 3451 1171 3508 passus;
1205 3451 1338 3490 cum
1370 3438 1615 3507 uterque
1646 3451 1707 3490 se
1734 3434 1834 3489 de-

190 3527 341 3583 ferre
375 3526 650 3582 fecissent
673 3526 744 3580 ad
776 3525 1114 3598 pradictam
1147 3523 1475 3591 ecclesiam,
1511 3540 1636 3595 qua:
1698 3541 1834 3579 con-

187 3615 536 3673 struebatur
573 3613 901 3682 Beneventi,
922 3613 1074 3669 illico
1102 3613 1365 3669 omnium
1380 3612 1603 3684 judicio
1629 3613 1836 3684 despe-

186 3707 385 3761 ratam
418 3706 831 3774 recuperarunt
852 3702 1185 3758 sanitatem.

264 3792 358 3846 29.
388 3789 911 3863 Rusticusquidam
926 3807 995 3846 ex
1011 3789 1538 3864 oppidoOrdonum
1566 3789 1839 3861 (9.i),cum

192 3878 722 3938 annualitervotive
735 3880 946 3936 festum
962 3883 1024 3935 Β.
1054 3879 1256 3935 Leonis
1272 3878 1576 3945 excoleret,
1600 3876 1843 3949 contigit

194 3975 262 4026 ut
292 3985 415 4042 pra
444 3968 625 4024 nimia
654 3968 1031 4041 oppressione
1056 3966 1324 4023 laborum
1382 3983 1529 4039 quos
1585 3966 1643 4020 in
1702 3983 1840 4040 agro

191 4059 457 4134 gerebat,
492 4058 584 4113 die
612 4057 933 4125 Dominica,
968 4056 1202 4129 quando
1233 4056 1379 4111 festa
1412 4054 1842 4111 annuntiantur

196 4146 439 4221 populo,
473 4145 717 4202 minime
746 4145 1051 4202 ecclesiam
1084 4145 1324 4200 adierat.
1348 4145 1484 4199 Erat
1504 4150 1698 4200 autem
1718 4144 1843 4200 dies

198 4236 385 4293 festus
408 4236 472 4292 S.
514 4236 722 4292 Leonis
753 4236 809 4290 in
829 4234 1036 4307 quinta
1066 4232 1208 4290 feria
1236 4233 1498 4305 sequenti
1523 4233 1655 4305 (95),
1688 4234 1843 4306 quod

196 4323 476 4397 praedicto
506 4323 724 4380 rustico
755 4328 879 4379 erat
908 4322 1291 4396 incognitum.
1324 4321 1425 4377 Ille
1454 4322 1652 4394 itaque
1675 4322 1843 4378 valde

198 4429 374 4469 mane
405 4428 675 4485 surgens,
710 4411 965 4484 sumpsit
1004 4427 1203 4466 secum
1262 4426 1447 4465 unum
1507 4409 1840 4483 puerulum,

197 4517 377 4575 quem
396 4500 588 4556 filium
622 4500 861 4556 unicum
884 4499 1155 4567 habebat,
1190 4503 1245 4555 et
1273 4514 1537 4554 securem
1570 4503 1847 4554 rastrum-

199 4606 316 4662 que
346 4589 687 4646 fossorinm.
719 4589 850 4645 Mox
878 4592 944 4644 ut
973 4587 1256 4660 applicuit
1284 4604 1396 4643 suo
1427 4604 1588 4661 agro,
1623 4587 1847 4644 dimisit

196 4678 544 4752 praedictum
576 4678 894 4751 puerulum
927 4694 1102 4733 suum
1125 4678 1195 4733 ad
1229 4677 1556 4733 sarcinam:
1592 4675 1686 4732 ille
1708 4694 1841 4734 vero

198 4766 400 4824 fodere
430 4766 602 4823 anxie
631 4767 823 4839 coepit.
857 4767 937 4822 Ex
967 4765 1081 4822 alia
1118 4772 1282 4839 parte
1309 4764 1487 4838 lupus
1519 4781 1616 4821 ore
1645 4770 1845 4838 aperto

260 4926 906 5054 £91&:a$minitio
926 4925 1069 4982 Julii
1089 4941 1243 4982 anno
1266 4926 1406 4981 1053
1425 4926 1482 4980 in
1505 4926 1848 5052 episcopum

308 5040 322 5053 .
625 5015 737 5054 ana
766 5001 1142 5054 consecratur
1170 4998 1325 5054 apud
1357 4997 1538 5054 Uahel
1566 5015 1665 5053 um
1692 5042 1705 5054 .
1747 5016 1848 5054 aut

193 5016 230 5055 a
254 4997 335 5071 AS.
359 4998 549 5071 Leone
581 4999 737 5071 Papa
766 5001 1142 5071 consecratur
1170 4998 1325 5071 apud
1357 4997 1665 5070 Ughellum
1692 4997 1724 5066 ς’
1747 5000 1848 5071 qui

192 5069 369 5143 addit
400 5068 690 5143 illustrem
718 5068 942 5143 bullam
974 5073 1119 5143 tunc
1142 5068 1193 5123 ei
1223 5068 1560 5125 concessam
1592 5086 1696 5143 pro
1718 5068 1851 5126 con-

192 5140 536 5212 ﬁrmatione
567 5141 956 5197 Ecclesiarum
989 5141 1410 5212 subjectarum.
1482 5191 1494 5204 ,

267 5212 385 5284 (92)
417 5211 557 5268 Sunt
584 5215 681 5284 qui
707 5213 950 5268 scribant
977 5211 1112 5284 cum’
1135 5212 1374 5267 Barom'o
1403 5213 1470 5267 ab
1529 5213 1757 5268 Henrico
1805 5215 1857 5268 II

192 5284 532 5354 Imperalare
553 5283 812 5354 Ponti/ﬁci
843 5283 1105 5340 LeonilX
1149 5284 1388 5338 Romano
1443 5284 1689 5338 oblatum
1745 5286 1849 5339 Be-

192 5363 498 5411 neventum
530 5360 589 5410 ut
616 5371 807 5410 annua
834 5357 1023 5425 pensio
1049 5356 1123 5409 ab
1178 5355 1417 5409 Ecclesia
1463 5356 1853 5425 Bambergensi

196 5426 466 5483 Romanae
494 5427 754 5483 Ecclesiae
793 5425 960 5497 pendi
996 5426 1181 5497 solita
1209 5441 1269 5497 eo
1327 5427 1545 5497 ratione
1598 5442 1852 5497 compen-

192 5505 440 5554 sarelur.
476 5499 560 5569 Ita
591 5496 871 5569 Ugbell’us
901 5497 961 5553 in
994 5496 1337 5569 Praefatione
1359 5497 1431 5569 de
1453 5496 1856 5569 Beneventana

194 5566 688 5695 metropolggqua
716 5569 787 5624 de
818 5584 881 5624 re
909 5573 967 5623 et
997 5584 1101 5624 nos
1132 5566 1361 5640 egimus
1417 5568 1514 5623 hic
1569 5567 1628 5622 in
1662 5568 1853 5624 Prole-

196 5655 365 5695 Rom.
396 5658 457 5695 n.
568 5681 580 5693 .
690 5686 696 5693 .

243 5656 365 5697 om.
396 5658 457 5695 n.
487 5656 580 5695 κδ.
690 5686 696 5693 .

195 5655 696 5783 80(glé)nBtfi‘:rtur
722 5710 900 5768 etiam
924 5710 1033 5767 hoc
1063 5709 1277 5781 duplex
1296 5708 1720 5765 miraculumin
1745 5709 1851 5764 Ms.

1948 2916 2042 2955 me
2073 2916 2231 2955 nunc
2262 2899 2320 2955 in
2353 2900 2645 2973 praesenti,
2673 2906 2730 2958 et
2761 2905 2937 2961 redde
2968 2906 3113 2962 mihi
3138 2909 3378 2966 unicum
3404 2910 3591 2969 tilium

1941 3005 2160 3044 meum.
2196 2990 2329 3054 Qua:
2361 2988 2452 3043 vix
2482 2989 2713 3047 locutus
2764 2993 2975 3062 fuerat,
3037 3012 3171 3052 cum
3231 3016 3363 3056 ecce
3413 3000 3593 3075 lupus

1942 3077 2167 3133 dimisit
2191 3094 2435 3150 puerum
2469 3077 2551 3134 ita
2581 3078 2855 3152 illaesum,
2891 3087 2956 3139 ut
2982 3083 3041 3140 in
3072 3086 3436 3145 vestimentis
3488 3108 3595 3148 nec

1942 3166 2256 3239 vestigium
2290 3167 2528 3240 quidem
2561 3176 2869 3241 appareret
2899 3173 3164 3230 dentium
3208 3176 3355 3250 lupi,
3415 3178 3475 3234 in
3526 3195 3598 3236 ea

1948 3258 2113 3327 parte
2146 3271 2263 3328 qua
2294 3272 2427 3312 eum
2462 3256 2637 3324 lupus
2667 3259 3014 3333 arripuerat.
3050 3263 3336 3322 Reversus
3397 3267 3596 3339 itaque

1947 3342 2203 3399 rusticus
2225 3344 2295 3399 ad
2316 3345 2748 3417 oppidum,ha':c
2770 3349 2969 3405 omnia
2990 3354 3284 3410 narravit:
3310 3350 3594 3412 sentiens-

1947 3448 2060 3504 que
2090 3449 2218 3488 eam
2250 3433 2439 3506 ipsam
2462 3433 2619 3490 diem
2650 3452 2779 3492 esse
2810 3439 3268 3499 anniversariam
3290 3443 3348 3499 in
3371 3460 3595 3501 memo-

1949 3521 2096 3577 riam
2124 3521 2187 3576 Β.
2219 3522 2447 3590 Leonis,
2482 3540 2626 3579 novo
2658 3540 2720 3580 se
2777 3526 3089 3583 adstrinxit
3149 3536 3281 3585 voto
3337 3533 3411 3586 ad
3466 3549 3596 3588 eam

1950 3611 2266 3683 quotannis
2298 3611 2639 3667 solemniter
2666 3613 3353 3689 custodiendamxficque
3374 3619 3593 3676 nedum

1950 3699 2281 3764 Beneventi,
2315 3699 2416 3754 sed
2453 3715 2553 3771 per
2581 3705 2764 3756 totam
2794 3701 3014 3774 Apuliae
3047 3721 3236 3773 oram,
3286 3704 3594 3762 celeberri-

1951 3804 2115 3843 mum
2148 3787 2332 3843 evasit
2354 3787 2561 3843 Leonis
2593 3805 2837 3844 nomen:
2872 3790 2988 3846 Deo
3016 3792 3101 3847 sic
3131 3792 3477 3865 disponente
3536 3801 3600 3852 ut

1952 3877 2003 3933 is
2024 3875 2084 3931 in
2117 3875 2335 3932 eisdem
2368 3874 2512 3931 locis
2571 3876 2631 3931 in
2682 3878 2898 3949 quibus
2954 3880 3157 3952 paucis
3210 3886 3346 3937 ante
3403 3883 3598 3952 annis,

1954 3965 2257 4039 proﬂigato
2287 3965 2415 4036 ejus
2445 3969 2503 4021 et
2524 3965 2788 4022 Ecclesia
2845 3967 3119 4035 exercitu,
3161 3971 3285 4043 ipse
3332 3972 3598 4043 captivus

1954 4056 2224 4111 detentus
2240 4054 3168 4130 fuerat,postmodum,ingruente
3184 4059 3599 4118 miraculorum

1952 4144 2081 4215 ejus
2108 4142 2285 4211 fama,
2314 4142 2490 4198 iidem
2526 4144 2625 4215 qui
2678 4145 2958 4202 adversus
3010 4163 3145 4202 eum
3200 4152 3482 4205 steterant
3538 4150 3600 4207 in

1955 4231 2173 4305 praelia,
2210 4230 2505 4304 supplices
2535 4237 2592 4288 et
2621 4235 3017 4292 venerabundi
3067 4236 3197 4308 ejus
3255 4238 3600 4295 memoriam

1953 4320 2299 4391 excolerent,
2320 4325 2377 4376 et
2408 4321 2594 4394 magis
2621 4340 2686 4378 ac
2729 4324 2919 4395 magis
2950 4340 3087 4397 ergo.
3110 4319 3373 4383 sanctam
3405 4327 3602 4385 Eccle-

1952 4409 2100 4465 siam
2132 4409 2329 4465 fideles
2360 4426 2422 4465 se
2461 4415 2827 4482 praestarent,
2861 4413 2934 4469 ad
2964 4413 3198 4472 laudem
3257 4422 3313 4472 et
3343 4416 3593 4490 gloriam

1954 4496 2374 4570 omnipotentis
2406 4499 2525 4567 Dei,
2556 4501 2727 4571 cujus
2768 4518 2980 4558 nomen
3013 4519 3115 4576 per
3144 4512 3358 4562 cuncta
3387 4506 3603 4563 secula

1956 4588 2040 4643 sic
2070 4586 2465 4643 benedictum.
2502 4590 2704 4645 Amen.
2738 4590 2871 4664 (96).

2027 4675 2117 4732 30.
2150 4676 2279 4731 Haec
2313 4680 2451 4732 sunt
2486 4677 2768 4735 miracula
2808 4697 2935 4752 qua:
2967 4680 3121 4739 Deus
3145 4683 3267 4740 fieri
3299 4684 3481 4741 voluit
3502 4701 3607 4757 per

1956 4765 2366 4823 beatissimum
2393 4770 2640 4824 Leonem
2671 4762 2958 4825 famulum
2999 4772 3128 4842 ejus
3160 4771 3220 4827 in
3254 4777 3599 4829 Benevento.

1956 4926 2312 4994 Strozziano,
2345 4925 2582 4997 etprius
2603 4927 2911 4983 castellum
2934 4929 3148 4985 dicitur
3168 4931 3373 4997 Marce,
3393 4947 3603 4986 secun-

1959 4999 2102 5054 dum
2132 4997 2299 5052 ϐαῖνε
2318 5012 2338 5068 :A
2355 4996 2634 5068 _videntur
2648 4998 2818 5068 juxta
2838 4999 3230 5055 Beneventum
3256 4996 3606 5068 requirenda

1960 5070 2081 5125 haec
2103 5068 2255 5124 loca:
2290 5066 2436 5139 alias
2469 5066 2708 5122 Cari-ara
2736 5072 2793 5123 et
2822 5070 3154 5139 Modiglzana
3202 5072 3273 5126 ad

1960 5142 2165 5196 ducem
2199 5138 2510 5196 pertinent.

2031 5208 2492 5283 (95)7_Fors_itam
2525 5208 2738 5283 Ortana
2760 5225 2887 5283 quae
2932 5210 3146 5283 duplex
3176 5215 3296 5283 est:
3322 5211 3504 5283 altera
3532 5215 3606 5270 ad

1961 5279 2300 5338 mare'dicta
2329 5280 2388 5335 in
2422 5279 2663 5354 Aprutio
2692 5279 2982 5349 citeriore;
3016 5279 3199 5338 altera
3228 5282 3287 5337 in
3334 5281 3605 5341 ulteriore

3374 5073 3603 5129 etruria:

1883 5375 1930 5439 D
1961 5354 2465 5439 ἀίίξξεριςινλνονψη·

2033 5424 2147 5495 (92)
2179 5425 2558 5495 Annotorsan
2586 5423 2717 5495 1061
2753 5423 2945 5480 littera
2976 5423 3319 5481 Dominicali
3340 5424 3408 5491 G,
3441 5430 3497 5481 et
3521 5426 3606 5483 sic

1966 5494 2241 5568 ultimum
2274 5494 2408 5568 hoc!
2443 5494 2790 5568 miraculum
2849 5501 2981 5568 post
3034 5495 3165 5562 alia,
3217 5513 3352 5551 mox
3396 5514 3464 5553 ex
3497 5497 3605 5554 Ms.

1962 5565 2292 5639 Strozziano
2322 5566 2709 5639 subjicienda,
2743 5565 3035 5639 patratum
3068 5569 3234 5625 foret.

2036 5635 2446 5708 (96)Hactenus
2475 5653 2544 5693 ex
2564 5637 2672 5693 Ms.
2696 5635 3097 5698 Beneventano
3125 5656 3302 5696 :nunc
3322 5656 3390 5696 ex
3416 5640 3607 5698 Stroz-

1964 5706 2135 5763 ziano
2152 5706 2432 5779 predieto.
