3964 6206
144 451 265 516 841
752 443 1086 511 PROLEG.
1119 478 1198 505 ιι-
1228 444 1601 509 HISTORIA
1643 442 1939 507 MOBTIS
1983 443 2083 507 E'l‘
2127 438 2395 507 MIRAC.
2442 443 2508 506 S.
2555 443 2835 508 LEONIS
2881 442 2988 507 IX.

3449 443 3569 509 542

148 584 374 661 crymis
402 582 511 642 illa
539 580 791 650 dicente,
824 585 877 637 et
909 580 1132 637 caeteris
1155 580 1512 653 quiaderant
1533 596 1651 636 una
1672 595 1807 635 cum
1836 582 1893 650 Α
1921 576 2150 651 pliciter
2176 579 2326 652 quod
2361 566 2531 651 prius
2556 577 2879 636 abstulerat
2904 577 2990 635 ei:
3023 581 3080 635 et
3109 594 3314 636 omnes
3334 579 3434 652 qui
3457 578 3568 636 hoc

148 676 281 732 viro
310 674 414 731 illo
443 671 716 747 simplice
746 688 849 745 pro
895 686 963 726 ea
1008 669 1336 740 orantibus,
1378 667 1565 736 atl'uit,
1615 666 1812 723 divina
1918 668 2188 724 viderunt
2218 672 2274 723 et
2298 667 2621 738 audierunt
2674 668 3099 725 benedixerunt
3150 669 3336 725 Deum
3396 673 3454 725 et
3504 670 3563 727 S.

151 763 473 823 clementia
500 765 558 818 et
586 760 894 817 mulierem
927 758 1147 815 illama
1171 758 1647 832 pesteliberavit;
1680 773 1812 828 qua:
1924 758 2174 813 Leoncm
2211 756 2501 813 famulum
2534 758 2685 829 ejus.

146 853 469 911 sanitatem
482 852 557 908 ad
569 849 811 924 plenum
835 847 1143 921 recipiens,
1168 846 1427 903 deditilli
1448 845 1675 902 homini
1708 844 1813 900 tri-

862 1040 1492 1154 MIRACULA
1567 1037 2235 1152 BENEVENTI
2333 1038 2875 1154 PA’l‘itATA

148 1252 377 1325 partim
400 1266 471 1308 ex
489 1251 581 1307 Ms.
615 1252 990 1306 Beneventano
1021 1266 1056 1304 a
1082 1247 1425 1303 Ferdinando
1459 1247 1682 1315 Ughclto
1713 1248 1774 1301 in
1798 1247 2060 1371 episczzpis
2091 1246 2484 1300 Beneventanis
2511 1246 2677 1311 edita,
2730 1252 2939 1319 partim
2968 1269 3041 1306 ex
3096 1254 3189 1309 Ms.
3249 1256 3575 1313 Strosziano

1760 1332 1919 1371 accep
1985 1357 1998 1370 .

1760 1332 1998 1389 accepta.

1200 1505 1934 1592 PlUEMONITIO
1994 1505 2556 1591 UGHELLI.

122 1686 131 1693 ε’
234 1688 328 1763 g7.
350 1686 477 1763 Non
494 1682 1647 1763 ρςωῑειιθῑιᾴααᾳ-ευοάιῇαιάβρξοολῡι⁵)
1670 1682 1817 1736 Prae-

168 1756 323 1823 sule,
365 1757 437 1812 ad
466 1753 674 1811 cEelum
698 1753 946 1811 evolavit
963 1753 1085 1810 Leo
1114 1754 1182 1810 IX
1202 1754 1464 1810 Pontifex
1486 1753 1777 1808 Maximus
1800 1772 1813 1808 :

172 1828 271 1885 cui
302 1832 440 1899 post
469 1827 713 1895 obitum,
745 1843 874 1899 cum
911 1826 1113 1881 multis
1139 1825 1451 1899 claruisset
1493 1823 1815 1899 miraculis,

168 1896 622 1956 Beneventanus
639 1897 889 1969 populus
921 1898 1292 1952 sanctissimo
1322 1897 1466 1969 viro,
1499 1900 1558 1951 et
1586 1896 1668 1969 de
1689 1896 1817 1969 ejus

167 1970 408 2027 civitate
428 1970 539 2040 (92)
569 1966 956 2040 bene—merito,
981 1970 1110 2035 eius
1132 1968 1545 2040 nomineintra
1565 1966 1820 2021 civitatis

170 2041 391 2097 mmnia
418 2038 723 2096 ecclesiam
762 2039 1145 2106 aediﬁcarunt,
1175 2045 1230 2094 et
1259 2038 1524 2110 quolibet
1544 2054 1695 2092 anno
1730 2054 1820 2093 so-

173 2112 355 2170 lemni
376 2112 493 2168 ritu
525 2128 593 2167 ac
634 2112 786 2166 fastu
818 2127 943 2166 eum
976 2110 1227 2165 incolere
1258 2114 1583 2181 cmperunt:
1647 2110 1816 2179 cujus

171 2189 230 2240 et
257 2200 438 2263 causa
466 2181 1291 2263 ejusdemIniraeula‘aliqnot
1309 2182 1382 2263 _in
1419 2182 1818 2263 Beneventapa

169 2256 406 2329 regione
434 2251 664 2310 meritis
694 2252 854 2308 illius
885 2258 1111 2325 patrata
1150 2251 1357 2308 litteris
1379 2251 1708 2324 consignari
1733 2251 1816 2306 fe-

1928 1686 2152 1757 cerunt.
2186 1682 2487 1757 Quacum
2520 1684 2578 1737 in
2637 1685 3053 1757 antiquissimo
3110 1691 3309 1747 codice
3364 1691 3575 1750 litteris

1929 1752 2383 1824 Longobardicis
2412 1760 2648 1810 exarata
2676 1754 2735 1810 in
2768 1752 3122 1814 bibliotheca
3171 1762 3575 1821 Beneventana

1926 1823 2248 1910 invenisset
2279 1829 2476 1907 noster
2505 1825 2872 1910 goelestinus,
2929 1829 3178 1910 ﬁdeliter
3206 1835 3574 1910 conscripsit,

1932 1894 2197 1976 mibique
2227 1895 2557 1976 transmisit
2583 1914 2607 1976 ε.
2627 1902 2691 1976 ut
2722 1899 2791 1951 ad
2817 1901 3147 1976 augendam
3174 1894 3455 1976 pietatem
3473 1894 3583 1964 hoc

1932 1965 1991 2020 in
2023 1964 2147 2020 loco
2176 1965 2492 2020 lectoribus
2523 1964 2951 2025 exhiberemus.
2987 1973 3151 2035 Quod
3174 1964 3448 2033 'libenter
3498 1980 3586 2034 fe-

1931 2037 2286 2118 cimus.,_cum
2317 2038 2377 2091 in
2410 2038 2483 2118 iis
2512 2037 2719 2118 aliqua
2740 2041 3310 2118 contineantunqua:
3333 2048 3404 2103 ab
3425 2048 3580 2117 aliis,

1930 2107 2037 2181 qui
2069 2108 2263 2181 Vitam
2293 2107 2653 2181 sanctissimi
2686 2112 2987 2168 Pontiﬁcis
3020 2107 3232 2173 litteris
3263 2107 3585 2176 demenda:-

1933 2179 2072 2258 runt
2102 2179 2325 2258 omissa
2357 2179 2593 2235 fuerint.
2628 2186 2845 2238 Auctor
2874 2200 3203 2258 anonymus
3233 2194 3324 2245 est
3352 2193 3410 2246 et
3441 2191 3582 2248 Leo-

1933 2250 2025 2306 nis
2050 2250 2439 2322 synchronus.

1139 2436 1680 2531 HISTORIA
1738 2437 2631 2528 MIRACULORUM.

246 2638 336 2692 28.
362 2636 558 2709 Longe
574 2634 871 2708 divulgata
894 2634 1048 2690 fama
1065 2634 1479 2689 miraculorum
1498 2632 1821 2690 beatissimi
1853 2637 1900 2701 Β
1934 2632 2067 2689 tulit
2099 2633 2285 2689 filium
2317 2634 2441 2705 ejus
2472 2635 2881 2708 puerulum,et
2912 2639 3113 2713 fugam
3131 2642 3397 2717 arripuit.
3420 2648 3584 2712 Quod

178 2726 410 2794 Leonis,
444 2725 752 2781 Beneventi
786 2728 972 2797 ccepta
1001 2727 1091 2779 est
1121 2723 1393 2779 aedificari
1429 2722 1500 2778 ad
1535 2724 1664 2794 ejus
1722 2722 1825 2778 ho-
1938 2721 2169 2795 alonge
2200 2739 2443 2779 cernens
2475 2728 2658 2796 pater,
2691 2743 2923 2784 currere
2955 2735 3087 2801 post
3115 2731 3324 2805 lupum
3393 2737 3588 2809 erepit,

180 2831 383 2871 norem
416 2813 693 2870 ecclesia:
727 2816 811 2880 ut,
846 2829 1021 2885 quem
1039 2812 1421 2868 Beneventani
1453 2811 1606 2867 cives
1631 2812 1827 2867 vivum

180 2903 599 2961 aNormannis
631 2917 860 2958 carcere
916 2902 1219 2957 detentum
1279 2904 1647 2973 aspexerant,
1700 2901 1827 2972 jam

185 2996 489 3049 mortuum
522 2996 578 3048 et
609 2990 816 3063 spatiis
846 2990 1173 3046 coelestibus
1204 2990 1599 3060 perfruentem
1658 3006 1827 3045 vene-

179 3085 472 3139 rarentur.
506 3080 734 3136 Interea
756 3078 1087 3151 aceidit(93)
1122 3082 1186 3133 ut
1204 3078 1478 3134 Nieolaus
1499 3078 1737 3151 quidam
1760 3079 1830 3133 de

181 3170 433 3227 Castello
466 3168 805 3226 Molliniana
828 3172 884 3224 et
939 3168 1230 3223 Berardus
1260 3168 1331 3223 de
1388 3166 1510 3223 loco
1564 3169 1826 3234 Carrara,

182 3275 439 3333 quorum
490 3258 638 3314 alter
696 3257 918 3329 perdito
960 3256 1197 3312 brachio
1256 3256 1513 3322 dextero,
1562 3255 1831 3311 retractis

183 3348 507 3422 poplitibus
529 3350 587 3403 et
616 3346 846 3414 nervis;
901 3344 1049 3401 alter
1085 3362 1216 3401 vero
1270 3345 1455 3419 frigus
1514 3348 1570 3401 et
1621 3345 1830 3401 febrim

184 3453 374 3510 usque
405 3437 475 3492 ad
507 3435 896 3510 dysenteriam
928 3451 1169 3507 passus;
1203 3451 1337 3490 cum
1369 3437 1613 3507 uterque
1645 3451 1706 3490 se
1732 3434 1832 3489 de-

187 3526 339 3582 ferre
374 3525 647 3581 fecissent
671 3524 742 3579 ad
773 3523 1112 3596 praedictam
1145 3522 1474 3590 ecclesiam,
1509 3540 1634 3595 qua:
1696 3540 1832 3579 con-

185 3613 534 3671 struebatur
572 3613 898 3680 Beneventi,
920 3611 1073 3667 illico
1100 3612 1364 3668 omnium
1377 3611 1601 3683 judicio
1627 3612 1834 3683 despe-

183 3705 382 3759 ratam
415 3705 829 3773 recuperarunt
850 3700 1182 3757 sanitatem.

261 3791 355 3845 29.
385 3789 909 3862 Rusticusquidam
923 3806 991 3845 ex
1008 3788 1223 3862 oppido
1236 3789 1536 3844 Ordonum
1564 3788 1837 3861 (9-i),cum

189 3877 720 3937 annualitervotive
731 3880 943 3935 festum
959 3882 1022 3934 Β.
1051 3878 1254 3934 Leonis
1269 3876 1573 3944 excoleret,
1597 3876 1841 3949 contigit

190 3972 259 4024 ut
288 3984 410 4041 prae
440 3966 622 4023 nimia
651 3967 1028 4040 oppressione
1054 3965 1321 4022 laborum
1380 3982 1527 4038 quos
1582 3965 1640 4019 in
1700 3982 1837 4040 agro

190 4058 453 4131 gerebat,
489 4056 581 4112 die
609 4056 930 4124 Dominica,
965 4055 1200 4129 quando
1229 4055 1376 4111 festa
1410 4054 1840 4111 annuntiantur

195 4145 436 4220 populo,
470 4144 714 4201 minime
744 4144 1048 4201 ecclesiam
1080 4144 1321 4200 adierat.
1346 4144 1481 4199 Erat
1501 4150 1696 4199 autem
1715 4144 1840 4200 dies

196 4235 382 4292 festus
405 4235 470 4291 S.
511 4235 719 4290 Leonis
749 4235 806 4289 in
826 4234 1033 4307 quinta
1063 4231 1205 4289 feria
1233 4232 1496 4305 sequenti
1520 4233 1651 4306 (95),
1686 4234 1840 4306 quod

193 4322 473 4396 praedicto
503 4322 722 4379 rustico
752 4327 877 4379 erat
904 4321 1288 4395 incognitum.
1322 4320 1422 4377 Ille
1452 4321 1649 4395 itaque
1673 4322 1840 4378 valde

194 4427 370 4468 mane
401 4426 672 4484 surgens,
708 4410 962 4482 sumpsit
1001 4426 1200 4466 secum
1259 4426 1444 4465 unum
1503 4409 1837 4483 puerulum,

193 4516 373 4574 quem
394 4499 585 4555 ﬁlium
619 4498 859 4554 unicum
880 4498 1152 4567 habebat,
1186 4503 1243 4554 et
1270 4514 1534 4554 securem
1567 4503 1844 4554 rastrum-

196 4604 312 4661 que
342 4588 685 4644 fossorium.
716 4588 846 4644 Mox
876 4592 940 4643 ut
970 4587 1253 4660 applicuit
1280 4604 1393 4642 suo
1424 4604 1585 4661 agro,
1620 4587 1843 4644 dimisit

192 4677 542 4750 praedictum
573 4678 891 4750 puerulum
924 4693 1098 4733 suum
1121 4677 1192 4732 ad
1226 4676 1552 4732 sarcinam:
1586 4675 1683 4731 ille
1705 4694 1838 4733 vero

194 4765 398 4822 fodere
428 4765 599 4822 anxie
628 4766 821 4838 coepit.
854 4766 934 4821 Ex
963 4764 1078 4822 alia
1116 4771 1278 4838 parte
1306 4764 1483 4837 lupus
1516 4781 1613 4821 ore
1642 4770 1842 4838 aperto

257 4925 903 5052 ém‘ﬂ’atdericusinitio
922 4924 1065 4981 Julii
1086 4941 1239 4981 anno
1264 4926 1403 4981 1053
1421 4925 1478 4980 in
1502 4925 1844 5051 episcOpum

305 5038 319 5052 .
354 4997 546 5052 Leone
577 4997 734 5052 Pana
763 5001 1138 5052 consecratur
1167 4998 1321 5052 anud
1354 4997 1535 5052 Ughel
1563 5015 1661 5052 um
1689 5017 1702 5052 :
1744 5016 1844 5052 σαι

190 5014 227 5054 a
250 4997 332 5070 AS.
354 4997 546 5070 Leone
577 4997 734 5070 Papa
763 5001 1138 5070 consecratur
1167 4998 1321 5070 apud
1354 4997 1661 5069 Ughellum
1689 4997 1720 5066 ;”
1744 5000 1845 5070 qui

189 5067 366 5142 addit
396 5066 687 5142 illustpem
715 5066 938 5142 bullam
970 5072 1115 5142 tunc
1139 5068 1191 5123 ei
1206 5066 1557 5125 concessam
1588 5086 1692 5142 pro
1715 5066 1847 5126 con-

189 5139 533 5211 ﬂrmatione
563 5140 953 5196 Ecclesiarum
986 5140 1407 5211 subjectarum.
1479 5190 1490 5204 ,

264 5210 381 5282 (92)
414 5210 552 5266 Sunt
580 5214 677 5282 qui
702 5212 946 5267 scribant
973 5210 1107 5266 cum
1132 5211 1371 5266 Baronio
1399 5212 1466 5265 ab
1526 5212 1753 5267 Henrico
1800 5214 1852 5268 II

189 5283 528 5353 Imperatore
550 5283 808 5353 Ponti/Eoi
839 5284 1003 5338 Leoni
1029 5282 1101 5337 IX
1144 5283 1384 5337 Romano
1440 5283 1685 5338 oblatum
1740 5286 1846 5339 Be-

189 5361 495 5425 neventum
526 5358 585 5408 ut
612 5370 802 5409 annua
830 5356 1019 5424 pensio
1045 5354 1119 5408 ab
1174 5354 1414 5408 Ecclesia
1459 5355 1849 5425 Bambergcnsi

192 5424 463 5481 Romanae
490 5426 750 5497 Ecclcsiaa
778 5425 955 5497 pendi
991 5425 1177 5497 _:olita
1206 5440 1265 5497 eo
1324 5426 1541 5497 ratione
1594 5424 1848 5497 compen-

1939 2809 2060 2866 haec
2089 2810 2433 2867 clamitans:
2469 2811 2511 2867 Ο
2544 2813 2754 2871 Sancte
2786 2815 2922 2882 Leo,
2953 2818 3204 2878 Patrone
3237 2822 3339 2891 mi,
3375 2825 3593 2897 adjuva

1948 2916 2040 2955 me
2071 2916 2229 2955 nunc
2260 2899 2319 2955 in
2352 2901 2644 2973 praesenti,
2671 2906 2728 2959 et
2759 2905 2935 2962 redde
2967 2908 3111 2963 mihi
3136 2911 3377 2968 unicum
3402 2913 3590 2971 tilium

1940 3004 2159 3044 meum.
2195 2990 2328 3054 Quae
2359 2988 2450 3044 vix
2480 2989 2711 3047 locutus
2762 2993 2973 3063 fuerat,
3036 3014 3170 3054 cum
3230 3017 3363 3057 ecce
3412 3001 3592 3077 lupus

1941 3077 2165 3133 dimisit
2189 3093 2434 3150 puerum
2467 3078 2549 3134 ita
2579 3079 2853 3153 illaesum,
2890 3088 2955 3140 ut
2981 3084 3039 3141 in
3070 3088 3435 3147 vestimentis
3486 3110 3593 3150 nec

1940 3166 2255 3239 vestigium
2289 3167 2526 3240 quidem
2560 3177 2867 3242 appareret
2897 3174 3161 3232 dentium
3207 3177 3354 3251 lupi,
3413 3180 3474 3236 in
3525 3197 3596 3237 ea

1946 3258 2111 3327 parte
2144 3272 2261 3328 qua
2292 3273 2425 3312 eum
2460 3257 2635 3325 lupus
2665 3260 3012 3334 arripuerat.
3049 3264 3334 3324 Reversus
3394 3269 3594 3341 itaque

1945 3342 2200 3400 rusticus
2223 3344 2294 3399 ad
2314 3345 2745 3418 oppidum,hzec
2769 3350 2966 3406 omnia
2988 3355 3246 3410 narravit
3270 3373 3282 3411 :
3309 3357 3593 3414 sentiens-

1945 3448 2057 3504 que
2088 3450 2217 3488 eam
2248 3433 2438 3506 ipsam
2460 3433 2617 3491 diem
2648 3453 2777 3493 esse
2808 3440 3266 3500 anniversariam
3286 3445 3346 3501 in
3370 3463 3594 3503 memo-

1947 3521 2094 3577 riam
2122 3521 2185 3576 B.
2217 3522 2445 3591 Leonis,
2480 3540 2624 3579 novo
2656 3541 2718 3580 se
2775 3527 3087 3584 adstrinxit
3148 3537 3279 3587 voto
3335 3535 3410 3588 ad
3465 3552 3594 3590 eam

1948 3610 2265 3683 quotannis
2296 3611 2637 3667 solemniter
2664 3614 3352 3691 custodiendam.:‘icque
3374 3622 3591 3678 nedum

1948 3699 2279 3764 Beneventi,
2313 3699 2414 3754 sed
2451 3716 2551 3771 per
2580 3705 2762 3757 totam
2792 3702 3012 3775 Apuliae
3045 3722 3234 3775 oram,
3284 3706 3593 3765 celeberri-

1949 3804 2113 3843 mum
2145 3787 2330 3843 evasit
2352 3787 2558 3844 Leonis
2591 3805 2835 3845 nomen:
2870 3791 2985 3847 Deo
3014 3793 3098 3848 sic
3129 3794 3475 3866 disponente
3535 3803 3598 3853 ut

1949 3877 2001 3933 is
2022 3875 2082 3931 in
2115 3875 2332 3932 eisdem
2366 3875 2510 3931 locis
2568 3877 2628 3932 in
2680 3879 2895 3949 quibus
2952 3882 3154 3951 paucis
3208 3888 3344 3939 ante
3401 3886 3595 3953 annis,

1952 3965 2254 4039 profligato
2285 3965 2412 4036 ejus
2443 3970 2500 4021 et
2521 3965 2786 4022 Ecclesia:
2843 3968 3118 4037 exercitu,
3157 3971 3283 4044 ipse
3330 3974 3597 4045 captivus

1951 4056 2222 4111 detentus
2237 4054 3165 4131 fuerat,postmodum,ingruente
3182 4060 3597 4119 miraculorum

1950 4143 2078 4215 ejus
2107 4143 2282 4211 fama,
2311 4142 2488 4199 iidem
2523 4144 2623 4216 qui
2675 4146 2955 4203 adversus
3008 4164 3143 4203 eum
3198 4154 3480 4207 steterant
3535 4153 3597 4208 in

1952 4231 2171 4305 praalio,
2207 4231 2503 4304 supplices
2533 4237 2590 4289 et
2620 4236 3014 4292 venerabundi
3065 4238 3194 4309 ejus
3252 4240 3597 4297 memoriam

1950 4320 2296 4390 excolerent,
2317 4325 2375 4376 et
2404 4322 2592 4394 magis
2619 4340 2684 4379 ac
2726 4324 2916 4396 magis
2947 4341 3085 4398 erga
3107 4320 3371 4384 sanctam
3402 4329 3599 4387 Eccle-

1949 4410 2097 4465 siam
2128 4409 2327 4465 fideles
2358 4426 2420 4465 se
2458 4415 2824 4482 praestarent,
2859 4414 2931 4469 ad
2961 4413 3196 4472 laudem
3254 4423 3310 4472 et
3339 4418 3589 4491 gloriam

1951 4497 2371 4571 omnipotentis
2404 4499 2522 4568 Dei,
2554 4501 2725 4572 cujus
2765 4519 2977 4559 nomen
3009 4520 3112 4576 per
3140 4513 3355 4563 cuncta
3384 4507 3599 4564 saecula

1953 4588 2037 4643 sic
2067 4587 2462 4643 benedictum.
2499 4591 2701 4645 Amen.
2735 4591 2869 4664 (96).

2024 4676 2113 4733 30.
2146 4676 2276 4732 Haec
2310 4681 2448 4733 sunt
2482 4678 2765 4736 miracula
2805 4698 2932 4753 qua
2962 4681 3117 4739 Deus
3141 4684 3265 4741 fieri
3295 4684 3479 4742 voluit
3498 4701 3603 4757 per

1953 4765 2362 4823 beatissimum
2390 4770 2637 4824 Leonem
2667 4763 2955 4827 famulum
2995 4773 3124 4843 ejus
3156 4772 3217 4828 in
3250 4777 3597 4831 Benevento.

1953 4926 2309 4995 Strozziano,
2342 4929 2399 4981 et
2412 4926 2578 4996 prius
2599 4928 2907 4985 castellum
2930 4931 3145 4986 dicitur
3164 4931 3370 4997 Marco,
3389 4945 3602 4985 secun-

1956 5000 2099 5054 dum
2128 4998 2327 5052 Curre:
2361 4997 2630 5068 videntur
2645 4999 2815 5068 juxta
2834 5001 3227 5057 Beneventum
3252 4998 3605 5068 requirenda

1955 5070 2078 5125 haec
2099 5069 2252 5124 loca:
2286 5067 2433 5142 alias
2465 5067 2705 5123 Carrara
2732 5074 2789 5124 et
2817 5072 3151 5142 Modiglzana
3199 5075 3270 5130 ad

1957 5142 2161 5196 ducem
2195 5138 2506 5196 pertinent.

2027 5209 2488 5285 (9-i)_AForsitam
2521 5209 2736 5285 Ortona
2757 5226 2884 5285 quas
2928 5213 3143 5285 duplex
3172 5220 3293 5272 est:
3319 5215 3502 5271 altera
3530 5213 3603 5270 ad

1957 5298 2112 5337 mare
2142 5281 2296 5336 dicta
2326 5280 2384 5335 in
2419 5280 2659 5354 Aprutio
2689 5280 2978 5351 citeriore;
3012 5280 3196 5340 altera
3225 5287 3285 5343 in
3331 5285 3602 5343 ulteriore

1957 5355 2111 5409 dicta
2131 5354 2461 5408 Marsorum.

2030 5424 2143 5494 (92)
2175 5430 2342 5478 Anno
2360 5424 2553 5479 torsan
2582 5423 2713 5479 1061
2749 5424 2941 5480 littera
2973 5425 3315 5482 Dominicali
3337 5428 3404 5493 G,
3438 5435 3495 5485 et
3518 5430 3605 5486 sic

3370 5074 3601 5128 etruria:

189 5504 435 5552 δανείων.
468 5497 556 5569 _I_ta
587 5493 867 5569 Ughell'us
898 5496 957 5552 in
990 5494 1334 5569 Prazfatione
1356 5496 1427 5569 de
1450 5493 1851 5569 Benevegn'tana
1961 5493 2237 5569 ultimum
2270 5494 2405 5569 bocA
2439 5493 2786 5569 miraculum
2846 5502 2977 5568 post
3030 5496 3161 5564 alia,
3213 5514 3347 5552 mox
3393 5516 3461 5555 ex
3494 5502 3603 5558 Ms.

191 5567 543 5640 metropoli,
567 5566 683 5639 qua
712 5569 782 5624 de
814 5584 876 5624 re
904 5573 963 5624 et
993 5584 1097 5623 nos
1129 5566 1357 5639 egimus
1414 5566 1510 5622 hic
1566 5567 1624 5622 in
1659 5567 1850 5623 Prole-

191 5639 691 5783 “Egregiam
717 5710 896 5768 etiam
918 5710 1028 5767 hoc
1058 5708 1273 5780 duplex
1293 5708 1716 5765 miraculumin
1740 5709 1848 5763 Ms.

1958 5565 2287 5641 Stroaziano
2318 5566 2715 5641 subjicienda,
2739 5565 3031 5641 patratum
3064 5570 3230 5626 foret.

2032 5636 2441 5708 (96)Hactenus
2471 5653 2540 5693 ex
2560 5637 2667 5693 Ms.
2692 5636 3092 5699 Beneventano
3121 5657 3298 5697 :nunc
3318 5657 3387 5697 ex
3412 5642 3607 5701 Stroz-

1960 5707 2131 5763 ziano
2147 5707 2428 5779 predicto.
