3964 6206
135 457 262 522 su
748 449 1083 517 meme.
1115 483 1195 510 ..-
1224 449 1597 514 HISTORIA
1640 446 1936 512 MORTIS
1980 448 2080 510 ET
2125 440 2392 510 MIRAC.
2440 448 2504 509 s.
2552 446 2832 510 LEONIS
2878 444 2986 510 1x.
3447 426 3567 511 ω

140 591 373 667 crymis
400 588 508 648 illa
536 587 787 656 dicente,
821 590 874 643 et
906 586 1129 643 caeteris
1152 585 1509 659 quiaderant
1530 600 1647 640 una
1669 599 1805 639 cum
1834 586 1890 654 Α
1918 580 2147 655 pliciter
2172 582 2324 655 quod
2359 581 2523 655 prius
2552 580 2875 638 abstulerat
2901 580 2987 637 ei:
3021 583 3077 637 et
3106 597 3311 638 omnes
3332 581 3431 654 qui
3455 580 3566 638 hoc

141 682 279 739 viro
308 680 411 737 illo
441 677 713 753 simplice
743 694 845 750 pro
892 691 960 731 ea
1005 675 1333 745 orantibus,
1374 673 1561 741 aﬂ‘uit,
1611 670 1809 728 divina
1915 672 2185 728 viderunt
2215 675 2272 727 et
2296 671 2618 742 audierunt
2670 671 3096 728 benedixeruut
3147 670 3334 727 Deum
3394 674 3452 727 et
3502 672 3561 728 S.

143 770 470 829 clementia
497 771 556 824 et
583 766 891 823 mulierem
925 763 1089 820 illam
1110 782 1144 820 a
1167 767 1327 838 peste
1346 762 1643 831 liberavit;
1677 778 1808 833 qua:
1922 762 2171 817 Leonem
2208 760 2498 816 famulum
2531 760 2683 831 ejus.

138 859 467 917 sanitatem
480 855 808 930 adplenum
832 852 1140 926 recipiens,
1165 850 1424 908 deditilli
1445 849 1671 906 homini
1704 848 1810 905 tri-

859 1045 1489 1159 MlltACULA
1565 1041 2233 1157 BENEVENTI
2330 1042 2872 1156 PA'l‘iiATA

144 1258 376 1330 partim
398 1257 579 1313 exilis.
612 1257 987 1311 Beneventano
1018 1270 1053 1308 a
1079 1251 1423 1308 Ferdinando
1456 1252 1679 1320 Ughello
1711 1252 1771 1305 in
1795 1251 2057 1376 epistizpis
2089 1250 2482 1304 Beneventanis
2508 1249 2674 1315 edita,
2728 1254 2936 1321 partim
2965 1271 3038 1309 ex
3093 1256 3186 1311 Ms.
3247 1258 3572 1316 Strouz‘ano

1757 1336 1917 1376 accep
1982 1361 1996 1374 .

1757 1336 1996 1392 accepta.

1198 1509 1932 1596 ΡΒᾹΞΜΟΝΙΤΙΟ
1991 1509 2553 1595 UGHELLI.

118 1692 127 1695 ⁷
231 1694 302 1767 27
314 1735 325 1747 .
348 1691 477 1767 Non
494 1687 1130 1767 praetereudumquod,
1134 1686 1645 1767 _V_V_alder_ico_9_01')
1668 1687 1815 1740 Prae-

231 1704 299 1747 27
314 1735 325 1747 .
352 1704 477 1746 non
494 1704 921 1762 pratereuuum
944 1704 1120 1815 (Suec,
1152 1704 1475 1743 wamerlco
1498 1704 1645 1767 cur)
1669 1704 1811 1740 ιιι-εθ-

166 1762 322 1828 sule,
363 1762 436 1817 ad
465 1761 674 1816 ccelum
696 1757 944 1815 evolavit
1019 1776 1083 1815 eo
1112 1759 1180 1814 IX
1200 1758 1462 1815 Pontifex
1484 1758 1775 1828 Maxxmus
1799 1776 1811 1812 :

170 1833 269 1890 cui
301 1827 438 1905 post
468 1833 711 1900 obitum,
743 1847 872 1905 eum
908 1830 1111 1905 multis
1137 1829 1449 1905 claruisset
1490 1827 1813 1905 miraculis,

167 1900 621 1961 Beneventanus
638 1903 887 1974 populus
919 1903 1290 1974 sanctissimo
1320 1901 1464 1974 viro,
1498 1905 1556 1955 et
1585 1900 1667 1974 de
1687 1900 1816 1974 ejus

166 1975 407 2033 civitate
427 1976 538 2045 (92)
568 1970 955 2045 behe'merito,
980 1975 1109 2040 ejus
1130 1972 1543 2045 nomineintra
1564 1970 1818 2026 civitatis

170 2047 390 2103 muenia
417 2042 722 2101 ecclesiam
761 2044 1143 2115 aedificarunt,
1173 2049 1230 2099 et
1258 2042 1523 2115 quolibet
1542 2058 1693 2097 anno
1726 2058 1818 2115 so-

172 2118 354 2175 lemni
376 2117 493 2173 ritu
524 2133 593 2173 ac
632 2117 784 2172 fastu
816 2132 941 2171 eum
976 2114 1225 2170 incolere
1256 2119 1581 2186 cmperunt:
1646 2114 1815 2184 cujus

170 2194 230 2245 et
257 2206 438 2268 causa
465 2186 1289 2268 ejusdcm‘miraculaaliquot
1307 2187 1381 2268 .in
1418 2187 1817 2268 Beneventana

169 2261 406 2334 regione
435 2255 663 2315 meritis
693 2258 853 2314 illius
884 2262 1110 2330 patrata
1149 2255 1356 2313 litteris
1378 2256 1708 2329 consignari
1732 2255 1815 2310 fc-

1138 2440 1679 2535 HISTOBIA
1737 2440 2630 2531 MIBACULORUM.

246 2643 336 2698 28.
363 2642 557 2715 Longe
573 2639 871 2714 divulgata
892 2639 1048 2695 fama
1064 2638 1478 2693 miraculorum
1498 2636 1820 2694 beatissimi
1852 2641 1899 2705 Β
1933 2636 2065 2693 tulit
2098 2636 2284 2692 ﬁlium
2315 2637 2440 2708 ejus
2471 2637 2881 2711 puerulum,et
2911 2641 3111 2715 fugam
3130 2645 3396 2719 arripuit.
3419 2650 3582 2713 Quod

178 2731 410 2799 Leonis,
445 2729 751 2787 Beneventi
786 2733 971 2802 ccepta
1001 2733 1091 2784 est
1120 2727 1393 2784 aedificari
1428 2727 1499 2782 ad
1534 2728 1663 2798 ejus
1722 2726 1824 2782 ho-
1937 2724 2168 2798 alonge
2199 2742 2443 2781 cernens
2474 2730 2657 2799 pater,
2691 2746 2922 2786 currere
2954 2738 3087 2803 post
3115 2733 3323 2807 lupum
3391 2738 3586 2811 cmpit,

1926 1689 2151 1767 gerunt.
2184 1686 2485 1767 Quacum
2517 1686 2599 1767 in‘
2635 1688 3051 1767 antiquissimo
3108 1694 3308 1767 co_dice
3362 1694 3574 1752 litteris

1927 1756 2646 1838 Longqbaz-‘dicisexa'rat‘a
2675 1757 2733 1838 in
2767 1756 3120 1838 biblio‘tbeca
3168 1764 3574 1823 Beneventana

1926 1829 2246 1912 invenisset
2277 1832 2474 1910 noster
2504 1829 2870 1912 (acelestinus,
2927 1832 3176 1912 ﬁdeliter
3204 1838 3572 1912 conscripsit,

1931 1898 2195 1979 mibique
2225 1899 2555 1979 transmisit
2581 1917 2606 1979 :_
2626 1906 2690 1979 ut
2721 1901 2789 1954 ad
2816 1904 3144 1979 augendam
3170 1898 3454 1979 pietatem
3471 1898 3581 1965 hoc

1930 1969 1990 2024 in
2022 1968 2145 2024 loco
2176 1969 2491 2024 lectoribus
2522 1968 2950 2028 exhiberemus.
2985 1975 3149 2039 Quod
3170 1968 3446 2034 ‘libenter
3495 1982 3583 2036 fe-

1930 2040 2284 2122 cimusmum
2315 2041 2376 2095 in
2408 2041 2481 2122 iis
2511 2041 2719 2122 aliqua
2739 2044 3308 2122 contineanturqute
3330 2050 3402 2105 ab
3423 2050 3578 2118 aliis,

1928 2112 2035 2184 qui
2068 2112 2261 2184 Vitam
2292 2112 2652 2184 sanctissimi
2685 2114 2985 2170 Pontiﬁcis
3018 2112 3230 2175 litteris
3261 2112 3582 2178 demenda-1

1931 2182 2070 2261 runt
2101 2182 2323 2261 omissa
2355 2182 2592 2239 fuerint.
2627 2189 2844 2240 Auctor
2873 2202 3201 2261 anonymus
3231 2196 3322 2247 est
3350 2195 3408 2248 et
3438 2194 3579 2250 Leo-

1932 2254 2023 2310 nis
2048 2253 2438 2326 synchronus.

181 2838 383 2878 norem
416 2819 693 2876 ecclesia:
727 2822 810 2887 ut,
845 2834 1020 2891 quem
1038 2816 1420 2873 Beneventani
1452 2816 1605 2871 cives
1630 2816 1826 2870 vivum

181 2908 599 2967 aNormannis
631 2923 859 2964 carcere
915 2907 1219 2961 detentum
1278 2908 1647 2977 aspexerant,
1699 2904 1827 2975 jam

188 3002 489 3055 mortuum
521 3002 577 3054 et
609 2996 816 3069 spatiis
845 2994 1172 3051 coelestibus
1204 2994 1599 3065 perfruentem
1657 3010 1826 3048 vene-

181 3091 472 3144 rarentur.
506 3086 734 3141 Interea
755 3084 1087 3157 accidit(93)
1121 3086 1185 3138 ut
1204 3082 1477 3139 Nicolaus
1499 3082 1736 3155 quidam
1759 3082 1829 3136 de

182 3176 434 3233 Castello
467 3172 805 3232 Molliniana
828 3177 884 3228 et
938 3172 1229 3228 Berardus
1260 3172 1331 3227 de
1387 3171 1510 3228 loco
1563 3173 1826 3238 Carrara,

184 3281 440 3339 quorum
490 3262 638 3319 alter
695 3262 918 3334 perdito
960 3261 1197 3316 brachio
1256 3261 1512 3326 dextero,
1561 3259 1830 3316 retractis

184 3353 507 3427 poplitibus
529 3355 586 3409 et
616 3351 846 3419 nervis;
901 3349 1049 3406 alter
1086 3367 1216 3406 vero
1270 3349 1455 3423 frigus
1513 3353 1569 3404 et
1620 3349 1830 3405 febrim

186 3458 375 3516 usque
405 3442 475 3497 ad
507 3440 896 3515 dysenteriam
929 3455 1169 3512 passus;
1203 3455 1337 3494 cum
1368 3442 1613 3511 uterque
1644 3455 1706 3509 se
1732 3438 1832 3493 de-

189 3531 339 3587 ferre
374 3530 647 3586 fecissent
670 3529 742 3583 ad
773 3528 1113 3601 praedictam
1145 3527 1473 3594 ecclesiam,
1508 3543 1634 3599 qua:
1695 3544 1831 3583 con-

186 3618 534 3677 struebatur
572 3617 899 3685 Beneventi,
920 3616 1073 3672 illico
1100 3616 1363 3673 omnium
1378 3615 1601 3687 judicio
1628 3616 1835 3687 despc-

184 3711 383 3764 ratam
416 3710 829 3778 recuperarunt
850 3705 1182 3761 sanitatem.

263 3796 357 3849 29.
385 3794 657 3851 Rusticus
670 3795 909 3867 quidam
924 3811 992 3850 ex
1009 3793 1224 3867 oppido
1237 3793 1536 3849 Ordonum
1565 3792 1837 3865 (94),cum

192 3882 720 3942 annualitervotive
732 3885 944 3940 festum
960 3887 1022 3939 Β.
1052 3882 1254 3938 Leonis
1269 3880 1574 3948 excoleret,
1598 3880 1841 3952 contigit

193 3977 261 4030 ut
290 3989 412 4045 prae
442 3971 623 4027 nimia
653 3972 1029 4045 oppressione
1053 3970 1321 4027 laborum
1380 3986 1528 4043 quos
1584 3969 1642 4023 in
1700 3985 1838 4043 agro

192 4063 454 4137 gerebat,
490 4061 583 4116 die
610 4060 931 4127 Dominiea,
966 4060 1200 4134 quando
1230 4059 1376 4115 festa
1410 4058 1841 4114 annuntiantur

198 4150 437 4225 populo,
471 4149 715 4206 minime
745 4149 1049 4206 ecclesiam
1081 4149 1322 4204 adierat.
1346 4148 1482 4203 Erat
1502 4154 1697 4203 autem
1716 4148 1841 4204 dies

198 4240 384 4297 festus
406 4240 470 4296 S.
512 4239 721 4296 Leonis
751 4239 808 4294 in
828 4238 1034 4311 quinta
1065 4236 1206 4293 feria
1234 4236 1496 4309 sequenti
1521 4238 1652 4310 (95),
1687 4237 1841 4309 quod

196 4327 473 4401 praedicto
504 4327 723 4384 rustico
753 4331 878 4383 erat
906 4325 1289 4399 incognitum.
1322 4325 1423 4381 Ille
1452 4326 1650 4398 itaque
1673 4325 1841 4382 valde

198 4433 372 4473 mane
403 4432 673 4489 surgens,
709 4414 964 4487 sumpsit
1003 4431 1201 4470 secum
1260 4430 1445 4469 unum
1505 4413 1839 4487 puerulum,

197 4521 375 4579 quem
396 4504 586 4560 ﬁlium
620 4503 860 4559 unicum
882 4502 1153 4571 habebat,
1187 4507 1243 4558 et
1271 4518 1535 4558 securem
1568 4507 1846 4558 rastrum-

199 4610 314 4666 que
344 4593 686 4650 fossorium.
719 4593 848 4649 Mox
878 4596 943 4647 ut
971 4591 1254 4665 applicuit
1281 4608 1394 4647 suo
1426 4608 1587 4665 agro,
1621 4591 1845 4647 dimisit

196 4682 543 4756 praedictum
575 4683 893 4755 puerulum
925 4698 1099 4738 suum
1123 4682 1193 4737 ad
1227 4680 1554 4737 sarcinam:
1589 4679 1685 4735 ille
1707 4697 1840 4737 vero

198 4771 399 4827 fodere
429 4770 601 4827 anxie
629 4771 823 4843 cepit.
855 4771 936 4826 Ex
965 4769 1079 4826 alia
1118 4775 1280 4843 parte
1308 4768 1485 4841 lupus
1517 4785 1615 4825 ore
1643 4773 1843 4842 aperto

260 4930 905 5058 gmiggqllgegcusinitio
924 4929 1067 4986 Julii
1088 4945 1241 4985 anno
1265 4931 1405 4985 1053
1423 4929 1480 4984 in
1504 4930 1846 5056 episcopum

307 5044 321 5057 .
624 5020 736 5058 ana
765 5006 1140 5058 consecratur
1168 5002 1323 5058 anud
1354 5001 1536 5058 Uahel
1564 5019 1663 5056 um
1690 5046 1703 5058 .
1746 5019 1846 5058 am

194 5019 230 5060 a
253 5001 335 5075 AS.
357 5002 548 5075 Leone
580 5002 736 5075 Papa
765 5006 1140 5075 consecratur
1168 5002 1323 5075 apud
1354 5001 1663 5073 Ughellum
1690 5001 1721 5069 ;“
1746 5003 1847 5074 qui

193 5072 369 5131 addit
397 5072 689 5145 illustrem
717 5072 941 5129 bullam
972 5076 1113 5145 tunc
1140 5072 1191 5127 ei
1221 5072 1559 5129 concessam
1590 5090 1694 5145 pro
1717 5072 1849 5129 con-

192 5144 535 5201 ﬁrmatione
566 5145 954 5201 Ecclesiarum
987 5144 1409 5215 subjectarum.
1480 5194 1492 5208 ,

266 5215 383 5288 (92)
416 5216 555 5273 Sunt
582 5219 679 5288 qui
704 5217 948 5271 scribant
975 5231 1101 5288 curn
1134 5215 1372 5288 Baronz'o
1401 5216 1468 5269 ab
1520 5216 1756 5288 Henrico
1802 5218 1854 5271 II

193 5286 530 5358 Imperator-6
552 5286 811 5357 Pontiﬁci
841 5289 1005 5343 Leoni
1030 5286 1103 5341 IX
1146 5287 1386 5341 Romano
1441 5286 1688 5341 oblatum
1743 5289 1848 5342 Be-

1938 2813 2059 2870 haec
2088 2813 2432 2869 clamitans:
2468 2814 2510 2870 Ο
2543 2816 2753 2873 Sancte
2785 2817 2921 2884 Leo,
2953 2820 3204 2879 Patrone
3237 2824 3338 2892 mi,
3374 2826 3590 2898 adjuva

1946 2919 2039 2958 me
2071 2919 2229 2958 nunc
2259 2902 2318 2958 in
2350 2903 2643 2976 praesenti,
2670 2909 2727 2961 et
2758 2908 2934 2964 redde
2966 2910 3111 2965 mihi
3136 2913 3376 2970 unicum
3400 2914 3589 2972 filium

1939 3008 2158 3047 meum.
2194 2993 2327 3057 Quae
2358 2991 2450 3047 vix
2480 2992 2711 3050 locutus
2762 2996 2973 3066 fuerat,
3036 3016 3171 3056 cum
3230 3019 3362 3059 ecce
3411 3003 3590 3078 lupus

1940 3080 2164 3136 dimisit
2188 3097 2433 3153 puerum
2466 3081 2549 3137 ita
2579 3081 2853 3155 illaesum,
2889 3091 2954 3142 ut
2980 3087 3039 3143 in
3070 3090 3434 3148 vestimentis
3485 3111 3592 3151 nec

1940 3169 2254 3242 vestigium
2288 3170 2525 3243 quidem
2559 3179 2867 3245 appareret
2897 3176 3161 3234 dentium
3206 3179 3353 3252 lupi,
3412 3182 3473 3237 in
3524 3199 3595 3238 ea

1946 3262 2111 3331 parte
2144 3275 2261 3331 qua
2291 3275 2425 3315 eum
2460 3259 2635 3327 lupus
2665 3262 3012 3336 arripuerat.
3049 3266 3333 3326 Reversus
3394 3270 3593 3342 itaque

1945 3346 2200 3403 rusticus
2223 3347 2293 3402 ad
2313 3348 2745 3421 oppidum,ha:c
2768 3352 2967 3408 omnia
2989 3356 3246 3412 narravit
3270 3375 3282 3412 :
3308 3358 3593 3415 sentiens-

1945 3451 2057 3507 que
2088 3453 2216 3491 eam
2247 3436 2437 3509 ipsam
2460 3436 2616 3494 diem
2648 3455 2777 3495 esse
2809 3442 3266 3501 anniversariam
3286 3446 3345 3502 in
3369 3463 3593 3504 memo-

1946 3525 2094 3581 riam
2122 3525 2184 3580 B.
2217 3525 2445 3593 Leonis,
2480 3543 2624 3582 novo
2656 3544 2718 3583 se
2775 3529 3087 3586 adstrinxit
3147 3539 3279 3589 voto
3335 3536 3409 3590 ad
3464 3553 3594 3591 eam

1948 3614 2264 3687 quotannis
2296 3614 2637 3670 solemniter
2664 3616 3351 3692 custodiendam.:‘icque
3372 3622 3591 3679 nedum

1948 3702 2279 3768 Beneventi,
2313 3703 2414 3757 sed
2451 3719 2551 3775 per
2580 3708 2761 3759 totam
2791 3704 3012 3777 Apuliae
3045 3724 3234 3777 oram,
3284 3707 3592 3766 celeberrio

1949 3808 2112 3847 mum
2145 3790 2330 3847 evasit
2352 3791 2558 3847 Leonis
2592 3808 2835 3848 nomen:
2870 3793 2986 3849 Deo
3014 3795 3099 3850 sic
3130 3795 3475 3868 disponente
3534 3805 3598 3855 ut

1950 3881 2001 3937 is
2022 3879 2082 3935 in
2115 3878 2333 3935 eisdem
2366 3878 2510 3934 locis
2569 3879 2628 3935 in
2680 3881 2896 3952 quibus
2952 3883 3154 3954 paucis
3208 3889 3344 3940 ante
3400 3887 3595 3955 annis,

1951 3969 2254 4043 profligato
2285 3969 2412 4040 ejus
2443 3973 2500 4024 et
2521 3967 2786 4024 Ecclesiae
2843 3970 3117 4038 exercitu,
3158 3973 3283 4046 ipse
3330 3976 3597 4046 captivus

1952 4060 2222 4114 detentus
2238 4057 3166 4133 fuerat,postmodum,ingruente
3183 4062 3597 4121 miraculorum

1951 4147 2079 4218 ejus
2108 4146 2282 4215 fama,
2313 4145 2488 4202 iidem
2524 4147 2623 4218 qui
2675 4148 2956 4205 adversus
3008 4166 3143 4205 eum
3198 4155 3481 4208 steterant
3536 4154 3598 4209 in

1953 4234 2171 4309 przelio,
2207 4234 2503 4307 supplices
2532 4240 2590 4292 et
2619 4238 3015 4294 venerabundi
3065 4240 3194 4311 ejus
3253 4241 3598 4299 memoriam

1951 4323 2296 4393 excolerent,
2318 4328 2375 4380 et
2404 4324 2592 4397 magis
2620 4342 2684 4381 ac
2726 4327 2916 4398 magis
2947 4344 3086 4400 erga
3108 4322 3371 4386 sanctam
3403 4331 3600 4388 Eccle-

1950 4413 2098 4469 siam
2130 4412 2328 4469 fideles
2358 4429 2420 4469 se
2459 4418 2825 4485 praestarent,
2859 4416 2932 4472 ad
2962 4416 3197 4475 laudem
3255 4424 3311 4475 et
3340 4419 3591 4493 gloriam

1953 4500 2372 4573 omnipotentis
2404 4502 2523 4571 Dei,
2554 4504 2725 4575 cujus
2765 4522 2978 4561 nomen
3010 4522 3113 4579 per
3142 4514 3356 4564 cuncta
3385 4509 3600 4566 saecula

1954 4591 2039 4646 sic
2068 4590 2462 4646 benedictum.
2499 4593 2701 4648 Amen.
2736 4594 2869 4667 (96).

2026 4679 2114 4736 30.
2148 4679 2277 4735 Haec
2311 4683 2449 4735 sunt
2484 4680 2766 4738 miracula
2806 4700 2933 4755 qua:
2964 4684 3118 4742 Deus
3143 4686 3266 4742 fieri
3297 4686 3480 4744 voluit
3500 4703 3604 4759 per

1955 4768 2364 4826 beatissimum
2391 4773 2638 4827 Leonem
2669 4765 2956 4829 famulum
2997 4775 3125 4845 ejus
3158 4774 3218 4829 in
3252 4778 3597 4832 Benevento.

1955 4929 2310 4997 Strozziano,
2343 4929 2580 5001 etprius
2601 4931 2909 4987 castellum
2932 4933 3146 4989 dicitur
3165 4934 3371 5001 Marco,
3391 4947 3601 4987 secun-

1957 5002 2101 5057 dum
2130 5000 2297 5056 Curre
2316 5016 2335 5071 :7
2362 4999 2632 5071 videntur
2647 5002 2817 5071 juxta
2836 5003 3228 5060 Beneventum
3252 4999 3604 5071 requirenda

1957 5073 2079 5127 haec
2101 5072 2253 5127 loca:
2288 5070 2434 5144 alias
2467 5069 2706 5126 Carrai'a
2734 5076 2791 5126 et
2819 5074 3153 5144 Modiglzana
3200 5077 3271 5132 ad

1959 5145 2163 5199 ducem
2197 5141 2508 5199 pertinent.

2030 5211 2489 5287 (94)__Forsitam
2523 5211 2737 5287 ΟνζαηαΔ
2759 5230 2886 5287 quae
2931 5215 3144 5287 duplex
3174 5222 3295 5275 est:
3321 5216 3503 5273 altera
3531 5215 3603 5273 ad

1960 5282 2298 5340 mare'dicta
2327 5284 2386 5338 in
2420 5282 2661 5357 Aprutio
2691 5282 2980 5353 citeriore;
3014 5282 3197 5343 altera
3226 5289 3285 5345 in
3333 5288 3603 5346 ulteriore

3372 5075 3601 5130 etruriae

193 5357 805 5441 necenlumftnnnua
832 5360 1021 5441 pensio
1048 5358 1142 5441 ac
1175 5358 1439 5440 Ecclesia.
1461 5359 1851 5428 Bambergensi
1881 5378 1929 5441 Β
1960 5357 2463 5441 dictaplcrtoram.

196 5430 465 5487 Romam
492 5431 751 5487 Ecclesiw
790 5429 958 5501 pendi
993 5429 1179 5501 _:olz‘ta
1207 5444 1267 5501 eo
1326 5430 1543 5501 ratione
1596 5445 1851 5500 compen-

194 5509 438 5558 sarclur.
471 5503 559 5574 ita
589 5499 869 5574 Ughell’us
901 5500 960 5555 in
992 5499 1336 5574 Praefatione
1358 5500 1429 5574 de
1451 5499 1854 5574 Beneventana

196 5572 548 5646 metropoli,
570 5570 685 5644 qua
713 5573 785 5628 de
816 5589 879 5628 re
907 5577 965 5628 et
995 5587 1099 5627 nos
1130 5570 1359 5643 egimus
1415 5570 1512 5626 hic
1567 5570 1627 5625 in
1661 5570 1853 5627 Prole-

196 5645 693 5788 είῗὲέῇἦεέξνιαιί
719 5714 899 5772 etiam
921 5714 1032 5771 hoc
1061 5712 1275 5784 duplex
1296 5712 1719 5768 miraculumin
1743 5712 1851 5767 Ms.

2032 5427 2146 5497 (92)
2177 5429 2556 5482 Annotorsan
2585 5426 2715 5481 1061
2752 5426 2943 5482 littera
2974 5427 3317 5484 Dominicali
3339 5430 3406 5495 G,
3440 5437 3497 5487 et
3520 5432 3605 5488 sic

1963 5497 2240 5571 ultimum
2273 5497 2406 5571 hoc;
2441 5497 2789 5571 miraculum
2848 5504 2980 5571 post
3032 5499 3163 5567 alia,
3215 5516 3350 5554 mox
3395 5517 3463 5557 ex
3496 5504 3604 5559 Ms.

1961 5568 2290 5643 Stroaziano
2321 5569 2707 5643 subjicienda,
2741 5568 3033 5643 patratum
3066 5572 3233 5628 foret.

2034 5639 2443 5720 (96)Hactenus
2473 5656 2542 5695 ex
2562 5640 2669 5696 Ms.
2694 5639 3095 5701 Beneventano
3123 5659 3300 5700 :nunc
3320 5658 3389 5699 ex
3414 5644 3607 5702 Stroz-

1963 5710 2130 5767 ziano
2150 5710 2430 5783 predicto.
