3964 6206
149 446 265 511 541

746 439 1080 507 PROLEG.
1113 473 1193 500 υ-
1222 440 1595 505 HISTORIA
1638 437 1934 502 MORTIS
1978 438 2077 501 ΕΤ
2122 432 2391 501 MlRAC.
2438 438 2503 500 S.
2551 436 2831 501 LEONIS
2877 436 2985 501 IX.

3445 418 3565 503 ω

152 580 371 656 crymis
398 578 507 637 illa
535 576 785 646 dicente,
819 580 872 632 et
904 576 1126 633 ceteris
1150 575 1507 649 quiaderant
1528 591 1645 631 una
1667 589 1802 630 cum
1830 577 1887 645 Α
1916 571 2145 647 pliciter
2170 573 2321 646 quod
2357 572 2521 646 prius
2551 550 2874 628 abstulerat
2900 571 2986 628 ei:
3019 575 3076 629 et
3105 588 3309 629 omnes
3330 572 3430 646 qui
3453 572 3564 631 hoc

153 671 280 728 viro
309 670 410 726 illo
439 667 711 742 simplice
741 684 844 739 pro
890 682 957 721 ea
1003 665 1331 735 orantibus,
1372 663 1559 731 aﬂ‘uit,
1609 661 1806 719 divina
1913 663 2183 719 viderunt
2212 667 2269 717 et
2293 661 2617 733 audierunt
2670 662 3095 719 benedixeruut
3146 662 3331 719 Deum
3392 667 3450 719 et
3500 664 3559 721 S.

155 758 469 818 clementia
496 760 554 813 et
582 755 890 812 mulierem
923 753 1086 810 illam
1108 772 1142 810 a
1166 757 1325 827 peste
1344 752 1641 821 liberavit;
1675 768 1806 823 quas
1918 752 2168 807 Leonem
2205 751 2497 807 famulum
2530 751 2681 822 ejus.

149 848 464 906 sanitatem
478 844 806 919 adplenum
831 842 1138 915 recipiens,
1163 840 1422 898 deditilli
1443 840 1669 896 homini
1703 839 1807 895 tri-

858 1035 1487 1149 MlltACULA
1562 1031 2231 1147 BENEVENTI
2328 1033 2870 1148 PA'l‘ilATA

151 1247 375 1319 partim
397 1262 467 1303 ex
485 1247 578 1302 Ms.
610 1246 985 1301 Beneventano
1016 1260 1051 1298 a
1078 1242 1420 1298 Ferdinando
1454 1242 1677 1311 Ughello
1708 1242 1769 1295 in
1793 1242 2054 1367 episzopis
2086 1241 2479 1295 Beneventanis
2506 1240 2672 1306 edita,
2726 1246 2935 1313 parum
2964 1262 3037 1300 ex
3091 1248 3184 1303 Ms.
3245 1249 3570 1307 Strozziano

1755 1327 1914 1367 accen
1979 1352 1993 1365 .

1755 1328 1993 1384 accepre.

1196 1482 1929 1587 Pli/EMONITIO
1989 1500 2551 1586 UGHELLI.

122 1682 129 1687 ’
232 1684 324 1757 27.
346 1681 475 1757 Non
491 1678 1129 1757 praeterendumquod,
1132 1678 1642 1757 _\_N_a1d_er_ico_9.01')
1666 1677 1813 1731 Pras-

232 1695 324 1737 τί.
350 1695 475 1737 Non
491 1695 919 1752 praeterenaum
942 1695 1118 1805 qluoa,
1150 1695 1472 1733 waiaerico
1496 1695 1642 1757 cur}
1666 1695 1808 1731 yria-

166 1752 321 1819 sule,
361 1753 434 1807 ad
463 1751 672 1807 ccelum
694 1748 942 1806 evolavit
1016 1767 1080 1805 eo
1111 1750 1178 1805 lX
1198 1749 1460 1805 Pontifex
1482 1748 1808 1819 Maximus:

169 1824 267 1881 cui
299 1817 437 1896 post
465 1823 709 1890 obitum,
741 1838 870 1896 cum
906 1821 1109 1896 multis
1135 1820 1446 1896 claruisset
1488 1817 1811 1896 miraculis,

166 1890 619 1952 Beneventanus
636 1893 885 1965 populus
917 1894 1288 1965 sanctissimo
1317 1892 1462 1965 viro,
1495 1895 1553 1945 et
1582 1890 1813 1965 deeius

163 1966 405 2023 civitate
425 1967 536 2036 (92)
565 1960 953 2036 ὺθὶιθῖῐιθςίιο,
978 1966 1106 2032 ejus
1128 1963 1540 2036 nomineintra
1561 1960 1815 2016 civitatis

167 2037 389 2093 moenia
415 2032 720 2092 ecclesiam
758 2035 1140 2106 aedificarunt,
1171 2039 1227 2089 et
1256 2032 1520 2106 quolibet
1539 2048 1690 2087 anno
1724 2048 1816 2106 so-

169 2108 352 2165 lemni
374 2108 490 2163 ritu
523 2124 591 2163 ac
631 2107 782 2162 fastu
814 2123 939 2161 eum
974 2105 1222 2161 incolere
1254 2104 1578 2176 cmperunt:
1643 2104 1812 2174 cujus

166 2184 228 2236 et
255 2196 435 2259 causa
462 2176 1286 2259 ejuademjniracula‘aliqnot
1304 2177 1378 2259 .in
1414 2177 1814 2259 Beneventano.

164 2251 403 2325 regione
432 2246 661 2305 meritis
690 2248 850 2304 illius
881 2253 1107 2321 patrata
1146 2246 1353 2303 litteris
1375 2246 1705 2319 consignari
1731 2246 1812 2300 fe-

1923 1680 2148 1751 cerunt.
2181 1677 2483 1751 Quiacum
2516 1678 2572 1732 in
2632 1679 3049 1751 antiquissimo
3106 1685 3305 1741 codice
3360 1685 3571 1744 litteris

1924 1747 2643 1829 Langobardicis‘exalrat‘a
2671 1748 2730 1829 in
2762 1747 3118 1829 bibliotbeea
3165 1755 3571 1815 Beneventana

1923 1819 2243 1903 invenisset
2274 1823 2471 1901 noster
2500 1819 2867 1903 gmlestin‘us,
2924 1823 3174 1903 fideliter
3202 1829 3569 1903 conscripsit,

1928 1888 2192 1971 mibique
2223 1890 2553 1971 transmisit
2577 1908 2603 1971 :_
2623 1897 2687 1971 ut
2718 1893 2786 1945 ad
2813 1895 3142 1971 augendam
3168 1888 3451 1971 pietatem
3468 1888 3579 1957 hoc

1928 1960 1987 2014 in
2019 1958 2142 2015 loco
2172 1959 2488 2015 lectoribus
2518 1958 2948 2019 exhiberemus.
2982 1966 3146 2030 Quod
3168 1958 3443 2027 .libenter
3494 1974 3581 2028 fe-

1927 2032 2281 2113 cimus.,_cum
2312 2032 2373 2085 in
2404 2032 2477 2113 iis
2508 2032 2716 2113 aliqua
2736 2034 3305 2113 contineanturqua
3328 2042 3400 2097 ab
3421 2042 3576 2110 aliis,

1926 2105 2032 2175 qui
2066 2105 2258 2175 Vitam
2289 2105 2649 2175 sanctissimi
2682 2105 2983 2162 Pontiﬁcis
3015 2105 3227 2167 litteris
3258 2105 3580 2170 demenda-1

1929 2172 2067 2252 runt
2098 2172 2321 2252 omissa
2352 2173 2589 2229 fuerint.
2623 2180 2841 2231 Auctor
2870 2193 3198 2252 anonymus
3229 2188 3319 2239 est
3348 2187 3405 2240 et
3436 2185 3577 2242 Leo-

1929 2245 2021 2300 nis
2045 2244 2435 2316 syncbronus.

1136 2431 1676 2526 HISTORIA
1733 2431 2626 2522 MIBACULORUM.

243 2634 333 2688 28.
359 2632 554 2705 Longe
571 2630 869 2704 divulgata
889 2630 1044 2686 fama
1061 2628 1475 2685 miraculorum
1495 2628 1816 2685 beatissimi
1848 2632 1896 2697 B
1929 2628 2063 2684 tulit
2096 2627 2281 2683 lilium
2312 2628 2437 2699 ejus
2467 2629 2802 2702 puerulum,
2821 2636 2877 2687 et
2907 2632 3108 2707 fugam
3127 2636 3394 2711 arripuit.
3417 2641 3580 2705 Quod

170 2721 407 2788 Leonis,
440 2720 749 2777 Beneventi
783 2724 968 2791 coepta
997 2723 1087 2774 est
1118 2718 1389 2774 aedificari
1426 2717 1496 2773 ad
1532 2719 1660 2789 ejus
1718 2718 1821 2773 ho-

170 2827 379 2868 norem
412 2809 690 2865 ecclesia:
724 2812 808 2876 ut,
843 2824 1017 2881 quem
1035 2807 1418 2863 Benevenlani
1449 2807 1602 2862 cives
1626 2807 1823 2862 vivum

169 2897 595 2957 aNormannis
628 2913 857 2953 carcere
913 2897 1215 2951 detentum
1275 2898 1644 2968 aspexerant,
1696 2895 1824 2966 jam

175 2991 486 3045 mortuum
519 2991 575 3043 et
606 2985 814 3058 spatiis
843 2985 1170 3041 cmlestibus
1202 2985 1596 3056 perfruentem
1654 3001 1822 3040 vene-

166 3080 470 3134 rarentur.
503 3075 732 3131 Interea
753 3073 1084 3146 accidit(93)
1118 3076 1183 3128 ut
1202 3072 1474 3129 Nicotaus
1496 3073 1733 3146 quidam
1756 3074 1826 3128 de

166 3164 430 3223 Castello
463 3163 803 3221 Molliniana
826 3168 881 3219 et
935 3163 1227 3218 Berardus
1258 3162 1328 3218 de
1384 3161 1508 3218 loco
1560 3164 1822 3229 Carrara,

168 3271 437 3328 quorum
487 3253 636 3309 alter
692 3252 915 3324 perdito
956 3251 1194 3307 brachio
1253 3251 1509 3317 dextero,
1559 3250 1827 3306 retractis

164 3342 504 3417 poplitibus
526 3345 583 3398 et
614 3342 843 3410 nervis;
898 3340 1046 3397 alter
1082 3357 1214 3396 vero
1267 3340 1452 3413 frigus
1511 3342 1567 3395 et
1618 3340 1826 3395 febrim

169 3449 371 3505 usque
402 3432 473 3487 ad
504 3431 894 3505 dysenteriam
925 3446 1166 3502 passus;
1200 3445 1332 3484 cum
1366 3432 1610 3501 uterque
1641 3444 1703 3498 se
1729 3428 1829 3482 de-

174 3521 335 3577 ferre
370 3519 645 3575 fecissent
668 3519 739 3573 ad
771 3518 1109 3591 praedictam
1142 3517 1470 3584 ecclesiam,
1506 3534 1631 3589 quae
1692 3534 1829 3573 eon-

170 3608 532 3667 struebatur
570 3607 895 3675 Beneventi,
916 3606 1069 3662 illico
1096 3606 1360 3663 omnium
1375 3605 1598 3678 judicio
1624 3606 1830 3678 despe-

166 3701 380 3755 ratam
413 3699 826 3767 recuperarunt
848 3695 1180 3751 sanitatem.

254 3786 353 3840 29.
383 3783 655 3840 Rusticus
667 3785 905 3856 quidam
920 3801 989 3840 ex
1005 3782 1221 3856 oppido
1234 3782 1533 3839 Ordonum
1561 3782 1834 3855 (9-i),cum

175 3871 718 3934 annualitervotive
730 3874 940 3929 festum
957 3876 1018 3928 B.
1049 3872 1251 3928 Leonis
1267 3871 1570 3938 excoleret,
1595 3870 1837 3943 contigit

177 3970 253 4021 ut
285 3978 409 4036 pra:
438 3961 620 4017 nimia
649 3962 1025 4034 oppressione
1050 3959 1318 4016 laborum
1376 3976 1524 4032 quos
1579 3959 1637 4014 in
1697 3976 1834 4035 agro
1865 3997 1908 4064 C

177 4053 453 4128 gerebat,
488 4051 579 4106 die
608 4051 927 4118 Dominica,
962 4049 1197 4123 quando
1227 4049 1373 4105 festa
1407 4048 1837 4104 annuntiantur

182 4139 435 4216 populo,
469 4138 712 4195 minime
742 4139 1046 4195 ecclesiam
1078 4138 1318 4194 adierat.
1343 4139 1479 4193 Erat
1499 4144 1693 4193 autem
1712 4137 1837 4194 dies

185 4231 381 4286 festus
403 4229 469 4285 S.
510 4228 717 4284 Leonis
746 4228 804 4284 in
824 4228 1030 4300 quinta
1059 4226 1203 4283 feria
1232 4227 1493 4299 sequenti
1517 4227 1649 4299 (95),
1683 4228 1838 4300 quod

182 4317 472 4392 praedicto
502 4316 720 4373 rustico
750 4321 874 4372 erat
902 4315 1285 4389 incognitum.
1319 4314 1420 4371 Ille
1450 4316 1647 4389 itaque
1670 4316 1838 4372 valde

185 4422 369 4462 mane
399 4420 670 4478 surgens,
706 4404 960 4477 sumpsit
999 4421 1198 4460 secum
1256 4421 1442 4460 unum
1500 4404 1835 4477 puerulum,

184 4511 373 4569 quem
391 4493 583 4549 ﬁlium
619 4492 856 4549 unicum
878 4492 1150 4560 habebat,
1185 4496 1240 4549 et
1268 4508 1532 4548 securem
1564 4497 1843 4549 rastrum-

185 4599 311 4656 que
341 4582 683 4638 fossorium.
715 4583 845 4638 Mox
873 4585 939 4637 ut
968 4580 1251 4654 applicuit
1279 4598 1390 4637 suo
1422 4598 1583 4655 agro,
1618 4581 1842 4638 dimisit

183 4672 541 4747 praedictum
572 4671 891 4744 puerulum
923 4688 1096 4727 suum
1120 4672 1191 4727 ad
1224 4670 1551 4726 sarcinam:
1586 4670 1681 4726 ille
1702 4688 1836 4728 vero

185 4760 394 4818 fodere
426 4759 598 4817 anxie
627 4760 819 4831 coepit.
852 4760 933 4815 Ex
962 4759 1076 4816 alia
1114 4765 1277 4832 parte
1305 4758 1482 4832 lupus
1513 4775 1611 4815 ore
1640 4764 1839 4832 aperto

257 4919 902 5047 £91'Waldericusinitio
922 4918 1062 4975 Julii
1084 4935 1238 4975 anno
1262 4921 1401 4976 1053
1420 4920 1477 4974 in
1500 4920 1842 5045 episcopum

303 5034 317 5047 .
352 4991 545 5047 Leone
577 4992 733 5047 Pana
762 4995 1136 5047 consecratur
1165 4992 1319 5047 apud
1353 4991 1533 5047 Ughel
1561 5009 1659 5047 um
1687 5010 1699 5047 :
1742 5010 1842 5047 aui

183 5010 224 5049 a
249 4991 329 5064 _S.
352 4991 545 5064 Leone
577 4992 733 5064 Papa
762 4995 1136 5064 consecratur
1165 4992 1319 5064 apud
1353 4991 1659 5063 Ughellum
1687 4991 1718 5059 ;“
1742 4994 1843 5064 qui

183 5062 364 5120 addit
394 5061 687 5136 illustrem
714 5061 938 5136 bullam
968 5066 1115 5136 tunc
1137 5062 1189 5117 ei
1218 5061 1554 5119 concessam
1586 5081 1690 5136 pro
1713 5061 1846 5119 con-

184 5134 532 5205 ﬁrmationc
562 5134 951 5190 Ecclesiarum
984 5134 1405 5205 subjectarum.
1477 5184 1489 5198 ,

262 5205 378 5277 (92)
411 5204 552 5261 Sunt
579 5208 676 5277 qui
702 5206 945 5277 scribant
972 5204 1107 5277 cuni
1131 5205 1369 5259 Barom‘o
1398 5207 1465 5260 ab
1524 5206 1751 5261 Henrico
1797 5208 1849 5261 ΙΙ

186 5276 527 5347 Imperatore
549 5276 808 5346 Pontiﬁci
838 5278 1002 5332 Leoni
1028 5276 1100 5331 IX
1143 5277 1383 5331 Romano
1438 5277 1684 5332 oblatum
1739 5279 1843 5332 Be-

187 5356 492 5404 neventum
525 5352 583 5403 ut
611 5364 802 5403 annua
829 5350 1018 5417 pensio
1045 5348 1118 5402 ab
1173 5348 1413 5402 Ecclesia
1457 5349 1847 5418 Bambergensz'

192 5419 460 5476 Romae?
488 5420 749 5490 Ecclesiae
788 5418 954 5490 pendi
990 5419 1176 5490 Asolita
1205 5434 1265 5490 eo
1323 5421 1539 5490 ratione
1592 5436 1847 5490 compen-

190 5499 434 5546 δανείων.
470 5491 555 5562 Ita
586 5488 866 5562 Ughell‘us
897 5489 956 5545 in
988 5488 1333 5562 Prmfatione
1355 5490 1426 5562 de
1448 5488 1849 5562 Beneventana

193 5559 683 5688 ἕδη-0901ὲέᾳὼ
711 5562 782 5617 de
813 5577 877 5617 re
904 5566 961 5616 et
992 5576 1096 5616 nos
1128 5559 1357 5633 egimus
1413 5560 1509 5616 hic
1564 5560 1624 5616 in
1658 5561 1848 5618 Prole-

240 5648 359 5688 om.
389 5651 450 5688 n.
562 5674 575 5686 .
684 5679 690 5686 .

195 5646 359 5704 gom.
389 5651 450 5688 n.
684 5679 690 5686 .

266 5703 380 5776 (93)
416 5704 689 5761 Refertur
717 5703 895 5761 etiam
918 5702 1028 5759 hoc
1058 5701 1273 5774 duplex
1292 5701 1715 5759 miraculumin
1740 5703 1847 5759 Ms.

1934 2734 1968 2772 a
1995 2716 2165 2790 longe
2196 2733 2439 2773 cernens
2470 2723 2654 2791 pater,
2687 2737 2919 2778 currere
2950 2728 3084 2795 post
3110 2724 3319 2798 lupum
3388 2730 3585 2802 cmpit,

1934 2805 2055 2861 haec
2085 2805 2429 2862 clamitans:
2464 2806 2507 2862 Ο
2539 2808 2750 2865 Sancte
2783 2809 2918 2877 Leo,
2950 2812 3200 2872 Patrone
3233 2815 3335 2884 mi,
3371 2818 3589 2890 adjuva

1944 2911 2036 2949 me
2067 2910 2226 2949 nunc
2256 2893 2315 2949 in
2347 2895 2639 2968 praesenti,
2667 2901 2724 2953 et
2755 2900 2931 2956 redde
2963 2902 3107 2958 mihi
3132 2904 3373 2962 unicum
3398 2906 3587 2964 {ilium

1937 2999 2155 3038 meum.
2190 2985 2324 3049 Qum
2356 2983 2446 3039 vix
2476 2984 2708 3042 locutus
2758 2988 2969 3058 fuerat,
3032 3008 3166 3047 cum
3225 3011 3358 3051 ecce
3408 2995 3589 3070 lupus

1936 3071 2161 3127 dimisit
2186 3088 2431 3144 puerum
2462 3072 2546 3129 ita
2574 3074 2849 3147 illaesum,
2885 3083 2950 3134 ut
2976 3078 3036 3135 in
3066 3082 3431 3141 vestimentis
3483 3103 3590 3142 nec

1937 3160 2251 3233 vestigium
2284 3161 2523 3235 quidem
2556 3171 2863 3237 appareret
2893 3168 3158 3226 dentium
3203 3171 3350 3245 lupj,
3409 3174 3470 3229 in
3521 3190 3593 3230 ea

1942 3252 2107 3321 parte
2141 3265 2257 3322 qua
2288 3267 2422 3306 eum
2456 3252 2632 3319 lupus
2662 3254 3009 3327 arripuerat.
3044 3258 3330 3317 Reversus
3391 3263 3591 3335 itaque

1942 3336 2197 3393 rusticus
2219 3338 2290 3393 ad
2310 3340 2741 3412 oppidum,ba3c
2765 3344 2963 3399 omnia
2985 3348 3243 3404 narravit
3267 3367 3278 3405 :
3305 3350 3590 3408 sentiens-

1941 3441 2054 3497 que
2085 3443 2212 3482 eam
2244 3427 2434 3500 ipsam
2457 3427 2613 3484 diem
2645 3446 2774 3487 esse
2804 3433 3263 3494 anniversariam
3283 3438 3342 3494 in
3366 3456 3591 3496 memo-

1943 3515 2090 3571 riam
2119 3515 2181 3570 B.
2214 3516 2442 3584 Leonis,
2478 3534 2621 3573 novo
2652 3535 2715 3574 se
2772 3520 3084 3578 adstrinxit
3144 3530 3276 3580 voto
3332 3528 3406 3581 ad
3461 3545 3591 3584 eam

1945 3604 2261 3677 quotannis
2293 3605 2634 3661 solemniter
2661 3608 3348 3683 eustodiendam.:‘icque
3370 3615 3589 3671 nedum

1945 3693 2277 3758 Beneventi,
2310 3693 2410 3748 sed
2447 3710 2548 3766 per
2577 3699 2758 3751 totam
2788 3696 3009 3768 Apuliae
3041 3715 3230 3768 oram,
3281 3699 3589 3757 celeberri-

1946 3798 2110 3837 mum
2142 3781 2327 3837 evasit
2350 3781 2555 3838 Leonis
2588 3800 2832 3838 nomen:
2867 3784 2982 3840 Deo
3011 3786 3095 3841 sic
3126 3787 3472 3860 disponente
3531 3796 3595 3847 ut

1946 3871 1998 3927 is
2018 3869 2078 3925 in
2112 3869 2329 3926 eisdem
2364 3869 2508 3925 locis
2566 3871 2625 3926 in
2677 3872 2892 3943 quibus
2948 3874 3152 3945 paucis
3205 3881 3342 3932 ante
3398 3878 3592 3947 annis,

1949 3959 2252 4033 proﬂigato
2282 3960 2410 4031 ejus
2440 3964 2498 4015 et
2518 3959 2783 4016 Ecclesiae
2840 3961 3114 4030 exercitu,
3155 3965 3280 4037 ipse
3328 3967 3593 4038 captivus

1949 4050 2219 4105 detentus
2234 4048 3163 4125 fuerat,postmodum,ingruente
3180 4053 3593 4112 miraculorum

1947 4138 2075 4209 ejus
2104 4137 2279 4205 fama,
2310 4137 2485 4193 iidem
2520 4138 2620 4210 qui
2672 4139 2953 4196 adversus
3005 4157 3141 4196 eum
3195 4147 3477 4199 steterant
3532 4144 3594 4201 in

1949 4225 2168 4300 przelio,
2204 4225 2500 4299 supplices
2529 4231 2587 4283 et
2616 4229 3012 4285 venerabundi
3062 4230 3192 4302 ejus
3250 4232 3594 4289 memoriam

1948 4314 2293 4384 excolerent,
2315 4320 2372 4371 et
2402 4315 2588 4389 magis
2615 4334 2680 4372 ac
2723 4317 2913 4388 magis
2944 4334 3083 4391 erga
3105 4312 3367 4376 sanctam
3399 4321 3596 4379 Eccle-

1947 4404 2095 4460 siam
2126 4403 2324 4459 fideles
2355 4420 2417 4459 se
2454 4409 2821 4476 praestarent,
2856 4407 2928 4463 ad
2959 4406 3193 4465 laudem
3251 4415 3307 4465 et
3337 4409 3587 4483 gloriam

1949 4490 2368 4564 omnipotentis
2401 4493 2519 4562 Dei,
2550 4495 2721 4565 cujus
2762 4512 2975 4552 nomen
3009 4513 3110 4570 per
3139 4505 3352 4555 cuncta
3382 4500 3596 4557 saecula

1951 4581 2034 4637 sic
2065 4580 2458 4637 benedictum.
2496 4583 2697 4639 Amen.
2731 4584 2865 4657 (96).

2022 4669 2111 4726 30.
2144 4669 2273 4725 Haec
2308 4674 2445 4725 sunt
2479 4671 2762 4730 miracula
2802 4690 2929 4746 quae
2961 4674 3115 4732 Deus
3140 4677 3262 4734 ﬁeri
3292 4677 3476 4735 voluit
3496 4695 3600 4752 per

1951 4758 2360 4817 beatissimum
2388 4763 2634 4817 Leonem
2665 4756 2953 4820 famulum
2994 4766 3123 4836 ejus
3154 4764 3214 4820 in
3248 4770 3593 4824 Benevento.

1951 4919 2307 4992 Strozziano,
2339 4919 2577 4992 etprius
2597 4922 2905 4978 castellum
2928 4924 3143 4979 dicitur
3162 4924 3367 4992 Marce,
3386 4940 3597 4981 secun-

1953 4993 2097 5048 dum
2127 4991 2293 5046 Curre
2312 5006 2332 5062 :7
2350 4990 2629 5062 rvidentur
2643 4993 2813 5062 juxta
2833 4994 3225 5051 Beneventum
3250 4990 3600 5062 requirenda

1954 5064 2076 5118 hac
2096 5062 2250 5118 loca:
2284 5061 2430 5135 alias
2463 5060 2703 5116 Carruca.
2730 5068 2787 5117 et
2815 5065 3149 5135 Modiglzana
3196 5067 3268 5122 ad

1954 5136 2159 5190 ducem
2194 5132 2504 5190 pertinent.

2025 5202 2485 5279 (9-i)__Fors_itam
2520 5202 2733 5279 Ortona
2755 5220 2882 5279 quae
2927 5206 3141 5279 duplex
3170 5213 3291 5265 est:
3317 5209 3499 5266 altera
3527 5209 3599 5265 ad

1956 5274 2295 5331 mare'dicta
2326 5275 2383 5328 in
2417 5274 2657 5347 Aprutio
2687 5274 2976 5344 citeriore;
3010 5274 3193 5333 altera
3222 5279 3281 5335 in
3329 5280 3599 5338 ulteriore

3368 5068 3597 5123 etruria;

1877 5369 1924 5433 Ι)
1956 5348 2459 5433 dictanlartornm.

2028 5418 2142 5488 (92)
2173 5423 2340 5472 Anno
2358 5419 2552 5488 forsan
2580 5417 2711 5472 1061
2747 5416 2939 5473 littera
2971 5417 3313 5474 Dominieali
3334 5421 3403 5487 G,
3436 5428 3493 5477 et
3516 5423 3601 5479 sic

1960 5487 2237 5562 ultimum
2269 5488 2402 5562 hoc
2437 5487 2785 5562 miraculum
2844 5495 2975 5562 post
3028 5489 3159 5556 alia,
3211 5506 3346 5545 mox
3391 5509 3459 5548 ex
3492 5494 3599 5551 Ms.

1957 5559 2286 5634 Strozzjano
2317 5559 2703 5634 subjicienda,
2736 5559 3029 5634 patratum
3062 5562 3228 5618 foret.

2031 5630 2438 5711 (96)Hactenus
2468 5647 2538 5686 ex
2558 5631 2665 5686 Ms.
2689 5630 3090 5692 Beneventano
3118 5650 3296 5690 :nunc
3316 5650 3385 5691 ex
3410 5635 3601 5693 Stroz-

1960 5702 2126 5758 ziano
2146 5702 2426 5774 predicto.
