3964 6206
124 325 244 386 545

733 320 1159 404 PROLEG.—
1187 323 1553 389 HISTORIA
1594 322 1889 390 MOR'I‘IS
1933 322 2036 388 E'l‘
2078 323 2346 390 MIRAC.
2394 329 2459 390 S.
2507 327 2785 392 LEONIS
2829 328 2935 391 IX.

3419 334 3539 395 546

127 460 305 521 ambo
331 459 543 518 eodem
571 459 668 516 die
696 463 998 533 cmperunt
1025 460 1220 520 videre
1248 460 1334 516 sic
1365 463 1428 517 ut
1453 477 1775 532 nunquam
1807 461 1860 529 Α
1890 460 2032 516 Vere
2065 459 2195 531 pius
2226 461 2508 518 Dominus
2529 466 2789 535 petentes
2819 479 2880 519 se
2902 479 3209 536 nunquam
3238 463 3466 538 repellit
3485 470 3541 523 et

128 548 342 606 melius
365 547 516 608 ::ill.a
543 552 741 608 autem
773 539 901 622 quae
943 565 1011 604 ex
1068 549 1363 622 Monopoli
1414 552 1561 617 erat,
1595 566 1778 605 unum

128 638 286 695 latus
297 641 500 694 tutum
511 637 739 694 habens
753 636 1351 710 perditum.simi1iter
1371 642 1683 696 consecuta
1695 642 1784 694 est

129 727 449 802 sanitatem~
464 743 568 799 per
589 726 802 782 merita
822 727 883 782 B.
908 726 1115 782 Leonis
1134 727 1414 800 Papae.Ad
1434 728 1590 798 quod
1617 743 1782 798 spec-

129 815 394 873 taculum
425 813 787 876 totacivitas
814 813 1178 879 Beneventus
1210 813 1510 882 conﬂuxit,
1540 815 1780 871 horum-

131 903 443 978 quetrium
467 902 889 964 miraculorum
910 902 1078 963 testis
1099 902 1339 972 exstitit,
1375 903 1514 959 dum
1553 903 1610 958 in
1654 903 1780 960 lau-

131 994 269 1050 dem
295 993 406 1050 Dei.
427 992 679 1065 hymnos
705 999 764 1047 et
789 992 1127 1064 gratiarum.
1146 991 1404 1052 actiones
1450 990 1586 1047 altis
1637 993 1785 1048 voci~

131 1083 246 1140 bus
278 1081 603 1155 personuit.

204 1171 298 1226 34.
321 1170 592 1234 Quadam
617 1168 851 1235 mulier,
874 1168 946 1224 de
966 1167 1181 1224 ﬁnibus
1212 1168 1543 1236 Beneventi,
1561 1167 1782 1225 habens

132 1260 377 1332 unicam
395 1259 595 1326 tiliam,
619 1275 750 1330 quis
780 1257 853 1312 ab
883 1256 1131 1314 infantia
1160 1274 1444 1318 manuum
1474 1261 1531 1313 et
1569 1258 1784 1329 pedum

133 1347 334 1404 ofﬁcio
354 1346 738 1406 carensnullo
753 1346 1267 1412 modo,contractis
1280 1346 1555 1402 omnibus
1568 1345 1782 1413 nervis,

133 1436 226 1492 vel
247 1435 548 1492 ambulare
568 1438 800 1508 poterat
819 1433 907 1490 vel
928 1451 1076 1507 opus
1106 1433 1381 1492 manibus
1402 1433 1648 1506 operari:
1664 1433 1786 1488 haec

135 1542 272 1582 cum
303 1523 570 1582 audisset
597 1524 815 1596 tamam
849 1522 1270 1582 miraculorum
1302 1539 1429 1595 quin
1461 1521 1520 1578 in
1551 1521 1789 1594 praefata

133 1612 382 1670 ecclesia
401 1611 673 1674 Christus
692 1629 800 1684 per
818 1626 994 1666 suum
1010 1627 1243 1666 servum
1269 1611 1521 1670 Leonem
1543 1609 1790 1666 sanctis-

137 1701 660 1774 simumdignatus
682 1706 772 1755 est
790 1698 1041 1772 operari,
1064 1717 1097 1755 a
1113 1716 1222 1756 sua
1243 1703 1426 1756 matre
1447 1715 1624 1772 super
1645 1697 1788 1754 asel-

138 1789 278 1863 lum,
299 1789 512 1862 posita,
543 1789 961 1863 deportatatest
991 1787 1096 1850 ibi.
1119 1792 1380 1860 Cumque
1410 1804 1514 1860 per
1541 1805 1640 1844 sex
1662 1786 1786 1842 dies

138 1879 540 1950 perseveraret
567 1876 782 1951 ibidem
797 1878 1030 1948 jacens,
1049 1881 1124 1944 et,
1149 1876 1422 1950 plurimis
1442 1875 1679 1932 sanitati
1702 1891 1790 1930 re—

139 1966 391 2035 stitutis,
428 1966 558 2038 ipsa
588 1965 728 2020 nihil
759 1965 896 2020 boni
928 1969 1403 2038 consequeretur,
1427 1963 1573 2019 dixit
1622 1963 1793 2019 matri

142 2072 264 2110 suae
283 2073 301 2109 :
334 2054 544 2119 Mater,
568 2053 847 2125 quoniam
879 2057 1080 2109 nostra
1108 2058 1345 2126 peccata
1366 2051 1574 2108 merita
1596 2051 1792 2107 Sancti

140 2141 713 2216 superanteeleriter
726 2142 1119 2198 eamusbine‘:
1136 2142 1390 2214 indignis
1409 2141 1564 2197 enim
1587 2156 1796 2196 sumus

142 2232 416 2304 consequi
440 2232 756 2287 sanitatem
783 2231 854 2286 ab
873 2230 992 2288 illo.
1018 2234 1200 2297 Quam
1229 2247 1365 2286 mox
1385 2230 1511 2300 ejus
1545 2228 1796 2302 genitrix

142 2319 322 2376 asello
342 2321 422 2375 im
429 2320 714 2393 posuit,et
728 2320 797 2374 ad
813 2320 1106 2392 propriam
1119 2319 1361 2374 domum
1376 2319 1458 2374 ire
1474 2321 1797 2388 cmperunt.

1819 1835 1868 1899 B

1891 567 2028 606 suos
2061 551 2306 606 Sanctos
2336 552 2610 607 omnibus
2640 552 2926 624 gloriﬁcat
2957 554 3168 609 modis.
3218 555 3364 609 Nam
3405 572 3540 613 cum

1891 637 2295 710 prolongasset
2308 640 2378 694 ab
2392 639 2637 696 ecclesia
2649 640 2814 711 quasi
2833 641 3039 697 stadiis
3061 642 3540 714 quinque,matre

1892 725 2196 799 paululum
2229 732 2576 794 remorante,
2610 745 2743 784 cum
2775 727 3022 784 asellum
3054 730 3111 784 in
3154 746 3269 801 quo
3300 732 3542 790 sedebat

1891 815 2020 887 ipsa
2049 814 2218 870 vellet
2240 815 2875 886 pausare,vehiculu:n,
2892 818 3048 889 quod
3071 819 3376 876 brachium
3409 837 3539 877 sus-

1890 903 2152 959 tentabat
2171 919 2302 959 cum
2337 921 2512 960 manu
2546 906 2694 976 ejus,
2714 905 2771 959 in
2804 910 3014 963 terram
3037 895 3282 964 cecidit:
3311 909 3539 965 statim-

1892 1008 2005 1064 que
2033 991 2213 1048 oblita
2243 1009 2361 1048 suae
2392 993 2771 1054 infirmitatis.
2817 996 2983 1065 quasi
3035 1013 3214 1052 sanus
3261 997 3369 1063 vir,
3409 1001 3544 1070 post

1892 1079 2167 1135 baculum
2191 1081 2247 1134 in
2276 1085 2489 1137 terram
2513 1099 2573 1137 se
2595 1083 2990 1150 dedit,uteum
3010 1085 3284 1140 aull‘erret
3300 1102 3539 1142 rursum

1892 1173 1949 1224 et
1977 1167 2253 1224 resideret
2284 1169 2553 1225 asellum.
2590 1171 2700 1224 Sed
2733 1171 2872 1225 dum
2927 1173 3100 1243 pedes
3148 1175 3275 1244 ejus
3323 1179 3541 1230 terram

1893 1256 2244 1329 tetigissent,
2268 1259 2542 1313 virtutem
2585 1259 2797 1312 Christi
2837 1261 3021 1314 sensit
3052 1278 3228 1333 super
3248 1279 3310 1318 se
3331 1263 3390 1318 in
3413 1269 3541 1319 tan-

1892 1349 2018 1400 tum
2043 1345 2326 1412 evenisse,
2353 1350 2416 1401 ut
2437 1347 2674 1401 veniens
2697 1350 2822 1415 ejus
2845 1348 3091 1418 genitrix
3115 1351 3393 1423 reperiret
3413 1369 3542 1408 eam

1893 1438 2076 1489 totam
2109 1435 2692 1506 sanissimam,juxta
2723 1436 2968 1491 asellum
2986 1438 3269 1510 expeditis
3293 1439 3544 1510 pedibus

1896 1537 1962 1576 ac
1993 1526 2112 1577 toto
2143 1538 2383 1594 corpore
2423 1527 2699 1589 stantem,
2741 1529 2799 1577 et
2845 1540 2980 1578 voce
3037 1524 3195 1580 clara
3247 1527 3544 1598 ccelestem

1897 1609 2191 1665 medicum
2223 1610 2676 1667 collaudantem.
2711 1613 2843 1676 Quae
2878 1630 3008 1668 mox
3041 1614 3111 1668 ad
3137 1613 3448 1670 ecclesiam
3483 1616 3542 1672 S.

1899 1699 2107 1754 Leonis
2131 1700 2316 1770 Papae,
2339 1717 2408 1755 ex
2445 1718 2559 1772 qua
2607 1718 2853 1772 egressae
2903 1705 3151 1769 fuerant,
3191 1708 3547 1760 revertentes

1898 1786 2090 1858 palam
2123 1787 2232 1842 sibi
2265 1788 2637 1843 obviantibus
2664 1790 2887 1844 Domini
2912 1792 3410 1848 annuntiaverunt
3429 1792 3546 1848 vir-

1900 1880 2108 1940 tutem,
2133 1876 2330 1946 ibique
2349 1877 2564 1932 Christi
2597 1883 2653 1932 et
2683 1881 2741 1932 S.
2779 1879 2948 1934 Leoni
2981 1880 3202 1949 gratias
3235 1869 3312 1936 et
3339 1880 3546 1938 laudes

1903 1967 2183 2035 egerunt;
2217 1964 2545 2020 admirante
2576 1965 2789 2037 populo
2838 1971 2894 2020 et
2945 1966 3312 2024 collaudante
3357 1969 3546 2040 ipsius

1902 2051 2112 2106 Christi
2136 2053 2384 2123 gratiam
2408 2057 2462 2108 et
2479 2053 2723 2125 gloriam
2747 2060 2802 2108 et
2831 2055 3140 2111 virtutem:
3191 2056 3293 2127 qui
3340 2061 3405 2112 ut
3448 2074 3547 2113 vo-

1904 2138 2100 2208 luerit,
2114 2155 2253 2196 suos
2276 2141 2492 2212 ubique
2514 2142 2593 2195 ita
2614 2143 2757 2214 glori
2771 2144 2899 2197 licet
2913 2144 3176 2212 Sanctos,
3193 2148 3334 2201 utet
3357 2144 3548 2200 homi-

1905 2245 2048 2282 num
2067 2245 2298 2300 semper
2317 2227 2522 2284 laudes
2541 2231 2815 2302 consequi
2837 2236 3196 2301 mereantur,
3210 2238 3423 2288 etcum
3446 2232 3549 2289 illo

1905 2316 2030 2372 sine
2061 2316 2174 2372 ﬁne
2204 2318 2261 2372 in
2293 2317 2434 2373 ccelo
2463 2317 2616 2373 inter
2641 2319 2893 2390 Angelos
2923 2320 3264 2391 glorientur.
3301 2326 3508 2378 Amen.

1342 2485 1989 2581 MIBACULA
2067 2486 2353 2580 DUO.

884 2667 925 2722 Α
957 2665 1231 2723 Desiderio
1260 2665 1452 2722 abbate
1481 2665 1783 2734 Casi-nensi,
1813 2663 1940 2720 dein
1975 2666 2178 2719 Victore
2201 2682 2347 2736 papa
2375 2667 2474 2733 III,
2507 2666 2806 2738 descripta.

209 2813 301 2869 35.
327 2812 468 2867 Post
485 2809 714 2866 obitum
740 2808 1062 2865 beatissimi
1078 2807 1371 2864 Pontificis
1383 2807 1592 2863 Leonis
1610 2806 1796 2862 multa

147 2906 207 2958 et
235 2915 454 2972 magna
482 2899 555 2954 ad
605 2898 734 2969 ejus
776 2896 1092 2965 tumulum,
1125 2895 1450 2967 aliisquein
1499 2893 1660 2961 locis,
1695 2910 1796 2966 per

145 3007 282 3047 cum
314 2988 563 3044 Domino
593 2987 886 3042 tribuente
925 2984 1184 3041 claruere
1228 2985 1528 3041 miracula.
1574 2984 1614 3037 E
1665 2981 1793 3055 qui-

140 3079 258 3135 bus
278 3077 521 3135 omissis
537 3075 782 3141 caeteris,
805 3075 920 3129 duo
938 3077 1164 3129 tantum
1187 3071 1588 3129 aedificationis
1609 3071 1820 3144 gratia'

142 3168 517 3232 subnectam,
536 3163 690 3220 sicut
720 3180 753 3218 a
779 3162 1048 3218 veridicis
1074 3162 1214 3223 viris
1236 3161 1405 3218 nobis
1437 3160 1615 3216 relata
1632 3164 1792 3215 sunt.

141 3255 351 3312 Victor
380 3253 539 3324 Papa
568 3251 738 3324 (108),
772 3250 870 3322 qui
903 3250 979 3305 in
1018 3249 1301 3322 regimine
1344 3247 1699 3304 Sacerdotali
1743 3248 1796 3303 ei

1903 2807 2072 2876 equis
2117 2808 2395 2878 ascensis,
2430 2824 2608 2880 puero
2663 2809 2720 2864 in
2777 2809 2980 2866 eadem
3039 2810 3287 2866 ecclesia
3340 2809 3543 2878 oblito,

1902 2894 2152 2951 festinus
2181 2897 2333 2952 viam
2366 2913 2492 2968 quae
2523 2913 2658 2952 eum
2689 2898 2760 2953 ad
2794 2915 2963 2954 suam
2993 2898 3244 2954 ducebat
3274 2899 3545 2972 patriam,

1902 2999 2173 3055 egressus
2191 2983 2342 3040 Urbe
2364 2986 2756 3058 gradiebatur.
2782 2988 2928 3043 Cum
2952 2987 3149 3058 itaque
3181 2986 3548 3060 longiuscule

1903 3072 2096 3128 adhuc
2125 3077 2277 3129 esset
2306 3075 2377 3130 ab
2409 3074 2558 3130 Urbe
2590 3076 2905 3148 profectus,
2940 3082 3174 3148 repente
3222 3076 3272 3132 ei
3316 3075 3375 3131 in
3423 3091 3544 3130 me-

1904 3161 2150 3217 moriam
2184 3163 2355 3218 rediit
2385 3164 2539 3235 quod
2584 3169 2816 3220 mutum
2840 3180 3087 3236 puerum
3121 3165 3178 3219 in
3209 3164 3457 3221 ecclesia
3490 3164 3552 3223 Β.

1905 3248 2056 3305 Petri
2080 3249 2432 3323 reliquisset.
2453 3252 2559 3318 Qui
2580 3269 2712 3309 mox
2726 3251 3011 3319 substitit,
3042 3269 3106 3308 ac
3126 3252 3375 3308 famulos
3389 3269 3553 3324 suos,

143 3340 745 3408 successerat,audita
761 3339 914 3395 fama
925 3337 1341 3394 miraculorum
1355 3339 1504 3410 ejus,
1521 3338 1673 3409 quod
1697 3353 1799 3409 per
1829 3336 1872 3404 C
1909 3355 1942 3393 a
1963 3339 2177 3410 quibus
2191 3356 2334 3411 puer
2347 3339 2541 3396 reduci
2555 3341 3104 3412 deberet,quosdam
3119 3341 3554 3414 remisit.Igitur

144 3445 288 3489 eum
307 3429 594 3488 Dominus
617 3427 754 3484 talia
775 3431 1074 3500 operaretu
1085 3427 1314 3493 r,iidem
1337 3443 1452 3482 non
1475 3439 1796 3482 accommo-

142 3519 353 3579 dabat.
372 3519 486 3576 Sed
501 3517 823 3592 quia,utait
837 3514 1168 3588 Apostolus,
1191 3538 1217 3566 «
1235 3515 1468 3588 Lingua:
1485 3515 1543 3569 in
1559 3514 1795 3588 signum

139 3613 290 3666 sunt
303 3621 432 3664 'non
456 3606 750 3677 ﬁdelibus,
773 3606 873 3660 sed
898 3602 1234 3660 inﬁdelibus
1257 3604 1440 3676 (I'Cor.
1457 3605 1603 3676 xm),
1621 3627 1647 3654 »
1678 3620 1798 3659 om-

137 3697 430 3772 nipotens
457 3694 742 3750 Dominus
767 3692 1163 3766 experimento
1192 3709 1329 3748 eum
1375 3693 1578 3748 docere
1617 3692 1800 3748 voluit

135 3804 286 3860 quae
321 3783 523 3840 audita
550 3799 584 3838 a
611 3782 877 3854 pluribus
902 3782 1146 3837 minime
1175 3782 1407 3837 credere
1435 3781 1679 3836 volebat.

214 3875 317 3931 36'.
358 3871 654 3928 Curiensis
684 3872 925 3944 quidam
956 3870 1286 3943 episcopus,
1320 3869 1488 3940 cujus
1523 3883 1735 3926 nomen
1769 3887 1799 3927 e

132 3960 441 4020 memoria
452 3959 611 4016 excid
622 3960 683 4033 it(
692 3960 975 4033 109),cum
989 3975 1169 4031 supra
1187 3962 1511 4014 memorato
1525 3958 1801 4016 Pontiﬁce

131 4054 383 4109 Victore
405 4068 440 4107 a
459 4049 770 4106 Germania
786 4047 1043 4113 veniens,
1067 4048 1195 4119 ejus
1217 4047 1273 4102 in
1301 4047 1581 4118 obsequio
1605 4048 1800 4106 Romaa

135 4140 515 4198 morabatur.
548 4138 653 4195 Hic
685 4151 930 4210 puerum
973 4136 1045 4192 ab
1089 4142 1254 4192 utero
1311 4135 1518 4191 matris
1568 4140 1800 4194 mutum

135 4229 432 4297 habebat,
466 4243 640 4300 quem
673 4241 775 4299 pro
806 4226 1072 4281 mercede
1116 4224 1323 4282 animae
1379 4242 1498 4280 suae
1555 4242 1801 4298 pascens

135 4335 209 4375 ac
235 4318 523 4385 vestiens,
557 4331 931 4388 quocumque
963 4314 1103 4383 ibat,
1153 4329 1351 4370 secum
1401 4315 1612 4371 ducere
1667 4332 1802 4371 con-

140 4410 451 4475 sueverat,
481 4405 539 4461 in
571 4405 742 4476 cujus
770 4417 952 4459 vacuo
983 4420 1079 4459 ore
1117 4419 1221 4459 nec
1248 4401 1531 4463 indicium
1564 4405 1803 4476 quidem

137 4496 371 4570 linguis
403 4494 596 4553 inesse
625 4493 952 4549 videbatur.
985 4490 1092 4558 Qui
1132 4492 1308 4548 etiam
1356 4491 1686 4566 episcopus,
1735 4511 1806 4550 ex

138 4581 532 4640 mirabilibus
562 4584 633 4637 ad
669 4582 730 4637 Β.
777 4581 983 4637 Leonis
1036 4581 1354 4649 tumulum,
1416 4582 1686 4639 similiter
1744 4588 1807 4641 ut

137 4672 333 4767 Papa,
368 4670 1054 4767 incredulummnimu-m
1091 4670 1367 4767 gerebat.
1426 4670 1572 4767 Cum
1626 4671 1808 4758 igitur
1835 4704 1883 4767 D

137 4762 414 4834 quadam
446 4759 538 4816 die
568 4761 639 4815 ad
675 4759 871 4815 sedem
905 4759 995 4814 sui
1014 4759 1406 4832 episcopatus,
1421 4761 1545 4831 jam
1570 4767 1806 4834 accepta

142 4848 417 4916 licentia,
477 4849 685 4904 reverti
739 4847 1113 4916 decrevisset,
1169 4847 1472 4904 ecclesiam
1535 4854 1595 4907 Β.
1659 4851 1806 4906 Petri

141 4937 404 5012 apostoli
440 4937 726 4994 orationis
784 4937 974 5010 gratia
1030 4937 1353 5008 ingressus,
1388 4943 1697 5010 postquam
1743 4941 1804 4996 Β.

139 5027 327 5084 Petro
351 5043 414 5083 se
437 5027 723 5087 intentius
739 5025 1171 5082 commendavit
1192 5026 1315 5081 suis
1330 5044 1460 5082 cum
1477 5025 1807 5096 clientibus,

219 5169 378 5241 (108)
409 5169 516 5225 Hic
541 5173 636 5224 est
670 5169 856 5224 Victor
881 5168 951 5241 Il,
1001 5169 1416 5241 creatushcum
1463 5167 1643 5225 Sedes
1691 5171 1809 5228 fere

137 5237 395 5314 integro
410 5256 563 5298 anno
586 5244 866 5314 vacasset,
895 5238 988 5314 d_ie
1009 5238 1087 5314 Δ43
1105 5237 1321 5314 Aprilis
1345 5240 1481 5297 1056
1508 5258 1522 5308 ;
1543 5245 1810 5302 mortuus

147 5315 221 5369 28
249 5309 408 5369 ,ἶῖιιὶῑ
429 5328 586 5370 anno
613 5311 769 5384 1056.
802 5314 878 5366 At
915 5309 1063 5366 Sede
1091 5309 1328 5384 vacante
1375 5315 1602 5384 patrata
1647 5320 1812 5382 erant

145 5383 444 5458 miracula
474 5398 661 5458 supra
691 5380 1163 5458 relata,_q_u_ando
1188 5380 1395 5458 aberat
1418 5381 1635 5458 Victor,
1668 5380 1808 5458 Eys-

146 5456 304 5539 tedii
355 5457 417 5513 in
470 5453 824 5512 Germania--
873 5453 1220 5526 Episcopus
1271 5453 1644 5510 Gebebard'us
1701 5453 1811 5511 no-

215 5544 348 5586 10θό-

153 5544 372 5682 mitiga)
394 5598 754 5659 Diethmarus
779 5593 1001 5657 scilicet
1023 5595 1178 5673 apud
1201 5593 1436 5654 Rhetos
1463 5595 1523 5655 in
1562 5595 1810 5675 Alpibus

1901 3427 2823 3500 cumilliapostolorumPrincipis
2837 3428 3140 3485 basilicam
3154 3433 3552 3501 essentegres-

1905 3515 2354 3588 si,conspiciunt
2372 3533 2617 3590 puerum
2635 3520 2767 3572 ante
2789 3516 3085 3572 tumulum
3109 3517 3384 3571 B.Leonis
3398 3523 3554 3573 stan-

1904 3609 2047 3672 tem,
2079 3608 2252 3676 atque
2282 3622 2414 3661 cum
2447 3605 2539 3661 his
2568 3605 2667 3677 qui
2699 3604 3158 3660 circumstabant
3191 3603 3552 3675 loquentem.

1907 3692 2029 3748 Illis
2052 3693 2248 3764 itaque
2274 3693 2649 3759 mirantibus,
2668 3697 2723 3748 et
2744 3691 2995 3764 qualiter
3014 3691 3124 3748 hoc
3137 3691 3244 3747 sibi
3262 3691 3554 3750 evenisset

1909 3781 2325 3854 quaerentibus,
2403 3798 2547 3854 puer
2601 3781 2827 3853 inquit:
2895 3781 3209 3852 Postquam
3276 3780 3555 3839 dominus

1908 3887 2098 3937 meus,
2131 3869 2318 3926 hacin
2340 3869 2582 3926 ecclesia
2603 3886 2696 3925 me
2721 3868 3079 3939 relinquens,
3113 3867 3406 3936 discessit,
3438 3868 3556 3926 huc

1910 3959 1980 4015 ad
2011 3957 2345 4031 sepulcrum
2362 3958 2424 4014 B.
2449 3958 2659 4014 Leonis
2683 3972 2774 4014 me
2797 3956 3014 4013 contuli
3043 3975 3057 4024 ;
3091 3957 3137 4012 si
3176 3957 3317 4011 forte
3363 3957 3554 4011 omni-

1911 4052 2116 4121 potens
2147 4047 2431 4103 Dominus
2461 4046 2739 4116 ollicium,
2775 4063 2889 4118 quo
2921 4046 3208 4112 carebam,
3245 4045 3400 4100 vocis
3433 4061 3554 4100 me-

1911 4135 2038 4193 ritis
2067 4136 2196 4207 ejus
2231 4135 2373 4191 mihi
2393 4135 2696 4191 restituere
2717 4135 3078 4207 dignaretur.
3104 4134 3219 4189 Nec
3243 4149 3376 4188 sum
3402 4149 3555 4201 meo,

1913 4226 2068 4298 quod
2108 4226 2278 4281 corde
2316 4225 2649 4297 poscebam,
2697 4229 2828 4280 voto
2875 4223 3216 4278 fraudatus:
3273 4223 3372 4278 sed
3423 4238 3558 4278 mox

1913 4319 1977 4370 ut
2001 4318 2133 4370 ante
2162 4315 2290 4385 ejus
2319 4313 2708 4369 venerandam
2735 4312 3078 4369 memoriam
3103 4311 3434 4384 lacrymans
3457 4309 3560 4366 ali-

1914 4403 2263 4478 quantulum
2295 4407 2620 4475 prostratus
2642 4403 2826 4474 jacui,
2859 4401 3015 4457 illico
3047 4406 3277 4474 recepta
3305 4416 3441 4457 voce
3467 4399 3560 4455 lo-

1913 4510 2121 4564 quens,
2155 4495 2220 4548 ut
2249 4491 2361 4563 ipsi
2389 4492 2618 4556 videtis,
2652 4491 2896 4547 surrexi.
2933 4491 3012 4546 Ab
3045 4489 3145 4546 illa
3189 4490 3394 4562 utique
3441 4488 3558 4558 die,

1914 4583 2068 4654 quod
2103 4581 2428 4637 mirabilius
2450 4587 2558 4648 est,
2591 4581 2765 4653 coepit
2797 4582 2854 4636 in
2888 4597 2984 4636 ore
3016 4581 3145 4652 ejus
3177 4578 3398 4652 lingua,
3430 4594 3560 4651 quas

1913 4672 2197 4739 defuerat,
2223 4669 2503 4750 paulatim
2523 4685 2802 4740 crescere,
2825 4669 2905 4724 ita
2923 4674 2986 4723 ut
3007 4669 3162 4723 intra
3183 4684 3403 4741 paucos
3435 4666 3562 4723 dies

1916 4760 2085 4833 pleno
2107 4776 2203 4816 ore
2237 4758 2495 4831 linguam
2527 4760 2778 4830 perfecte
2808 4758 3122 4830 reciperet;
3151 4762 3207 4812 et
3231 4757 3405 4813 verba
3435 4755 3563 4811 sine

1916 4849 2334 4920 impedimento
2349 4849 2624 4919 sonaret.(
2639 4850 2659 4901 1
2673 4846 3022 4918 10)Denique
3037 4845 3135 4918 qui
3151 4844 3316 4899 missi
3331 4845 3563 4898 fuerant

1915 4941 2261 4993 curaverunt
2285 4953 2528 5008 puerum
2554 4936 2620 4990 ad
2672 4935 3018 5006 Episcopum
3047 4935 3279 4998 ducere,
3303 4936 3358 4986 et
3384 4945 3560 5001 quem

1916 5032 2205 5083 tacentem
2257 5025 2590 5095 reliquerat,
2665 5025 2726 5078 B.
2807 5022 3013 5078 Leonis
3099 5019 3560 5092 suifragantibus

1915 5166 2278 5226 Germanicis
2310 5165 2638 5241 sumito/10.
2652 5168 2885 5241 creatus
2914 5163 3256 5241 EpiscOpu,
3291 5163 3560 5241 mortuus

1916 5242 2077 5309 4070,
2101 5242 2411 5304 cum,teste
2442 5232 3138 5309 Bruschio.l_audab‘iliter
3154 5232 3561 5309 etﬂutilissime

1916 5301 2157 5384 triginta
2178 5301 2363 5384 annos
2385 5305 2732 5384 praefuisset.
2750 5305 2999 5384 Consule
3015 5304 3190 5360 etiam
3214 5301 3562 5384 Quillim‘an-

1918 5373 2060 5448 nuru
2081 5381 2269 5436 lib.IV
2290 5381 2360 5436 de
2385 5373 2567 5450 rebus
2605 5374 3049 5450 Helveticorum,
3067 5392 3194 5450 cap:
3218 5375 3354 5450 2,_et
3387 5373 3556 5429 alio.

1989 5445 2138 5525 (llO)
2169 5452 2322 5525 ldem
2381 5448 2731 5525 miraculum
2790 5451 3062 5525 narratur
3107 5445 3226 5505 a'S;
3262 5445 3556 5524 Brunone,

1919 5519 2220 5600 acceptum
2253 5523 2326 5581 ab
2357 5522 2640 5601 Episcopo
2669 5519 2997 5585 Portuensi.
