3964 6206
453 258 572 318 547
1824 258 1888 316 S.
1935 257 2018 316 LE

2291 255 2455 316 'APA
2468 301 2482 316 .
3739 257 3856 318 548

456 389 682 444 meritis
713 388 762 443 ei
796 387 1132 460 loquentem
1184 387 1502 443 adducunt.
1553 393 1873 460 Regressus
1924 389 2175 459 igiturA
2211 407 2304 444 ore
2338 389 2618 460 sacrilego
2679 389 2980 446 deridebat
3038 395 3094 444 et
3159 389 3628 462 blasphemabat.
3708 393 3853 446 Cum

455 479 766 550 epismpus
823 477 1150 531 Romanum
1207 477 1541 532 Pontiﬁcem
1599 477 1775 532 adiit:
1830 481 1885 532 et
1943 478 2095 547 quod
2207 478 2457 548 denique
2489 478 2742 548 quadam
2778 479 2870 532 die
2902 479 2960 533 in
2986 484 3275 534 conventu
3298 483 3604 550 appareret
3630 479 3852 552 populi,

454 567 822 638 omnipotens
845 566 1130 621 Dominus
1163 582 1266 637 per
1285 566 1347 621 B.
1370 567 1617 621 Leonem
1650 567 1872 638 operari
1900 566 2097 637 digna-
2207 571 2263 621 et
2294 582 2484 621 sermo
2520 567 2669 621 inter
2699 583 2797 621 eos
2828 567 2896 621 de
2928 567 3112 638 signis
3144 571 3201 621 et
3228 567 3545 622 virtutibus
3567 567 3854 622 B.Leonis

453 661 550 711 tus
580 656 804 723 fuisset,
838 655 1112 710 ostendit.
1146 655 1225 708 Ex
1271 660 1407 709 tunc
1458 658 1759 727 coeperunt
1810 654 1920 725 ipsi
1969 655 2096 724 ejus
2207 659 2436 709 exortus
2457 658 2630 720 esset,
2652 654 2822 725 coepit
2866 655 3054 710 ridere
3078 656 3313 710 dicens:
3346 656 3403 709 Si
3463 657 3714 711 Sanctus
3744 661 3852 722 est,

450 744 778 800 veneranda
797 745 1004 798 merita
1027 742 1253 798 eunetis
1281 744 1612 814 praedicare,
1639 743 1737 815 qui
1763 742 1896 798 aliis
1926 747 2098 797 antea
2207 747 2270 797 ut
2299 743 2464 809 dicis,
2499 743 2804 798 contrahat
2836 743 2979 798 mihi
3029 743 3278 815 digitum
3329 760 3548 799 meum.
3590 745 3858 816 Cumque

450 831 832 890 referentibus
867 850 978 887 non
1016 832 1388 903 patiebantur
1413 831 1631 887 audire.
2207 836 2674 902 compesceretur
2703 833 2774 886 ab
2809 831 2879 886 iis
2913 832 3011 902 qui
3068 832 3360 899 astabant,
3421 849 3493 888 ne
3546 834 3616 888 de
3647 838 3853 889 sancto

519 923 608 975 37.
645 920 896 976 lllustris
927 922 1013 974 vir
1043 921 1350 987 Maximus,
1397 920 1669 974 Romanae
1721 919 1883 974 urbis
1934 920 2094 985 civis,
2204 920 2326 974 viro
2355 920 2496 974 talia
2525 919 2879 990 loqueretur,
2914 920 3156 975 dimisso
3199 925 3508 988 conventu,
3556 921 3851 977 discessit.

450 1027 638 1082 nuper
668 1010 868 1066 retulit
899 1009 1043 1063 mihi
1092 1009 1162 1063 de
1217 1009 1419 1064 eodem
1476 1007 1789 1063 venerabili
1847 1007 2096 1062 Praesule
2207 1007 2348 1061 Cum
2375 1024 2504 1062 ecce
2535 1008 2680 1063 forte
2711 1009 2893 1072 canis,
2927 1009 3027 1079 qui
3079 1024 3212 1063 eum
3272 1010 3648 1080 sequebatur,
3682 1026 3852 1066 suem

449 1116 574 1171 qua;
607 1098 1143 1153 narro.Bernardus
1177 1096 1417 1166 quidam
1449 1096 1713 1166 pessimae
1746 1096 1960 1151 mentis
1985 1096 2094 1149 mi-
2206 1095 2263 1148 in
2299 1095 2489 1166 platea
2521 1097 2820 1151 inventum
2876 1097 3106 1152 invasit.
3168 1097 3268 1152 Ille
3322 1116 3475 1166 vero,
3511 1115 3583 1154 ne
3640 1116 3853 1172 porcus

449 1187 532 1243 les
563 1186 805 1252 exstitit,
841 1185 935 1256 qui
974 1183 1311 1257 Apostolicae
1346 1185 1476 1238 Sedi
1521 1185 1873 1239 contrarium
1929 1201 1988 1239 se
2035 1185 2093 1237 in
2205 1182 2649 1254 discerperetur,
2693 1185 2898 1240 festine
2947 1187 3224 1254 cucurrit,
3282 1191 3339 1242 et
3395 1188 3606 1258 injecta
3666 1206 3850 1246 manu

448 1277 742 1341 omnibus,
790 1275 1008 1346 quibus
1039 1274 1252 1345 putuit,
1286 1273 1480 1328 modis
1511 1273 1840 1329 exhibebat.
1874 1274 1981 1328 Sed
2037 1273 2094 1326 in
2205 1288 2404 1327 canem
2441 1279 2633 1328 tenere
2661 1273 2878 1329 voluit:
2913 1275 3010 1329 sed
3054 1292 3185 1330 mox
3244 1293 3455 1347 porcus
3507 1277 3695 1332 hianti
3751 1295 3852 1334 ore

447 1365 618 1432 bello,
653 1365 804 1436 quod
860 1381 893 1418 a
945 1363 1149 1417 vicinis
1211 1362 1361 1416 circa
1421 1361 1633 1416 Urbem
1697 1361 2091 1428 manentibus,
2204 1360 2450 1430 digitum
2485 1363 2612 1430 ejus
2645 1362 2979 1432 momordit,
3012 1365 3213 1434 sicque
3261 1365 3332 1418 ab
3391 1363 3492 1419 illa
3546 1365 3642 1420 die
3690 1367 3849 1422 omni

448 1452 894 1525 conjurantibus
917 1449 2092 1521 cum(ltt)CadalaoParmensiepiscopo,
2204 1453 2464 1520 tempore
2506 1467 2620 1521 quo
2673 1451 2816 1505 vixit
2875 1451 3122 1523 digitum
3180 1458 3542 1508 contractum
3604 1455 3848 1521 habens,

449 1542 546 1614 qui
587 1545 729 1596 tunc
785 1537 1177 1610 Apostelicam
1231 1537 1432 1592 Sedcm
1492 1537 1764 1592 invadere
1811 1537 2091 1602 tentabat,
2205 1535 2540 1593 nullatenus
2573 1555 2704 1594 eum
2737 1543 3044 1595 extendere
3075 1541 3280 1611 potuit.
3317 1540 3481 1596 Unde
3513 1541 3725 1597 factum
3759 1547 3851 1598 est

449 1647 582 1684 cum
616 1627 902 1684 militibus
961 1627 1059 1698 qui
1103 1627 1422 1681 Romanam
1457 1624 1772 1680 Ecclesiam
1825 1625 2092 1679 defende-
2206 1631 2269 1679 ut
2299 1626 2396 1696 qui
2434 1625 2532 1681 Dei
2566 1627 2850 1682 famulum
2883 1627 3124 1683 irridere
3183 1635 3659 1701 praesumpserat,
3721 1630 3849 1702 ipse

446 1719 607 1786 bant,
641 1717 1022 1773 commissum
1056 1719 1164 1781 est,
1195 1716 1352 1786 justo
1379 1713 1477 1768 Dei
1509 1713 1733 1784 judicio
1785 1713 2090 1768 confossus
2125 1752 2170 1788 ι)
2205 1718 2499 1770 contracto
2521 1716 2702 1788 digito
2733 1717 3008 1771 omnibus
3067 1718 3285 1773 derisui
3343 1717 3677 1775 haberetur.
3720 1719 3850 1775 Haec

445 1807 685 1862 interiit.
723 1804 825 1860 Hie
855 1803 1055 1875 igitur,
1086 1802 1288 1857 audita
1318 1802 1474 1855 fama
1516 1801 1930 1856 miraculorum
1965 1818 2090 1872 quae
2124 1801 2171 1816 ”
2204 1802 2274 1856 de
2306 1806 2465 1858 tanto
2497 1804 2662 1860 Patre
2690 1806 2752 1862 B.
2797 1805 2984 1861 Leone
3024 1806 3176 1861 dicta
3230 1807 3546 1878 sufﬁciant,
3581 1809 3720 1880 quia
3776 1809 3848 1864 ad

449 1896 816 1966 omnipotens
838 1893 991 1947 Deus
1012 1891 1236 1946 meritis
1259 1891 1319 1944 Β.
1339 1889 1546 1944 Leonis
1570 1888 1842 1944 ﬁdelibus
1861 1889 2092 1961 populis
2205 1890 2452 1946 aliorum
2485 1893 2775 1947 narranda
2803 1899 2968 1965 gesta
2997 1911 3398 1967 properamus.

447 1984 774 2049 exhibebat,
807 1997 921 2035 non
957 1979 1146 2034 solum
1181 1996 1293 2033 non
1329 1978 1624 2048 credebat,
1678 1993 1876 2033 verum
1917 1979 2091 2033 etiam

516 2125 663 2197 (ill)
707 2124 972 2179 Cadalous
1003 2127 1204 2177 contra
1236 2119 1632 2176 Alexandrum
1673 2121 1715 2175 ll
1742 2120 1852 2175 fuit
1882 2138 2032 2178 anno
2066 2123 2199 2178 1061
2234 2121 2454 2180 electus
2485 2123 2801 2196 Antipapa,
2837 2126 2921 2181 uti
2947 2127 3204 2183 diximus
3233 2133 3265 2182 2
3323 2127 3616 2184 Februarii
3677 2129 3712 2182 3
3773 2131 3856 2186 ad

439 2213 635 2271 Vitam
668 2211 824 2269 Beati
846 2210 1004 2265 Petri
1034 2209 1302 2265 Damiani
1332 2208 1362 2281 §
1389 2209 1443 2264 5.

441 2382 3835 2409 ——-————————————————_——

1680 2521 1804 2606 ΙΝ
1890 2523 1980 2609 S.
2072 2524 2612 2612 LEONEM

1233 2707 1729 2824 ΝΟἾῚΤῘΑ
1816 2713 1986 2824 EX
2061 2713 2500 2826 GALLlA
2588 2715 3043 2827 ClliilST.

1777 2920 1961 2988 (Tom.
1997 2920 2146 2986 XlIl,
2181 2938 2312 2992 pag.
2344 2922 2494 2991 985.)

507 3208 671 3262 Pater
704 3206 994 3261 Brunonis
1024 3205 1189 3276 Hngo
1234 3204 1620 3258 consobrinus
1665 3210 1788 3258 erat
1827 3205 2074 3260 Conradi
2109 3209 2149 3271 C
2263 3207 2436 3261 Ortus
2469 3212 2557 3261 est
2587 3207 2780 3262 Bruno
2809 3208 2864 3263 in
2890 3209 3126 3265 castello
3149 3210 3393 3277 Alsatize,
3428 3213 3586 3284 quod
3630 3215 3859 3270 dicitur

435 3294 827 3368 imperatoris,
863 3299 1247 3364 cognomento
1280 3291 1449 3347 Salici
1481 3311 1493 3359 ;
1529 3298 1715 3346 mater
1763 3293 1891 3361 ejus
1943 3293 2075 3348 Hei-
2193 3295 2636 3365 Engenesbeim,
2672 3301 2790 3352 toto
2822 3315 3060 3370 corpore
3091 3299 3282 3354 crucis
3314 3300 3500 3372 signis
3533 3301 3854 3374 insignito,

435 3383 688 3449 lewidis,
722 3400 822 3438 seu
847 3381 1120 3448 Helvidis,
1147 3380 1448 3435 nobilitate
1476 3396 1586 3450 pon
1615 3380 1840 3449 impar;
1867 3381 2078 3452 pietate
2189 3400 2243 3436 x1
2277 3384 2518 3437 Kalend.
2551 3385 2688 3439 Julii
2721 3403 2791 3440 an
2827 3388 2980 3441 l082.
3029 3387 3171 3442 Cum
3223 3389 3499 3459 quintum
3547 3391 3860 3464 attigisset

432 3467 2078 3541 hauddissimilcs,quiamplissimumpatrimoniumeon-
2189 3488 2431 3536 annum,
2469 3472 2733 3528 Bertoldo
2773 3475 3032 3532 Tullensi
3085 3477 3358 3549 episcopo
3391 3479 3740 3535 educandus
3793 3486 3858 3536 et

431 3562 639 3617 dendis
669 3560 1046 3616 monasteriis
1077 3559 1396 3630 egenisque
1426 3555 1802 3611 sublevandis
1851 3557 2075 3627 impen-
2188 3559 2394 3615 litteris
2431 3562 2834 3618 informandus
2866 3581 2900 3620 a
2940 3565 3036 3636 pia
3082 3566 3360 3636 genitrice
3419 3565 3680 3634 Helvide,
3713 3586 3854 3640 qua

428 3650 661 3716 derunt,
693 3648 958 3719 exemplo
993 3648 1281 3717 majorum
1315 3661 1580 3699 suorum.
1619 3644 1681 3698 Hi
1737 3661 1802 3698 ex
1844 3647 2074 3715 prmdiis
2186 3666 2316 3703 eum
2344 3651 2469 3720 ipsa
2491 3649 3078 3718 laetaverat,traditus
3109 3660 3215 3709 est.
3240 3655 3363 3718 Qua
3387 3655 3445 3709 in
3463 3655 3668 3712 schola
3692 3659 3852 3714 duos

429 3733 1394 3796 suistriainstitueruntemnobia,
1419 3733 1636 3787 scilicet
1673 3735 1852 3787 Elissa»
1887 3733 1938 3785 in
1971 3735 2071 3786 llH-
2187 3735 2390 3791 hnlmit
2439 3738 2686 3811 collegas
2727 3741 3086 3812 propinquos
3145 3760 3306 3807 suos,
3365 3749 3507 3798 natu
3558 3747 3849 3816 majores,

428 3823 1826 3895 noremsanctiMartini,propeSareburgum,pro
1858 3826 2070 3877 sancti-
2182 3827 2576 3882 Adalberones
2609 3835 2992 3900 nuncupatos,
3012 3847 3262 3902 quorum
3295 3831 3460 3896 alter,
3488 3833 3849 3890 Theoderici

429 3913 990 3981 monialibus;aliud
1009 3913 1287 3975 virorum,
1313 3910 1422 3966 sub
1446 3909 1618 3964 titulo
1642 3911 1826 3964 sancti
1849 3911 2068 3982 Cyriaci
2183 3913 2348 3968 ducis
2380 3914 2557 3980 ﬁlius,
2584 3915 2896 3972 immaturo
2931 3919 3048 3973 fato
3079 3919 3313 3975 functus
3340 3925 3454 3987 est;
3477 3921 3841 3988 alter,Heze~

424 3998 2068 4075 martyris,apudAttorﬁum;alterumquoquepuellarum
2180 4000 2331 4056 lenis
2364 4003 2529 4059 ducis
2561 4007 3462 4080 germanus,magisternepotuli
3488 4011 3581 4068 sui
3604 4011 3843 4068 Bruno-

424 4092 535 4148 sub
566 4091 737 4146 titulo
762 4094 973 4144 sanctae
1005 4089 1222 4149 Crucis,
1260 4091 1398 4156 puta
1438 4085 1955 4141 Woil'enheimium
2007 4087 2066 4142 in
2179 4089 2268 4144 nis
2286 4092 2525 4147 exstitit.
2549 4093 2693 4148 Cum
2718 4099 2959 4165 uterque
2982 4096 3733 4156 inhumanioribuslitteris
3771 4102 3843 4158 in

422 4179 644 4235 Alsatia
675 4195 851 4250 prope
883 4175 1356 4246 Engesheimium
1385 4179 1638 4229 castrum
1675 4192 1871 4239 suum,
1898 4177 2068 4245 cujus
2178 4178 2550 4251 philosophia
2575 4180 3439 4256 claruissent,jurisprudentizs
3470 4188 3670 4244 studio
3701 4205 3846 4246 sese

423 4268 483 4321 in
518 4267 765 4337 gratiam
800 4267 923 4336 ipse
953 4264 1168 4326 Bruno,
1192 4262 1262 4317 ad
1295 4263 1508 4318 summi
1547 4263 1918 4332 pontificatus
1950 4265 2067 4335 api-
2177 4267 2540 4323 addixerunt.
2575 4269 2836 4332 Quadam
2864 4277 3058 4328 autem
3093 4280 3258 4330 nocte
3316 4275 3460 4330 dum
3517 4276 3716 4334 Bruno
3773 4280 3843 4336 in

425 4370 550 4408 cem
583 4353 792 4416 elatus,
826 4352 1048 4407 bullam
1080 4349 1346 4406 indulsit.
1384 4351 1564 4406 Fratri
1598 4351 1681 4404 vel
1713 4353 1896 4405 sorori
1923 4353 2064 4406 Bru-
2176 4360 2365 4411 castro
2397 4357 2872 4428 Engesheimensi
2890 4362 3045 4432 apud
3063 4367 3332 4433 parentes
3357 4381 3516 4432 suos,
3555 4383 3708 4438 quos
3740 4367 3843 4424 in-

423 4441 596 4496 nonis
626 4441 906 4496 tribuitur
934 4440 1193 4494 t’undatio
1227 4440 1516 4510 prioratus
1548 4440 1731 4493 sancti
1758 4439 1978 4500 Quirini
2004 4441 2061 4495 in
2174 4445 2403 4510 viserent,
2438 4445 2496 4499 in
2529 4446 2704 4500 cubili
2738 4455 3128 4520 superaretur,
3163 4468 3455 4508 venenosa
3495 4471 3639 4510 rana
3690 4473 3842 4512 con-

420 4530 664 4596 Alsatia,
686 4546 859 4601 quem
892 4529 1147 4584 Joannes
1178 4529 1247 4583 de
1263 4533 1481 4599 Bayonc
1513 4546 1542 4581 a
1589 4527 1894 4590 lurlnvico,
1921 4528 2062 4583 Bru-
2099 4575 2141 4637 Β
2175 4532 2392 4604 quievit
2413 4550 2588 4605 super
2619 4535 2843 4591 vultum
2875 4539 3025 4608 ejus,
3058 4555 3464 4612 venenumque
3487 4542 3548 4597 in
3581 4547 3841 4618 sangui-

475 4618 591 4637 -A:_
622 4635 711 4637 ____
755 4625 930 4637 ,--_a_,,
991 4635 1002 4637 -
1081 4616 1200 4637 ,ξηιλ
1261 4617 1436 4637 θυι---
1504 4616 1792 4637 --Δ.ιῖι-.-..
1881 4617 2057 4637 Ιὶ.,-..-
2335 4621 2346 4632 ο
2401 4622 2422 4637 n
2479 4623 2536 4637 ιο.
2585 4623 2640 4637 ιι
2682 4623 2693 4637 I
2834 4625 2864 4637 ο.
3145 4629 3177 4637 ..
3285 4635 3292 4637 .
3339 4632 3348 4637 .
3571 4631 3606 4637 --
3801 4636 3806 4637 ,

420 4618 594 4674 nonis
617 4635 719 4673 avo
751 4625 1033 4683 materno,
1081 4616 1205 4671 vult
1261 4617 1441 4670 fuisse
1499 4616 1819 4669 conditum.
1880 4617 2062 4678 Quam
2099 4616 2140 4637 υ
2177 4637 2309 4676 nem
2334 4621 2564 4676 infudit.
2585 4623 2803 4680 Malum
2831 4625 2910 4680 ita
2931 4629 3204 4694 accrevit,
3237 4635 3303 4683 ut
3327 4632 3450 4700 jam
3482 4631 3650 4689 nulla
3676 4616 3843 4690 sani-

421 4707 677 4763 maxime
703 4706 879 4762 nobili
915 4707 1047 4760 huic
1079 4705 1309 4759 familiae
1343 4703 1511 4756 debet
1555 4702 1823 4758 Luticnse
1873 4721 2064 4759 eoeno-
2175 4710 2311 4764 tatis
2334 4727 2466 4782 spes
2488 4717 2832 4767 remaneret.
2860 4715 3047 4783 Forte,
3080 4717 3222 4772 dum
3257 4723 3424 4774 nocte
3448 4719 3648 4777 Bruno
3681 4724 3839 4795 vigi-

419 4795 581 4850 bium
615 4795 883 4850 dioecesis
916 4791 1419 4856 Vesontionensis,
1453 4795 1515 4844 ut
1565 4790 1777 4860 legitur
1828 4793 1882 4845 in
1935 4794 2066 4847 Vita
2176 4797 2339 4864 laret,
2375 4800 2708 4870 conspicere
2737 4803 2982 4858 credidit
3011 4805 3068 4859 S.
3120 4806 3524 4874 Benedictum,
3589 4790 3835 4866 crucem

421 4885 612 4956 ipsius
635 4883 923 4965 Brunonis
947 4882 1056 4936 sub
1082 4879 1317 4935 nomine
1342 4878 1548 4932 Leonis
1573 4879 1641 4932 IX
1664 4896 1824 4950 papae
1849 4882 2066 4952 scripta
2175 4905 2350 4942 manu
2375 4893 2724 4958 gestantem,
2749 4909 2863 4962 qua
2887 4892 2976 4946 hic
2999 4899 3238 4949 sanctus
3254 4911 3545 4952 venenum
3583 4899 3846 4972 dissim»

419 4989 453 5028 a
483 4973 738 5044 Viperto,
773 4971 873 5041 qui
905 4970 989 5024 sic
1019 4969 1316 5038 loquitur:
1353 4989 1378 5015 ‹‹
1409 4967 1571 5021 Pater
1601 4968 1908 5032 Brunonis,
1961 4988 2063 5024 na-
2172 4976 2272 5030 vit.
2301 4976 2654 5031 Monasticen
2687 4977 2742 5031 in
2767 4980 3103 5036 suburbano
3127 4984 3184 5036 S.
3210 4984 3347 5054 Apri
3375 4967 3843 5044 monasterio-ex

421 5061 577 5116 tione
595 5060 953 5115 Teutonicus
975 5056 1344 5128 imperatoris
1363 5057 1609 5109 tlnnradi
1643 5059 2059 5125 consobrinus;
2172 5080 2238 5119 eo
2262 5069 2520 5134 tempore
2543 5065 2798 5120 creditur
2812 5068 3110 5139 amplexus
3127 5071 3328 5127 fuisse.
3347 5075 3636 5144 Equidem
3654 5079 3843 5132 morti

419 5153 888 5230 (ιυονιιῐημιίι-θε
910 5151 965 5201 θῒ
990 5145 1500 5214 εινίνίιῧᾸθοὶθοῐηηί
1518 5146 1790 5216 superbia
1809 5148 2060 5218 generis,
2173 5152 2474 5224 proximus
2496 5152 2614 5208 haec
2637 5155 2706 5209 de
2728 5171 2790 5210 se
2811 5156 3027 5213 dixisse
3051 5159 3329 5215 traditur:
3351 5185 3376 5210 ‹‹
3396 5162 3842 5236 Cellam,quam

417 5237 812 5292 monasticum
845 5236 1110 5291 habitum
1146 5237 1268 5288 tota
1297 5233 1489 5288 cordis
1519 5233 1864 5289 contritione
1893 5251 2062 5291 sum-
2181 5241 2505 5296 monachus
2546 5241 2782 5309 incolui,
2808 5243 2864 5299 in
2890 5248 3318 5317 spatiosissima
3338 5233 3701 5323 palatiajam
3720 5253 3850 5309 du-

416 5323 1094 5398 pserunt,laudabilique
1126 5339 1228 5394 per
1257 5321 1454 5376 omnia
1477 5323 1588 5376 fine
1618 5323 2059 5379 decesserunt...
2168 5327 2310 5382 dum
2329 5329 2441 5383 vidi
2464 5347 2832 5386 conversam.
2863 5354 2888 5380 »
2914 5333 3182 5405 Vipertus
3205 5337 3264 5391 in
3289 5337 3480 5410 ipsius
3504 5321 3641 5397 Vita
3674 5341 3842 5397 allu-

417 5413 561 5486 quin
592 5413 768 5468 etiam
813 5414 1094 5470 Sutrense
1142 5410 1474 5467 cmnobium
1518 5410 1888 5484 patrimoniis
1936 5413 2061 5470 suis
2169 5415 2313 5470 dens
2336 5417 2407 5472 ad
2431 5421 2605 5490 caput
2629 5421 2662 5472 7
2685 5419 2902 5492 regulae
2925 5422 2984 5478 S.
3005 5423 3323 5496 Benedicti,
3350 5427 3472 5484 haec
3493 5429 3578 5485 ait
3607 5447 3619 5484 :
3649 5452 3677 5480 «
3698 5429 3844 5488 Non

417 5499 797 5574 ampliarunt.
832 5524 860 5554 ››
2167 5501 2478 5565 immemor
2508 5507 2598 5564 sui
2617 5508 2828 5582 prioris
2851 5512 3132 5588 propositi
3159 5531 3274 5589 quo
3297 5516 3841 5596 malebatjugiter,
