3964 6206
68 383 188 444 553
1202 381 1529 442 PROLEG.
1562 414 1640 425 —
1672 381 1989 442 NOTITIA
2038 383 2380 443 ALTERA.
3373 381 3493 441 554
3526 434 3528 436 τ

74 512 247 568 credo
271 511 424 584 quod
442 510 623 568 simul
643 527 706 567 ac
725 512 1224 568 consecrationem
1249 513 1607 585 pontiliciam
1635 513 1736 567 Ro-
1767 519 1816 580 Α
1848 515 2260 581 controversia,
2286 531 2461 586 quam
2483 515 2660 570 abbas
2685 515 3099 586 Urspergensis
3124 514 3323 581 refert;
3345 514 3491 568 etde

75 619 184 658 ma:
217 601 561 674 accepisset,
585 600 730 656 nihil
756 601 834 655 ibi
856 607 1142 667 moratus,
1170 603 1477 673 Sipontum
1502 601 1559 656 in
1583 604 1736 673 Apu-
1850 618 1916 655 ea
1950 619 2050 672 pro
2083 620 2188 657 suo
2211 603 2340 657 odio
2364 605 2516 674 quod
2540 604 2948 659 schismaticus
2970 603 3027 658 in
3050 605 3492 674 ltomanospon-

96 692 157 748 ia
177 692 251 747 ad
269 691 624 747 visitandam
648 690 953 746 ecclesiam
978 691 1170 745 Sancti
1193 691 1492 746 Michaelis
1517 692 1570 745 in
1597 709 1738 761 rupe
1851 691 2034 745 tilices
2066 697 2429 763 conceperat,
2465 693 2613 747 male
2652 693 2955 763 judicavit.
2991 693 3204 747 Eodem
3235 695 3494 762 tempore

79 781 350 852 Gargana
379 780 579 845 sitam,
611 782 668 834 et
698 779 768 834 ad
802 779 1190 850 promerenda
1220 780 1373 850 apud
1408 780 1591 834 Deum
1623 779 1741 833 suf—
1849 779 1907 833 in
1931 782 2240 835 Germania
2258 782 2532 850 existens,
2554 782 2844 836 abbatiam
2867 781 3238 848 Fuldensem,
3261 785 3316 834 et
3333 785 3497 834 Bam-

71 869 254 942 fragia
267 873 607 924 sanctorum
625 866 1428 940 angelorum,celeberrimam
1451 869 1577 938 ejus
1597 873 1740 924 tem-
1847 867 2084 936 bergam
2105 870 2226 923 sedi
2247 871 2576 941 apostolicae
2599 871 2845 926 antehac
2870 872 3168 938 donatam,
3199 886 3300 940 pro
3323 870 3497 923 Bene-

74 959 229 1031 poris
253 957 785 1030 peregrinationem
813 956 1149 1011 accurrerit.
1176 957 1256 1010 Ex
1277 956 1386 1011 hac
1408 957 1736 1028 peregrina-
1847 960 2013 1010 vento
2053 957 2250 1012 aliisve
2283 960 2616 1013 civitatibus
2647 959 2952 1029 etjuribus
2987 959 3045 1012 in
3090 958 3253 1012 Italia
3280 959 3349 1012 ab
3384 957 3493 1011 im-

74 1048 230 1103 tione
264 1063 557 1113 reversus,
586 1045 1012 1101 monasterium
1035 1045 1384 1100 Cassinense
1415 1045 1734 1116 ingressus,
1847 1051 2109 1115 peratore
2142 1048 2412 1117 acceptis,
2441 1049 2809 1118 permutavit.
2837 1052 2982 1102 Cum
3006 1047 3383 1102 Nortmannis
3411 1046 3494 1099 in-

73 1140 308 1208 peracto
341 1133 793 1190 ibidem-missze
818 1132 1126 1198 sacriﬁcio,
1152 1150 1255 1205 pro
1282 1133 1602 1190 honoribus
1624 1135 1735 1189 sibi
1846 1132 1996 1186 felici
2033 1134 2229 1205 praelio
2267 1136 2574 1206 pugnavit:
2615 1137 2810 1205 fugato
2855 1137 3011 1191 enim
3059 1141 3176 1190 toto
3215 1134 3488 1201 exercitu,

73 1221 355 1279 exhibitis
372 1221 589 1294 gratias
611 1219 749 1292 egit,
773 1225 830 1276 et
851 1220 1275 1276 monasterium
1291 1220 1467 1276 simul
1491 1221 1735 1276 etabba-
1844 1221 2295 1277 Tcutonicorum
2330 1223 2581 1278 militum
2611 1223 2707 1278 alii
2743 1224 2894 1290 czesi,
2921 1224 3018 1278 alii
3045 1225 3196 1294 capti
3221 1225 3489 1289 inerunt;

73 1309 742 1383 tem’multisprivilegiis
758 1308 1326 1365 donavit.Tullensis
1341 1309 1737 1365 Ecclesiactan-
1845 1309 1961 1364 imo
1995 1311 2116 1380 ipse
2139 1313 2392 1382 pontifex
2437 1312 2492 1365 in
2522 1313 3017 1367 Nortmannorum
3051 1330 3260 1367 manus
3292 1329 3355 1365 ac
3387 1328 3493 1382 po-

69 1419 166 1474 tus
191 1405 418 1456 amator
437 1397 677 1466 exstitit,
699 1402 760 1452 ut
781 1397 1021 1452 titulum
1040 1398 1291 1468 priorem
1308 1397 1602 1454 'l‘ullensis
1622 1401 1736 1470 epi-
1843 1402 2113 1453 testatem
2139 1400 2438 1466 venit,non
2471 1401 2594 1455 sine
2624 1401 2979 1456 vincentium
3003 1403 3492 1456 Nortmannorum

71 1492 346 1562 scopatus
366 1485 1733 1559 relinquerenonvoluerit.Patrin:oniumsuum
1845 1487 2041 1542 dolore
2091 1493 2146 1542 et
2198 1489 2553 1560 pcenitentia.
2604 1490 2763 1545 Unde
2813 1491 3030 1544 factum
3081 1490 3234 1560 quod
3279 1487 3488 1554 eidem,

74 1576 438 1652 impenditin
474 1575 823 1632 erectionem
863 1574 1204 1630 monasterii
1256 1575 1481 1631 Sancta:
1509 1578 1730 1647 Crucis,
1844 1593 2180 1646 quanquam
2215 1578 2400 1634 victus
2429 1582 2600 1645 esset,
2643 1579 2714 1634 ob
2769 1578 3145 1634 reverentiam
3195 1574 3496 1649 apostolici

71 1667 331 1738 illudque
351 1663 740 1738 amplissimis
763 1663 1090 1719 redditibus
1114 1663 1511 1735 locupletavit.
1539 1666 1732 1722 Rebus
1844 1663 2138 1731 culminis,
2174 1666 2231 1719 in
2262 1667 2537 1722 omnibus
2569 1671 2847 1738 tanquam
2870 1667 3071 1722 victori
3095 1684 3315 1723 morem
3339 1682 3494 1737 gere-

76 1754 346 1812 Ecclesize
377 1754 438 1808 in
470 1752 639 1809 Italia
666 1751 1030 1824 compositis,
1065 1751 1222 1808 venit
1253 1752 1310 1806 in
1336 1753 1730 1820 Germaniam,
1845 1757 1992 1819 rent,
2029 1753 2342 1826 ipsumque
2375 1773 2508 1810 cum
2538 1757 2662 1811 suis
2694 1755 2990 1823 omnibus,
3025 1762 3195 1828 prout
3224 1755 3491 1827 petierat,

76 1843 416 1914 habitisque
443 1841 656 1898 ibidem
693 1840 956 1897 conciliis
988 1839 1277 1912 pluribus,
1315 1843 1502 1912 quoad
1538 1861 1732 1900 mores
1764 1883 1811 1947 B
1846 1839 2169 1896 relaxarent
2190 1847 2244 1896 et
2265 1843 2579 1898 honorilice
2601 1843 2660 1897 in
2685 1844 2877 1899 locum
2901 1861 3076 1915 quem
3099 1843 3271 1899 vellet
3294 1847 3490 1898 tutum

78 1933 348 1990 eamdem
380 1931 725 1988 reformavit.
745 1931 1010 2002 Cumque
1032 1946 1099 1986 ex
1121 1929 1320 1986 Galliis
1343 1930 1402 1985 in
1423 1931 1648 1987 Italiam
1673 1950 1734 1988 se
1764 1929 1811 1947 "
1843 1929 2218 1986 deducerent.
2255 1932 2460 1987 Petrus
2491 1932 2778 1998 Damiani,
2812 1933 2870 1986 in
2903 1933 3146 2004 epistola
3176 1933 3242 1987 ad
3283 1932 3492 1986 Firmi-

77 2022 380 2088 conferret,
414 2036 485 2076 ex
505 2019 880 2090 Lotharingia
901 2035 1102 2074 secum
1126 2019 1290 2074 duxit
1317 2019 1730 2088 Humbertum,
1843 2035 1985 2073 num
2008 2019 2368 2090 episcopum,
2394 2021 2671 2075 adversus
2696 2021 2945 2076 Leonem
2971 2019 3122 2076 bella
3145 2023 3490 2074 tractantem

78 2111 259 2167 virum
299 2108 463 2165 omni
501 2109 715 2164 virtute
748 2112 803 2163 et
835 2108 1102 2163 doctrina
1148 2107 1729 2179 excellentissimum,
1842 2111 1897 2163 et
1922 2107 2274 2163 militaribus
2297 2108 2480 2180 copiis
2506 2126 2566 2163 se
2585 2108 2926 2164 miscentem
2945 2109 3180 2180 scripsit
3203 2124 3214 2162 :
3241 2123 3492 2178 eumque

82 2215 318 2271 eumque
348 2199 420 2255 ad
455 2197 902 2269 praedicandum
923 2195 1136 2252 Siculis
1158 2197 1398 2252 verbum
1421 2197 1521 2252 Dei
1543 2198 1731 2254 archi-
1843 2195 1950 2251 hac
1982 2197 2050 2252 de
2085 2214 2163 2265 re,
2195 2199 2364 2268 quasi
2395 2215 2516 2252 rem
2550 2198 2763 2253 malam
2794 2202 2850 2253 et
2879 2197 3268 2254 ecclesiastico
3299 2196 3491 2252 ordini

83 2288 406 2361 episcopum
424 2287 744 2355 ordinavit,
771 2303 840 2341 ex
862 2303 975 2357 quo
998 2289 1199 2357 postea
1220 2290 1432 2342 sancta:
1458 2287 1730 2342 Romanae
1842 2287 2342 2343 inconvenientem
2365 2289 2564 2359 egerit,
2591 2288 2963 2360 reprehendit
2985 2292 3042 2343 et
3061 2287 3360 2360 suggillat.
3378 2287 3489 2343 Sed

83 2377 335 2434 Ecclesiae
375 2377 573 2432 factus
621 2378 712 2431 est
751 2374 1084 2432 cardinalis.
1145 2375 1462 2446 Donatiqne
1503 2376 1731 2432 abbatis
1843 2393 1975 2430 cum
1999 2375 2104 2430 hac
2125 2377 2194 2431 de
2215 2393 2274 2432 re
2311 2376 2480 2432 aliter
2503 2377 2773 2433 universa
2801 2378 3015 2432 sentiat
3032 2377 3304 2446 Ecclesia,
3332 2376 3493 2448 igno-

83 2464 413 2523 monasterii
444 2464 650 2522 Sancti
677 2463 923 2536 Remigii
959 2463 1018 2518 in
1061 2462 1248 2518 Gallia
1297 2469 1633 2536 susceperat
1661 2465 1729 2519 li-
1841 2465 2121 2520 scendum
2154 2469 2243 2521 est
2273 2467 2541 2522 maerenti
2572 2466 2824 2522 eremitae
2857 2466 2957 2538 qui
2988 2465 3412 2521 Germanorum
3436 2468 3495 2520 et

84 2574 284 2631 gneum
301 2555 597 2628 scyphum
617 2553 1039 2610 benedictionis
1058 2570 1236 2610 causa
1253 2553 1729 2627 oblatum,quem
1840 2553 2138 2610 Gallorum
2173 2555 2442 2611 loricatos
2472 2561 2529 2611 et
2568 2556 2825 2628 galeatos
2869 2555 3172 2628 episcopos
3207 2553 3490 2627 perstrin-

85 2663 174 2719 pro
195 2642 879 2716 amoretantipontilicis
899 2643 1065 2700 valde
1087 2643 1728 2716 observabat;quicum
1840 2659 2002 2714 gens,
2038 2643 2255 2716 stylum
2286 2644 2465 2699 nimis
2523 2645 2754 2715 laxavit,
2809 2649 2883 2710 et,
2935 2649 2995 2699 ut
3042 2645 3100 2699 in
3149 2642 3491 2715 hujusmodi

85 2738 145 2792 de
172 2754 339 2794 manu
370 2733 624 2792 ferentis
648 2732 904 2788 ministri
927 2749 1065 2789 casu
1087 2731 1417 2800 decidisset,
1439 2737 1494 2788 et
1513 2733 1731 2789 fractus
1840 2732 2144 2788 affectibus
2163 2733 2496 2804 frequenter
2514 2734 2771 2790 accidere
2789 2734 2962 2802 solet;
2984 2737 3197 2789 metam
3211 2735 3491 2806 redargu-

89 2826 290 2894 fuisset,
326 2824 501 2881 valde
556 2821 942 2878 contristatae
992 2838 1122 2877 eam
1173 2822 1245 2876 ob
1299 2838 1417 2877 rem
1451 2822 1727 2894 pontifex,
1839 2820 3492 2895 tionisexcessit.PetruspatriarchaAntiochenussapiens

83 2915 243 2984 jussit
270 2914 380 2972 sibi
412 2914 756 2986 fragmenta
785 2910 974 2968 oll‘erri
1007 2910 1426 2984 prrsmissaque
1447 2911 1728 2980 oratione,
1841 2927 1968 2982 quae
2003 2915 2141 2966 sunt
2171 2910 2468 2967 catholica:
2501 2913 2656 2978 fidei,
2690 2913 2865 2968 simul
2901 2929 2965 2967 ac
3006 2917 3234 2968 creatus
3267 2916 3355 2968 est
3384 2929 3491 2984 pa-

85 3005 244 3062 altera
264 3023 400 3077 pars
429 3001 608 3060 alteri
635 3001 912 3071 adjuncta
935 2999 1063 3056 fuit.
1089 3001 1496 3072 Presbyterum
1520 3017 1728 3074 quem-
1842 2999 2113 3069 triarcha,
2151 3017 2310 3055 more
2351 3002 2663 3071 majorum,
2721 3001 3015 3057 catholicae
3061 3005 3117 3057 et
3163 3001 3492 3074 apostolica}

89 3094 224 3163 dam,
257 3095 355 3167 qui
388 3110 493 3166 per
541 3089 963 3148 cancellarium
1012 3090 1167 3146 sedis
1216 3089 1564 3162 apostolicae,
1597 3091 1732 3146 data
1842 3087 2103 3143 Ecclesiae
2154 3089 2632 3146 communionem
2681 3107 2783 3162 per
2834 3090 3139 3163 epistolam
3195 3108 3313 3147 una
3358 3106 3493 3146 cum

91 3184 312 3254 pecunia
330 3178 1562 3255 corruptum,litterasabsolutionisfurtim
1581 3179 1729 3234 obti-
1771 3249 1801 3255 _
1842 3175 1975 3231 fidei
2012 3178 2372 3248 professione
2403 3180 2472 3234 ad
2508 3184 2754 3235 Leonem
2788 3180 3032 3235 missam
3064 3179 3374 3252 expetivit;
3412 3183 3490 3248 et,

92 3249 206 3329 nere
233 3249 566 3341 studuerat,
605 3268 847 3325 redditis
873 3268 955 3324 illi
987 3285 1116 3324 cum
1154 3268 1566 3341 imprecatione
1596 3286 1730 3340 apo-
1761 3249 1802 3315 Ο
1844 3272 1905 3320 ut
1935 3282 2003 3320 ex
2034 3268 2257 3322 reddita
2298 3268 2506 3323 Leonis
2553 3268 2801 3340 epistola
2849 3274 3098 3338 constat,
3137 3249 3490 3341 impetravit.

92 3361 272 3417 stolica
301 3359 662 3417 muneribus
681 3357 1056 3413 dementavit.
1084 3379 1110 3407 «
1139 3357 1405 3421 Quandiu
1429 3357 1620 3413 Romae
1645 3374 1726 3414 re-
1834 3358 1973 3409 Post
2004 3360 2302 3428 acceptam
2331 3361 2388 3412 et
2419 3358 2729 3412 refutatam
2755 3358 2996 3429 impiam
3016 3357 3316 3414 Michaelis
3345 3360 3492 3414 Con-

93 3455 329 3508 moratus
361 3455 471 3519 est,
512 3447 719 3519 inquit
761 3447 870 3503 Leo
919 3445 1228 3514 Ostiensis,
1275 3447 1727 3520 omnitempore
1837 3444 2340 3516 stantinopolitani
2399 3446 2740 3517 patriarchae
2802 3447 3134 3518 epistolam,
3197 3464 3298 3518 pro
3351 3463 3493 3518 pace

92 3539 256 3596 tribus
280 3557 380 3613 per
401 3535 844 3596 hebdomadam
861 3533 1068 3590 diebus
1098 3552 1131 3590 a
1153 3535 1526 3592 Lateranensi
1551 3535 1727 3592 eecle-
1838 3537 1994 3592 inter
2027 3533 2260 3589 Latinos
2291 3539 2348 3589 et
2397 3538 2620 3589 Graecos
2671 3535 3057 3603 concilianda,
3107 3539 3162 3590 et
3193 3552 3295 3606 pro
3338 3535 3491 3592 bello

92 3627 165 3684 sia
192 3647 373 3702 usque
404 3630 477 3685 ad
504 3630 795 3685 Sanctum
831 3625 1064 3680 Petrum
1109 3623 1332 3696 privato
1363 3625 1590 3694 habitu,
1620 3643 1726 3681 nu-
1841 3623 2120 3679 adversus
2139 3623 2530 3678 Nortmannos
2549 3623 2928 3689 conficiendo,
2954 3622 3305 3695 legationem
3331 3623 3496 3680 misit

90 3715 279 3789 disque
291 3718 562 3788 pedibus,
585 3730 716 3770 cum
735 3713 966 3769 duobus
984 3716 1084 3768 aut
1107 3712 1293 3768 tribus
1311 3713 1536 3769 clericis
1556 3719 1728 3770 noctu
1841 3710 2397 3781 Constantinopolim
2431 3712 2499 3766 ad
2541 3712 2988 3767 Constantinum
3041 3712 3494 3770 Monomachum

90 3805 379 3874 psallendo
411 3808 467 3861 et
495 3804 719 3860 orando
768 3802 1063 3875 pergebat.
1102 3825 1128 3850 »
1178 3803 1474 3858 Decimam
1508 3811 1730 3875 partem
1847 3803 2280 3872 imperatorem.
2337 3801 2751 3872 Fungebantur
2799 3799 3088 3872 legatione
3135 3801 3496 3858 Humbertus

91 3895 460 3963 oblationum,
489 3909 642 3966 quas
659 3893 1113 3964 praedecessores
1136 3891 1195 3946 in
1219 3909 1392 3947 suum
1415 3910 1586 3948 usum
1603 3910 1737 3949 con-
1845 3891 2156 3962 episcopus
2184 3888 2349 3944 Silvae
2373 3890 2664 3957 Candidce,
2692 3889 3022 3945 Friderieus
3046 3889 3496 3947 archidiaconus

92 3987 289 4040 vertere
312 3985 763 4050 consueverant,
796 3982 919 4053 ipse
962 3979 1198 4036 utilitati
1237 3981 1487 4037 basilica:
1519 3982 1733 4054 princi-
1845 3978 2249 4045 cancellarius,
2281 3978 2626 4046 cardinales,
2663 3984 2715 4033 et
2747 3981 2950 4035 Petrus
2972 3980 3280 4052 episcopus
3306 3979 3502 4036 Amal-

94 4071 169 4139 pis
185 4074 581 4145 apostolorum
601 4071 799 4127 cessit.
835 4071 1175 4126 Suenonum
1198 4074 1490 4126 Danorum
1516 4087 1734 4143 regem,
1845 4067 2143 4140 phitanus.
2171 4067 2383 4123 Rerum
2404 4068 2475 4122 ab
2499 4068 2644 4139 ipsis
2667 4068 3169 4140 Constantinopoli
3195 4073 3494 4142 gestarum

96 4167 454 4230 cognomento
488 4163 797 4235 Magnum,
832 4157 1011 4214 trium
1042 4175 1358 4231 regnorum
1406 4159 1734 4227 dominum,
1848 4156 2327 4232 commemoratio
2370 4156 2558 4212 brevis
2589 4161 2646 4212 et
2677 4157 2972 4213 succincta
2998 4162 3185 4215 exstat
3215 4160 3369 4231 apud
3393 4163 3497 4216 Ba-

99 4249 572 4321 coegitdimittere
595 4265 1031 4320 uxoremquam
1055 4248 1278 4303 dixerat
1303 4248 1732 4304 consobrinam.
1849 4245 2100 4300 ronium.
2137 4249 2464 4318 Antequam
2507 4263 2540 4301 a
2585 4246 2869 4318 legatione
2914 4252 3356 4318 reverterentur,
3392 4250 3499 4305 Be-

100 4337 171 4390 Ad
189 4341 622 4412 componendas
640 4337 1040 4394 dissensiones
1073 4337 1223 4392 inter
1259 4337 1740 4409 imperatoremet
1851 4335 2080 4390 neventi
2101 4334 2432 4392 inﬁrmatus
2462 4337 2519 4391 in
2551 4337 2829 4393 comitatu
2861 4337 3128 4394 Gunfridi
3152 4339 3500 4396 Nortmanni

99 4427 362 4486 Andream
383 4426 1482 4502 Hungariae,Romaevocatusvenitin
1506 4426 1740 4483 Germa-
1849 4423 1988 4480 olim
2037 4425 2224 4480 hostis
2274 4425 2385 4490 sui,
2450 4426 2690 4481 Romam
2738 4426 2985 4495 delatus,
3051 4434 3250 4485 sancte
3297 4434 3354 4486 et
3403 4429 3496 4501 pie

102 4511 272 4570 niam:
303 4517 404 4572 sed
438 4516 694 4573 delusus
737 4531 770 4568 a
816 4529 950 4586 rege
997 4513 1304 4586 Hungaria:
1336 4513 1480 4568 nihil
1529 4514 1738 4570 eli‘ecit.
1853 4513 2204 4569 obdormivit
2235 4515 2292 4569 in
2316 4515 2561 4570 Domino
2583 4533 2678 4571 xxv
2700 4516 2985 4572 Kalendas
3008 4517 3164 4585 Maii,
3186 4524 3497 4592 postquam

106 4600 366 4661 Adversus
385 4606 794 4662 Nortmannos
814 4602 1484 4674 auxiliumimperatoris
1505 4602 1670 4674 petiit
1685 4608 1741 4659 et
1773 4624 1819 4686 ι)
1852 4602 2101 4658 sedisset
2131 4621 2313 4658 annos
2337 4607 2392 4673 5,
2427 4622 2659 4660 menses
2704 4610 2738 4659 2
2768 4610 2823 4661 et
2872 4606 2996 4662 dies
3044 4610 3096 4663 8.
3132 4609 3408 4682 Sepultus
3439 4608 3499 4662 in

100 4686 426 4761 impetravit.
461 4696 616 4751 Cum
651 4691 986 4747 Wormatia
1037 4708 1154 4747 una
1203 4708 1337 4746 cum
1392 4689 1739 4764 imperatore
1851 4691 3497 4772 basilicasanctiPetri,juxtasepulcrumsanctiGregorii,

103 4780 328 4838 natalem
343 4781 766 4856 Redemptoris
780 4779 1111 4850 celebraret,
1132 4784 1363 4852 postero
1377 4780 1488 4847 die,
1511 4785 1744 4853 propter
1853 4781 2150 4836 miraculis
2178 4781 2569 4838 celeberrimis
2593 4783 2818 4838 claruit.
2853 4785 3110 4841 Cessavit
3131 4787 3502 4860 episcopatus

103 4863 510 4928 inobedientem
546 4872 872 4927 diaconum
904 4870 1242 4925 auctoritate
1274 4868 1591 4940 apostolica
1621 4887 1747 4926 sus-
1855 4887 2087 4927 menses
2119 4871 2388 4928 undecim
2421 4876 2475 4928 et
2502 4873 2626 4930 dies
2657 4873 2860 4947 viginti
2891 4878 3162 4946 quatuor.

103 4969 350 5032 pensum,
373 4962 487 5035 ipsi
512 4976 656 5018 cum
681 4956 986 5030 Luitpoldo
1009 4957 1350 5031 Moguntino
1371 4961 1499 5016 orta
1519 4958 1629 5016 fuit
1648 4957 1748 5017 illa

419 5808 692 5878 PATROL.
743 5808 995 5877 CXLIII.
3123 5805 3199 5864 18
