3964 6206
402 424 518 485 555
1776 428 1835 483 S.
1883 424 1967 486 LE

2250 433 2291 487 A
2308 429 2428 488 PA.
2602 490 2611 497 ,
3693 430 3810 493 556

1312 701 1457 788 DE
1520 700 2151 790 SCHISMATE
2212 703 2903 793 GIUECOBUM

860 880 993 936 PER
1030 856 1451 936 MlCHAELEM
1490 878 1960 934 CERULARIUM
2004 878 2075 933 ΙΝ
2119 878 2483 935 ROMANAM
2523 880 2919 939 ECCLESIAM
2969 883 3326 941 EXCITATO

1521 1031 1584 1092 Ε
1590 1041 1613 1091 t
1650 1031 1722 1091 de
1764 1050 1963 1091 eorum
2009 1029 2254 1109 objectis
2298 1032 2359 1090 in
2403 1032 2667 1094 Latinos.

1002 1191 1242 1263 (Mabill.
1276 1192 1404 1247 Acta
1432 1191 1511 1248 SS
1563 1190 1678 1245 0rd.
1710 1191 1767 1245 S.
1804 1189 2022 1257 Bcncd.,
2053 1188 2255 1245 Smculi
2288 1189 2363 1244 Vl
2395 1195 2556 1262 parte
2589 1209 2651 1258 Π,
2687 1193 2894 1263 Praef.,
2928 1210 3059 1267 pag.
3097 1199 3183 1265 In)

1889 1347 2229 1359 ——_——-

467 1451 666 1508 l.Jam
679 1450 818 1508 anni
832 1450 947 1507 fere
960 1450 1567 1508 ducentiaschismate
1580 1450 1859 1505 Photiano
1877 1447 2037 1503 efflu-
2066 1446 2120 1511 Α
2149 1462 2272 1501 cem
2304 1452 2360 1502 et
2385 1449 2630 1505 fratrum
2649 1462 2927 1507 amorem.
2944 1452 3205 1524 Denique
3221 1454 3413 1511 multa
3430 1457 3635 1515 itidem
3650 1463 3807 1534 apud

392 1544 617 1608 xerant,
650 1555 786 1595 cum
815 1540 1064 1595 necdum
1095 1540 1241 1595 bene
1271 1540 1523 1595 obducta
1561 1538 1777 1593 cicatrii
1800 1554 1847 1593 ρ,
1882 1536 2037 1591 aliud
2152 1535 2872 1610 oricn'alcstolerari,quee
2888 1544 3020 1613 post
3038 1541 3526 1603 multumlaboris
3541 1550 3806 1605 acstudii

395 1646 513 1685 non
536 1628 733 1684 minus
746 1627 1528 1701 perniciosum,ethactenus
1546 1625 2040 1681 inSunaLile.'x0r-
2152 1641 2185 1676 n
2214 1642 2261 1673 in
2285 1642 2301 1695 ι
2326 1626 2579 1680 oturrint
2598 1628 2883 1683 exscindi.
2906 1629 3068 1693 Quod
3111 1630 3429 1701 si‘eorum,
3469 1636 3682 1707 inquit,
3706 1638 3807 1710 qui

393 1722 522 1773 tum
542 1721 650 1774 est.
676 1717 811 1772 Post
831 1720 1078 1772 mortem
1097 1715 1311 1789 quippe
1333 1716 1515 1771 Alexii
1543 1714 1883 1787 patriarcha:
1902 1714 2043 1768 Con-
2150 1713 2258 1766 sub
2282 1714 2448 1769 nobis
2472 1714 2709 1787 degunt,
2735 1717 3066 1789 superiores
3101 1720 3343 1778 evadere
3376 1740 3494 1780 non
3518 1724 3806 1795 valemus,

392 1804 916 1877 stantinopolitani,
942 1822 1071 1876 quae
1093 1822 1245 1860 anno
1264 1804 1574 1860 millesimo
1591 1802 2040 1875 quadragesimo
2149 1817 2264 1871 quo
2289 1806 2454 1872 pacto
2476 1801 2638 1858 illam
2656 1808 2888 1875 gentem
2907 1808 3221 1878 superbam
3235 1809 3485 1883 altaeque
3506 1815 3751 1873 cervicis
3771 1832 3806 1871 a

393 1899 622 1967 quarto,
655 1910 856 1950 mense
889 1893 1200 1949 Februario
1233 1893 1466 1955 accidit,
1490 1893 1841 1964 subrogatus
1872 1892 1961 1946 est
1981 1890 2039 1945 in
2149 1887 2273 1943 suis
2295 1891 2821 1947 consuetudinibus
2845 1910 3110 1951 revocare
3132 1899 3496 1968 poterimus?
3514 1905 3801 1960 Ceterum

391 1985 519 2055 ejus
543 1983 737 2038 locum
771 1981 1037 2049 Michael,
1073 1986 1455 2055 cognomento
1493 1981 1844 2040 Cerularius.
1870 1982 1964 2050 qui
2009 1998 2042 2034 a
2150 1995 2265 2031 non
2289 1978 2452 2033 facile
2476 1997 2645 2035 aures
2672 1983 3012 2051 praebendas
3034 1985 3308 2041 inanibus
3340 1987 3671 2058 calumniis,
3698 2007 3806 2047 nec

388 2073 608 2128 Joanne
637 2087 914 2143 germano
945 2068 1243 2126 Michaelis
1282 2070 1651 2142 imperatoris
1687 2069 1745 2125 in
1769 2068 2039 2125 exsilium
2149 2067 2583 2137 suspicionibus
2614 2074 2831 2125 temere
2875 2070 3206 2128 habendam
3255 2074 3446 2131 ﬁdem.
3480 2098 3509 2126 υ
3540 2077 3797 2135 Domum
3840 2110 3847 2115 .

392 2164 558 2216 actus
606 2159 798 2217 fuerat
845 2159 919 2215 ob
960 2158 1331 2232 tyrannidem
1390 2159 1739 2219 affectatam,
1788 2163 2040 2212 testante
2148 2154 2460 2224 epis'olam
2491 2157 2571 2211 ita
2593 2157 2889 2214 concludit
2914 2177 2927 2214 :
2956 2185 2982 2209 «ι
3003 2165 3193 2232 Atque
3211 2162 3317 2218 hoc
3342 2164 3599 2221 divinam
3622 2170 3798 2223 tuam

389 2249 614 2306 Joanne
633 2247 1003 2321 Curopalata.
1026 2247 1176 2303 Hinc
1207 2247 1533 2319 necphytus
1560 2247 1631 2302 ad
1655 2244 2040 2318 patriarchale
2149 2242 2571 2299 beatitudinem
2611 2247 2916 2303 admittere
2948 2247 3255 2318 exhortor;
3296 2268 3386 2319 ne,
3418 2253 3562 2309 dum
3593 2255 3807 2312 omnia

389 2341 622 2394 evectus
653 2336 977 2409 fastigium,
1020 2335 1408 2391 Alexandrino
1456 2338 1513 2389 et
1558 2334 1921 2390 Antiocheno
1945 2350 2040 2406 pa-
2148 2332 2737 2402 requirimus,omnia
2754 2336 3114 2392 amittamus.
3136 2339 3805 2416 nliaacepistolascripta

389 2423 662 2481 triarchis
692 2440 831 2480 suas
862 2424 1271 2496 praerogativae
1310 2422 1613 2479 detrahere
1641 2427 1902 2489 conatus,
1936 2422 2040 2478 de-
2148 2424 2238 2475 est
2263 2424 2395 2492 post
2416 2425 2662 2477 mortem
2698 2423 2904 2480 Leonis
2925 2441 3109 2497 papae,
3130 2443 3256 2499 quae
3293 2444 3447 2485 anno
3478 2430 3617 2486 1054
3650 2433 3803 2488 occi-

392 2528 557 2568 mum
583 2511 643 2566 in
674 2512 1005 2568 Romanum
1035 2511 1392 2584 pontiﬁcem,
1425 2514 1724 2583 totamque
1772 2511 2039 2567 Latinam
2149 2510 2256 2577 dit,
2287 2510 2458 2580 cujus
2490 2513 2811 2567 successori
2846 2513 3223 2571 scribendum
3254 2521 3455 2574 monet
3483 2518 3713 2590 Petrus,
3739 2525 3807 2577 ut

391 2599 710 2657 Eculesiam
738 2616 801 2657 se
831 2601 1134 2666 convertit,
1168 2600 1357 2673 specie
1386 2594 1619 2671 quidem
1666 2603 1733 2654 ut
1761 2616 1893 2656 cum
1927 2600 2037 2656 Ro-
2147 2598 2375 2667 objecta
2401 2598 2487 2653 vel
2523 2605 2692 2671 neget
2718 2600 2807 2656 vel
2830 2606 3084 2659 excuset.

392 2706 567 2746 mano
597 2689 871 2763 pontifice
904 2693 964 2745 et
1011 2689 1216 2744 Latina
1260 2687 1519 2744 Ecclesia
1566 2691 2037 2745 communionem
2218 2689 2270 2740 2.
2304 2686 2517 2742 Verum
2556 2689 2664 2743 Leo
2694 2706 2864 2761 papa,
2897 2693 3127 2764 urgenti
3160 2692 3315 2750 malo
3339 2712 3597 2767 praesens
3618 2714 3806 2756 reme-

393 2778 655 2846 sarciret,
688 2778 791 2834 sed
822 2795 883 2834 re
908 2777 1036 2849 ipsa
1066 2781 1131 2833 ut
1157 2795 1365 2834 causas
1396 2778 1629 2850 utrique
1674 2778 2031 2834 conviciandi
2066 2809 2113 2874 Β
2147 2774 2312 2874 dium
2346 2776 2740 2874 adhibiturus,
2760 2777 2982 2874 legatos
3004 2797 3138 2874 cum
3162 2780 3376 2840 litteris
3408 2785 3702 2843 direxerat
3724 2790 3804 2845 ad

393 2872 677 2942 quareret
714 2884 780 2924 ac
827 2871 1182 2940 prmtexeret.
1236 2868 1399 2923 Tunc
1450 2868 1721 2923 Romanae
1769 2867 2033 2923 Ecclesiae
2067 2862 2111 2874 “’
2142 2862 2591 2919 Constantinum
2627 2866 3078 2924 Monomachum
3112 2870 3548 2943 imperatorem,
3573 2875 3807 2933 scilicet

390 2961 635 3033 prestat
647 2957 758 3013 Leo
778 2956 870 3025 IX,
894 2956 1143 3015 Damaso
1161 2956 1415 3012 secundo
1437 2957 1718 3013 suffectus
1740 2974 1891 3013 anno
1911 2956 2037 3011 mil-
2142 2951 2529 3008 Humbertum
2545 2954 2898 3011 cardinalem
2912 2961 2967 3012 et
2977 2958 3340 3032 episcopum,
3358 2966 3596 3020 Petrum
3608 2965 3809 3022 Amal-

388 3048 596 3105 lesimo
628 3046 1075 3120 quadragesimo
1110 3062 1285 3113 nono,
1318 3062 1432 3117 quo
1462 3050 1722 3119 tempore
1760 3047 1941 3103 Grzeci
1975 3047 2035 3102 in
2145 3039 2449 3111 phitanum
2494 3042 3018 3116 archiepiscopum,
3069 3051 3126 3102 et
3170 3048 3529 3107 Fridericum
3577 3060 3806 3111 sanctae

389 3136 604 3209 Apulia
616 3135 1261 3206 contraimperiatorem
1285 3133 1719 3190 rebellaverant.
1744 3137 1859 3190 [lac
1879 3153 1954 3191 OCt

2243 3146 2418 3184 mante
2450 3131 2712 3187 Ecclesia:
2736 3133 3186 3203 cancellarium;
3220 3140 3343 3208 qui,
3392 3141 3629 3198 visitata
3683 3145 3808 3215 pri-

390 3229 554 3282 sioue
574 3224 908 3281 Cerularius
933 3224 1158 3280 litteras
1180 3223 1414 3295 scripsit
1433 3224 1501 3279 ad
1528 3225 1774 3279 Leonem
1800 3242 2034 3297 papam,
2145 3234 2310 3271 mum
2339 3218 2639 3273 UaSiDBDSi
2674 3222 3048 3288 monasterio.
3080 3230 3148 3279 ut
3177 3241 3295 3280 suae
3320 3227 3633 3299 legationis
3666 3248 3807 3287 suc-

387 3332 513 3372 cum
537 3315 734 3382 multa,
764 3313 1135 3386 utipse(lt2)
1163 3312 1374 3380 aiebat,
1408 3314 1751 3368 humilitate:
1771 3335 1799 3363 «
1822 3318 1947 3369 tum
1973 3321 2037 3371 ut
2145 3321 2375 3361 cessum
2408 3307 2523 3361 Ι)θο
2554 3310 3054 3377 commendarent,
3087 3311 3146 3367 in
3179 3314 3383 3371 urbem
3416 3319 3642 3390 regiam
3674 3337 3811 3391 pro-

393 3406 504 3461 Leo
566 3419 702 3458 cum
759 3401 971 3458 Graecis
1018 3401 1220 3456 eadem
1284 3400 1546 3468 sentiret,
1602 3408 2035 3474 removeretque
2145 3392 2277 3448 fecti
2310 3398 2467 3448 sunt.
2503 3398 2618 3450 Hos
2655 3396 2901 3468 benigne
2931 3404 2989 3453 et
3014 3399 3331 3459 honorifice
3363 3407 3588 3476 excepit
3620 3407 3807 3480 impe-

389 3490 668 3550 scandala
732 3507 863 3563 quas
908 3492 977 3545 de
1028 3489 1248 3545 Latinis
1296 3491 1834 3546 circumferebantur
1882 3493 1954 3547 cii

2240 3499 2317 3549 or,
2338 3488 2539 3538 contra
2555 3501 2731 3555 quam
2752 3485 3106 3553 Cerularius,
3131 3506 3307 3561 quem
3328 3492 3500 3564 legati
3520 3495 3577 3548 in
3603 3511 3805 3550 errore

388 3580 767 3639 orthodoxam
798 3580 993 3646 ﬁdem,
1027 3584 1155 3633 tum
1194 3584 1260 3634 ut
1289 3579 1482 3650 ipsum
1534 3579 1648 3635 sibi
1692 3580 2032 3636 benevolum
2144 3571 2521 3626 obtirmatum
2578 3574 2949 3630 anathemate
2996 3578 3384 3647 perculerunt.
3436 3580 3802 3639 Humbertus

384 3671 671 3738 redderet,
699 3685 814 3741 quo
846 3686 948 3742 per
967 3684 1102 3723 eum
1138 3668 1486 3723 Francorum
1520 3668 1806 3727 auxilium
1833 3675 2035 3725 contra
2142 3660 2400 3731 primum
2442 3662 2690 3716 Mediani
2740 3665 3078 3719 monasterii
3126 3666 3187 3720 in
3247 3667 3510 3724 Tullensi
3559 3671 3798 3728 dioecesi

385 3761 613 3817 Graecos
636 3757 1228 3830 rebellesimperatori
1245 3762 1633 3828 procuraret.»
1656 3758 1871 3813 Eodem
1885 3762 2032 3813 tem-
2142 3748 2483 3811 mODEChUS.
2509 3750 2761 3821 indeque
2788 3751 3031 3807 Romam
3058 3755 3349 3825 profectus
3367 3773 3502 3813 cum
3527 3760 3800 3818 Brunone

385 3866 522 3923 pore
551 3848 755 3905 Petrus
778 3847 1110 3919 patriarcha
1142 3862 1325 3901 novus
1361 3846 1613 3901 ecclesia;
1635 3846 2029 3909 Antiocheam,
2141 3837 2322 3893 electo
2354 3838 2642 3909 pontiﬁce,
2676 3846 2850 3910 atque
2881 3842 2953 3895 ab
2994 3858 3061 3897 eo
3110 3850 3342 3900 creatus
3392 3849 3713 3906 cardinalis
3743 3857 3804 3906 et

383 3955 533 4011 quae,
566 3936 650 3993 uti
679 3941 737 3992 et
753 3935 1160 3999 Alexandrina,
1185 3936 1500 4006 quamdam
1526 3951 1757 4006 semper
1776 3951 2036 3990 commu-
2141 3928 2453 3997 episCOpus
2485 3928 2651 3982 Silvae
2673 3928 2942 3984 Candidas
2975 3947 3079 3987 seu
3120 3933 3343 3989 Sanctae
3370 3935 3621 4004 Ruﬁna,
3644 3956 3789 4011 prae-

382 4028 619 4084 nionem
650 4042 783 4082 cum
816 4024 1038 4079 Latinis
1077 4025 1415 4087 retinuerat,
1468 4023 1691 4079 litteras
1729 4040 1861 4078 cum
1898 4025 2032 4079 fidei
2141 4016 2342 4085 Cipuus
2366 4016 2473 4069 hoc
2495 4016 2552 4070 in
2576 4016 2806 4089 negotio
2826 4024 3020 4089 partes
3040 4020 3264 4090 habuit,
3290 4022 3460 4095 isque
3483 4042 3643 4082 unus
3662 4044 3798 4084 voce

381 4115 680 4173 catholicae
711 4113 1072 4186 professione
1095 4111 1256 4166 misit
1284 4112 1357 4167 ad
1395 4113 1639 4168 Leonem
1672 4114 2024 4184 pontiﬁcem,
2064 4172 2100 4186 η
2142 4119 2208 4157 ac
2230 4104 2484 4175 scriptis,
2510 4121 2637 4175 quae
2654 4111 2903 4175 exstant,
2928 4108 3201 4165 Cerularii
3226 4112 3453 4182 objecta
3487 4120 3544 4170 et
3567 4132 3797 4172 errores

381 4206 482 4277 qui
509 4206 638 4276 ejus
659 4172 1085 4275 pgomotionem
1108 4200 1367 4254 laudavit
1388 4172 1885 4273 conﬁrmagtque.
1902 4172 2027 4257 Νοιί
2058 4172 2102 4239 C
2141 4172 2432 4260 refutavit,
2455 4196 2511 4246 et
2526 4172 2791 4248 Nicetam
2819 4199 3185 4252 Pectoratum
3210 4199 3282 4254 ad
3322 4200 3794 4273 resipiscentiam

379 4293 515 4350 tulit
547 4292 699 4346 hanc
740 4291 892 4344 Petri
922 4288 1268 4343 Antiocheni
1323 4291 1777 4345 moderationem
1810 4295 1944 4346 Ceru

2227 4280 2401 4334 duxit.
2426 4279 2632 4336 Petrus
2653 4282 3103 4354 Amalphitanus
3133 4287 3615 4362 archiepiscopus
3636 4310 3672 4347 a
3697 4297 3792 4349 Ce-

385 4383 529 4447 rius,
556 4394 906 4451 magnopere
928 4376 1268 4448 improbans
1288 4378 1440 4448 quod
1460 4379 1786 4434 Romanum
1806 4383 2035 4452 pontiﬁ-
2145 4368 2358 4422 rulario
2378 4369 2594 4424 frustra
2606 4368 2897 4442 culpatur,
2916 4377 3201 4445 tanquam
3225 4377 3298 4431 ob
3321 4377 3585 4436 facinora
3604 4397 3635 4436 e
3657 4380 3794 4438 sede

384 4486 509 4527 cem
531 4468 589 4523 in
612 4466 795 4523 sacris
812 4464 1104 4537 diptychis
1135 4472 1633 4523 commemoraret.
1657 4468 1806 4532 Quin
1833 4469 2029 4535 etiam,
2142 4473 2249 4513 8118
2270 4457 2496 4528 ρυιευε,
2537 4474 2711 4528 quem
2730 4461 2844 4531 pia?
2862 4465 3141 4519 memoria:
3169 4465 3361 4520 virum
3399 4473 3568 4523 vocat
3589 4469 3793 4526 Petrus

385 4559 453 4614 ad
455 4555 680 4628 junctis
703 4555 814 4610 sibi
838 4556 1027 4611 Leone
1049 4554 1338 4611 Acridano
1364 4555 1799 4629 archiepiscopo
1821 4557 2030 4631 Bulga-
2139 4544 2427 4616 Πᾶωίείηί(
2443 4546 3105 4622 '14l;underedarguans
3119 4553 3389 4623 putidum
3406 4555 3789 4628 impostorem

381 4663 603 4711 rerum,
637 4650 695 4701 et
721 4644 921 4700 Niceta
940 4644 1260 4711 Pectorato,
1300 4644 1478 4700 variis
1517 4646 1752 4717 scriptis
1779 4647 2029 4703 Leonem
2141 4633 2496 4709 Bennonem.
2520 4636 2761 4707 quicum
2784 4639 2855 4693 οὗ
2878 4637 3167 4705 malas.“
3185 4640 3310 4713 ipse
3334 4653 3611 4716 nugatur.
3638 4654 3789 4704 artes

380 4753 592 4811 papam
617 4738 674 4792 et
696 4734 959 4789 Latinam
986 4733 1301 4790 Ecclesium
1348 4735 1678 4806 exagitavit.
1714 4736 2033 4809 Respondit
2139 4722 2423 4811 infamare
2463 4729 2726 4791 conatu”:
2767 4730 2831 4779 Ut
2875 4725 3149 4799 Gregorio
3192 4729 3293 4785 VH
3340 4733 3469 4802 eius
3498 4734 3787 4808 ἀίεοίρυιο

377 4809 449 4884 ad
464 4809 753 4882 iCerularii
772 4823 994 4879 litteras
1014 4823 1219 4879 Petrus
1239 4823 1386 4894 (H3)
1412 4823 1807 4880 Antiochenns
1828 4844 1894 4882 ea
1916 4846 1942 4900 q

2220 4828 2327 4866 iem
2350 4811 2679 4883 adspergat.
2709 4813 2939 4869 Tertius
2972 4831 3001 4869 e
3030 4815 3257 4888 Legatis
3295 4819 3651 4892 Fridericus,
3678 4824 3785 4881 Go-

377 4916 657 4990 prazditus
676 4917 801 4971 erat
820 4912 1237 4977 moderatione,
1261 4916 1319 4967 et
1337 4913 1694 4981 objectiones
1716 4915 1772 4969 in
1796 4917 1942 4971 Latir

2220 4900 2344 4954 [‘ridi
2369 4900 2592 4955 Tusciae
2624 4901 2788 4957 ducis
2831 4902 3023 4970 frater,
3060 4905 3259 4961 Leonis
3283 4925 3450 4979 papas
3471 4915 3531 4966 et
3555 4911 3785 4969 Henrici

378 4988 452 5061 ab
482 5021 549 5060 eo
580 5004 762 5059 factas
795 5002 1008 5075 partim
1036 4999 1278 5071 insuper
1316 4999 1537 5054 habuit.
1592 5023 1619 5050 ‹‹
1653 5002 1720 5056 Et
1751 5002 1865 5058 alia
1897 5006 2025 5076 qui-
2137 4988 2503 5060 imperatoris
2526 4990 3046 5061 Propinquusemt:
3074 4999 3275 5065 Postea
3298 4997 3640 5057 CaSiDODSiS
3665 5019 3787 5057 m0-

378 5094 534 5162 dem,
557 5093 769 5166 inquit,
793 5091 918 5148 visa
942 5094 1082 5146 sunt
1106 5090 1469 5156 detestanda,
1502 5091 1692 5161 qualis
1727 5098 1818 5147 est
1844 5094 2024 5165 purti-
2136 5079 2360 5132 “aollus
2389 5084 2444 5132 et
2474 5079 2673 5143 abbas,
2708 5080 2839 5133 ἀθίη
2870 5083 3207 5153 cardinal”,
3240 5101 3307 5140 αθ
3345 5087 3590 5144 demum
3626 5108 3785 5146 sum-

378 5180 520 5238 culm
542 5183 786 5252 Filioque
816 5178 1064 5250 adjectio
1101 5178 1172 5233 ad
1214 5183 1479 5232 sanctum
1514 5180 1877 5250 Symbolum,
1911 5183 2027 5238 alia
2134 5182 2266 5219 mus
2311 5166 2568 5236 POntifex
2613 5166 2685 5220 ad
2731 5167 2900 5224 breve
2948 5174 3184 5242 tempus
3231 5175 3345 5228 30b
3387 5176 3629 5234 nomine
3662 5180 3784 5235 Ste-

375 5286 511 5325 vero
542 5269 866 5337 sanabilia;
900 5269 1152 5339 quadam
1204 5266 1455 5336 denique
1484 5267 1661 5338 digna
1692 5286 1819 5341 qum
1850 5270 2027 5326 dissi-
2134 5253 2312 5324 Phani
2342 5253 2405 5307 Χ·

379 5358 697 5415 mulentur.
749 5357 855 5414 Ubi
906 5361 1102 5413 autem
1153 5371 1259 5411 nec
1301 5357 1455 5411 circa
1497 5356 1681 5413 Deum
1725 5376 1830 5414 nec
1868 5361 2025 5417 circa
2201 5342 2254 5396 3-
2288 5341 2691 5411 Οδιῖθοίίοηαω
2741 5346 2931 5418 capita
2995 5363 3123 5420 qm”
3170 5350 3509 5410 Οθνιιὶᾶΐίυε
3560 5356 3781 5413 Latinis

378 5443 552 5502 ﬁdem
582 5444 907 5518 periculum
939 5449 1048 5515 est,
1082 5443 1557 5517 ρι-ορθηιιθηάυηι
1580 5462 1812 5520 semper
1832 5449 1903 5504 ad
1926 5466 2023 5522 ρει,
2130 5430 2535 5503 exprobrabat,
2569 5432 2782 5502 partim
2822 5436 3046 5507 eadem,
3092 5440 3305 5511 partim
3358 5441 3475 5499 alia
3514 5452 3685 5503 erant
3712 5446 3782 5503 ab

476 5604 597 5680 lt?)
627 5606 815 5680 gerul.
847 5610 1016 5680 epist.
1051 5613 1122 5668 ad
1153 5612 1303 5669 Petr.
1338 5607 1599 5677 Antioch.

2048 5534 2097 5601 Β
2203 5589 2346 5668 (114)
2374 5588 2524 5647 Petr.
2556 5591 2722 5651 Dam.
2754 5593 2882 5657 init.
2916 5614 3118 5672 opuso.
3155 5617 3347 5661 xxxiv.

476 5604 572 5658 112
627 5606 815 5661 Cerul.
847 5610 1016 5680 epist.
1051 5613 1122 5668 ad
1153 5612 1303 5669 Petr.
1338 5607 1599 5677 Antioch.

445 5604 597 5770 ξιιεῖ
623 5674 865 5734 Coteler.
893 5684 1035 5738 tom.
1068 5682 1114 5739 ll
1145 5685 1406 5744 Monum.
1433 5707 1491 5761 p.
1526 5694 1630 5748 145
1659 5699 1716 5753 et
1744 5705 1908 5773 seqq.
