3964 6206
132 361 233 427 561

922 353 1027 419 DE
1069 353 1509 423 CONFLICTU
1551 359 1936 427 VITIORUM
1980 362 2241 439 ATQUE
2284 364 2727 434 VIRTUTUM.

3404 362 3526 438 869

128 491 353 555 Christo
379 491 517 554 Jesu
557 485 816 563 vincula,
871 488 1130 562 verbera,
1165 490 1411 566 ﬂagella,
1474 510 1753 566 carceres,
1788 501 1842 568 Α
1874 497 2104 557 Lucifer
2131 500 2189 558 in
2220 500 2567 578 coelo?(1.sa.
2598 502 2735 578 xxv.)
2766 501 2928 572 Quod
2955 501 3056 564 ille
3083 502 3157 565 de
3195 505 3361 566 tanta
3417 524 3520 567 su-

126 585 373 663 equulei,
406 600 632 652 cruces,
661 586 721 639 et
752 582 802 639 si
834 598 949 657 qua
978 586 1118 640 sunt
1149 583 1513 641 diversorum
1546 602 1764 659 genera

128 679 561 736 tormentorum.
596 674 900 742 Quomodo
931 689 1069 745 ergo
1098 689 1299 729 verum
1334 674 1444 731 erit
1474 677 1627 748 quod
1662 693 1765 750 per

124 766 450 843 Apostolum
485 764 707 833 sonuit,
740 768 808 819 ut
835 778 1042 819 omnes
1074 763 1166 835 pie
1183 763 1468 831 viventes,
1494 782 1762 837 persecu-

124 858 333 913 tionem
366 854 673 928 patiuntur
703 852 730 907 ‘t
758 853 841 908 An
882 852 1031 908 forte
1061 869 1232 907 nemo
1284 854 1446 926 pacis
1504 858 1763 927 tempore

124 948 241 1004 vult
271 946 363 1019 pie
392 944 581 1000 vivere
614 943 672 997 in
703 942 933 997 Christo
964 942 1128 1009 Jesu,
1165 946 1221 997 et
1250 942 1378 999 ideo
1436 944 1650 1000 desunt
1680 945 1761 1001 is-

127 1042 179 1092 ta
205 1036 233 1091 7
262 1034 399 1103 Quis
431 1033 539 1089 hoc
579 1032 671 1089 vel
727 1031 1025 1104 desipiens
1056 1031 1314 1088 dixerit?
1372 1034 1435 1089 In
1469 1033 1578 1089 hac
1624 1052 1760 1107 ergo

120 1124 372 1199 Apostoli
411 1122 704 1181 sententia
744 1138 861 1177 non
886 1119 1161 1193 specialis
1210 1124 1623 1193 quorumdam,
1657 1126 1757 1180 sed

122 1213 405 1289 generalis
435 1212 695 1269 omnium
741 1210 1069 1284 persecutio
1136 1211 1309 1267 debet
1366 1212 1631 1285 intelligi.
1692 1215 1760 1269 Et

122 1305 355 1378 quidem
402 1306 537 1358 sunt
581 1300 755 1358 multi
803 1299 958 1356 intra
998 1300 1195 1356 sinum
1253 1302 1460 1358 matris
1494 1302 1757 1359 Ecclesia:

122 1392 439 1460 constituti,
474 1392 571 1464 qui
602 1390 695 1463 pie
724 1390 981 1446 viventes
1012 1390 1070 1445 in
1103 1390 1351 1458 Christo,
1386 1391 1759 1448 contumeliis

121 1486 516 1550 assumuntur,
550 1479 902 1553 opprobriis,
936 1479 1189 1551 injuriis,
1225 1480 1617 1536 derisionibus
1673 1480 1755 1536 la-

120 1575 435 1628 cessuntur.
467 1572 585 1625 Ista
614 1586 717 1625 nec
746 1567 848 1624 illa
877 1567 1166 1641 generalis
1193 1570 1541 1641 persecutio,
1578 1587 1753 1643 quam

116 1659 420 1734 Apostolus
465 1676 672 1716 omnes
703 1658 795 1731 pie
854 1658 1110 1714 viventes
1168 1658 1284 1731 pati
1348 1658 1751 1732 descripserat,

119 1767 249 1807 cum
279 1748 394 1804 sint
422 1749 661 1821 quidam
696 1746 975 1821 religiosi,
1010 1747 1225 1819 quibus
1248 1764 1418 1804 nemo
1442 1766 1751 1821 pravorum

118 1840 328 1895 audeat
352 1838 411 1892 in
442 1837 646 1893 faciem
678 1838 976 1909 derogare.

186 1928 315 1985 Alia
346 1943 477 1983 vero
500 1927 759 1999 quaedam
792 1925 1176 1998 intelligenda
1200 1931 1323 1996 est,
1358 1943 1485 1999 quae
1540 1927 1748 1985 imma-

117 2018 261 2088 nior,
288 2022 343 2074 et
374 2017 560 2089 magis
592 2016 758 2072 noxia
788 2020 895 2083 est,
930 2032 1107 2088 quam
1139 2033 1253 2071 non
1315 2016 1635 2073 materialis
1666 2018 1750 2075 in-

115 2110 338 2180 torquet
366 2104 662 2172 severitas,
700 2105 802 2161 sed
845 2103 1123 2159 vitiorum
1154 2104 1345 2177 gignit
1402 2105 1745 2163 adversitas.

116 2199 252 2254 Dum
278 2195 429 2252 enim
484 2199 691 2251 contra
744 2192 1137 2249 humilitatem
1199 2194 1493 2267 superbia,
1547 2200 1749 2252 contra

112 2286 205 2344 Dei
244 2286 507 2342 timorem
542 2283 737 2339 inanis
768 2282 972 2356 gloria,
1006 2287 1211 2339 contra
1261 2300 1458 2340 veram
1514 2285 1746 2359 religio-

112 2393 234 2432 nem
256 2374 789 2445 simulatio,contra
808 2372 1227 2444 subjectionem
1251 2377 1474 2447 pugnat
1495 2378 1749 2430 contem-

112 2469 262 2539 ptus,
285 2468 483 2521 contra
521 2465 839 2519 traternam
885 2462 1446 2535 cOngratulationem
1505 2463 1744 2533 invidia,

110 2560 296 2611 contra
329 2553 701 2610 dilectionem
733 2551 955 2619 odium,
990 2556 1192 2607 contra
1219 2551 1546 2608 libertatem
1570 2555 1744 2625 justm

110 2643 468 2701 cerrectionis
502 2641 804 2709 detractio,
840 2645 1044 2697 contra
1065 2641 1406 2713 patientiam
1467 2642 1572 2709 ira,
1607 2660 1742 2698 con-

105 2739 187 2790 tra
215 2730 731 2790 mansuetudinem
764 2729 1076 2803 protervis,
1136 2735 1337 2786 contra
1394 2731 1741 2787 satisfactio-

106 2840 222 2879 nem
244 2827 455 2891 tumor,
482 2824 694 2877 contra
722 2818 1024 2892 spirituale
1054 2819 1335 2891 gaudium
1350 2819 1645 2876 saecularis
1666 2820 1743 2875 vi-

103 2918 173 2980 ta,
195 2916 389 2969 contra
415 2910 664 2967 virtutis
716 2910 1034 2965 exercitum
1095 2913 1291 2982 torpor
1344 2909 1429 2964 vel
1490 2908 1738 2982 ignavia,

104 3006 289 3057 contra
320 3003 562 3057 firmam
596 2996 976 3053 stabilitatem
1009 2996 1294 3053 dissoluta
1322 2998 1571 3070 vagatio,
1604 3014 1741 3053 con-

104 3094 184 3146 tra
213 3090 332 3164 spei
364 3072 652 3146 fiduciam
685 3086 1031 3159 desperatio,
1077 3090 1280 3142 contra
1338 3087 1543 3141 mundi
1602 3104 1738 3142 con-

102 3184 369 3253 temptum
403 3176 730 3251 cupiditas,
762 3179 962 3231 contra
992 3174 1451 3231 misericordiam
1485 3176 1736 3231 obdura-

1780 1876 1828 1941 B

1875 588 2160 647 blimitate
2190 610 2294 665 per
2332 595 2671 668 superbiam
2701 594 2930 665 cecidit,
2963 599 3027 653 tu
3051 596 3121 653 ad
3152 592 3380 655 tantam
3407 599 3521 656 cel-

1873 679 2189 737 situdinem
2225 685 2574 756 superbiens
2604 685 2674 741 de
2705 685 2843 742 imis
2903 686 3306 745 conscendens
3336 687 3364 743 *Ρ
3420 689 3522 762 qui

1872 767 1991 835 illa,
2023 770 2283 842 quandiu
2316 771 2411 828 hic
2436 773 2599 841 vivis,
2643 775 2976 832 conditione
3014 775 3252 849 teneris,
3300 777 3374 834 de
3392 794 3524 850 qua

1871 874 1972 927 per
2000 862 2317 931 quemdam
2348 862 2669 934 sapientem
2713 863 2929 920 dicitur
2960 881 2974 921 :
3036 888 3064 915 ‹‹
3098 865 3322 939 Corpus
3355 869 3511 941 quod

1871 950 2266 1021 corrumpitur
2297 956 2574 1023 aggravat
2601 952 2862 1008 animam
2894 959 2950 1010 et
2979 954 3258 1027 deprimit
3286 960 3520 1014 terrena

1869 1036 2215 1094 inhabitatio
2247 1056 2489 1095 sensum
2521 1040 2707 1097 multa
2747 1042 3102 1115 cogitantem
3133 1044 3284 1117 (Sap.
3353 1050 3450 1116 Ix).
3486 1069 3516 1099 »ι

1869 1126 2053 1191 Quam
2084 1128 2454 1186 densissimis
2485 1134 2764 1203 putamur
2813 1131 2873 1186 in
2905 1136 3060 1188 terra
3119 1135 3411 1206 superbia
3438 1140 3520 1193 te-

1868 1216 2085 1283 nebris,
2120 1216 2311 1273 lutum
2346 1218 2580 1285 involvi,
2614 1220 2664 1275 si
2695 1220 2885 1291 potuit
2914 1219 2973 1275 in
3005 1221 3148 1278 coelo
3180 1223 3366 1293 stella,
3391 1240 3519 1298 qua

1872 1320 2044 1359 mane
2075 1305 2386 1376 oriebatur,
2420 1307 2568 1364 lucis
2590 1326 2707 1364 sum
2738 1308 2941 1381 globos
2987 1311 3254 1370 amittere
3281 1313 3310 1369 Ἰ
3366 1315 3517 1372 Audi

1865 1408 2002 1465 ergo
2036 1395 2234 1465 potius
2277 1395 2467 1453 lucem
2500 1396 2762 1453 veritatis
2795 1397 3084 1455 dicentem
3120 1417 3134 1456 :
3197 1423 3226 1451 «
3263 1401 3370 1466 Qui
3427 1419 3517 1459 se-

1866 1481 2065 1553 quitur
2096 1500 2187 1539 me
2221 1502 2337 1541 non
2368 1486 2633 1542 ambulat
2661 1487 2721 1541 in
2778 1486 3057 1555 tenebris,
3119 1489 3222 1545 sed
3283 1490 3519 1548 habebit

1864 1568 2060 1626 lumen
2092 1572 2221 1628 vitae
2248 1575 2423 1646 (Joan.
2457 1577 2601 1645 VIII).
2654 1597 2682 1625 »
2718 1576 2779 1630 In
2837 1590 2954 1648 quo
2986 1579 3185 1632 autem
3242 1582 3400 1635 esset
3428 1595 3517 1635 se-

1863 1661 2118 1730 quenda,
2152 1661 2289 1718 alibi
2323 1663 2672 1736 praemonuit
2726 1663 2928 1721 dicens
2960 1682 2974 1720 :
3036 1687 3065 1716 «
3099 1665 3320 1723 Discite
3359 1685 3395 1725 a
3422 1685 3517 1726 me

1863 1748 2003 1820 quia
2033 1749 2191 1806 mitis
2224 1768 2356 1807 sum
2387 1757 2445 1808 et
2475 1752 2717 1809 humilis
2760 1753 2950 1820 corde,
2983 1757 3041 1810 et
3095 1754 3402 1814 invenietis
3432 1774 3518 1815 re-

1862 1838 2059 1909 quiem
2091 1839 2403 1897 animabus
2432 1842 2640 1897 vestris
2671 1843 2876 1912 (Matth.
2908 1843 3009 1914 x1).
3043 1865 3072 1894 »
3111 1844 3290 1914 Audi,
3324 1854 3517 1904 tumor

1859 1928 2164 1998 superbiae,
2198 1929 2336 1984 audi
2366 1929 2654 1986 dicentem
2687 1930 2879 1985 adhuc
2912 1930 3263 1988 humilitatis
3293 1936 3512 2009 magis-

1859 2019 2066 2071 trum:
2110 2018 2375 2075 «Omnis
2406 2020 2507 2091 qui
2564 2035 2626 2076 se
2682 2018 2900 2075 exaltat
2951 2018 3400 2091 bumiliabatur,
3455 2027 3513 2080 et

1856 2105 1959 2175 qui
1989 2122 2052 2162 se
2082 2106 2356 2163 humiliat
2385 2107 2735 2164 exaltabitur
2778 2108 2914 2180 (Luc
2940 2125 3035 2164 xxv
3062 2116 3113 2165 et
3139 2110 3323 2184 xvm).
3356 2134 3380 2165 ι
3444 2112 3512 2169 Et

1858 2191 2003 2248 illud
2041 2213 2053 2251 :
2090 2217 2117 2245 ‹‹
2152 2197 2340 2268 Super
2370 2212 2545 2268 quem
2577 2196 2892 2269 requiescit
2918 2195 3171 2269 Spiritus
3202 2215 3370 2257 meus
3419 2200 3506 2256 ni-

1858 2283 1906 2337 si
1939 2300 2117 2357 super
2148 2285 2455 2354 humilem,
2487 2289 2545 2341 et
2574 2286 2862 2358 quietum,
2895 2290 2952 2342 et
2978 2290 3329 2344 trementem
3389 2305 3507 2346 ser-

1857 2389 2062 2429 mones
2094 2390 2253 2430 meos
2283 2374 2310 2428 ?
2340 2397 2367 2424 »
2400 2375 2524 2444 (Isa.
2557 2375 2730 2446 LXVI.)
2759 2374 2912 2430 Audi
2944 2375 3089 2447 quid
3133 2375 3311 2432 etiam
3341 2378 3415 2436 de
3442 2378 3508 2435 il-

1856 2461 1911 2517 lo
1940 2462 2019 2518 ait
2046 2462 2383 2535 Apostolus,
2426 2462 2527 2534 qui
2556 2466 2613 2519 te
2642 2463 2715 2519 ad
2764 2463 2887 2518 haec
2917 2463 3195 2519 sectanda
3249 2464 3458 2522 invitat
3488 2483 3504 2536 ;

1855 2551 1936 2607 ait
1966 2552 2123 2608 enim
2157 2569 2169 2607 :
2204 2552 2312 2616 Qui
2343 2569 2475 2607 cum
2507 2551 2568 2607 in
2600 2552 2789 2608 forma
2826 2551 2928 2608 Dei
2961 2556 3136 2621 esset,
3178 2568 3295 2610 non
3351 2555 3505 2628 rapi-

1855 2657 1989 2696 nam
2019 2630 2342 2697 arbitratus
2370 2645 2458 2697 est
2487 2657 2617 2697 esse
2638 2656 2701 2698 se
2731 2638 3013 2713 aequalem
3027 2640 3165 2711 Deo,
3189 2642 3291 2698 sed
3321 2659 3506 2701 seme-

1851 2730 2071 2802 tipsum
2101 2730 2416 2786 exinanivit
2445 2731 2694 2785 formam
2723 2729 2874 2786 servi
2904 2729 3218 2803 accipiens.
3250 2731 3310 2787 in
3341 2732 3505 2790 simi-

1852 2818 2161 2874 litudinem
2195 2818 2501 2875 hominum
2540 2819 2750 2887 factus,
2784 2822 2841 2875 et
2869 2818 3076 2876 habitu
3108 2819 3379 2879 inventus
3433 2827 3501 2880 ut

1852 2908 2048 2964 homo.
2076 2908 2415 2964 Humiliavit
2444 2908 2831 2981 semetipsum
2855 2909 3044 2966 factus
3073 2909 3355 2967 obediens
3404 2929 3499 2969 us-

1854 3014 1966 3069 que
1996 3000 2067 3053 ad
2102 3002 2370 3068 mortem,
2405 3002 2652 3054 mortem
2685 3001 2881 3054 autem
2907 2997 3098 3055 crucis
3133 2999 3305 3071 (Phil.
3351 3001 3436 3074 II).
3468 3023 3501 3053 »

1848 3087 1904 3141 Si
1936 3087 2114 3161 igitur
2143 3092 2303 3144 tanta
2332 3086 2661 3144 humilitate
2692 3103 2755 3144 se
2795 3087 3070 3160 deprimit
3125 3088 3321 3146 divina
3374 3106 3499 3148 ma-

1844 3176 2046 3246 jestas,
2080 3176 2380 3250 superbire
2413 3176 2472 3231 in
2504 3176 2699 3249 aliquo
2743 3193 2859 3233 non
2890 3178 3062 3235 debet
3120 3177 3385 3237 humana
3412 3179 3500 3237 in-

100 3243 408 3336 tio,contra
435 3265 843 3324 innocentiam
874 3266 1036 3321 fraus
1066 3268 1123 3320 et
1150 3264 1393 3333 furtum,
1413 3268 1615 3321 contra
1642 3281 1732 3321 ve-
1767 3243 1810 3310 (ἶ
1846 3265 2115 3321 ﬁrmitas.

100 3357 310 3414 ritalem
361 3355 605 3413 fallacia
656 3358 715 3411 et
772 3353 1164 3420 mendacium,
1221 3358 1421 3410 contra
1472 3354 1735 3410 ciborum

98 3447 511 3518 parcimoniam
545 3443 769 3499 ventris
796 3441 1104 3516 ingluvies,
1139 3447 1339 3498 contra
1371 3444 1736 3501 moderatum

98 3552 389 3592 mmrorem
422 3537 631 3605 inepta
659 3532 880 3599 laetitia,
913 3535 1118 3589 contra
1148 3532 1463 3588 discretam
1492 3532 1733 3588 tacitur-

94 3623 323 3681 nitatem
353 3621 820 3695 multiloquium,
865 3627 1066 3678 contra
1094 3621 1285 3677 carnis
1341 3621 1734 3693 integritatem

92 3713 461 3769 immunditia
493 3715 670 3784 atque
698 3710 950 3779 luxuria,
999 3714 1202 3767 contra
1257 3711 1450 3766 cordis
1508 3711 1736 3766 mundi-

90 3801 223 3858 tiam
260 3799 593 3875 spiritualis
620 3799 942 3867 fornicatin,
980 3804 1185 3855 contra
1220 3816 1477 3855 amorem
1530 3802 1732 3872 patriae

90 3891 332 3949 cmlestis
357 3888 658 3965 appetitus
689 3888 879 3946 saeculi
914 3890 1238 3962 praesentis,
1270 3906 1589 3962 opponens,
1649 3908 1732 3947 se-

91 3986 198 4038 met
220 3979 530 4054 immergit
562 3996 575 4034 :
607 3979 745 4053 quid
779 3978 961 4050 aliud,
996 3968 1174 4051 quam
1207 3978 1461 4034 crudelis
1508 3979 1601 4051 pie
1655 3981 1733 4036 νὶ-

88 4072 333 4127 ventium
370 4068 705 4144 persecutio
734 4069 1010 4139 adversus
1042 4067 1419 4141 conglobatus
1449 4070 1731 4124 virtutum

91 4161 230 4216 acies
260 4161 505 4217 desaevit
535 4158 562 4213 ?
594 4158 637 4213 O
668 4174 846 4229 quam
887 4158 1092 4224 durus,
1119 4174 1150 4211 ο
1181 4174 1358 4229 quam
1379 4176 1615 4214 amarus
1645 4161 1734 4214 est

90 4250 363 4321 superbia:
397 4246 796 4320 congressus!
829 4262 957 4318 qua:
988 4244 1226 4318 angelos
1258 4246 1329 4303 de
1358 4246 1499 4302 cmlo
1548 4249 1733 4321 proje-

90 4336 180 4405 cit,
210 4336 483 4395 homines
514 4337 585 4392 de
617 4335 888 4409 paradiso
919 4335 1245 4391 eliminavit
1275 4353 1288 4404 ;
1323 4337 1492 4408 cujus
1524 4338 1733 4393 excrci-

88 4427 194 4495 tus,
226 4436 399 4500 atque
430 4441 741 4484 armorum
771 4424 1075 4480 conﬂictus
1107 4424 1246 4481 vitia
1277 4431 1434 4493 sunt,
1459 4443 1588 4499 quas
1608 4427 1732 4482 bre-

86 4514 221 4570 viter
247 4515 678 4588 comprehensa
707 4513 1030 4585 tetigimus.
1064 4514 1170 4568 Sed
1231 4513 1533 4570 videamus
1590 4532 1729 4588 que-

2328 3371 2520 3411 INANIS
2559 3371 2767 3411 GLOBIA
2805 3370 2999 3411 DICIT:

1914 3446 2032 3516 Age
2063 3445 2280 3500 bonum
2314 3445 2470 3516 quod
2497 3443 2678 3511 vales,
2712 3445 2954 3500 ostende
2984 3444 3212 3502 cunctis
3268 3446 3491 3505 bonum

1845 3535 1999 3606 quod
2031 3534 2176 3605 agis,
2212 3539 2274 3589 ut
2304 3535 2493 3590 bonus
2523 3551 2557 3588 a
2584 3532 2812 3590 cunctis
2850 3533 3088 3602 dicaris,
3126 3538 3190 3589 ut
3246 3540 3490 3593 sanctus

1844 3626 1901 3679 et
1929 3622 2276 3678 venerabilis
2309 3623 2378 3677 ab
2408 3620 2685 3677 omnibus
2716 3619 3069 3693 praedicaris,
3105 3624 3172 3677 ut
3208 3621 3310 3678 Dei
3341 3622 3488 3679 elec-

1844 3715 1939 3767 tus
1971 3711 2355 3778 noscaris,'ut
2387 3727 2557 3766 nemo
2589 3713 2645 3766 te
2675 3713 3052 3778 comtemnat,
3086 3727 3256 3766 nemo
3278 3715 3336 3767 te
3364 3710 3493 3767 des-

1842 3800 2157 3874 piciat,Sed
2174 3800 2428 3855 universi
2447 3799 2709 3854 debitum
2723 3798 2829 3855 tibi
2842 3798 3123 3855 honorem
3140 3799 3491 3871 persolvant.

2257 3907 2437 3945 ΤιΜοιι
2475 3905 2682 3944 DOMINI
2723 3903 3051 3943 RESPONDE’I‘
3082 3904 3095 3943 ἶ

1912 3980 2048 4052 Cap.
2087 3980 2155 4034 Il.
2191 3978 2249 4035 Si
2278 3979 2414 4033 boni
2446 3975 2667 4049 aliquid
2701 3975 2847 4050 agis,
2908 3992 3024 4032 non
3055 3992 3159 4048 pro
3218 3976 3493 4035 transito-

1841 4070 1967 4136 riis,
2002 4068 2100 4124 scd
2134 4085 2237 4140 pro
2264 4067 2495 4123 aeternis
2528 4065 2847 4122 honoribus
2878 4081 3003 4139 age.
3056 4064 3294 4123 Occulta
3333 4068 3492 4141 quod

1842 4157 1988 4230 agis,
2024 4161 2312 4229 quantum
2343 4157 2519 4212 vales.
2549 4155 2710 4220 Quod
2742 4155 2791 4212 si
2823 4173 2892 4211 ex
2922 4158 3041 4210 toto
3072 4172 3187 4212 non
3218 4155 3494 4227 vales,sit

1839 4246 1901 4302 in
1934 4246 2128 4302 animo
2160 4245 2493 4301 occultandi
2516 4244 2805 4311 voluntas,
2838 4248 2896 4300 et
2927 4260 3042 4300 non
3074 4244 3184 4301 erit
3212 4246 3282 4302 de
3302 4250 3493 4304 osten-

1842 4336 2061 4391 tatione
2095 4334 2212 4390 ulla
2241 4336 2543 4391 temeritas
2578 4353 2590 4390 :
2627 4350 2733 4391 nec
2774 4332 3040 4390 criminis
3065 4333 3176 4391 erit
3228 4334 3492 4409 aliquan-

1843 4427 1915 4481 do
1946 4425 2342 4491 manifestare,
2379 4425 2532 4496 quod
2565 4440 2797 4497 semper
2824 4424 2914 4479 vis
2941 4423 3193 4481 celatum
3248 4425 3487 4484 habere.

1841 4514 1934 4571 Sic
1967 4513 2221 4586 denique
2244 4513 2392 4569 duas
2422 4512 2828 4586 Redemptoris
2868 4515 3189 4571 sententias
3214 4515 3328 4573 sibi
3350 4532 3492 4589 qua-

86 4603 463 4660 madmodum
498 4607 695 4661 castra
727 4601 853 4658 cceli
880 4606 937 4658 et
960 4602 1177 4657 inferni
1208 4602 1510 4670 dimicent,
1572 4622 1735 4663 arma
1765 4618 1810 4683 D
1843 4604 1891 4662 si
1922 4603 2246 4659 contrarias
2278 4602 2565 4658 videberis
2596 4601 2971 4675 adimplesse,
3014 4604 3231 4676 quibus
3252 4604 3488 4663 dicitur:

84 4690 285 4749 Christi
316 4699 375 4751 et
407 4692 634 4750 diaboli
665 4691 909 4748 consilia
949 4692 1266 4747 decertant.

647 4798 927 4837 SUPERBIA
965 4798 1113 4836 DIClT
1147 4798 1159 4836 ἒ

146 4874 307 4928 Certe
338 4871 552 4928 multis
583 4870 702 4926 imo
733 4870 911 4926 etiam
939 4886 1093 4942 pene
1115 4870 1388 4926 omnibus
1422 4870 1626 4927 melior
1647 4877 1735 4928 est

80 4960 263 5029 verbo,
298 4960 572 5028 scientia,
611 4958 851 5027 divitiis;
892 4958 1238 5026 honoribus,
1271 4964 1329 5015 et
1358 4960 1584 5015 cunctis
1606 4978 1731 5033 quae

79 5048 158 5103 vel
186 5050 530 5106 carnalibus
560 5048 648 5104 vel
681 5048 1089 5121 spiritualibus
1134 5046 1454 5122 suppetunt
1511 5050 1730 5106 charis-

82 5138 354 5196 matibus.
389 5141 648 5195 Cunctos
664 5155 801 5211 ergo
832 5137 1324 5209 despice,cunctis
1354 5139 1733 5211 temetipsum

78 5228 442 5300 superiorem
475 5228 730 5284 attende.

456 5333 769 5371 HUMILITAS
809 5333 956 5372 VERA
997 5331 1327 5370 RESI’ONDET
1361 5332 1372 5369 Σ

145 5407 279 5476 Cap.
309 5405 353 5461 Ι.
384 5426 414 5455 ‹‹
439 5405 732 5461 Memento
752 5404 890 5477 quia
909 5403 1102 5478 pulvis
1125 5407 1183 5459 et
1209 5404 1357 5461 cinis
1378 5423 1441 5461 es
1461 5407 1592 5477 (Gen
1624 5410 1730 5475 III),

80 5513 106 5541 «
124 5493 259 5564 quia
280 5493 539 5566 putredo
556 5499 611 5550 et
630 5494 841 5551 vermis
866 5511 929 5550 es
948 5493 1069 5565 (Job
1082 5493 1211 5565 xxv)
1234 5510 1249 5564 ;
1277 5516 1296 5543 ιο
1334 5495 1552 5567 quique
1573 5496 1736 5552 siali-

79 5582 213 5651 quid
238 5597 324 5650 es,
362 5582 486 5637 nisi
511 5586 669 5638 tanto
686 5588 741 5639 te
762 5582 1059 5640 humilies.
1096 5588 1314 5655 quanto
1365 5602 1616 5657 magnus
1647 5601 1732 5654 es,

77 5669 389 5741 perpendis
421 5670 662 5726 omnino
693 5674 847 5745 quod
878 5689 961 5728 es.
983 5671 1261 5744 Nunquid
1280 5672 1453 5729 altior
1472 5689 1534 5729 es
1556 5691 1735 5746 quam

78 5759 307 5827 primus
329 5755 585 5829 angelus
599 5760 626 5814 ?
642 5761 916 5834 Nunquid
931 5760 1365 5834 splendidiorin
1388 5767 1544 5817 terra
1556 5779 1734 5832 quam

1845 4717 1870 4743 ‹‹
1906 4692 2172 4748 Faciente
2202 4696 2259 4747 te
2319 4692 2772 4764 elcemosynam,
2818 4691 3039 4748 nesciat
3096 4692 3336 4750 sinistra
3390 4698 3495 4755 tua

1845 4781 1985 4854 quid
2019 4780 2194 4837 faciat
2218 4781 2453 4837 dextera
2490 4786 2592 4836 tua
2624 4799 2635 4836 :
2671 4781 2773 4837 sed
2804 4780 2883 4836 sit
2911 4779 3279 4854 eleemosyna
3307 4787 3410 4838 tua
3430 4783 3491 4841 in

1842 4870 2206 4936 abscondito,
2238 4874 2294 4925 et
2325 4870 2490 4926 Pater
2520 4876 2657 4926 tuus
2689 4869 2790 4941 qui
2816 4868 2972 4925 videt
3010 4870 3067 4924 in
3126 4870 3490 4942 abscondito,

1842 4960 2043 5015 reddet
2072 4958 2177 5015 tibi
2209 4958 2417 5028 (Matth.
2443 4962 2541 5029 v1).
2580 4982 2602 5007 ››
2636 4959 2704 5013 Et
2733 4975 2745 5013 :
2780 4979 2807 5007 ‹‹
2839 4957 3089 5013 Videant
3140 4971 3318 5029 opera
3367 4973 3492 5013 ves-

1842 5054 1932 5105 tra
1960 5050 2133 5118 bona,
2175 5052 2233 5102 et
2262 5049 2589 5120 gloriﬁcent
2620 5047 2848 5102 Patrem
2878 5044 3268 5119 vestrum,qui
3291 5045 3352 5101 in
3382 5062 3490 5102 cm-

1842 5137 1915 5193 lis
1941 5142 2029 5194 est
2059 5142 2216 5207 (Luc.
2253 5138 2336 5207 ιι).
2372 5159 2400 5185 ››
2424 5137 2571 5190 Cave
2615 5152 2877 5206 prorsus,
2906 5153 2978 5192 ne
3009 5135 3068 5190 in
3123 5138 3180 5191 te
3209 5132 3311 5191 illa
3357 5151 3489 5190 sen-

1842 5227 2023 5280 tentia
2054 5224 2380 5290 conveniat,
2414 5240 2531 5294 qua
2562 5222 2881 5294 hypocritis
2912 5224 3127 5281 dicitur
3158 5241 3172 5280 :
3206 5247 3233 5274 ‹‹
3284 5223 3493 5297 Omnia

1842 5333 2018 5388 opera
2043 5332 2150 5371 sua
2184 5314 2423 5379 faciunt,
2457 5316 2521 5367 ut
2570 5310 2976 5368 beatiﬁcentur
3014 5315 3087 5370 ab
3144 5314 3490 5371 hominibus

1843 5406 2049 5478 (Matth.
2082 5403 2265 5476 mn).
2299 5423 2324 5456 υ
2362 5425 2389 5453 ‹‹
2421 5404 2604 5457 Amen
2636 5398 2764 5455 dico
2793 5400 2960 5456 vobis
2984 5409 3491 5475 receperuntmer-

1843 5495 2043 5550 cedem
2076 5511 2244 5549 suam
2277 5494 2425 5566 (Luc.
2462 5493 2538 5564 χ).
2573 5512 2592 5543 ο
2630 5488 2881 5545 Attende
2902 5490 3010 5544 tibi
3032 5490 3092 5545 in
3114 5495 3343 5550 cunctis
3365 5511 3492 5567 quos

1843 5583 1990 5654 agis,
2017 5600 2087 5637 ne
2108 5581 2353 5638 elatione
2370 5580 2660 5654 pulsatus,
2683 5593 2817 5634 cum
2840 5576 2933 5633 his
2957 5577 3058 5649 qui
3079 5578 3151 5634 de
3172 5578 3487 5638 miraculo-

1843 5688 1975 5726 rum
2006 5670 2194 5743 signis
2224 5670 2627 5743 gloriabantur
2656 5668 2861 5725 audias
2896 5685 2908 5725 :
2952 5692 2980 5720 «
3011 5667 3296 5726 Videbam
3327 5670 3493 5726 Sata-

1848 5775 1985 5814 nam
2017 5759 2169 5815 sicut
2202 5759 2398 5832 fulgur
2426 5760 2496 5814 de
2524 5759 2667 5817 cmlo
2697 5759 2999 5817 cadentem
3029 5760 3178 5833 (Luc.
3208 5759 3288 5833 κ).
3324 5782 3352 5808 ››
