3964 6206
467 347 586 411 863

738 501 1043 543 SIMULATIO
1082 504 1242 542 VERE
1282 505 1599 543 RELICIONIS
1644 507 1826 544 Ll.i.‘.t‘3

542 577 683 641 Quia
714 576 855 631 nihil
882 577 1015 631 boni
1045 576 1101 631 in
1134 579 1474 633 abscondito
1519 579 1681 643 facis,
1710 596 1780 633 ne
1826 597 1855 633 a
1886 579 2112 633 cunctis

471 668 732 735 cognitus
760 667 1063 721 detesteris
1103 683 1115 721 :
1150 668 1300 739 tinge
1333 673 1386 722 te
1419 667 1556 721 feris
1589 685 1715 724 esse
1747 669 1901 741 quod
1950 668 2111 724 intus

466 773 582 811 non
612 756 856 827 appetis.

876 863 1101 903 RELIGlO
1138 866 1286 905 VERA
1326 864 1653 903 RESPQNDE’I‘
1685 866 1699 906 Ζ

536 934 673 1005 Cap.
713 935 805 989 Ill.
862 937 980 991 lmo
1008 937 1194 1007 magis
1229 943 1428 1007 satage
1461 955 1587 989 esse
1647 939 1800 1010 quod
1852 955 1967 994 non
2023 956 2104 993 es.

464 1022 611 1078 Nam
642 1025 948 1080 ostendere
980 1026 1319 1082 hominibus
1342 1029 1494 1099 quod
1528 1046 1638 1082 non
1667 1044 1750 1095 es,
1784 1027 1922 1099 quid
1950 1026 2109 1083 aliud

465 1128 641 1183 quam
666 1114 962 1168 damnatio
988 1120 1075 1171 est
1104 1116 1131 1169 ?
1159 1117 1380 1171 Memor
1410 1122 1532 1172 esto
1567 1118 1780 1188 itaque,
1830 1117 1983 1188 quod
2025 1118 2108 1171 di-

465 1201 617 1256 citur
648 1217 660 1255 :
696 1226 723 1252 ‹‹
754 1203 850 1256 Vre
881 1204 1065 1268 vobis,
1115 1205 1324 1260 Scribze
1380 1211 1435 1261 et
1467 1206 1738 1261 Pharisaei
1772 1205 2105 1277 hypocriten,

463 1290 565 1362 qui
599 1292 896 1347 mundatis
928 1294 1079 1362 quod
1104 1294 1317 1351 deforis
1348 1294 1649 1350 estealicis
1671 1300 1728 1349 et
1754 1294 2104 1367 paropsidis,

463 1378 627 1434 intus
657 1384 849 1436 autem
885 1380 1037 1452 pleni
1069 1383 1210 1437 estis
1234 1383 1437 1454 rapina
1466 1389 1518 1437 et
1544 1383 1938 1438 immunditia.
1972 1383 2109 1439 Pha-

464 1467 628 1523 risaee
661 1486 826 1539 caice,
870 1472 1092 1525 munda
1123 1472 1304 1542 prius,
1338 1473 1489 1542 quod
1518 1472 1678 1527 intus
1709 1478 1798 1527 est
1824 1472 2022 1528 calicis
2053 1476 2109 1527 et

464 1557 817 1629 paropsidis,
853 1563 917 1613 ut
950 1561 1048 1613 fiat
1078 1564 1129 1613 et
1160 1561 1215 1613 id
1250 1561 1403 1632 quod
1435 1561 1648 1616 deforis
1680 1566 1769 1617 est
1816 1562 2104 1616 mundum

463 1646 673 1718 (Matth.
706 1648 886 1718 XXIII).
922 1671 951 1698 »
988 1650 1245 1720 Itemque
1272 1649 1439 1715 illud,
1466 1651 1620 1720 quod
1652 1650 1999 1706 inculcando
2022 1666 2108 1706 re-

465 1736 685 1809 petitur
726 1755 738 1792 :
779 1758 800 1784 ι
832 1738 927 1790 Vae
957 1739 1142 1809 vobis,
1177 1740 1390 1795 Scribrr
1422 1744 1479 1795 et
1525 1741 1818 1806 Pharisaai,
1858 1740 1998 1812 quia
2030 1739 2106 1793 si-

1533 353 1595 414 ς.
1649 352 1921 417 LEONIS
1966 354 2046 417 lX
2088 353 2321 418 ΡΑΡᾸΞ
2364 355 2797 421 OPUSCULA.

3750 359 3865 423 564

2460 509 2923 549 CONCRATULATIO
2962 507 3237 551 ΕΒΑτῆοΜ
3275 508 3648 552 RESPONDE‘I‘Z

2293 585 2425 637 CAP.
2461 586 2526 636 V.
2559 583 2617 637 Si
2643 588 2879 639 caeteros
2908 583 3224 640 virtutibus
3254 582 3575 652 antecellis,
3596 584 3784 641 tutius
3812 585 3861 641 in

2222 670 2346 726 loco
2371 672 2572 727 intimo
2607 690 2779 745 quam
2814 673 2871 728 in
2906 689 3157 729 summo
3190 674 3567 746 temetipsum
3621 690 3863 730 conser-

2218 778 2340 815 vas.
2376 760 2618 833 Semper
2645 763 2801 817 enim
2836 762 2905 817 de
2935 761 3052 818 alto
3082 764 3247 836 pejor
3276 763 3342 817 tit
3372 762 3561 818 ruina.
3595 764 3762 830 Quod
3822 764 3865 819 si

2220 848 2346 911 tibi,
2385 855 2446 904 ut
2496 851 2733 917 asseris,
2766 851 3008 922 quidam
3076 851 3430 923 superiores,
3465 856 3568 907 aut
3617 852 3865 924 aequales

2219 944 2377 1001 sunt,
2412 940 2551 1011 quid
2586 944 2642 995 te
2672 939 2849 1007 laedit,
2884 941 3022 1012 quid
3054 945 3109 996 te
3158 945 3323 996 nocet
3352 940 3380 995 ?
3408 940 3556 996 Cave
3607 958 3866 1014 prorsus,

2219 1045 2292 1084 ne
2323 1030 2464 1083 dum
2496 1029 2685 1084 locum
2719 1029 3089 1084 celsitudinis
3118 1028 3365 1096 invides,
3395 1027 3563 1084 illum
3595 1030 3864 1095 imiteris,

2218 1118 2289 1173 de
2321 1135 2432 1189 quo
2464 1119 2749 1190 scriptum
2781 1122 2870 1174 est
2903 1136 2917 1173 :
2954 1138 2976 1167 ι
3014 1117 3235 1173 Invidia
3264 1117 3480 1172 diaboli
3511 1120 3864 1175 morsintra-

2216 1207 2298 1261 vit
2327 1208 2385 1261 in
2417 1208 2617 1262 orbein
2650 1212 2957 1263 terrarum.
2995 1206 3306 1262 Imitantur
3337 1210 3534 1262 autem
3565 1206 3859 1280 illum.qui

2216 1313 2285 1351 ex
2316 1300 2475 1368 parte
2506 1297 2635 1367 ejus
2666 1301 2804 1352 sunt
2832 1296 3098 1369 [SapienL
3133 1297 3215 1368 ιι).
3253 1318 3280 1344 ››
3762 1320 3769 1325 η

2840 1420 3027 1460 ODIUM
3066 1421 3215 1458 DICI’I‘
3246 1420 3259 1457 Ζ

2286 1492 2471 1555 Absit,
2505 1497 2569 1546 ut
2600 1492 2767 1547 illum
2800 1493 3031 1565 diligas,
3066 1510 3242 1564 quem
3275 1491 3335 1547 in
3393 1493 3673 1549 omnibus
3730 1512 3860 1549 con-

2216 1582 2462 1635 trarium
2494 1582 2676 1637 habes
2708 1600 2721 1647 ;
2756 1583 2853 1655 qui
2886 1583 2990 1637 tibi
3027 1582 3287 1654 derogat,
3322 1582 3421 1654 qui
3459 1582 3565 1636 tibi
3596 1583 3859 1649 insultat,

2218 1670 2316 1741 qui
2351 1675 2406 1724 te
2439 1669 2671 1741 injuriis
2693 1676 3015 1743 exasperat,
3050 1672 3149 1743 qui
3180 1670 3285 1726 tibi
3318 1675 3557 1742 peccata
3605 1676 3710 1727 tua
3765 1673 3861 1728 im-

2217 1764 2508 1830 properat,
2544 1759 2643 1831 qui
2676 1765 2730 1813 te
2764 1761 2959 1825 dictis,
2985 1760 3282 1831 operibus,
3317 1764 3492 1831 atque
3549 1760 3863 1817 honoribus

466 1826 635 1882 miles
666 1826 805 1881 estis
837 1826 1123 1898 sepulcris
1156 1828 1438 1883 dealbatis
1480 1846 1607 1900 qure
1648 1847 1682 1885 a
1738 1829 1880 1884 foris
1932 1845 2098 1901 appa-

2242 1848 2418 1903 iraeire
2470 1848 2727 1904 festinat.
2761 1849 2881 1903 Nisi
2942 1849 3098 1903 enim
3128 1849 3235 1903 tibi
3295 1848 3599 1917 invideret,
3652 1867 3865 1923 nequa-

465 1919 595 1971 rent
621 1914 960 1970 hominibus
992 1916 1275 1987 speciosa,
1301 1916 1461 1972 intus
1486 1935 1619 1971 vero
1653 1917 1824 1990 plena
1853 1920 1993 1973 sunt
2021 1933 2110 1972 os-

465 2004 631 2059 sibus
662 2010 1113 2070 mortuorum,et
1143 2006 1301 2061 omni
1334 2007 1617 2077 spurcitia
1649 2008 1851 2077 (Matth.
1884 2006 2102 2077 XXIII).-

461 2093 551 2149 Sic
580 2097 637 2148 et
665 2111 765 2149 vos
798 2111 829 2149 a
858 2095 995 2150 foris
1029 2094 1265 2167 quidem
1298 2097 1511 2167 patetis
1542 2095 1880 2149 hominibus
1932 2094 2105 2165 justi,

463 2183 625 2238 intus
656 2188 850 2238 autem
884 2184 1036 2255 pleni
1069 2184 1211 2239 estis
1235 2184 1527 2256 hypocrisi
1560 2188 1615 2238 et
1653 2183 2111 2255 iniquitate.Nec

462 2289 580 2327 non
612 2276 669 2328 et
698 2271 866 2338 illud,
920 2274 1071 2343 quod
1103 2273 1174 2329 de
1220 2273 1440 2329 talibus
1499 2272 1782 2343 scriptum
1843 2272 2059 2345 legitur
2093 2288 2104 2327 :

463 2382 493 2411 ‹‹
523 2360 781 2415 Veniunt
810 2360 878 2414 ad
910 2377 1011 2416 vos
1040 2362 1097 2414 in
1128 2362 1493 2416 vestimentis
1514 2362 1730 2426 ovium,
1756 2361 2107 2417 intrinsecus

463 2453 658 2506 autem
690 2454 830 2505 sunt
856 2449 978 2522 lupi
1014 2467 1250 2520 rapaces
1282 2451 1506 2521 (Matth.
1540 2452 1659 2518 vn).
1697 2472 1724 2499 ››

960 2573 1358 2611 ῙΝΟΒΕΟΙΕΝΤΙΑ
1399 2574 1549 2611 DlCiT
1583 2575 1594 2612 Ζ

526 2643 665 2711 Quis
694 2647 779 2713 tu,
813 2648 879 2699 ut
934 2645 1231 2717 pejoribus
1285 2646 1670 2717 obtemperes,
1720 2646 2102 2703 deterioribus

450 2735 799 2791 famulatum
833 2734 1108 2790 exhibeas
1137 2735 1166 2789 ?
1193 2736 1270 2790 Te
1304 2736 1697 2808 magis,quam
1731 2734 1862 2789 illos
1889 2736 2095 2791 decue-

448 2828 542 2881 rat
574 2826 881 2896 imperare,
916 2825 1012 2897 qui
1047 2824 1149 2880 tibi
1186 2842 1300 2880 non
1337 2829 1585 2897 possunt
1617 2825 1871 2897 ingenio,
1904 2826 1987 2881 vel
2012 2825 2096 2879 in-

448 2913 674 2971 dustria
696 2915 978 2986 coaequari
1010 2914 1038 2968 ?
1065 2915 1477 2987 Obternperare
1509 2914 1688 2986 igitur
1741 2915 1928 2987 magis
1988 2915 2094 2970 Do-

447 3004 590 3060 mini
619 3004 862 3077 imperio
892 3009 950 3060 et
978 3021 1094 3061 non
1125 3004 1233 3060 tibi
1264 3006 1341 3060 sit
1369 3022 1509 3060 cura
1537 3006 1608 3061 de
1629 3004 1848 3077 aliquo.

799 3129 1097 3169 SUBJECI‘IO
1136 3130 1312 3168 ΒΕΑΤΑ
1352 3129 1679 3168 RESPONDET
1710 3128 1723 3167 2

2219 1953 2394 2008 quam
2424 1954 2487 1993 se
2517 1937 2620 1992 tibi
2655 1938 2735 1992 ita
2767 1938 3082 2009 praeferret.

2592 2061 2738 2098 vum
2777 2060 3054 2099 CIIARI’I‘AS
3094 2036 3423 2100 assroxos'r
3454 2062 3467 2099 :

2290 2149 2424 2205 CAP.
2458 2152 2550 2205 Vl.
2583 2151 2859 2223 Nunquid
2893 2152 3047 2223 quod
3082 2150 3338 2223 hzec,que
3368 2150 3735 2217 narras,odio
3764 2151 3872 2208 ba-

2217 2240 2409 2296 benda
2432 2244 2571 2296 sunt
2596 2240 2653 2295 in
2677 2239 2932 2305 homine,
2966 2244 3272 2312 propterea
3301 2256 3413 2294 non
3463 2242 3553 2295 est
3602 2242 3871 2295 amanda

2217 2328 2314 2384 Dei
2338 2328 2532 2400 imago
2560 2329 2614 2383 in
2637 2327 2918 2385 homine?
2952 2329 3116 2384 Sicut
3134 2328 3419 2396 Christus,
3443 2327 3544 2399 qui
3589 2326 3652 2383 in
3694 2344 3867 2384 cruce

2216 2417 2735 2489 positusinimicos
2759 2435 2896 2474 suos
2917 2417 3139 2484 dilexit,
3189 2421 3324 2474 ante
3365 2416 3555 2472 crucis
3602 2421 3863 2473 tormen-

2214 2509 2342 2562 tum
2365 2508 2671 2563 admonuit
2691 2507 2891 2564 dicens
2913 2526 2973 2562 .·‹‹
2998 2506 3250 2581 Dilligite
3292 2504 3565 2562 inimicos
3612 2510 3863 2573 vestros,

2213 2597 2531 2653 benefacite
2557 2597 2648 2654 his
2671 2598 2768 2669 qui
2795 2598 3047 2653 oderunt
3068 2614 3166 2653 vos
3188 2615 3201 2668 ;
3228 2599 3284 2652 et
3305 2599 3466 2652 orate
3518 2612 3623 2669 pro
3668 2612 3864 2667 perse-

2209 2687 2529 2757 quentibus
2552 2691 2607 2742 et
2629 2686 3128 2743 calumniantibus
3151 2690 3347 2756 vos,ut
3366 2683 3497 2741 sitis
3516 2683 3620 2739 ﬁlii
3676 2685 3864 2742 Patris

2207 2776 2380 2831 vestri
2404 2776 2504 2848 qui
2529 2776 2587 2831 in
2610 2774 2768 2831 ccelis
2791 2780 2880 2832 est
2901 2777 3031 2848 (Luc
3058 2778 3159 2845 v1).
3186 2798 3212 2825 »
3237 2775 3332 2831 Sic
3354 2791 3461 2846 per
3480 2772 3855 2831 Salomonem

2204 2869 2263 2919 et
2281 2863 2622 2935 Apostolum
2656 2865 2872 2920 dicitur
2897 2881 2910 2919 :
2937 2886 2964 2913 ‹‹
2987 2864 3045 2920 Si
3072 2863 3346 2920 esurierit
3366 2862 3647 2918 inimicus
3699 2866 3870 2930 tuus,

2204 2952 2334 3008 ciba
2356 2953 2555 3020 illum;
2574 2952 2623 3008 si
2647 2953 2792 3019 sitit,
2819 2956 3023 3025 potum
3047 2953 3123 3008 da
3147 2951 3230 3007 illi
3264 2955 3440 3022 (Rom.
3453 2951 3558 3023 xu)
3583 2969 3598 3020 ;
3627 2973 3656 3001 »
3699 2974 3730 3002 «
3755 2951 3871 3009 hoc

2202 3042 2356 3097 enim
2376 3042 2613 3109 faciens,
2638 3042 2921 3098 carbones
2945 3041 3099 3115 ignis
3123 3057 3401 3115 congeres
3446 3056 3629 3112 super
3680 3045 3867 3114 caput

2199 3129 2326 3200 ejus
2350 3129 2627 3200 (Proverb.
2653 3129 2804 3200 xxv).
2836 3151 2855 3178 ι
2883 3127 2984 3185 Cui
3012 3128 3312 3184 sententiae
3333 3127 3489 3184 idem
3532 3126 3863 3202 Apostolus

511 3220 647 3276 CAP.
684 3219 777 3276 IV.
808 3220 868 3276 Si
894 3220 1125 3276 Domini
1164 3220 1687 3291 optemperandum
1721 3225 1809 3275 est
1838 3220 2082 3292 imperio
2114 3232 2155 3298 ρ
2197 3232 2266 3271 ex
2286 3216 2517 3290 proprio
2541 3217 2864 3289 subjungit,
2888 3217 3117 3272 dicens:
3144 3239 3171 3266 ‹‹
3195 3215 3323 3272 Noli
3346 3215 3857 3285 vinciamalo,sed

437 3307 698 3365 humano
730 3309 901 3364 subdi
936 3326 1170 3365 necesse
1198 3314 1285 3364 est
1318 3309 1679 3378 magisterio.
1739 3310 1867 3380 Ipse
1923 3309 2080 3364 enim
2192 3303 2354 3360 vince
2380 3305 2438 3360 in
2456 3306 2609 3360 bono
2632 3306 3041 3377 malummom.
3066 3307 3189 3378 xu).
3218 3328 3245 3356 »
3273 3307 3395 3373 Quo
3414 3309 3617 3362 contra
3640 3306 3721 3362 de
3766 3306 3859 3362 his

434 3397 617 3454 dicit:
653 3420 681 3449 ‹‹
713 3398 820 3461 Qui
851 3415 951 3453 vos
979 3399 1144 3453 audit
1174 3414 1266 3453 me
1300 3398 1484 3463 audit,
1518 3402 1575 3453 et
1632 3398 1730 3470 qui
1761 3415 1863 3453 vos
1915 3416 2075 3470 sper-
2187 3394 2284 3466 qui
2312 3394 2520 3450 fratres
2543 3394 2736 3450 odisse
2759 3399 3100 3462 noscuntur,
3126 3412 3228 3468 per
3263 3394 3549 3451 Joannem
3585 3395 3846 3451 dicitur:

430 3486 519 3542 nit
549 3504 642 3542 me
672 3487 894 3559 spernit
923 3488 1073 3557 (Luc.
1115 3490 1280 3554 xvm)
1315 3505 1328 3554 ;
1368 3511 1395 3537 ››
1425 3488 1525 3552 ita,
1558 3486 1776 3557 inquis,
1810 3492 2071 3558 oportet:
2190 3501 2217 3534 ιι
2238 3481 2343 3545 Qui
2367 3483 2490 3537 odit
2515 3484 2746 3538 fratrem
2774 3500 2947 3538 suum
2971 3483 3267 3539 homicida
3283 3484 3467 3563 θεῖ.Εῲ
3489 3482 3658 3539 scitis
3681 3483 3843 3555 quod

424 3576 527 3631 sed
559 3575 609 3631 si
640 3575 775 3631 talis
801 3575 898 3647 qui
928 3576 1179 3648 imperat
1209 3581 1383 3637 esset,
1414 3594 1514 3646 per
1544 3592 1719 3646 quem
1752 3576 1905 3631 Deus
1962 3575 2072 3631 im-
2183 3571 2375 3626 omnis
2396 3572 2690 3627 homicida
2721 3589 2834 3627 non
2854 3572 3029 3628 habet
3050 3573 3107 3628 in
3132 3572 3447 3645 semetipso
3468 3572 3653 3628 vitam
3680 3576 3843 3629 reter-

422 3668 607 3737 perat.
636 3666 747 3720 Sed
780 3664 1094 3737 Apostolus
1125 3670 1327 3720 contra
1359 3682 1370 3721 :
1416 3688 1441 3713 «
1466 3665 1589 3719 Non
1620 3668 1725 3728 est,
1761 3664 2074 3737 inquit,po-
2182 3675 2318 3714 nam
2348 3664 2680 3716 manentem
2704 3661 2745 3733 (l
2773 3663 2929 3717 Joan.
2964 3663 3070 3734 ιιι).
3106 3684 3134 3712 ››
3182 3664 3252 3718 Et
3308 3678 3548 3717 rursum
3583 3677 3596 3715 :
3669 3684 3692 3710 ι
3732 3660 3842 3726 Qui

420 3758 603 3809 testas
625 3753 739 3810 nisi
771 3771 804 3810 a
832 3754 969 3810 Deo.
1002 3754 1137 3818 Quae
1171 3759 1366 3810 autem
1400 3760 1559 3819 sunt,
1593 3771 1627 3808 a
1666 3753 1780 3808 Deo
1808 3759 1948 3809 sunt
1979 3772 2069 3809 or-
2180 3748 2303 3804 odit
2322 3749 2559 3804 fratrem
2592 3767 2767 3805 suum
2802 3751 2859 3806 in
2891 3752 3150 3807 tenebris
3181 3751 3467 3820 ambulat,
3498 3755 3559 3808 et
3590 3749 3655 3807 in
3681 3754 3841 3807 tene-

423 3842 645 3898 dinata.
680 3843 879 3914 Itaque
912 3844 1011 3914 qui
1045 3844 1263 3898 resistit
1291 3843 1583 3913 potestati,
1611 3842 1709 3897 Dei
1750 3842 2067 3899 ordinatio-
2180 3837 2301 3893 bris
2319 3843 2409 3894 est
2429 3855 2616 3911 usque
2639 3840 2829 3895 adhuc
2863 3857 2877 3895 :
2910 3844 2965 3895 et
2996 3839 3181 3896 nescit
3212 3857 3327 3912 quo
3357 3845 3469 3907 eat,
3502 3838 3649 3913 quia
3681 3844 3841 3897 tene-

421 3930 483 3987 ni
514 3931 753 3988 resistit.
790 3932 960 4002 (nam.
993 3935 1139 4004 xm).
1174 3954 1201 3982 ››
1234 3932 1444 3995 Quales
1474 3949 1602 3987 esse
1631 3931 1786 3986 enim
1820 3932 2071 3988 debeant
2179 3926 2293 3982 bra:
2315 3933 2677 3984 cmcaverunt
2705 3929 2905 3984 oculos
2937 3931 3064 4001 ejus
3095 3931 3144 4001 (Ι
3178 3932 3333 3985 Joan.
3368 3934 3459 3999 ιι).
3494 3952 3523 3979 ››

421 4019 483 4076 hi
506 4021 604 4092 qui
638 4022 946 4092 imperant,
983 4038 1098 4075 non
1139 4026 1229 4076 est
1258 4038 1292 4077 a
1320 4021 1573 4076 subditis
1610 4021 2065 4076 discutiendum.
2249 4018 2338 4081 At,
2370 4017 2589 4088 inquis,
2622 4018 2841 4072 sufficit
2871 4018 3013 4073 mihi
3048 4019 3203 4090 quod
3234 4026 3500 4074 amantes
3547 4034 3642 4074 me
3712 4018 3843 4074 dili-

418 4108 490 4164 Et
510 4108 747 4181 quidem
778 4108 984 4179 primis
1016 4110 1279 4164 Ecclesiae.
1313 4109 1648 4178 pastoribus
1680 4109 1961 4164 Dominus
1986 4109 2069 4164 di-
2176 4118 2268 4175 go.
2291 4104 2577 4160 Dominus
2608 4111 2812 4161 contra
2842 4106 2923 4160 ait
2955 4123 2968 4160 :
3006 4130 3034 4156 «
3066 4107 3124 4161 Si
3154 4107 3309 4162 enim
3325 4107 3577 4179 diligitis
3608 4122 3716 4163 eos
3737 4107 3840 4179 qui

420 4196 499 4252 cit
530 4214 543 4251 :
570 4220 596 4246 ‹‹
632 4197 827 4263 Scitis,
861 4199 1015 4267 quod
1051 4215 1212 4268 reges
1242 4199 1503 4267 gentium
1561 4199 1940 4253 dominantur
1977 4214 2067 4253 eo-
2176 4208 2277 4247 vos
2308 4193 2563 4264 diligunt
2591 4211 2770 4265 quam
2803 4196 3126 4251 mercedem
3161 4195 3453 4251 habebitis
3480 4195 3509 4250 ‘t
3539 4196 3755 4252 Nonne
3782 4200 3843 4252 et

418 4301 573 4355 rum,
607 4289 664 4340 et
693 4285 791 4356 qui
823 4290 1170 4355 potestatem
1204 4288 1639 4342 exercentinter
1667 4304 1788 4354 eos,
1821 4288 2064 4343 benefici

2242 4280 2474 4335 iblicani
2508 4282 2616 4335 hoc
2642 4283 2910 4337 faciunt?
2937 4306 2964 4332 »
2998 4284 3205 4356 (Matth.
3227 4302 3300 4351 v;
3358 4286 3486 4340 Luc.
3520 4285 3628 4356 v1.)
3684 4285 3839 4350 Quid

413 4377 716 4429 vocantur.
747 4372 865 4428 Vos
890 4378 1087 4428 autem
1120 4392 1235 4430 non
1267 4376 1350 4430 sic
1378 4378 1691 4443 (Luc.xxu).
1730 4398 1751 4425 ι
1785 4376 1895 4430 Sed
1922 4400 1942 4425 ιι
1963 4377 2060 4448 qui
2177 4373 2235 4424 ιιι
2263 4385 2500 4440 quoque
2529 4371 2598 4424 ad
2634 4371 2742 4425 hoc
2769 4372 3019 4443 obiicere
3051 4372 3207 4428 vales
3232 4372 3261 4426 Ἰ
3288 4374 3475 4441 Certe,
3509 4395 3538 4422 ‹‹
3575 4375 3676 4445 qui
3710 4376 3839 4430 odit

410 4460 538 4518 vult
566 4463 754 4533 major
783 4462 991 4518 essein
1023 4464 1208 4529 vobis,
1236 4466 1345 4520 erit
1375 4466 1640 4520 omnium
1672 4481 1875 4520 servus
1898 4466 2064 4536 (Marc
2172 4458 2409 4513 fratrem
2443 4476 2641 4523 suum,
2690 4466 2887 4516 manet
2909 4462 2965 4515 ίη
3001 4466 3208 4527 morte.
3244 4466 3301 4517 6t
3331 4461 3430 4533 qui
3490 4462 3710 4535 diligit.
3774 4465 3833 4517 in

409 4551 490 4624 x).
528 4547 556 4600 ὑ
588 4550 682 4606 Sic
713 4555 770 4606 et
803 4573 831 4601 α
863 4551 1043 4607 Filius
1075 4553 1332 4609 hominis
1368 4572 1481 4608 non
1514 4550 1667 4608 venit
1712 4554 2059 4620 ministrari,
2096 4601 2135 4624 η
2172 4546 2287 4602 Deo
2315 4554 2533 4616 manet,
2558 4553 2615 4603 et
2630 4549 2781 4605 Deus
2812 4550 2867 4603 in
2894 4567 2962 4606 eo
2991 4552 3041 4619 (I
3067 4552 3226 4607 Joan.
3259 4568 3345 4618 in,
3379 4552 3477 4619 iv).
3499 4572 3527 4601 »
3576 4551 3832 4607 Omnem

414 4640 519 4697 sed
552 4640 887 4697 ministrare
919 4642 1126 4713 (Matth.
1159 4644 1271 4713 xx).
1300 4666 1326 4693 ››
1364 4643 1472 4698 Sed
1507 4648 1666 4710 tunc,
1727 4643 1883 4714 quod
1942 4661 2056 4698 non
2094 4637 2134 4665 υ
2171 4653 2307 4708 ergo
2331 4637 2780 4693 amaritudinem
2817 4638 2970 4694 tellis
3009 4655 3230 4709 evome,
3266 4644 3325 4695 et
3382 4656 3622 4713 quoquo
3655 4648 3836 4713 pacto

410 4744 616 4785 omnes
644 4726 786 4784 tales
818 4728 1046 4784 futuros
1075 4746 1204 4784 esse
1250 4728 1533 4800 praevidit,
1593 4729 1888 4799 subjector
1936 4746 2060 4783 om-
2171 4724 2424 4780 \alueris
2444 4726 2750 4782 cbaritatis
2779 4727 3146 4783 dulcedinem
3179 4745 3368 4784 sume.
3392 4728 3483 4784 Nil
3514 4730 3675 4785 enim
3697 4747 3833 4785 sna-

2094 4601 2135 4665 D

210 5840 269 5896 Ἃ

409 4817 577 4874 nium
608 4834 889 4889 personas
923 4817 977 4872 in
1011 4818 1316 4889 discipulis
1350 4833 1659 4872 assumens
1690 4818 2059 4888 praemonuit,

409 4907 612 4963 dicens
646 4924 658 4961 :
691 4929 718 4955 «
750 4909 937 4977 Super
967 4905 1302 4961 cathedram
1335 4905 1477 4960 Mosi
1514 4906 1789 4960 sederunt
1845 4907 2059 4962 Scriba:

412 4998 471 5051 et
501 4993 802 5049 Pharisaei.
843 4995 976 5059 Qua:
1010 4994 1169 5048 vobis
1201 4994 1406 5049 dicunt
1440 4993 1607 5048 t'acite
1642 5010 1653 5047 :
1689 5011 1815 5065 quae
1861 4999 2056 5050 autem

408 5081 651 5149 faciunt,
684 5081 863 5137 nolite
896 5082 1079 5136 facere
1113 5099 1125 5136 :
1162 5083 1474 5154 imponunt
1501 5081 1657 5137 enim
1688 5082 1746 5136 in
1780 5081 2058 5139 humeros

406 5172 718 5228 hominum
744 5187 920 5226 onera
950 5171 1147 5242 gravia
1165 5179 1221 5226 et
1251 5171 1646 5241 importabilia
1677 5188 1690 5225 :
1725 5171 1907 5241 digito
1958 5190 2055 5227 au-

402 5265 522 5319 tem
549 5278 654 5318 suo
687 5258 895 5315 nolunt
924 5278 993 5315 ea
1021 5276 1271 5316 movere.
1303 5263 1518 5331 (Matth.
1552 5264 1733 5330 xxui).
1774 5284 1802 5310 ››

998 5385 1215 5423 INVIDIA
1255 5386 1406 5424 DIClT
1439 5385 1451 5422 Ξ

469 5477 529 5531 In
562 5490 677 5546 quo
708 5472 826 5535 illo,
860 5473 947 5529 vel
984 5473 1082 5529 illo
1115 5475 1308 5529 minor
1337 5492 1399 5531 es
1427 5475 1456 5530 ‘I
1486 5478 1598 5529 Cur
1627 5490 1763 5545 ergo
1805 5474 2048 5546 aequalis

394 5562 499 5629 eis,
536 5562 623 5616 vel
656 5563 923 5632 superior
954 5580 1064 5616 non
1101 5581 1161 5619 es
1192 5566 1219 5620 Ἰ
1251 5567 1477 5630 Quanta
1534 5563 1710 5630 vales,
1762 5563 1877 5634 ipsi
1932 5581 2046 5619 non

396 5649 593 5704 valent
622 5649 650 5702 ‘2
679 5648 803 5703 Non
845 5651 1119 5720 ergotibi
1180 5657 1282 5707 aut
1341 5651 1676 5724 superiores
1736 5667 1884 5718 esse,
1946 5657 2047 5708 aut

399 5735 573 5791 etiam
603 5734 855 5805 aequales
886 5752 1014 5791 esse
1043 5738 1273 5793 debent.

2172 4814 2443 4882 viusilla,
2470 4815 2553 4870 nil
2587 4820 2676 4871 est
2693 4817 2939 4873 beatius.
3001 4840 3030 4869 «
3081 4819 3255 4888 Deus,
3291 4818 3487 4890 inquit
3540 4818 3830 4887 Joannes,

2171 4903 2425 4959 cbaritas
2454 4910 2543 4960 est
2564 4906 2613 4977 (Ι
2636 4907 2794 4962 Joan.
2828 4909 2927 4973 iv).
2963 4929 2990 4957 »
3014 4907 3085 4962 Et
3115 4907 3385 4979 egregius
3437 4907 3830 4980 praedicator:

2169 4992 2479 5048 «Charitas
2500 4994 2601 5048 Dei
2647 4994 2866 5050 diffusa
2908 4995 3084 5050 estin
3121 4996 3398 5052 cordibus
3447 4997 3691 5065 nostris,
3714 5013 3830 5069 per

2166 5082 2448 5153 Spiritum
2474 5087 2746 5138 sanctum
2789 5084 2889 5155 qui
2912 5084 3087 5139 datus
3135 5088 3225 5139 est
3247 5084 3417 5139 nobis
3464 5085 3644 5157 (Rom.
3684 5090 3765 5157 v).
3802 5107 3831 5135 ››

2167 5169 2329 5225 Unde
2363 5171 2778 5227 neciinmerito
2840 5172 3095 5228 cbaritas
3154 5173 3411 5228 fraterna
3470 5174 3830 5230 delictorum

2163 5260 2422 5315 facinora
2455 5268 2644 5332 tegere
2674 5260 2904 5329 dicitur,
2938 5260 3091 5317 sicut
3119 5261 3409 5333 scciptum
3439 5268 3534 5319 est
3571 5278 3585 5319 :
3621 5283 3644 5313 ι
3679 5263 3827 5320 Uni-

2162 5365 2327 5404 versa
2356 5348 2567 5404 delicta
2583 5351 2772 5422 operit
2802 5349 3058 5406 cbaritas
3097 5350 3144 5421 (I
3162 5351 3311 5405 Petr.
3348 5352 3444 5423 IV).
3482 5374 3512 5401 η

2709 5471 3020 5511 DETRACTIO
3060 5473 3211 5511 DICIT
3241 5473 3255 5511 2

2228 5560 2370 5623 Quis
2398 5564 2589 5631 potest
2617 5561 2929 5628 sustinere,
2963 5561 3096 5633 quis
3128 5561 3595 5637 silentiotegere,
3629 5580 3825 5637 quan-

2155 5647 2333 5703 taille
2362 5649 2447 5703 vel
2482 5648 2579 5704 ille
2610 5666 2785 5721 prava
2816 5650 3150 5719 committit,
3197 5650 3309 5708 nisi
3342 5652 3445 5724 qui
3478 5652 3628 5711 forte
3678 5668 3829 5709 con-

2156 5735 2335 5794 sentit
2364 5736 2392 5790 ?
