3964 6206
178 308 297 374 865

346 460 620 503 ιιΒειιτ-Αε
648 460 840 503 IUSTE
866 459 1276 502 CORRECTIONIB
1308 459 1635 500 RESPOND‘T
1667 458 1678 498 ἶ

250 535 386 593 CAP.
420 537 543 592 VII.
579 536 695 592 Nec
742 535 990 591 tacenda
1037 538 1179 590 sunt
1227 532 1384 589 mala
1434 530 1704 603 proximi,
1738 545 1844 585 nec

183 626 608 682 consentienda
624 643 637 682 :
654 626 753 681 sed
774 624 1062 681 charitate
1083 624 1330 679 fraterna
1354 623 1409 676 in
1434 623 1635 677 t‘ariem
1662 618 1851 691 proxi'

189 732 327 770 mus
358 716 801 786 redargueudus
832 718 940 779 est,
965 728 1076 767 non
1111 719 1304 768 autem
1336 711 1386 767 ei
1410 710 1633 765 occulte
1664 709 1848 761 detra-

190 803 472 861 hendum.
496 805 660 871 Quod
695 804 742 859 si
775 803 1052 871 objicitur
1085 819 1097 856 :
1133 802 1346 856 ideirco
1379 802 1614 855 fratrem
1650 812 1848 853 coram

180 895 373 953 oculis
418 894 722 966 increpare
753 892 909 956 nolo,
935 909 1006 946 ne
1037 894 1416 961 exasperatus
1466 889 1848 946 correctione,

186 1002 304 1042 non
337 984 624 1057 proficiat,
651 984 751 1037 sed
800 981 990 1054 magis
1018 998 1085 1036 ex
1116 982 1470 1036 correctione
1501 979 1845 1034 scandalum

183 1077 405 1139 sumat,
430 1071 686 1127 occurrit
706 1070 902 1125 divina
922 1070 1307 1141 Scriptura,ct
1328 1086 1491 1124 versa
1517 1069 1635 1123 vice
1659 1070 1845 1139 magis

180 1162 529 1220 scandalum
555 1159 863 1215 denuntiat
888 1159 1089 1214 dicens
1116 1176 1163 1213 :u
1188 1159 1406 1213 Sedens
1429 1159 1707 1211 adversus
1731 1158 1843 1211 fra-

186 1255 344 1307 trem
391 1257 558 1305 tuum
605 1248 1057 1315 detrahebas,et
1091 1248 1370 1302 adversus
1403 1246 1584 1300 tilium
1638 1245 1845 1299 matris

181 1345 302 1395 tum
336 1340 590 1411 ponebas
622 1337 966 1393 scandalum
1000 1337 1173 1407 (Psal.
1210 1337 1380 1405 κως).
1411 1359 1431 1386 ιι
1471 1334 1656 1405 Magis
1687 1334 1840 1388 enim

180 1428 531 1484 scandalum
565 1427 748 1482 sumit
787 1425 885 1498 qui
935 1425 1045 1479 sibi
1096 1425 1494 1479 detrahentem
1548 1422 1841 1493 intelligit,

182 1534 363 1591 quam
406 1515 506 1588 qui
539 1514 948 1585 corripientem
999 1514 1271 1568 sustinet.
1306 1515 1368 1567 Et
1403 1512 1538 1584 quia
1570 1529 1842 1566 nonnun-

180 1624 361 1681 quam
382 1610 573 1661 errata
589 1602 1057 1675 delinquentium
1078 1602 1149 1657 ad
1171 1607 1400 1672 tempus
1419 1602 1840 1668 tegendasunt,

179 1703 251 1751 ut
281 1694 490 1766 aptinri
530 1699 794 1763 tempore
835 1692 1221 1763 corrigantur,
1250 1696 1555 1763 propterea
1594 1690 1841 1761 subjun-

993 308 1094 373 DE
1138 309 1575 375 CthFLlCTU
1619 306 2010 373 VlTIORUM
2055 309 2323 383 ATQUE
2367 305 2804 374 VIRTUTUM.

1872 443 1928 509 Α
1956 453 2070 516 tur,
2097 473 2122 500 ‹‹
2154 449 2211 506 Si
2246 466 2357 507 non
2410 445 2817 521 compatimur,
2858 460 2962 501 nec
3005 436 3546 515 conregnablmus?
3572 458 3597 485 η

3479 302 3597 366 566

1957 540 2128 613 (Tim.
2162 541 2251 613 ιι.)
2281 543 2642 612 QuaprOpter
2668 534 3013 593 retundendi
3045 535 3183 589 sunt
3218 530 3318 586 ira:
3346 524 3599 594 stimuli,

1956 634 2013 687 et
2040 631 2168 702 ejus
2217 631 2529 687 metuenda
2569 627 2886 684 damnatio.
2919 624 2976 679 Si
3022 622 3260 696 quidem
3293 643 3321 670 ‹‹
3356 618 3456 692 qui
3487 616 3601 672 ira-

1956 725 2141 781 scitur
2171 725 2333 781 fratri
2366 742 2472 779 suo
2503 740 2635 778 reus
2666 722 2774 778 erit
2796 719 3051 792 judicio;
3084 716 3185 790 qui
3216 718 3409 771 autem
3441 714 3600 772 dixe-

1957 816 2027 870 rit
2064 815 2221 870 fratri
2255 832 2360 870 suo
2408 814 2604 877 racha,
2639 829 2772 869 reus
2803 811 2913 866 erit
2940 807 3211 876 consilio;
3248 806 3347 879 qui
3402 809 3599 861 autem

1956 904 2185 972 dixerit,
2218 906 2393 972 fatue,
2428 921 2559 958 reus
2591 902 2697 958 erit
2729 900 3005 973 gehennaa
3036 898 3189 971 ignis
3217 896 3432 970 (Matth.
3465 895 3542 967 v).
3570 916 3599 944 ››

1957 994 2063 1049 Ubi
2097 999 2289 1048 autem
2344 993 2663 1048 remedium
2713 991 3023 1056 invenitur,
3058 991 3218 1060 patet
3246 1003 3314 1042 ex
3344 1003 3410 1041 eo
3441 984 3597 1057 quod

1956 1083 2232 1138 subditur
2265 1100 2278 1137 :
2306 1106 2333 1131 ‹‹
2367 1082 2423 1136 Si
2466 1082 2637 1136 offers
2688 1096 2905 1134 munus
2962 1082 3129 1132 tuum
3184 1076 3257 1131 ad
3313 1074 3513 1137 altare,
3546 1077 3604 1127 et

1955 1172 2031 1226 ibi
2066 1172 2404 1225 recordatus
2452 1170 2630 1224 fueris
2681 1168 2818 1239 quia
2857 1168 3033 1222 frater
3080 1170 3220 1220 tuus
3268 1162 3445 1219 habet
3490 1160 3600 1216 ali-

1954 1262 2094 1333 quid
2146 1261 2451 1315 adversum
2484 1264 2561 1323 te,
2595 1257 2856 1329 relinque
2887 1256 2966 1311 illi
2999 1271 3218 1310 munus
3263 1256 3432 1308 tuum
3465 1253 3599 1305 ante

1954 1350 2153 1417 altare,
2178 1353 2236 1405 et
2264 1350 2407 1405 vade
2438 1347 2795 1403 reconciliari
2828 1345 2993 1418 prius
3026 1342 3188 1399 fratri
3215 1345 3338 1408 tuo,
3371 1344 3429 1397 et
3458 1343 3599 1394 tunc

1951 1440 2190 1495 veniens
2223 1440 2429 1494 otl‘eres
2460 1454 2677 1492 munus
2718 1441 2885 1491 tuum
2917 1434 3121 1505 (Matth.
3152 1432 3230 1502 v).
3261 1450 3289 1482 ιι
3322 1432 3401 1485 Ac
3434 1429 3481 1484 si
3512 1427 3600 1483 di-

1953 1533 2217 1585 ceretur:
2254 1529 2367 1583 Nec
2397 1528 2454 1581 in
2497 1527 2668 1583 corde
2726 1524 2964 1580 tacitam
3023 1536 3254 1594 precem
3311 1516 3599 1583 etfundas,

1954 1617 2065 1673 nisi
2100 1618 2261 1691 prius
2295 1618 2582 1672 offensum
2613 1616 2942 1687 proximum
2973 1608 3384 1667 satisfaciendo
3414 1606 3485 1661 ad
3519 1604 3599 1660 le-

1954 1708 2155 1763 nitatis
2186 1705 2701 1762 mansuetudinem
2734 1704 3037 1775 perducas.
3071 1700 3286 1754 Munus
3315 1695 3471 1751 enim
3504 1710 3601 1750 no-

183 1787 348 1858 Sim"
374 1783 585 1880 “una”:
611 1781 792 1880 Ῡθοξδῖί
818 1785 875 1835 et
902 1781 1077 1835 ίδθυί·
1106 1780 1236 1880 ibi“
1268 1784 1464 1880 “Utf'm
1492 1796 1558 1834 ex
1588 1779 1697 1834 hoc
1720 1780 1839 1879 dis:
1869 1814 1916 1880 B
1953 1801 2140 1853 strum
2173 1800 2262 1851 est
2291 1794 2472 1851 oratio
2520 1796 2752 1858 nostra;
2786 1791 2967 1846 altare
3015 1806 3149 1844 vero
3197 1789 3463 1843 nostrum
3512 1786 3603 1839 est

181 1878 346 1929 creto
394 1871 626 1927 silentio
682 1871 1035 1925 detracturos
1089 1869 1197 1925 sibi
1257 1868 1699 1939 applaudereut,
1736 1868 1835 1939 qui

179 1964 330 2018 dum
363 1977 597 2030 semper
620 1959 839 2015 occulte
862 1959 1140 2030 derogare
1166 1958 1413 2025 malunt,
1438 1974 1740 2028 nunquam
1777 1957 1834 2011 in

178 2056 447 2123 apertam
482 2047 937 2120 inerepationem
970 2047 1305 2119 prosiliunt,
1331 2047 1520 2101 adhuc
1553 2046 1841 2101 subinfer-

178 2145 281 2196 tur
305 2157 352 2195 :a
380 2137 742 2193 Existimasti
786 2137 985 2209 inique
1018 2137 1172 2208 quod
1207 2153 1303 2191 ero
1334 2138 1416 2191 tui
1469 2135 1732 2191 similis.»
1760 2138 1837 2190 Ac

181 2229 231 2285 si
264 2229 597 2284 diceretur:
624 2226 899 2297 Iniquum
923 2231 1010 2280 est
1033 2226 1285 2297 cogitare
1310 2230 1373 2281 ut
1396 2225 1528 2279 inde
1549 2225 1840 2279 detractor

191 2317 407 2375 similis
431 2332 779 2388 appaream:
805 2317 957 2370 unde
988 2317 1058 2371 ad
1091 2321 1321 2387 tempus
1355 2314 1834 2385 retirens,lorum

184 2411 338 2478 aptae
369 2404 745 2460 correctionis
766 2409 1051 2475 exspecto.
1078 2405 1239 2459 Unde
1270 2409 1326 2457 et
1352 2403 1618 2475 protinus
1638 2401 1838 2457 subdi-

180 2501 290 2552 tur
312 2513 363 2550 :«
386 2497 657 2565 Argoam,
685 2498 763 2555 te,
787 2498 843 2548 et
874 2496 1127 2548 statuam
1158 2497 1358 2547 contra
1379 2491 1584 2547 faciem
1609 2496 1766 2545 tuam
1787 2508 1837 2557 ;››

177 2583 363 2641 veluti
414 2584 744 2638 diceretur:
780 2583 904 2637 Non
936 2582 993 2637 in
1045 2583 1292 2646 occulto,
1330 2587 1390 2637 ut
1437 2586 1540 2635 tua
1587 2596 1838 2635 consue-

180 2674 327 2731 tudo
385 2678 493 2740 est,
526 2674 627 2728 sed
687 2672 743 2727 in
805 2677 1026 2745 aperto,
1060 2676 1125 2726 ut
1154 2690 1283 2727 mea.
1338 2676 1424 2725 est
1481 2670 1839 2726 consuetudo

178 2769 388 2837 aptum
421 2768 659 2834 tempus
690 2761 1038 2830 corripiendi
1085 2766 1429 2833 exspectans
1478 2764 1838 2833 peccatorem

178 2868 453 2925 arguam,
485 2852 700 2921 eteius
746 2850 957 2905 delicta
999 2856 1199 2906 contra
1248 2850 1452 2905 faciem
1511 2849 1670 2904 illius
1720 2852 1837 2901 sta-

176 2947 364 2997 tuam.
398 2946 489 3004 At,
521 2939 762 3012 iniquis,
797 2956 910 2994 non
946 2939 1098 3003 odio,
1133 2940 1230 2995 sed
1266 2956 1417 2999 amo,
1453 2955 1625 3010 quem
1663 2938 1739 2991 ita
1775 2936 1832 2989 in

173 3030 541 3087 absconditis
593 3029 925 3095 dijudicans
975 3029 1354 3099 reprehendo.
1407 3028 1477 3081 Et
1522 3043 1627 3097 ego
1662 3042 1675 3079 :
1712 3026 1836 3079 Imo

177 3120 373 3191 magis
406 3120 538 3173 hinc
578 3118 726 3178 odis,
758 3122 816 3171 et
867 3134 981 3172 non
1031 3116 1247 3188 diligis,
1294 3117 1448 3171 unde
1494 3115 1753 3169 detrahis
1784 3117 1840 3168 et

1948 1903 2063 1941 cor.
2102 1884 2200 1939 Ille
2233 1888 2425 1940 autem
2458 1882 2556 1955 qui
2598 1883 2707 1938 hoc
2739 1881 2922 1936 facere
2953 1878 3206 1950 (quoties
3251 1875 3404 1930 inter
3450 1874 3601 1929 duos

1946 1974 2034 2030 ira
2064 1974 2237 2029 fuerit
2275 1972 2542 2041 excitata)
2593 1969 2907 2036 studuerit,
2940 1966 3304 2039 praemissam
3355 1964 3597 2018 damna-

1945 2063 2163 2119 tionem
2215 2077 2581 2133 nequaquam
2634 2058 2902 2114 incurrit.
2936 2056 3048 2111 Sed
3090 2057 3230 2110 sunt
3276 2050 3447 2107 multi
3496 2049 3596 2121 qui

1946 2152 2160 2225 petenti
2196 2150 2304 2205 sibi
2340 2150 2589 2217 veniam,
2622 2146 2833 2203 delicta
2875 2162 2991 2201 non
3028 2142 3354 2200 remittunt.
3387 2140 3600 2195 Contra

1946 2257 2095 2312 quos
2126 2238 2223 2295 illa
2256 2238 2487 2294 Domini
2520 2237 2814 2293 sententia
2842 2234 3016 2301 venit,
3050 2249 3166 2304 qua
3195 2231 3447 2286 dicitur:
3480 2248 3507 2281 ε
3537 2226 3597 2282 Si

1946 2346 2061 2385 non
2123 2328 2464 2384 remiseritis
2518 2324 2860 2382 horninibus
2916 2325 3154 2396 peccata
3208 2334 3434 2386 eorum,
3491 2332 3600 2372 nec

1945 2419 2118 2474 Pater
2146 2421 2333 2472 vester
2361 2415 2612 2472 caelestis
2643 2413 2898 2471 remittet
2939 2411 3103 2468 vobis
3146 2412 3385 2482 peccata
3405 2408 3601 2462 vestra

1947 2507 2153 2579 (Matth.
2190 2507 2288 2576 v1).

2019 2596 2190 2651 Plura
2220 2598 2374 2659 sunt,
2410 2592 2629 2664 inquis,
2655 2608 2780 2664 quas
2813 2587 3149 2654 committit,
3173 2589 3231 2642 et
3262 2599 3354 2640 me
3384 2581 3599 2655 saepius

1948 2684 2204 2740 oll'endit.
2241 2684 2321 2738 Ad
2356 2682 2477 2737 haec
2510 2699 2623 2736 non
2655 2697 2782 2753 ego,
2806 2680 2907 2736 sed
2933 2676 3214 2733 Dominus
3243 2672 3593 2745 respondet:

1944 2774 2091 2829 Nam
2124 2790 2256 2827 eum
2292 2772 2493 2827 Petrus
2521 2772 2589 2826 ad
2640 2786 2778 2826 eum
2825 2768 3044 2824 diceret
3075 2782 3088 2822 :
3114 2789 3142 2816 ‹‹
3176 2762 3411 2829 Quoties
3461 2777 3594 2834 pec-

1948 2861 2104 2917 cabit
2133 2860 2187 2915 in
2223 2877 2315 2915 me
2364 2860 2539 2914 frater
2578 2875 2765 2923 meus,
2806 2857 3097 2912 dimittam
3144 2853 3230 2909 illi
3280 2866 3469 2923 usque
3498 2866 3594 2906 se-

1947 2949 2134 3023 pties?
2159 2972 2184 2997 ››
2211 2948 2310 3003 Ille
2340 2949 2410 3003 ad
2443 2965 2574 3004 eum
2602 2966 2614 3004 :
2643 2970 2671 2997 «
2700 2947 2822 3002 Non
2852 2946 2982 3001 dico
3012 2944 3141 3011 tibi,
3167 2940 3379 3012 inquit,
3404 2954 3595 3011 usque

1946 3038 2182 3111 septies,
2204 3038 2299 3093 sed
2337 3054 2521 3109 usque
2552 3035 2885 3108 septuagies
2909 3033 3125 3106 septies
3140 3030 3347 3103 (Matth.
3370 3028 3593 3099 xvm).»

1947 3130 2129 3194 Quam
2164 3126 2332 3181 multi
2390 3130 2581 3182 autem
2633 3130 2773 3182 sunt
2799 3123 2900 3196 qui
2932 3140 3071 3179 suas
3126 3120 3376 3193 injurias
3430 3118 3598 3174 tarde

178 3180 316 3264 nonv
332 3207 597 3279 corripis.
623 3207 805 3269 Quam
839 3206 915 3261 sit
946 3180 1525 3260 autemudetestanda
1556 3203 1835 3259 detractio
1866 3180 1909 3247 (ἶ
1951 3180 2229 3283 ξειέέεηι,
2272 3180 2372 3271 Dei
2396 3180 2553 3271 λυριξο
2609 3180 2784 3270 om,”
2817 3180 3138 3286 ’ίηάυιεεηι
3169 3180 3400 3282 ε’θιφιο
3445 3224 3598 3264 non-

180 3295 779 3370 proximi,plerisque
818 3294 875 3349 in
920 3295 1065 3349 locis
1096 3293 1327 3365 eloquia
1380 3294 1574 3348 divina
1621 3296 1837 3347 testan-

177 3391 303 3455 tur,
333 3386 487 3439 unde
516 3388 608 3439 est
638 3382 782 3437 illud
809 3400 821 3437 :
848 3406 876 3432 «
906 3382 1315 3437 Detrahentem
1345 3383 1625 3437 adversus
1659 3382 1842 3453 proxi-

178 3488 353 3530 ‘mum
382 3490 562 3528 suum
609 3471 851 3537 occulte,
884 3471 1041 3526 hunc
1087 3472 1479 3543 persequebar
1509 3471 1679 3543 (Psal.
1715 3471 1787 3541 ο).
1816 3493 1842 3518 ››

179 3564 255 3620 Et
283 3562 426 3617 illud
462 3580 530 3618 :«
565 3562 671 3628 Qui
724 3561 979 3615 detrahit
1024 3560 1185 3616 fratri
1219 3560 1612 3615 era'lirabitur
1639 3560 1837 3630 (Iacob.

182 3652 293 3722 ιν).
320 3672 348 3699 ››
381 3651 499 3706 Nec
530 3667 643 3705 non
677 3656 736 3705 et
766 3650 909 3704 illud
945 3648 1188 3721 apostoli
1224 3648 1383 3704 Pauli
1422 3665 1434 3702 :
1465 3671 1484 3696 ε
1520 3648 1722 3704 Videte
1753 3665 1845 3703 ne-

180 3741 334 3796 dum
367 3738 614 3793 invicem
666 3738 969 3801 mordetis,
1004 3738 1075 3793 ab
1115 3737 1363 3792 invicem
1413 3737 1844 3793 consumamini

181 3828 407 3903 (Calai.
438 3828 515 3897 v).
544 3848 571 3875 ››

855 3935 951 3973 IRA
991 3934 1142 3972 DlCl'l‘
1174 3935 1186 3972 ε

256 4010 393 4072 Qum
424 4023 567 4079 erga
595 4012 649 4061 te.
680 4010 954 4080 aguntur,
978 4006 1386 4077 aequanimiter
1409 4006 1539 4060 ferri
1576 4022 1687 4059 non
1713 4021 1844 4076 pos-

186 4103 332 4152 sunt
366 4114 379 4152 :
410 4096 537 4151 haec
586 4097 872 4167 patienter
918 4094 1181 4160 tolerare,
1218 4100 1521 4166 peccatum
1572 4099 1679 4149 est.
1712 4098 1845 4158 Qua:

186 4186 293 4241 etsi
333 4201 446 4239 non
490 4185 576 4241 eis
606 4201 741 4241 cum
790 4200 1005 4254 magna
1049 4183 1485 4255 exasperatione
1534 4183 1845 4245 resistitur,

190 4278 397 4329 contra
429 4279 488 4329 te
516 4274 794 4346 deinceps
825 4273 952 4329 sine
981 4290 1258 4329 mensura
1288 4272 1681 4328 cumulantur.

670 4380 968 4418 PATIENTIA
1000 4380 1328 4419 asseouom
1362 4380 1374 4418 :
1456 4364 1465 4369 ⁴

256 4452 398 4507 Car.
425 4451 574 4506 Vill.
600 4452 657 4507 Si
692 4452 886 4523 passio
922 4451 1328 4523 Redemptoris
1368 4452 1438 4507 ad
1473 4456 1725 4506 mentem
1760 4468 1846 4507 re-

186 4540 450 4603 ducitur,
483 4539 632 4595 nihil
664 4544 785 4595 tam
834 4541 1073 4605 durum,
1104 4541 1255 4611 quod
1292 4557 1405 4595 non
1441 4557 1605 4612 isquo
1654 4541 1849 4597 animo
1882 4547 1928 4613 Ι)
1957 4544 2131 4601 etiam
2182 4543 2394 4599 dicitur
2428 4562 2439 4599 :
2472 4570 2491 4592 ι

187 4629 498 4685 toleratur.
524 4651 552 4679 «
577 4628 847 4685 Christus
870 4629 1049 4694 enim,
1074 4634 1134 4685 ut
1166 4629 1245 4684 ait
1280 4629 1505 4701 Petrus,
1532 4646 1744 4701 passus
1775 4638 1864 4687 est

186 4735 296 4791 pro
329 4718 523 4781 nobis,
553 4717 893 4791 relinquens
940 4718 1110 4774 nobis
1153 4718 1506 4790 exemplum,
1540 4722 1606 4774 ut
1642 4736 1849 4791 sequa-

191 4823 333 4864 mur
378 4807 627 4879 vestigia
678 4808 808 4878 ejus
838 4808 885 4879 (1
910 4810 1057 4864 Patr.
1106 4809 1187 4879 ιι).
1216 4830 1242 4857 ››
1276 4807 1404 4879 Ipse
1452 4807 1607 4863 enim
1657 4809 1849 4881 dixit;

190 4919 218 4948 α
252 4896 315 4952 Si
349 4896 841 4968 patremfamilias
884 4896 1203 4953 Beelzebub
1235 4902 1603 4955 vocaverunt.
1637 4902 1855 4970 quanto

193 4985 392 5057 magis
450 4985 810 5040 domesticos
864 4986 1089 5056 ejus?»
1120 4986 1342 5055 (Matth.
1393 4986 1474 5053 x.)
1505 4986 1574 5041 Et
1628 4986 1740 5041 alio
1797 4989 1855 5042 in

188 5076 326 5131 loco
360 5090 411 5126 :«
437 5074 494 5129 Si
530 5090 625 5129 me
666 5075 953 5146 persecuti
1006 5079 1165 5144 sunt,
1198 5080 1255 5129 et
1282 5091 1384 5130 vos
1436 5081 1863 5148 persequentur

190 5167 389 5237 (Joan.
424 5163 537 5232 xv).
565 5185 591 5211 ››

271 5253 384 5309 Sed
419 5256 644 5324 quanta
688 5255 830 5306 sunt
859 5253 915 5306 in
951 5252 1384 5323 comparatione
1416 5254 1761 5325 passionum
1790 5255 1865 5310 il-

189 5341 337 5408 lius,
358 5357 491 5413 quae
523 5339 818 5412 patimur?
842 5339 942 5396 Ille
979 5340 1134 5395 enim
1178 5342 1511 5412 opprobria.
1543 5342 1866 5410 irrisiones,

193 5428 616 5488 contumelias.
652 5428 872 5500 alapas,
899 5432 1074 5502 sputa
1113 5428 1361 5501 ﬂagella,
1396 5430 1660 5502 spineam
1708 5449 1866 5487 coro-

193 5536 363 5583 nam,
394 5533 752 5588 crueemque
798 5517 1084 5574 sustinuit
1116 5534 1129 5572 :
1165 5521 1221 5571 et
1268 5535 1376 5572 nos
1426 5519 1625 5574 miseri
1660 5523 1728 5576 ad
1765 5539 1874 5575 no-

191 5617 383 5667 stram
427 5606 837 5663 confusionem
890 5623 1008 5662 uno
1060 5623 1327 5663 sermone
1386 5607 1723 5681 fatigamur,
1758 5628 1876 5666 uno

187 5698 375 5755 verbo
408 5694 749 5765 dejicimur.
782 5696 851 5752 Et
889 5694 1033 5769 quid
1064 5696 1295 5769 agimus
1326 5697 1397 5754 de
1428 5714 1515 5765 eo,
1542 5699 1697 5769 quod
1734 5699 1876 5755 dici-

1949 3321 2252 3376 nunquam
2289 3310 2351 3359 ut
2377 3304 2678 3359 occasione
2709 3302 2934 3358 Domini
2965 3301 3213 3373 injurias
3241 3296 3597 3365 vindicandi,

1952 3409 2089 3449 suas
2120 3393 2420 3448 vindicant
2462 3392 2611 3446 irati.
2645 3391 2793 3455 Quid
2842 3406 3074 3463 quoque
3121 3390 3192 3444 de
3238 3386 3357 3444 illis
3403 3386 3599 3443 dicen-

1952 3483 2093 3538 dum
2129 3486 2237 3549 est,
2269 3482 2366 3553 qui
2406 3482 2594 3536 furore
2634 3479 2911 3535 edacitatis
2952 3494 3140 3550 usque
3170 3476 3243 3532 ad
3270 3476 3446 3532 verba
3473 3491 3603 3547 pro-

1952 3574 2130 3627 ruunt
2165 3569 2617 3638 maledictionis,
2650 3568 2760 3624 nisi
2803 3568 2910 3623 hoc
2942 3567 3095 3639 quod
3127 3563 3443 3637 Apostolus
3472 3563 3556 3618 ait
3588 3581 3601 3619 :

1958 3682 1984 3709 ‹‹
2028 3658 2227 3729 Neque
2286 3656 2552 3714 maledici
2613 3673 2858 3729 regnum
2917 3655 3014 3711 Dei
3074 3650 3516 3726 possidebunt?
3576 3672 3598 3701 ι

1955 3748 2002 3820 (ι
2028 3749 2152 3805 Cor.
2186 3747 2289 3814 vx.)
2319 3746 2477 3809 Quod
2534 3746 2787 3801 Jacobus
2844 3739 3246 3816 exaggerando
3307 3740 3606 3795 detestans

1957 3837 2039 3893 ait
2070 3852 2083 3889 :
2122 3858 2145 3885 ‹‹
2182 3836 2465 3907 Linguam
2499 3833 2699 3889 nullus
2741 3833 3049 3889 hominum
3099 3831 3290 3903 potest
3318 3828 3556 3885 domare
3591 3845 3605 3883 :

1958 3924 2283 3997 inquietum
2334 3923 2579 3988 malum,
2621 3922 2860 3994 plenum
2908 3937 3129 3978 veneno
3176 3916 3495 3974 mortifero.
3541 3916 3607 3971 In

1956 4014 2085 4085 ipsa
2131 4010 2532 4067 benedieimus
2584 4010 2890 4067 Dominum
2924 4014 2981 4065 et
3009 4012 3254 4081 patrem,
3287 4009 3347 4061 et
3392 4004 3452 4060 in
3482 4003 3613 4076 ipsa

1958 4101 2368 4156 maledicimus
2423 4100 2713 4166 homines,
2746 4099 2844 4172 qui
2896 4094 3470 4170 adf,,similitudinem
3509 4092 3614 4149 Dei

1960 4190 2095 4244 farti
2129 4193 2285 4245 sunt.
2322 4190 2397 4244 Ex
2444 4189 2571 4261 ipso
2613 4205 2711 4245 ore
2761 4183 3375 4260 procediﬁbenedictio
3404 4185 3462 4238 et
3490 4198 3615 4237 ma-

1958 4275 2213 4335 ledictio.
2238 4278 2359 4334 Non
2395 4283 2622 4351 oportet
2641 4278 2849 4334 fratres
2880 4276 2994 4333 mei
3026 4276 3148 4331 hac
3176 4272 3435 4346 itacﬁeri.
3459 4272 3620 4328 Nun-

1959 4368 2100 4441 quid
2138 4369 2262 4423 fons
2295 4368 2364 4423 de
2402 4369 2604 4423 eodem
2669 4367 2953 4425 foramine
3011 4368 3251 4421 emanat
3303 4361 3536 4420 dulcem
3567 4365 3629 4419 et

1960 4446 2220 4512 amaram
2285 4456 2595 4528 aquam?»
2630 4458 2764 4527 (Jac.
2800 4456 2912 4527 ιιι.)
2944 4455 3061 4510 Hac
3120 4454 3193 4510 de
3247 4468 3428 4510 causa
3483 4448 3627 4507 alibi

2541 4548 2692 4601 Mors
2739 4549 2791 4600 et
2824 4545 2941 4600 vita
2985 4543 3047 4600 in
3096 4542 3369 4599 manibus
3416 4540 3632 4614 lingua:

1975 4635 2159 4705 (Prov.
2196 4634 2332 4705 XIX).
2363 4656 2389 4683 ››

2505 4740 2820 4779 ΡιιοτειινιΑ
2853 4738 3003 4777 υιοιτ
3036 4739 3049 4778 Ζ

2032 4813 2308 4885 Nunquid
2341 4812 2562 4880 stultis,
2620 4811 2891 4884 nunquid
2949 4811 3291 4881 insensatis,
3324 4828 3392 4867 ac
3442 4813 3640 4891 brutis

1967 4901 2328 4957 animalibus
2376 4901 2529 4956 lenia
2578 4902 2771 4968 verba,
2806 4903 2862 4955 et
2903 4916 3018 4956 non
3071 4899 3262 4972 magis
3308 4901 3641 4972 asperrima

1969 4992 2061 5063 (ut
2091 4990 2308 5045 talibus
2341 4990 2505 5044 decet
2527 4989 2668 5044 dum
2702 4989 3073 5061 delinquunt)
3096 4988 3426 5059 objicienda
3455 4994 3641 5051 sunt?

2401 5094 2790 5133 MANSK'ETUDO
2823 5095 3150 5134 RESPONDET
3182 5094 3196 5133 ε

2049 5174 2180 5222 (Lar.
2221 5167 2312 5221 l.\'.
2340 5166 2460 5219 Non
2495 5170 2596 5219 tua
2645 5165 2700 5219 in
2752 5166 2844 5222 his
2876 5167 3201 5239 persuasio,
3225 5167 3328 5224 sed
3375 5164 3642 5239 Apostoli

1977 5256 2279 5330 sequenda
2308 5259 2391 5309 est
2426 5254 2755 5325 praceptio,
2782 5254 2880 5325 qui
2908 5256 2976 5310 de
3003 5255 3111 5313 hac
3145 5256 3435 5314 sententia
3464 5254 3640 5316 dilec-

1981 5351 2108 5401 tum
2143 5342 2499 5415 disril‘ulum
2534 5341 2828 5409 admonet,
2852 5340 3053 5398 dicens
3078 5361 3091 5400 :
3117 5367 3145 5395 «
3185 5346 3482 5403 Seniorem
3514 5363 3633 5405 non

1980 5431 2395 5507 iucrepaveris,
2420 5434 2518 5488 sed
2547 5431 2786 5486 obsecra
2809 5433 2876 5485 ut
2898 5433 3141 5502 patrem,
3159 5434 3407 5503 juvenes
3439 5438 3504 5491 ut
3534 5436 3647 5494 fra-

1984 5528 2122 5593 tres,
2151 5539 2299 5577 auus
2325 5526 2384 5575 ut
2414 5524 2645 5588 matres,
2664 5518 3012 5591 juveueulus
3043 5523 3107 5574 ut
3127 5536 3380 5591 sorores,
3400 5524 3460 5579 in
3483 5526 3646 5582 omni

1988 5612 2253 5667 castitate
2277 5611 2323 5682 (l
2345 5612 2476 5665 Tim.
2502 5627 2517 5664 1
2545 5612 2695 5678 etv).
2728 5634 2752 5657 ››
2780 5609 2844 5665 Et
2887 5625 3125 5665 rursum
3161 5626 3227 5664 :«
3259 5609 3524 5682 Servum,
3560 5614 3648 5671 in-

1994 5700 2144 5771 quit,
2169 5698 2405 5756 domino
2438 5716 2552 5755 non
2584 5702 2810 5771 oportet
2853 5699 3100 5773 litigare,
3124 5701 3225 5758 sed
3270 5705 3648 5761 mansuetum
