3964 6206
393 317 509 376 567

1462 325 1523 381 S.
1576 323 1851 383 LEONIS
1902 323 1977 381 IX
2026 321 2252 381 PAP/E
2296 323 2729 390 OPUSCULA.

3692 345 3825 408 568

395 462 526 504 esse
554 448 624 505 ad
649 466 888 507 omnes:
914 451 1206 508 doctorem
1238 454 1577 526 patientem,
1602 471 1735 512 cum
1759 456 2045 513 modestia
2070 452 2127 520 A
2154 460 2483 531 temporum
2515 463 2791 537 proponis
2829 464 3053 538 spatia?
3099 467 3375 542 Nunquid
3415 470 3533 530 scis
3565 473 3616 531 si
3648 488 3824 535 cras-

395 538 803 610 corripientem
836 556 933 596 eos
965 541 1063 613 qui
1095 543 1431 599 resistunt.»
1457 546 1830 617 Rursumque
1855 564 1903 602 :«
1930 547 2038 601 Ar-

395 642 526 699 gue,
558 630 818 696 obsecra,
841 629 1093 701 increpa,
1125 632 1183 685 in
1206 634 1363 688 omni
1400 636 1678 705 patientia
1697 640 1754 691 et
1775 635 2041 691 doctrina

395 715 467 787 (II
497 717 634 770 Tim.
669 719 766 784 Iv).
798 738 817 766 υ
854 718 1013 781 Quod
1046 720 1313 777 videlicet
1352 724 1573 781 malum
1605 725 1923 797 proterviae,
1948 726 2041 780 de-

393 801 577 858 terius
610 804 801 861 adhuc
834 808 1085 864 subditis
1107 827 1283 882 quam
1317 814 1573 884 prmlatis
1606 818 1791 870 nocet.
1818 815 2041 887 Saepius

391 891 824 965 enim‘contigit
854 900 919 951 ut
946 896 1154 954 leniter
1199 917 1265 955 ac
1315 919 1447 957 cum
1499 902 1800 961 charitatis
1847 904 2040 961 dulce-

392 980 527 1036 dine
583 982 868 1053 prolatam
925 988 1339 1045 correctionem
1399 997 1697 1064 spernant,
1730 997 1787 1049 et
1839 998 2042 1051 contra

391 1070 746 1129 humilitatis
801 1076 994 1144 verba,
1054 1078 1443 1150 despectionis
1500 1083 1772 1138 emittant
1817 1084 2036 1155 jacula.

392 1159 554 1216 Unde
586 1162 871 1235 scriptum
903 1170 992 1221 est
1022 1183 1035 1222 :
1066 1188 1092 1217 ‹‹
1129 1168 1236 1234 Qui
1294 1169 1488 1241 arguit
1542 1172 1882 1241 derisorem,
1915 1173 2040 1247 ipse

393 1248 504 1305 sibi
537 1250 676 1307 facit
701 1251 1037 1324 injuriam.»
1065 1256 1187 1319 Quo
1229 1262 1429 1314 contra
1459 1261 1529 1315 de
1559 1259 1659 1316 illo
1690 1262 1789 1332 qui
1822 1279 1924 1335 per
1952 1263 2038 1318 in-

393 1339 789 1409 crepationem
823 1344 1068 1414 proficit,
1093 1345 1305 1401 dicitur
1336 1365 1383 1402 ;‹‹
1418 1351 1609 1421 Argue
1639 1351 1960 1423 sapientem
1985 1357 2041 1409 et

392 1428 614 1485 amabit
643 1433 698 1485 te
731 1433 908 1497 (Prov.
945 1436 1042 1503 ιιι).
1072 1455 1098 1483 ››

995 1540 1197 1581 TUMOR
1235 1542 1384 1581 DICIT
1412 1545 1424 1583 ε

464 1606 697 1663 Testem
738 1608 920 1667 habes
961 1611 1143 1668 Deum
1174 1615 1232 1669 in
1265 1615 1441 1684 caelis,
1480 1634 1594 1673 non
1644 1618 1751 1675 tibi
1783 1620 1858 1676 sit
1889 1637 2039 1676 cura

392 1694 531 1766 quid
564 1696 635 1753 de
665 1700 721 1753 te
752 1699 1126 1770 suspicentur
1155 1702 1421 1760 homines
1451 1706 1508 1760 in
1543 1708 1733 1763 terris.

697 1803 936 1843 HUMILIS
968 1806 1321 1847 SATISFACTIO
1352 1810 1677 1851 RESPONDET
1709 1813 1721 1851 ἒ

460 1872 595 1928 CAP.
629 1877 697 1928 X.
733 1875 856 1930 Non
888 1881 979 1933 est
1006 1878 1200 1935 danda
1246 1881 1589 1939 detrahendi
1638 1886 1887 1951 occasio,
1922 1904 2035 1943 non

390 1964 740 2018 susurrandi
788 1965 1068 2038 suspicio,
1101 1970 1198 2025 sed
1233 1970 1284 2025 si
1316 1972 1532 2029 adsunt
1571 1992 1697 2047 quae
1748 1977 2042 2050 corrigan-

388 2051 508 2117 tur,
535 2052 984 2121 manifestanda,
1013 2059 1115 2112 aut
1142 2062 1295 2113 certe
1328 2059 1376 2115 si
1407 2061 1640 2129 desunt,
1666 2063 1873 2119 humili
1908 2080 2045 2136 pro-

387 2139 699 2196 testatione
756 2144 1023 2213 neganda
1075 2161 1088 2199 :
1153 2147 1289 2217 quia
1344 2152 1401 2203 et
1455 2151 1766 2222 Apostolus
1825 2156 2040 2220 monet,

388 2249 417 2277 «
452 2227 672 2284 nullam
705 2231 1068 2288 occasionem
1102 2235 1241 2292 dare
1269 2235 1499 2293 diabolo
1532 2240 1825 2296 maledicti
1858 2243 2046 2314 gratia

388 2316 440 2393 (Ι
465 2316 585 2372 Cor.
618 2321 763 2385 νιιι).
788 2342 813 2367 ››
850 2322 1011 2385 Quod
1054 2323 1230 2378 etiam
1282 2324 1341 2379 in
1402 2326 1518 2381 illis
1577 2329 1900 2387 detestatus
1933 2336 2041 2400 est,

389 2405 490 2474 qui
522 2405 914 2463 Christianam
965 2410 1139 2467 fidem
1191 2420 1515 2481 censentes,
1549 2417 1607 2471 in
1642 2418 1815 2475 idolis
1846 2422 1917 2475 ad
1949 2438 2042 2477 co-

388 2493 744 2549 medendum
778 2499 1214 2569 rccumbebant,
1240 2508 1296 2557 et
1327 2520 1665 2577 quanquam
1696 2507 1891 2579 ipsum
1925 2510 2042 2566 ido-

387 2578 511 2637 lum
543 2599 647 2653 pro
678 2582 859 2640 nihilo
904 2586 1204 2657 ducentes,
1237 2590 1541 2649 immolata
1572 2578 1738 2666 quasi
1775 2597 2041 2656 innoxios

378 2671 548 2727 cibos
581 2676 907 2744 sumerent;
944 2675 1211 2735 infirmas
1246 2683 1435 2737 tamen
1469 2683 1714 2740 fratrum
1746 2688 2043 2744 conscien-

386 2761 501 2817 tias
529 2778 633 2833 per
677 2761 787 2818 hoc
839 2764 1057 2821 factum
1089 2768 1160 2823 ad
1193 2769 1474 2826 nefandos
1523 2772 1813 2831 idolorum
1867 2777 2037 2847 ritus,

384 2850 719 2907 trahebant.

950 2960 1228 3002 TRISTITIA
1267 2964 1419 3005 DICIT
1452 2968 1463 3005 ἒ

374 3072 383 3081 ,
455 3028 605 3092 Quid
658 3028 840 3085 habes
896 3033 1050 3088 unde
1078 3036 1355 3107 gaudeas,
1389 3056 1522 3095 cum
1569 3044 1733 3098 tanta
1782 3043 1933 3101 mala
1963 3047 2035 3102 de

384 3116 667 3189 proximis
696 3122 930 3189 portas?
960 3121 1253 3195 Perpende
1285 3142 1399 3198 quo
1439 3144 1684 3187 mcerore
1713 3149 1917 3191 omnes
1946 3135 2031 3191 in-

382 3205 584 3262 tuendi
611 3207 748 3276 sint,
775 3209 871 3280 qui
893 3208 952 3265 in
972 3213 1133 3267 tanto
1155 3219 1356 3272 contra
1385 3220 1440 3272 te
1467 3221 1878 3280 amaritudinis
1898 3222 2029 3281 felle

381 3298 705 3352 versantur.

714 3401 1006 3444 SPIRITALE
1036 3406 1301 3447 GAUDIUM
1334 3410 1662 3453 RESPONDET
1694 3415 1705 3452 ε

453 3473 586 3528 CAP.
611 3473 703 3529 XI.
728 3475 1032 3533 Geminam
1064 3495 1191 3535 esse
1222 3482 1521 3540 tristitiam
1556 3487 1707 3558 novi,
1732 3489 1849 3545 imo
1883 3492 2029 3549 duas

379 3577 507 3618 esse
562 3562 834 3620 tristitiae
887 3567 1258 3625 novi:unam
1291 3572 1515 3629 scilicet
1571 3592 1698 3647 quae
1753 3579 2025 3651 salutem,

374 3650 619 3708 alteram
649 3669 783 3709 vero
814 3671 939 3726 quae
984 3658 1300 3729 perniciem
1332 3667 1608 3734 operatur
1640 3684 1653 3722 :
1688 3684 1864 3724 unam
1899 3687 2025 3743 quae

372 3740 443 3796 ad
476 3740 878 3812 paenitentiam
911 3746 1117 3813 trahit,
1139 3747 1380 3806 alteram
1413 3768 1541 3824 qua:
1571 3755 1641 3810 ad
1675 3740 2027 3829 desperatio-

371 3845 507 3886 nem
538 3832 823 3902 perducit.
858 3834 944 3888 Tu
979 3835 1213 3906 quidem
1255 3856 1432 3896 unam
1465 3858 1533 3897 ex
1562 3842 1682 3899 illis
1713 3862 2018 3919 cognosce-

369 3918 474 3989 ris,
516 3921 616 3976 sed
668 3923 909 3978 omnino
968 3941 1094 3996 quae
1153 3932 1394 3985 mortem
1445 3933 1722 4002 operaris.
1756 3918 1881 3991 Non
1934 3942 2025 3994 est

366 4007 548 4080 igitur
575 4008 633 4064 in
667 4010 761 4067 his
784 4012 1250 4071 contristandum
1274 4034 1401 4089 quae
1428 4021 1664 4089 suades,
1688 4025 1789 4079 sed
1821 4031 2022 4083 contra

366 4097 557 4169 magis
588 4100 965 4171 gaudendum
1012 4103 1070 4157 in
1121 4103 1194 4158 iis
1242 4122 1368 4177 quae
1415 4110 1666 4166 necdum
1717 4112 2018 4188 intelligis,

367 4186 509 4257 quia
537 4191 596 4242 et
626 4187 793 4242 dator
840 4191 1035 4261 gaudii
1077 4195 1350 4262 perennis
1394 4197 1575 4254 dixit:
1602 4222 1631 4249 ‹‹
1655 4204 1797 4257 Cum
1828 4186 2018 4275 perse-

365 4275 484 4330 cuti
514 4290 617 4331 vos
650 4276 869 4331 fuerint
898 4277 1186 4349 homines,
1208 4287 1265 4337 et
1311 4284 1562 4343 dixerint
1592 4305 1763 4347 omne
1793 4292 2015 4351 malum

363 4363 675 4418 adversum
706 4382 831 4432 vos,
864 4368 1234 4439 mentientes,
1269 4378 1506 4447 propter
1543 4395 1755 4435 nomen
1789 4397 2014 4453 meum,

359 4452 610 4524 gaudete
641 4457 699 4509 et
730 4454 1017 4512 exsultate
1049 4458 1108 4513 in
1146 4460 1248 4516 illa
1276 4462 1389 4531 die,
1422 4481 1551 4523 ecce
1600 4469 1756 4526 enim
1790 4452 2011 4532 merces

2149 547 2271 604 tina
2297 549 2389 604 die
2409 550 2605 608 vivas?
2638 555 2757 609 Imo
2790 554 2966 610 etiam
2988 555 3038 612 si
3059 558 3147 614 vel
3168 575 3347 615 unam
3371 561 3579 620 horam
3607 564 3668 621 in
3705 565 3825 625 hac

2148 637 2267 693 vita
2297 638 2514 696 facias?
2541 645 2626 696 An
2662 643 2806 700 forte
2851 649 3048 702 mente
3097 648 3331 717 excidit,
3356 653 3511 723 quod
3544 654 3827 713 Salvator

2149 727 2209 781 in
2241 728 2549 802 Evangelia
2581 731 2723 787 dicit
2754 748 2767 786 :
2798 756 2818 783 σι
2855 734 3124 808 Vigilate,
3156 738 3295 810 quia
3336 741 3577 799 nescitis
3624 744 3820 816 diem,

2148 832 2335 888 neque
2390 817 2595 875 horam
2646 821 2866 891 (Matth.
2917 824 3070 897 xxv).
3106 847 3134 875 »
3166 828 3530 901 Quapropter
3581 832 3824 895 discute

2150 906 2408 979 corporis
2462 908 2756 977 inertiam,
2789 928 3139 986 semperque
3169 923 3488 989 memento,
3519 922 3665 994 quia
3717 942 3821 981 re-

2149 1011 2331 1068 gnum
2391 997 2663 1054 caelorum
2722 1017 2837 1056 non
2896 1002 3101 1075 tepidi,
3160 1021 3353 1079 neque
3410 1009 3639 1079 molles,
3698 1031 3818 1072 non

2149 1085 2401 1153 desides,
2442 1088 2541 1143 sed
2599 1088 2854 1159 violenti,
2886 1091 3124 1165 vimque
3181 1094 3464 1155 facientes
3519 1100 3822 1176 diripiunt

2150 1174 2355 1246 (Matth.
2391 1177 2474 1247 ii).

2574 1301 2882 1343 DISSOLUTA
2914 1306 3151 1347 VAGATIO
3182 1308 3336 1349 DICIT
3369 1312 3381 1349 Ξ

2219 1388 2277 1445 Si
2310 1393 2485 1446 Deum
2519 1406 2646 1448 esse
2690 1394 2879 1451 credis
2911 1396 3153 1469 ubique,
3186 1416 3292 1455 cur
3331 1418 3517 1460 unum
3548 1406 3815 1481 singula-

2149 1477 2288 1533 riter
2312 1477 2527 1547 locum,
2552 1498 2665 1554 quo
2686 1486 2847 1540 tanta
2870 1491 3286 1559 perpetrantur
3303 1493 3589 1567 custodis,
3613 1477 3810 1555 etnon

2148 1568 2344 1639 potius
2375 1568 2446 1624 ad
2479 1569 2594 1626 alia
2622 1573 2862 1629 transis.

2219 1656 2353 1713 CAP.
2385 1658 2531 1715 XIII.
2555 1661 2612 1717 Si
2643 1661 2724 1718 ita
2752 1667 2841 1719 est
2870 1668 2935 1721 ut
2963 1668 3347 1741 asseris,quaa
3376 1672 3597 1747 ubique
3619 1676 3810 1735 Deum

2147 1760 2276 1801 esse
2332 1747 2552 1814 fateris,
2585 1766 2722 1823 ergo
2778 1769 2883 1809 nec
2940 1754 3051 1812 iste
3106 1756 3271 1814 locus
3302 1761 3665 1822 deserendus
3695 1773 3810 1837 est,

2066 1828 2115 1895 B
2146 1850 2319 1907 quem
2350 1835 2550 1909 iugere
2596 1840 2844 1911 appetis,
2879 1844 3020 1915 quia
3048 1850 3106 1902 et
3135 1847 3193 1902 in
3244 1848 3372 1921 ipso
3404 1851 3561 1911 Deus
3590 1859 3702 1912 est.
3734 1828 3814 1914 At

2154 1924 2353 1998 inquis
2384 1944 2395 1982 :
2429 1927 2723 1984 Meliorem
2768 1930 3024 2004 inquiro,
3058 1934 3357 1996 meliorem
3406 1940 3656 2001 invenio.
3693 1946 3812 2004 Sed

2154 2029 2259 2086 ego
2306 2016 2626 2088 respondeo
2651 2035 2663 2074 :
2688 2019 2964 2093 Nunquid
3011 2022 3333 2099 meliorem,
3365 2033 3467 2084 aut
3510 2032 3685 2089 etiam
3722 2030 3813 2090 ta-

2153 2101 2269 2158 lem
2316 2103 2561 2175 invenis,
2596 2108 2830 2179 qualem
2882 2110 3207 2181 diabolum,
3240 2121 3295 2172 et
3320 2116 3615 2175 hominem
3665 2139 3808 2195 per-

2155 2192 2372 2250 didisse
2415 2196 2809 2269 cognoscis?«
2843 2199 3064 2258 Memor
3113 2209 3237 2261 esto
3282 2204 3476 2278 itaque
3505 2192 3811 2284 quia‘pri-

2154 2298 2288 2338 mus
2318 2284 2561 2356 angelus
2598 2287 2668 2342 de
2700 2287 2844 2344 caelo
2891 2290 3112 2346 corruit
3135 2293 3262 2363 (Isa.
3292 2295 3436 2367 xw);
3472 2319 3500 2347 »
3534 2320 3563 2347 ‹‹
3592 2303 3652 2355 et
3685 2301 3806 2372 pri-

2154 2387 2287 2428 mus
2318 2372 2492 2430 homo
2540 2376 2611 2430 de
2658 2376 2929 2449 paradiso
2977 2379 3253 2452 expulsus
3301 2387 3391 2441 est
3435 2386 3598 2454 (Gen.
3632 2392 3739 2459 ιιι);
3778 2415 3807 2442 υ

2153 2464 2211 2516 et
2241 2462 2312 2517 ad
2343 2480 2665 2521 aerumnam
2715 2466 2897 2539 hujus
2935 2470 3130 2525 saeculi
3188 2474 3472 2544 pervenit.
3531 2480 3805 2549 Attende,

2153 2550 2293 2622 quia
2324 2552 2430 2607 Lot
2484 2555 2753 2611 exercitio
2811 2557 3101 2615 malorum
3159 2562 3441 2633 probatus
3500 2565 3652 2624 inter
3699 2570 3804 2626 So-

2151 2638 2404 2697 domitas
2434 2647 2673 2699 sanctus
2707 2644 2850 2714 fuit;
2883 2670 2911 2697 «
2945 2647 3003 2702 in
3036 2652 3236 2705 monte
3262 2655 3460 2711 autem
3491 2657 3805 2716 securitate

2150 2731 2406 2801 torpens,
2467 2732 2791 2803 debriatus,
2845 2751 2978 2792 cum
3036 2736 3274 2796 ﬁliabus
3328 2744 3590 2813 peccavit
3646 2747 3800 2819 (Gen.

2147 2818 2286 2889 XIX).
2317 2840 2345 2869 ii
3001 2894 3008 2900 _

2217 2906 2378 2971 Quod
2408 2908 2674 2967 videlicet
2692 2912 3019 2985 vagationis
3039 2915 3305 2974 studium
3329 2919 3523 2977 adhuc
3551 2922 3803 2983 alteram

2143 2996 2398 3068 speciem
2430 2998 2640 3066 reddit,
2658 3000 2799 3057 dum
2823 3003 3110 3073 quosdam
3135 3008 3194 3061 et
3219 3005 3281 3062 in
3308 3025 3424 3064 uno
3446 3009 3571 3068 loco
3601 3030 3802 3085 perse-

2140 3090 2407 3142 verantes
2429 3104 2462 3142 a
2492 3088 2855 3160 spiritalibus
2881 3092 3204 3161 retrahens,
3224 3096 3313 3153 vel
3340 3100 3588 3158 terrenis
3619 3119 3796 3178 nego-

2059 3192 2102 3263 α
2139 3174 2239 3231 tiis
2270 3174 2589 3248 implicare,
2621 3178 2708 3234 vel
2754 3179 2929 3237 rebus
2977 3181 3314 3242 utilissimis
3364 3189 3585 3263 satagit
3620 3174 3793 3249 occu-

2142 3280 2299 3335 pare,
2323 3270 2525 3322 contra
2554 3267 2815 3339 Apostoli
2857 3269 3011 3327 dicta
3047 3288 3252 3345 agens,
3283 3276 3383 3347 qui
3415 3278 3497 3334 ait
3528 3296 3580 3334 :«
3614 3281 3797 3341 Nemo

2142 3352 2403 3410 militans
2438 3356 2569 3425 Deo,
2603 3355 2868 3429 implicat
2907 3375 2970 3416 se
3012 3363 3259 3435 negotiis
3291 3366 3694 3438 saecularibus,
3728 3377 3795 3428 ut

2138 3442 2189 3496 ei
2222 3440 2465 3513 placeat,
2497 3445 2591 3500 cui
2622 3461 2684 3502 se
2713 3447 2977 3518 probavit
3000 3448 3073 3521 (II
3092 3451 3225 3507 Tim.
3250 3452 3332 3526 ιι).
3360 3476 3389 3504 ››
3411 3456 3482 3511 Et
3508 3473 3749 3518 rursum
3777 3480 3791 3519 :

2139 3531 2337 3587 «Sine
2394 3533 2828 3592 intermissione
2884 3541 3062 3607 orate,
3121 3539 3183 3595 in
3233 3543 3510 3602 omnibus
3568 3550 3790 3621 gratias

2137 3619 2290 3692 agite
2320 3622 2369 3693 (I
2392 3621 2564 3678 Thess.
2598 3624 2674 3695 v).
2704 3646 2735 3674 »

2667 3748 3013 3811 DESPERATIO
3053 3751 3206 3792 DICI’I‘
3237 3754 3249 3793 ἶ

2205 3824 2338 3888 Quae
2372 3829 2427 3881 et
2457 3831 2678 3898 quanta
2706 3831 3077 3904 commisisti,
3101 3850 3229 3906 qua;
3272 3838 3470 3909 gravia
3513 3841 3785 3914 crimina,

2134 3930 2260 3985 quae
2290 3914 2671 3973 innumerosa
2690 3916 2920 3987 delicta,
2944 3924 3002 3976 et
3021 3937 3167 3993 pene
3195 3922 3254 3978 in
3284 3926 3500 3984 melius
3532 3933 3785 3991 necdum

2129 4001 2308 4057 vitam
2369 4004 2634 4072 mutasti,
2689 4007 2940 4064 necdum
2999 4014 3503 4073 conversationem
3564 4022 3787 4079 utiliter

2130 4092 2425 4148 correxisti
2444 4092 2471 4148 '2
2501 4093 2641 4149 Ecce
2667 4095 2845 4164 enim,
2874 4101 2940 4152 ut
2967 4099 3179 4167 cernis,
3212 4102 3370 4159 mala
3400 4119 3638 4180 semper
3657 4126 3788 4168 con-

2129 4181 2441 4236 suetudine
2470 4181 2765 4255 obligatus
2796 4187 3033 4243 teneris.
3053 4190 3292 4247 Conaris
3321 4209 3657 4269 exsurgere,
3682 4202 3782 4258 sed

2125 4275 2495 4342 peccatorum
2529 4273 2804 4330 oneribus
2847 4282 3262 4349 praegravatus,
3296 4281 3598 4342 relaberis.
3633 4287 3781 4352 Quid

2124 4373 2261 4431 ergo
2292 4360 2585 4432 agendum
2616 4366 2706 4418 est
2730 4365 2963 4434 quando
2992 4367 3063 4422 de
3093 4369 3402 4439 praeteritis
3431 4378 3594 4430 certa
3619 4376 3783 4434 dam-

2123 4448 2280 4504 natio
2336 4449 2625 4519 imminet,
2659 4452 2729 4507 de
2784 4456 3171 4526 praesentibus
3224 4457 3386 4516 nulla
3441 4467 3777 4542 emendatio

354 4543 547 4597 vestra
576 4546 664 4599 est
692 4542 752 4598 in
783 4543 925 4600 cmlo
946 4546 1152 4619 (Matth.
1176 4550 1289 4621 v).»
1312 4552 1600 4611 Memento
1635 4575 1761 4631 quae
1792 4567 2005 4622 nostra:
2032 4568 2083 4635 1)
2113 4538 2429 4635 Euccurrjt'
2464 4539 2576 4635 Ρίῗί
2610 4544 2818 4635 ω’,Ποη
2868 4543 3214 4635 amittam”
3253 4564 3448 4606 rerum
3479 4538 3774 4627 tempora“

352 4628 653 4702 religionis
685 4633 951 4704 apostoli,
980 4658 1007 4687 ‹‹
1040 4636 1203 4693 ibant
1235 4642 1557 4711 gaudentes
1604 4628 1996 4722 avconspectu

349 4718 598 4790 concilii,
625 4723 902 4794 quoniam
927 4725 1087 4798 digni
1110 4727 1294 4784 habiti
1318 4737 1459 4787 sunt
1479 4750 1583 4805 pro
1606 4718 1847 4794 nomine
1859 4741 1998 4798 Jesu

345 4810 761 4868 contumeliam
790 4813 963 4886 pati.»
990 4816 1199 4874 Nullus
1225 4836 1360 4891 ergo
1390 4823 1657 4881 maeroris
1685 4826 1849 4886 locus
1870 4848 1997 4891 esse

343 4899 533 4971 debet,
558 4902 659 4958 ubi
688 4905 851 4958 tanta
880 4902 1081 4961 laetitia
1109 4908 1390 4963 succedit.

744 5009 971 5048 TORPOR
998 5010 1104 5049 VEL
1133 5011 1361 5052 IGNAVIA
1394 5015 1545 5054 DICI'I‘
1578 5019 1590 5056 ζ

407 5079 463 5134 Si
493 5079 723 5137 lectioni
774 5082 1111 5139 continuato
1156 5087 1352 5142 studio
1401 5088 1647 5159 insistis,
1684 5094 1987 5156 oculorum

335 5169 642 5242 caliginem
674 5170 945 5227 incurris.
970 5173 1027 5227 Si
1075 5173 1474 5232 indesinenter
1512 5178 1801 5253 lacrymas
1851 5186 1987 5243 fun-

334 5258 446 5325 dis,
478 5259 639 5330 ipsos
669 5259 847 5315 etiam
879 5261 1078 5317 oculos
1101 5264 1417 5321 amittis.Si
1443 5268 1747 5338 protelatis
1769 5274 1984 5347 vigiliis

332 5346 694 5418 psalmorum
726 5365 965 5405 censum
999 5352 1300 5423 persolvis,
1324 5354 1614 5414 insaniam
1647 5346 1855 5432 capitis
1887 5383 1981 5422 ac-

333 5434 537 5505 quiris.
569 5437 628 5491 Si
687 5438 1023 5508 quotidiana
1084 5442 1279 5499 labore
1310 5448 1365 5500 te
1407 5447 1667 5518 conficis,
1702 5451 1773 5506 ad
1802 5441 1979 5527 'opus

330 5523 593 5593 spiritale
622 5527 857 5596 quando
887 5531 941 5583 te
970 5531 1163 5602 surgis
1184 5532 1212 5585 Ἰ

632 5630 896 5670 VIRTUTIS
925 5634 1271 5678 EXERCITIUM
1303 5638 1629 5682 RESPONDET
1657 5646 1669 5683 Σ

2110 4625 2257 4682 lium
2286 4627 2636 4701 voluptates,
2659 4631 2801 4687 dum
2829 4634 3107 4706 consequi
3129 4643 3429 4710 nequeunt
3458 4625 3645 4699 futuri
3675 4662 3775 4703 saa—

2112 4715 2229 4772 culi
2258 4717 2676 4775 oblectationes
2697 4720 2724 4774 ‘I

2534 4843 2657 4882 SPEI
2693 4843 2921 4885 FIDUCIA
2952 4845 3285 4888 RESPONDET
3322 4852 3335 4890 ε

2175 4921 2309 4977 CAP.
2335 4922 2477 4978 XIV.
2503 4922 2563 4978 Si
2594 4924 2664 4980 de
2692 4924 3039 4984 criminibus
3061 4932 3116 4984 et
3135 4929 3366 4989 delictis
3393 4934 3614 5008 agitur,
3638 4955 3773 4998 ecce

2102 5009 2280 5066 David
2313 5011 2599 5068 adulterio
2630 5012 2805 5068 simul
2836 5019 2893 5069 et
2922 5014 3240 5076 homicidio
3266 5037 3424 5090 reus,
3450 5024 3523 5080 de
3553 5025 3769 5086 inferni

2100 5100 2369 5156 faucibus
2399 5101 2631 5156 Domini
2652 5101 3052 5161 misericordia
3074 5107 3426 5167 describitur
3450 5112 3764 5175 liberatus.

2096 5189 2239 5244 Ecce
2285 5189 2587 5246 Manasses
2645 5190 2911 5249 omnium
2969 5200 3341 5266 peccatorum
3403 5202 3761 5262 nefandissi-

2094 5277 2699 5349 mus,impurissimus
2726 5297 2792 5336 ac
2835 5282 3760 5358 sordidissimus,illecebrosissio

2093 5384 2226 5423 mus
2270 5385 2520 5440 quoque,
2553 5372 2609 5425 et
2655 5368 3145 5431 sceleratissimus
3188 5392 3290 5448 per
3345 5380 3756 5452 penitentiam

2091 5456 2160 5511 de
2193 5461 2379 5512 morte
2411 5458 2479 5512 ad
2514 5458 2690 5513 vitam
2743 5459 2936 5516 rediit.
2972 5462 3114 5519 Ecce
3164 5464 3346 5523 Maria
3377 5468 3749 5544 Magdalena,

2086 5544 2415 5609 innumeris
2447 5545 2847 5606 fornicationis
2877 5550 3153 5610 sordibus
3181 5553 3513 5628 inquinata,
3529 5562 3602 5619 ad
3628 5563 3752 5621 fon-

2084 5635 2203 5694 tem
2232 5633 2463 5706 pietatis
2508 5636 2679 5691 anxia
2709 5652 2972 5712 currens,
2996 5640 3346 5718 Dominique
3379 5650 3632 5724 vestigia
3659 5651 3743 5710 la-

401 5697 534 5753 CAP.
556 5698 672 5756 XII.
697 5701 845 5764 Quid
877 5704 980 5760 tibi
1013 5708 1084 5763 ad
1115 5708 1235 5767 haec
1269 5714 1611 5782 perferenda
1647 5720 1767 5775 tam
1798 5719 1973 5795 longe.
2082 5697 2299 5800 crymis
2331 5722 2548 5795 rigans,
2573 5724 2800 5796 capillis
2831 5697 3162 5804 detergens,
3171 5697 3746 5813 Ῑιέὶὲὲιέιᾷᾙέξῖοξὲι
