3964 6206
100 357 281 419 -569

979 353 1082 415 DE
1125 351 1560 417 CONFLICTU
1605 354 1986 417 VlTIOltUM
2033 355 2295 428 ATQUE
2340 355 2774 421 VIRTUTUM.

3458 361 3576 421 570

163 491 456 560 lambens,
519 491 939 564 unguentoque
996 502 1328 560 perungens
1389 486 1546 543 ablui
1577 488 1810 544 meruit.
1845 489 1900 556 Α
1929 487 2190 561 piditatis
2222 489 2532 561 industria,
2566 495 2786 564 quanto
2817 490 3005 567 magis
3055 492 3435 566 periculosior
3487 496 3578 552 est

168 589 305 640 Ecce
335 584 545 638 Petrus
572 575 901 651 negationis
932 593 1051 632 suae
1081 577 1330 633 vinculis
1351 578 1817 643 astrictus,ama-

171 670 422 728 rissimis
464 668 746 741 lacrymis
775 665 1137 722 infidelitatis
1169 667 1354 724 nodos
1393 668 1642 722 resolvit.
1678 669 1818 722 Ecce

176 759 443 818 seditioni
477 763 536 814 et
569 756 839 814 etl‘usioni
873 757 1116 811 fratrum
1151 756 1456 828 sanguinis
1513 756 1662 812 latro
1721 758 1818 812 ob-

167 849 400 917 noxius,
434 848 614 904 unius
646 846 800 901 horae
833 848 1148 912 momento,
1183 861 1417 916 unaque
1435 845 1818 902 confessionis

169 954 327 1006 voce,
363 940 434 994 de
460 953 636 993 cruce
668 936 737 991 ad
774 934 1114 1005 paradisum
1143 934 1396 990 transiit.
1431 939 1574 990 Ecce
1606 935 1819 990 Saulus

172 1027 490 1085 Ecclesiam
524 1041 906 1098 persequens,
943 1021 1160 1078 multos
1190 1041 1294 1094 pro
1338 1024 1574 1080 nomine
1603 1024 1817 1080 Christi

169 1118 469 1191 perimens
498 1120 575 1182 et,
601 1118 664 1169 ut
682 1114 760 1168 ita
787 1111 1383 1187 dixerim,martyrum
1408 1130 1610 1168 cruore
1632 1117 1819 1168 totum

180 1223 243 1264 se
274 1205 557 1273 inliciens,
589 1201 904 1276 Apostolus
936 1203 1147 1270 factus,
1182 1202 1239 1257 in
1271 1219 1372 1258 vas
1402 1202 1702 1258 electionis
1733 1206 1823 1258 est

181 1299 470 1353 mutatus.

252 1385 363 1441 Ubi
394 1400 527 1457 ergo
559 1387 640 1438 tot
668 1386 947 1452 tantaque
988 1381 1313 1452 procedunt
1365 1380 1648 1454 exempla,
1710 1398 1823 1436 non

178 1477 321 1532 dent
350 1473 545 1530 locum
580 1470 969 1543 desperationi
995 1469 1150 1527 mala
1179 1469 1631 1542 colloquia,cum
1650 1470 1824 1526 etiam

177 1565 465 1636 scriptum
491 1561 606 1618 sit:
643 1584 670 1609 «
706 1561 765 1615 In
800 1575 1148 1632 quocunque
1193 1564 1460 1631 peccator
1515 1576 1828 1615 conversus

179 1651 556 1727 ingemuerit,
589 1649 786 1706 salvus
817 1649 925 1705 erit
956 1648 1168 1721 (Ezech.
1204 1649 1390 1721 xvm).
1420 1671 1445 1697 »
1469 1650 1537 1704 Et
1553 1665 1786 1705 rursum
1812 1665 1824 1703 :

188 1742 394 1797 «Nolo
452 1744 702 1797 mortem
761 1738 951 1810 impii,
1012 1737 1154 1794 dicit
1237 1738 1525 1794 Dominus
1613 1738 1826 1810 (Ex-ccli.

186 1830 412 1902 XXXIII).
451 1851 480 1878 »

264 1925 343 1976 De
370 1917 802 1975 conversatione
832 1934 963 1973 vero
995 1917 1048 1972 in
1076 1918 1287 1974 melius
1312 1934 1683 1989 nequaquam
1701 1933 1829 1972 mu-

185 2014 331 2078 tata,
367 2008 507 2081 quid
540 2007 690 2062 aliud
726 2007 1130 2079 respondeam,
1192 2007 1305 2062 nisi
1365 2011 1447 2077 ut,
1506 2007 1660 2078 quod
1707 2006 1831 2062 heri

185 2099 441 2174 quisque
472 2114 588 2154 non
620 2097 757 2169 egit,
787 2101 921 2168 agat
968 2095 1138 2151 hodie
1195 2096 1336 2151 dum
1395 2095 1586 2150 adhuc
1643 2095 1833 2151 vivere

185 2189 353 2246 licet?
379 2189 497 2244 Nec
529 2186 759 2242 differat
787 2189 857 2241 de
889 2186 980 2241 die
1006 2185 1066 2241 in
1098 2185 1273 2252 diem,
1327 2202 1674 2257 semperque
1732 2203 1834 2257 pro

188 2279 414 2335 viribus
446 2277 701 2348 desuper
730 2275 1006 2348 acceptis,
1041 2292 1241 2347 praevze
1273 2275 1685 2330 consuetudini
1743 2292 1834 2330 re-

189 2369 430 2433 sistens,
466 2366 624 2421 dicat
649 2382 820 2420 mane
851 2368 909 2421 et
936 2381 1173 2437 vespere
1199 2383 1212 2422 :
1245 2388 1272 2414 «
1306 2365 1449 2420 Ecce
1481 2382 1637 2420 nunc
1668 2364 1835 2436 coepi,

189 2458 315 2513 haec
339 2460 429 2512 est
461 2455 793 2510 immutatio
825 2455 1072 2510 dexterae
1103 2454 1322 2510 Excelsi
1355 2455 1525 2526 (Psal.
1561 2455 1770 2524 LXXVI).
1809 2476 1836 2502 »

763 2560 1061 2599 CUPIDITAS
1103 2560 1277 2600 DICITZ

262 2637 430 2694 Certe
461 2634 590 2690 sine
648 2633 821 2705 culpa
878 2637 975 2688 est
1032 2633 1188 2704 quod
1249 2633 1514 2704 quaedam
1572 2632 1841 2689 habenda

195 2723 588 2799 concupiscis,
621 2722 760 2795 quia
805 2739 919 2778 non
979 2722 1356 2795 multiplicari
1415 2722 1664 2794 appetis,
1738 2723 1839 2778 sed

192 2833 366 2890 agere
389 2813 781 2887 pertimescis,
814 2815 872 2868 et
901 2813 1056 2884 quod
1091 2811 1242 2868 male
1272 2811 1422 2867 alius
1455 2811 1681 2879 retinet,
1717 2812 1842 2883 ipse

192 2904 406 2962 melius
429 2903 734 2976 expendis.

516 3008 709 3048 MUNDI
747 3005 1116 3046 CONTEMPTUS
1156 3005 1523 3046 RESPONDET.‘

259 3084 392 3139 CAP.
425 3082 544 3138 XV.
583 3083 700 3137 Ista
729 3097 832 3136 nec
864 3081 1018 3152 apud
1052 3079 1360 3135 seaculares
1391 3079 1657 3136 homines
1716 3079 1842 3136 sine

191 3171 451 3245 periculo
482 3170 571 3227 vel
601 3170 920 3226 offensione
967 3171 1375 3242 procurantur,
1437 3169 1575 3240 quia
1624 3174 1843 3242 quanto

193 3238 448 3334 quisque
479 3258 739 3332 amplius
769 3238 985 3314 habere
999 3259 1254 3331 coeperit,
1286 3238 1724 3332 tanto—amplius
1745 3260 1842 3316 ha-
1874 3238 1916 3304 C

194 3351 334 3406 bere
391 3347 790 3420 concupiscit:
857 3348 1036 3420 fitque
1097 3350 1164 3402 ut
1217 3347 1457 3402 modum
1516 3347 1576 3403 in
1633 3365 1846 3404 concu-

195 3439 478 3512 piscendo
510 3455 625 3493 non
657 3437 889 3504 habeat,
923 3437 1066 3492 dum
1099 3435 1382 3491 inumeris
1412 3436 1591 3508 hujus
1649 3437 1845 3493 sazculi

197 3527 358 3584 curis
390 3527 682 3584 deservire
713 3525 966 3582 festinat.
1000 3525 1073 3580 Ut
1105 3524 1262 3580 enim
1321 3526 1621 3597 Scriptura
1671 3526 1842 3583 dicit:

195 3641 224 3670 ‹‹
260 3621 486 3673 Avarus
517 3615 780 3689 pecuniis
809 3631 924 3672 non
953 3613 1229 3686 impletur
1286 3616 1479 3685 (Eccle.
1507 3616 1587 3687 v.)
1622 3639 1650 3665 »
1711 3616 1844 3680 Quae

194 3705 486 3763 nimirum
511 3723 688 3777 quam
720 3705 796 3760 sit
826 3705 1189 3771 detestanda,
1222 3703 1440 3759 Paulus
1471 3703 1711 3773 indicat,
1757 3705 1845 3761 di-

194 3810 386 3851 cens:
420 3817 446 3844 «
481 3794 550 3849 Et
602 3794 863 3865 avaritia,
922 3810 1051 3865 quae
1099 3796 1188 3848 est
1243 3791 1532 3848 idolorum
1593 3794 1845 3851 servitus

192 3883 418 3957 (Ephes.
453 3883 535 3954 v).
579 3905 605 3931 ››
646 3884 776 3947 Quae
809 3883 963 3954 quod
998 3882 1062 3936 tit
1094 3881 1288 3948 noxia,
1341 3881 1495 3936 idem
1553 3899 1844 3954 exponens

195 3973 308 4030 ait:
335 3995 364 4023 ‹‹
400 3973 506 4039 Qui
539 3971 739 4028 volunt
769 3971 976 4027 divites
1008 3970 1133 4025 fieri
1161 3970 1431 4026 incidunt
1489 3971 1547 4026 in
1573 3974 1845 4030 tentatio-

194 4081 352 4131 nem,
382 4067 440 4118 et
468 4061 529 4117 in
561 4061 836 4133 laqueum
868 4059 1109 4127 diaboli,
1133 4063 1190 4115 et
1217 4060 1509 4116 desideria
1538 4061 1726 4118 multa
1788 4068 1845 4118 et

192 4153 415 4220 nociva,
477 4168 606 4224 quae
667 4153 941 4223 mergunt
995 4148 1266 4205 homines
1325 4149 1386 4204 in
1424 4149 1726 4206 interitum
1784 4157 1842 4207 et

191 4241 581 4315 perditionem
614 4239 771 4312 (Tim.
796 4241 897 4308 vr).
931 4260 960 4290 ››
992 4239 1124 4304 Qum
1147 4254 1325 4309 quam
1356 4239 1433 4293 sit
1476 4238 1838 4309 detestanda,

190 4331 435 4403 quidam
467 4328 705 4401 sapiens
737 4327 1063 4395 denuntiat,
1095 4343 1225 4382 cum
1257 4326 1434 4382 dicit:
1476 4351 1496 4376 ‹‹
1531 4332 1718 4385 Avaro
1750 4330 1843 4384 ni-

191 4418 272 4475 hil
331 4423 424 4475 est
478 4417 786 4474 scelestius
835 4417 1028 4490 (Eccle.
1089 4417 1168 4487 x).
1202 4438 1230 4465 »
1290 4417 1475 4481 Quam
1561 4417 1638 4474 sit
1721 4418 1842 4474 hmo

189 4509 406 4565 iterum
476 4507 668 4575 noxia,
725 4507 978 4562 Jacobus
1036 4506 1244 4578 aperit,
1317 4506 1551 4561 dicens:
1587 4529 1616 4556 «
1676 4509 1842 4580 Agite

1925 576 2045 633 illis
2077 579 2175 651 qui
2207 579 2409 636 habitu
2431 589 2486 637 et
2509 582 2944 638 conversatione
2959 583 3086 654 jam
3116 582 3423 639 saeculares
3449 599 3577 639 esse

1925 667 2248 737 desierunt,
2280 671 2378 741 qui
2399 674 2586 726 totum
2611 673 2765 744 quod
2789 672 3010 738 vivunt,
3045 672 3292 728 Domino
3316 689 3445 728 esse
3476 673 3570 728 de-

1925 758 2249 813 voverunt?
2279 759 2366 814 Ad
2402 776 2548 831 quos
2579 760 2910 832 specialiter
2941 761 3346 834 Redemptoris
3377 765 3575 818 trans-

1928 850 2068 900 eunt
2097 848 2289 914 verba,
2323 848 2536 919 quibus
2559 849 2777 904 destrui
2803 850 2990 921 possit
3021 852 3262 906 morbus
3318 851 3571 906 avaritia}

1930 957 1956 983 ‹‹
1990 934 2193 1002 Nolite,
2228 936 2438 1008 inquit,
2473 937 2708 994 solliciti
2740 955 2868 995 esse
2896 939 3034 1011 quid
3056 939 3443 1011 manducetis,
3476 945 3578 995 aut

1887 1019 1891 1023 ’
1930 1023 2069 1094 quid
2103 1025 2339 1097 bibatis,
2372 1030 2471 1081 aut
2501 1043 2615 1097 quo
2646 1027 3010 1098 operiamini.
3044 1028 3172 1084 Haec
3199 1029 3354 1084 enim
3380 1030 3579 1084 omnia

1931 1117 2133 1182 gentes
2165 1112 2488 1184 inquirunt.
2517 1116 2762 1180 Quaerite
2793 1121 2990 1172 autem
3022 1117 3278 1189 primum
3330 1134 3577 1189 regnum

1932 1201 2030 1256 Dei
2063 1203 2278 1274 etjusti
2291 1203 2428 1259 tiam
2455 1205 2667 1274 ejus,et
2686 1206 2807 1260 haec
2829 1207 3029 1262 omnia
3049 1208 3402 1278 adjicientur
3415 1208 3577 1263 vobis

1935 1292 2142 1362 (Matth.
2175 1293 2272 1362 vx).
2314 1315 2339 1341 ››
2372 1294 2415 1348 0
2445 1311 2620 1365 quam
2655 1296 2842 1360 beata,
2867 1297 2910 1351 Ο
2940 1313 3114 1367 quam
3142 1314 3366 1366 secura,
3401 1314 3578 1369 quam

1935 1380 2341 1452 amplectenda
2354 1383 2882 1440 scntentia.Nullus
2896 1385 3049 1441 enim
3078 1387 3131 1439 in
3158 1388 3482 1443 hacvitaita
3498 1405 3580 1444 se-

1936 1487 2112 1526 curus
2138 1474 2246 1539 est,
2277 1475 2340 1527 ut
2371 1472 2467 1528 ille
2500 1474 2597 1545 qui
2622 1473 2769 1528 nihil
2792 1478 3002 1547 praeter
3031 1475 3328 1531 Christum
3361 1476 3582 1547 appetit

1937 1561 2482 1632 possidere.Cuncta
2495 1580 2906 1636 namque,qua3
2921 1568 3060 1620 sunt
3077 1565 3424 1632 necessaria,
3442 1567 3581 1622 sub-

1937 1647 2046 1704 hac
2075 1650 2390 1722 sponsione
2413 1653 2694 1724 probatur
2711 1653 3102 1723 habere,sicut
3130 1654 3346 1710 Paulus
3367 1655 3584 1711 ditissi-

1940 1755 2325 1810 mus,pauper
2355 1740 2584 1796 dicebat
2613 1758 2664 1797 τα
2698 1743 3004 1815 Tanquam
3038 1743 3183 1798 nihil
3218 1743 3586 1814 habentes,et

1860 1865 1908 1930 B
1940 1827 2138 1884 omnia
2167 1829 2534 1900 possidentes
2563 1832 2640 1902 (II
2671 1832 2790 1887 Cor.
2824 1833 2923 1903 vx).
2962 1832 3201 1889 nOmnia
3221 1833 3422 1905 utique
3468 1851 3584 1890 non

1943 1917 2262 1988 superﬂua,
2296 1919 2396 1973 sed
2421 1923 2651 1974 tantum
2680 1922 3031 1985 necessaria,
3057 1922 3179 1993 ipso
3201 1923 3588 1980 confirmante

1942 2021 2007 2060 ac
2029 2007 2257 2062 dicente
2281 2024 2292 2062 :
2332 2030 2352 2056 α
2390 2008 2678 2065 Habentes
2709 2009 2923 2065 victum
2941 2016 2998 2065 et
3017 2011 3310 2079 vestitum,
3337 2011 3428 2066 his
3450 2029 3586 2068 con-

1941 2095 2086 2149 tenti
2117 2112 2325 2154 sumus
2356 2097 2403 2167 (I
2432 2099 2562 2153 Tim.
2598 2099 2694 2168 v1).
2735 2121 2757 2148 ι
2794 2099 2904 2154 Sed
2968 2098 3114 2154 forte
3170 2099 3346 2156 dicis:
3391 2101 3524 2156 Ideo
3557 2119 3591 2157 a

1945 2185 2165 2240 sanctis
2195 2185 2599 2259 religiosisque
2629 2187 2769 2243 viris
2797 2187 2969 2259 plura
2998 2188 3270 2244 habenda
3298 2193 3460 2259 sunt,
3520 2194 3586 2246 ut

1947 2273 2158 2329 melius
2218 2275 2288 2330 ab
2343 2276 2487 2347 ipsis
2543 2293 2781 2348 quama
2839 2277 3219 2349 popularibus
3279 2284 3592 2351 erogantur

1947 2363 2158 2419 Christi
2193 2365 2570 2436 pauperibus.
2605 2367 2674 2421 Et
2701 2382 2806 2438 ego
2837 2367 3158 2432 consentio,
3189 2367 3290 2422 sed
3314 2367 3590 2438 praelatis,

1949 2470 2064 2508 non
2096 2457 2289 2508 autem
2323 2455 2626 2526 subjectis,
2659 2472 2807 2526 quos
2839 2456 3092 2512 maxime
3121 2456 3266 2510 illud
3326 2455 3592 2514 mulieris

1949 2541 2089 2596 Loth
2109 2542 2441 2613 exemplum
2471 2543 2742 2611 deterret,
2775 2562 2923 2616 qua),
2958 2546 3100 2600 dum
3132 2549 3264 2617 post
3292 2549 3522 2618 tergum
3559 2565 3594 2602 a

1949 2631 2219 2686 Sodomis
2248 2631 2446 2688 exiens
2478 2633 2819 2704 respexit,in
2853 2637 3110 2688 statuam
3143 2633 3286 2690 salis
3315 2651 3596 2692 conversa

1950 2719 2224 2792 spiritum
2255 2720 2470 2776 elllavit
2499 2721 2652 2793 (Gen.
2686 2722 2822 2792 xxx).
2856 2723 3019 2778 Unde
3048 2726 3103 2778 et
3159 2723 3424 2780 Christus
3472 2725 3588 2780 tale

1951 2808 2092 2880 quid
2116 2811 2561 2880 praecavendum
2592 2811 3129 2879 denuntiat,dicens
3155 2829 3168 2869 :
3201 2836 3228 2864 ‹‹
3253 2813 3433 2869 Nemo
3456 2815 3596 2870 mit-

1951 2901 2080 2953 tens
2111 2915 2355 2954 manum
2388 2917 2556 2955 suam
2580 2900 2652 2955 ad
2686 2905 2964 2970 aratrum,
3001 2906 3056 2957 et
3079 2902 3396 2975 respiciens
3420 2907 3595 2973 retro,

1952 2991 2124 3059 aptus
2154 2993 2245 3043 est
2274 3005 2450 3061 regno
2483 2989 2582 3045 Dei
2616 2991 2764 3061 (Luc.
2801 2992 2898 3063 rx).
2936 3014 2963 3041 »
3021 2992 3168 3048 Hinc
3218 2992 3423 3049 Petrus
3476 2993 3594 3049 ait:

1952 3099 1979 3126 ‹‹
2016 3076 2224 3132 Melius
2255 3082 2378 3135 erat
2410 3077 2529 3134 illis
2560 3096 2675 3136 non
2737 3097 3084 3153 cognoscere
3142 3081 3295 3137 viam
3349 3082 3597 3152 justitite

1955 3182 2130 3237 quam
2165 3171 2297 3239 post
2325 3168 2719 3240 cognitionem
2752 3174 3071 3225 retrorsum
3104 3171 3359 3226 converti
3391 3173 3463 3226 ab
3509 3189 3598 3240 eo,

1957 3257 2111 3326 quod
2144 3257 2422 3312 traditum
2446 3257 2675 3315 estillis
2704 3263 2906 3314 sancto
2930 3260 3205 3316 mandato
3235 3261 3283 3332 (Ι
3311 3265 3428 3316 Pet.
3461 3261 3543 3333 ιι).
3569 3285 3596 3312 ››

1957 3344 2263 3418 Continget
2283 3347 2441 3402 enim
2473 3347 2556 3402 eis
2588 3347 2731 3403 illud
2759 3348 2876 3404 veri
2900 3347 3187 3405 Pr0verbii
3221 3365 3234 3403 :
3263 3372 3292 3399 «
3316 3350 3489 3406 Canis
3511 3367 3599 3406 re—

1955 3450 2157 3489 versus
2187 3438 2276 3490 est
2306 3437 2377 3490 ad
2411 3452 2585 3491 suum
2617 3437 2923 3506 vomitum,
2957 3441 3014 3492 et
3045 3437 3353 3493 suslotain
3373 3439 3597 3494 voluta-

1956 3522 2060 3576 bro
2093 3521 2198 3578 luti
2230 3524 2412 3594 (Prov_.
2443 3526 2578 3594 xw).
2618 3547 2644 3573 »
2675 3525 2783 3588 Qui
2817 3525 3097 3581 nimirum
3129 3525 3385 3580 avaritia:
3443 3544 3598 3582 mor-

1959 3610 2072 3666 bus
2103 3627 2405 3684 nunquam
2433 3612 2644 3668 melius
2675 3613 3086 3684 compescitur,
3119 3613 3233 3669 nisi
3285 3631 3418 3668 cum
3475 3615 3600 3672 dies

1959 3700 2166 3756 mortis
2195 3701 2323 3757 sine
2345 3701 2631 3758 oblivione
2664 3703 2978 3769 mediatur,
3035 3719 3169 3758 cum
3233 3703 3424 3775 qualis
3470 3708 3603 3776 post

1955 3789 2252 3845 modicum
2285 3790 2343 3845 in
2376 3790 2644 3862 sepulcro
2679 3792 2914 3847 futurus
2946 3792 3023 3846 sit
3045 3791 3241 3860 homo,
3267 3793 3601 3849 considera-

1955 3882 2067 3934 tur.
2089 3879 2206 3935 Hoc
2237 3883 2389 3935 certe
2415 3881 2594 3935 ﬁxum
2628 3881 2972 3936 manebatin
2996 3879 3176 3936 illlius
3193 3881 3475 3936 memoria
3497 3883 3598 3954 qui

1954 3967 2240 4023 dicebat:«
2264 3969 2446 4024 Homo
2473 3969 2736 4041 putredo,
2765 3974 2822 4024 et
2866 3969 3023 4024 filius
3075 3970 3330 4025 hominis
3377 3971 3592 4027 vermis

1956 4057 2099 4129 (Job.
2133 4062 2316 4127 xxm).
2354 4080 2380 4107 »
2404 4058 2722 4114 Hocabillo
2747 4075 2860 4114 non
2878 4060 3323 4132 recesserat,qui
3347 4060 3595 4118 dicebat:

1959 4169 1986 4195 ‹‹
2014 4149 2074 4201 In
2099 4147 2374 4203 omnibus
2404 4147 2682 4221 operibus
2713 4149 2839 4204 tuis
2901 4165 3226 4205 memorare
3275 4149 3601 4208 novissima

1957 4240 2059 4292 tua
2085 4242 2140 4292 et
2170 4236 2230 4292 in
2253 4241 2535 4294 teternum
2568 4256 2682 4294 non
2714 4239 2984 4312 peccabis
3015 4240 3201 4310 (Eccli.
3235 4239 3354 4313 vn).
3385 4263 3410 4288 ››
3450 4241 3597 4308 Quid

1956 4330 2116 4394 tunc,
2145 4343 2303 4399 rogo,
2352 4327 2492 4399 quid
2544 4332 2682 4384 tunc
2733 4328 2942 4384 divitiae
3001 4335 3350 4386 conservatae
3390 4331 3599 4403 prode-

1957 4415 2134 4471 runt?
2153 4416 2304 4471 Audi
2331 4416 2500 4487 quid:
2537 4440 2564 4468 ‹‹
2607 4417 2812 4474 Nudus
2835 4435 3135 4491 regressus
3160 4436 3291 4476 sum
3311 4420 3381 4476 de
3401 4425 3601 4478 ventre

1956 4505 2161 4560 matris
2201 4522 2364 4573 mete,
2398 4507 2594 4562 nudus
2625 4512 2886 4564 revertar
2915 4508 3053 4564 illuc
3085 4510 3228 4582 (Job.
3287 4511 3348 4582 1).
3384 4532 3412 4559 »
3443 4513 3599 4568 Audi

189 4615 369 4665 nunc,
400 4596 635 4661 divites,
676 4595 918 4668 plorate,
952 4594 1248 4650 ululantes
1285 4594 1345 4650 in
1405 4594 1656 4652 miseriis
1717 4613 1843 4668 quae
1875 4613 1921 4677 D
1957 4595 2134 4667 quid:
2173 4616 2200 4648 α
2230 4595 2385 4651 Nihil
2415 4595 2730 4654 intulimus
2756 4598 2815 4653 in
2842 4598 3332 4658 huncmundum:
3368 4601 3467 4657 sed
3494 4618 3600 4659 nec

188 4685 505 4744 advenient
532 4685 718 4741 vobis.
753 4683 968 4740 Divitiae
1024 4688 1227 4740 vestrae
1291 4683 1624 4756 putrefacta;
1681 4691 1839 4742 sunt.

184 4775 557 4832 Vestimenta
611 4790 645 4829 a
705 4772 877 4829 tineis
937 4775 1195 4829 comesta
1250 4777 1410 4828 sunt.
1494 4774 1721 4830 Aurum
1781 4779 1838 4832 et

185 4867 502 4938 argentum
532 4865 793 4919 vestrum
825 4862 1189 4934 zeruginavit,
1220 4865 1277 4918 et
1297 4877 1491 4934 aerugo
1517 4879 1718 4919 eorum
1778 4865 1838 4920 in

180 4953 596 5010 testimonium
646 4952 757 5007 erit
801 4950 988 5020 vobis,
1041 4953 1099 5007 et
1179 4950 1554 5006 manducavit
1633 4969 1837 5010 carnes

177 5048 411 5100 vestras
442 5040 597 5099 sicut
625 5041 782 5114 ignis
813 5042 946 5112 (Jac.
980 5039 1056 5112 v).
1088 5062 1116 5090 »
1153 5040 1264 5096 Sed
1323 5057 1427 5097 nec
1485 5041 1840 5115 Redemptor

179 5138 388 5190 noster
410 5131 705 5204 praeterire
728 5129 916 5185 voluit
972 5129 1312 5202 cupiditatis
1363 5129 1608 5198 malum,
1660 5149 1837 5203 quam

176 5222 426 5279 noxium
459 5223 638 5277 esset.
667 5219 762 5275 Ait
792 5219 977 5275 enim:
1015 5241 1042 5270 ‹‹
1067 5218 1334 5287 Difﬁcile,
1398 5219 1498 5290 qui
1559 5222 1840 5292 pecunias

175 5311 426 5381 habent,
459 5325 712 5383 regnum
744 5308 1020 5365 caelorum
1052 5308 1357 5365 intrabunt
1385 5310 1536 5380 (Luc.
1588 5311 1773 5384 xvm).
1810 5334 1836 5361 ››

177 5402 245 5458 Et
277 5416 558 5459 rursum:
587 5424 616 5449 «
653 5399 902 5455 Facilius
932 5402 1024 5455 est
1078 5396 1366 5454 camelum
1419 5417 1520 5471 per
1577 5399 1836 5457 foramen

173 5508 320 5548 acus
351 5489 633 5556 transire,
666 5505 845 5560 quam
874 5487 1346 5544 divitemintrare
1369 5487 1428 5544 in
1452 5505 1696 5561 regnum
1725 5507 1834 5545 cce-

171 5581 370 5639 lorum
391 5579 678 5654 (Ibidem).
707 5601 732 5628 n

238 5673 300 5729 Si
335 5672 529 5744 igitur
561 5665 941 5726 saecularibus
971 5665 1112 5722 viris
1143 5665 1224 5737 ita
1254 5669 1342 5722 est
1373 5666 1700 5738 periculosa
1739 5684 1837 5722 cu-

1954 4685 2180 4742 auferre
2211 4686 2350 4757 quid
2385 4703 2700 4759 possumus
2724 4689 2770 4759 (1
2795 4691 2926 4744 Tim.
2959 4689 3057 4761 v1).
3095 4711 3122 4739 »

2505 4794 2827 4832 ODDUBATIO
2871 4795 3056 4835 DICIT:

2021 4863 2081 4919 Si
2112 4879 2199 4933 ea,
2232 4881 2360 4937 quae
2393 4867 2678 4938 possides,
2710 4869 3016 4939 egentibus
3044 4867 3440 4937 tribuis,unde
3462 4869 3600 4924 sub-

1943 4952 2133 5023 jectos
2164 4953 2385 5025 absque
2418 4959 2666 5025 pecunta
2697 4956 2886 5012 nutris
2906 4956 2935 5010 ?

2370 5060 2768 5101 MISERICORDIA
2809 5063 3137 5102 RESPONDET
3160 5061 3174 5099 ἶ

2021 5133 2321 5187 CAp.XVl.
2357 5132 2416 5187 Si
2440 5133 2688 5204 apostoli
2719 5136 2960 5190 modum
3007 5135 3067 5190 in
3125 5135 3233 5190 hac
3291 5136 3454 5206 parte
3511 5137 3596 5189 te-

1949 5223 2172 5288 nueris,
2206 5224 2452 5292 utraque
2485 5222 2761 5293 perﬁcere
2789 5223 3034 5280 valebis.
3068 5225 3210 5280 Hinc
3241 5222 3397 5279 enim
3438 5222 3595 5280 idem

1947 5311 2074 5384 ipse
2100 5311 2172 5366 ad
2205 5309 2538 5366 Corinthios
2571 5309 2654 5365 ait
2683 5312 2756 5382 (II
2786 5311 2910 5366 Cor.
2943 5316 3106 5381 vm):
3145 5337 3173 5364 «
3207 5313 3266 5370 Si
3323 5311 3592 5368 voluutas

1950 5402 2220 5473 prompta
2251 5402 2358 5470 est,
2393 5415 2461 5454 ex
2492 5399 2600 5453 hoc
2632 5399 2784 5470 quod
2819 5399 3014 5467 habet,
3049 5407 3286 5472 accepta
3316 5405 3426 5468 est,
3474 5418 3591 5456 non

1948 5489 2275 5546 secundum
2309 5489 2464 5560 quod
2500 5505 2613 5544 non
2645 5488 2839 5544 habet.
2871 5488 2995 5543 Non
3019 5488 3176 5542 enim
3209 5494 3272 5544 ut
3330 5490 3464 5546 aliis
3515 5491 3597 5547 sit

1949 5576 2239 5646 remissio,
2272 5577 2440 5634 nobis
2472 5582 2666 5633 autem
2695 5576 2992 5634 tribulatio
3027 5595 3039 5645 ;
3065 5578 3164 5634 sed
3190 5594 3259 5632 ex
3279 5579 3594 5650 aqualitate

1951 5669 2010 5722 in
2045 5665 2316 5737 praesenti
2344 5670 2604 5739 tempore
2624 5672 2816 5726 vestra
2837 5667 3198 5725 abundantia
3219 5666 3452 5724 illorum
3474 5668 3596 5725 ino-
