3964 6206
400 292 514 361 871

1472 300 1540 366 8.
1585 299 1864 365 LEONIS
1904 294 1987 361 1X
2026 292 2256 361 PAPJE
2296 294 2733 363 OPUSCULA.

3684 294 3813 359 672

401 434 560 510 piam
591 432 877 510 suppleat,
910 438 975 493 ut
1028 438 1087 493 et
1127 433 1361 493 illorum
1411 434 1774 493 abundantia
1827 437 2035 491 vestras
2070 429 2127 499 Α
2156 431 2403 488 tificioso
2433 430 2848 506 ingenio,sicut
2868 431 3227 502 fallacia,sed
3250 430 3502 507 simplici
3535 432 3812 508 negatio-

401 524 609 599 inopiaa
637 528 701 583 fit
738 524 1234 598 supplementum,
1269 530 1333 581 ut
1378 525 1480 582 fiat
1528 524 1832 597 aequalitas
1892 524 2044 579 sicut

401 614 684 687 scriptum
715 620 832 670 est:
862 638 888 663 ‹‹
907 615 1013 680 Qui
1031 615 1283 671 multum
1305 615 1529 677 habuit,
1562 632 1677 671 non
1700 613 2039 679 abundavit,

400 710 456 760 et
476 704 577 776 qui
598 704 1040 763 modicum.non
1053 704 1559 773 minoravit(E:rod.
1581 705 1699 771 xvx)
1716 727 1742 752 ››
1756 703 1901 758 Hinc
1914 702 2040 774 qui-

398 794 532 848 dam
555 794 757 863 justus
788 792 1006 863 prolem
1042 794 1310 849 dilectam
1346 794 1638 859 admonet,
1672 793 1901 847 dicens:
1927 814 1955 841 «
1980 792 2039 846 Si

398 880 648 937 multum
681 881 785 936 tibi
818 882 1011 944 fuerit,
1036 884 1404 938 abundanter
1432 883 1660 947 tribue;
1696 880 1786 935 sin
1844 886 2037 937 autem

396 971 697 1039 exiguum,
726 975 783 1025 et
816 970 923 1025 hoc
947 970 1141 1042 ipsum
1172 971 1475 1041 impertire
1506 971 1647 1041 (Tob.
1685 971 1781 1040 ιν).
1819 991 1845 1019 ››
1896 970 2040 1024 Hinc

397 1075 632 1130 quoque
663 1058 970 1115 incarnata
997 1059 1222 1115 Veritas
1251 1060 1390 1114 dicit
1414 1078 1427 1115 :
1467 1082 1495 1109 ‹‹
1522 1059 1737 1114 Verum
1761 1058 1915 1129 quod
1940 1075 2040 1113 su-

397 1150 607 1218 perest.
640 1148 774 1201 date
804 1146 1255 1221 eleemosynam,
1288 1156 1344 1204 et
1382 1165 1512 1203 ecce
1560 1148 1761 1204 omnia
1816 1148 2040 1202 munda

396 1240 536 1290 sunt
562 1235 725 1291 vobis
754 1237 904 1307 (Luc.
938 1239 1039 1307 ιι).
1073 1259 1101 1285 ι)
1135 1237 1278 1292 Audi
1314 1254 1545 1308 quoque
1573 1238 1725 1307 quod
1752 1236 2036 1307 scriptum

395 1328 522 1379 est:
560 1346 586 1373 ››
616 1324 915 1380 Judicium
948 1325 1073 1381 sine
1096 1325 1493 1381 misericordia
1525 1326 1623 1380 fiet
1652 1326 1703 1379 ei
1764 1324 1862 1397 qui
1922 1342 2035 1378 non

398 1412 597 1468 fecerit
618 1412 1076 1468 misericordiam
1102 1415 1376 1485 (Jac.n).»
1394 1416 1516 1479 Quo
1538 1419 1737 1469 contra
1758 1413 2038 1484 propheta

396 1501 672 1557 admonet
702 1501 903 1556 dicens
927 1520 939 1557 :
961 1525 987 1551 «
1014 1503 1236 1567 Frange
1256 1503 1538 1559 esurienti
1562 1520 1766 1574 panem
1786 1506 2040 1566 tuum,et

396 1604 610 1661 egenos
638 1606 932 1660 vagosque
961 1590 1137 1646 induc
1179 1592 1233 1646 in
1266 1593 1505 1647 domum
1537 1596 1719 1645 tuam.
1753 1590 1895 1644 Cum
1953 1589 2037 1643 vi-

396 1677 552 1734 deris
582 1679 830 1744 nudum,
862 1680 1019 1750 operi
1053 1686 1274 1743 eum,et
1302 1697 1535 1736 carnem
1597 1685 1756 1734 tuam
1808 1695 1881 1733 ne
1937 1679 2035 1733 de-

395 1768 653 1839 spexeris
675 1769 1029 1833 (Isa.Lvm).»
1054 1770 1340 1824 Memento
1370 1770 1511 1840 quid
1541 1766 2035 1840 purpuratodiviti
2070 1801 2117 1866 B

394 1856 722 1928 contigerit.
757 1856 855 1927 qui
891 1873 1004 1911 non
1040 1857 1167 1912 ideo
1196 1858 1510 1912 damnatus
1541 1862 1630 1911 est
1660 1857 1812 1927 quod
1846 1855 2039 1909 aliena

392 1943 614 2009 tulerit,
643 1946 744 2001 sed
772 1946 928 2016 quod
947 1947 1136 2015 egenti
1158 1945 1399 2018 pauperi
1423 1962 1527 2000 sua
1550 1963 1665 2000 non
1687 1943 2042 2013 tribuerit,et

390 2033 451 2088 in
482 2033 711 2089 inferno
734 2035 982 2106 positus,
1010 2035 1079 2088 ad
1114 2036 1363 2107 petenda
1384 2035 1626 2090 minime
1650 2033 2037 2105 pervenit.qui

389 2120 487 2178 hic
512 2139 688 2194 parva
714 2123 945 2193 negavit
966 2125 1120 2194 (Luc.
1153 2125 1291 2195 xw).
1324 2125 1472 2190 Quid
1532 2125 1706 2179 etiam
1768 2123 1839 2177 ad
1894 2121 2035 2178 sini-

389 2215 574 2267 stram
599 2212 804 2284 positis
824 2213 1001 2277 iudex
1030 2213 1157 2268 cmli
1188 2214 1453 2269 dicturus
1484 2213 1579 2279 sit,
1604 2212 1840 2268 attende
1864 2227 1876 2264 :
1902 2234 1929 2260 «
1960 2212 2038 2265 Ite

388 2300 449 2355 in
481 2301 676 2373 ignem
709 2305 1011 2363 mternum.
1046 2303 1143 2372 qui
1178 2308 1417 2374 paratus
1448 2306 1536 2357 est
1565 2300 1795 2357 diabolo
1826 2304 1883 2355 et
1933 2316 2035 2353 an-

388 2389 534 2461 gelis
561 2389 711 2457 ejus.
744 2389 969 2444 Esurivi
1000 2390 1179 2451 enim,
1213 2395 1271 2445 et
1300 2408 1416 2445 non
1434 2390 1681 2445 dedistis
1702 2388 1844 2443 mihi
1870 2405 2034 2442 man-

390 2476 628 2540 ducare,
662 2480 720 2532 et
742 2481 965 2542 caztera,
1000 2495 1129 2549 quze
1186 2479 1264 2532 ibi
1325 2478 1532 2549 (Matth.
1588 2478 1749 2549 xvm)
1803 2476 2035 2533 terribi-

387 2563 523 2620 liter
555 2571 1001 2621 enumerantur.

463 2655 701 2709 Furtum
732 2658 790 2709 et
819 2653 1342 2727 fraus.quanquam
1365 2656 1583 2725 gradus
1604 2653 2034 2711 babeantlocu-

385 2742 588 2807 tionis,
635 2759 818 2798 unum
851 2747 941 2799 est
968 2748 1162 2799 tamen
1196 2746 1348 2815 quod
1382 2745 1604 2800 dicunt.

976 2850 1216 2888 FUR’I‘UM
1256 2850 1406 2889 DICI’I'
1429 2852 1442 2890 Ξ

459 2919 520 2975 Si
551 2918 741 2976 aliena
770 2937 885 2975 non
916 2921 1073 2977 tollis
1104 2938 1173 2977 ex
1195 2924 1429 2996 proprio
1453 2922 1539 2979 vel
1566 2923 1727 2978 dives
1755 2920 1843 2976 vel
1865 2938 1930 2976 su
1943 2921 2031 2975 fti-

396 3008 560 3065 ciens
589 3024 717 3064 esse
746 3026 861 3065 non
890 3010 1068 3066 vales.

1008 3118 1189 3157 FRAUS
1228 3117 1378 3156 DICIT
1402 3117 1415 3154 Ζ

2155 519 2247 578 nis
2275 522 2446 578 verbo
2477 526 2702 595 oportet
2732 523 2996 596 decipere
3026 539 3407 597 quemquam.

2443 629 2674 668 VERITAS
2715 630 2786 668 AD
2826 628 3093 675 UTRAQUE
3132 626 3495 667 RESPONDET:

2223 702 2351 757 Car.
2387 702 2582 758 XVIII.
2635 702 2947 773 Nunquam
2982 706 3134 757 Deus
3182 699 3303 755 falli
3357 704 3565 771 potest.
3604 697 3715 755 Sed
3753 704 3812 755 te

2150 790 2367 861 potius,
2398 806 2576 861 quam
2601 789 2785 844 Deum
2810 788 2982 854 fallis,
3008 789 3147 860 quia
3167 788 3427 859 quolibet
3445 790 3623 844 modo
3646 804 3814 843 men-

2150 879 2351 938 tiatur.
2377 901 2405 927 ‹‹
2428 894 2527 933 eos
2541 878 2694 949 quod
2719 876 3510 944 mentitur,ocoiditanimam
3531 876 3807 948 (Sap.i),-»

2152 989 2179 1016 ‹‹
2213 972 2269 1021 et
2299 967 2499 1021 oribus
2530 966 2913 1021 mendacibus
2944 983 3078 1036 pars
3108 964 3343 1020 illorum
3367 965 3477 1021 erit
3507 965 3566 1020 in
3588 968 3804 1037 stagno

2149 1054 2303 1128 ignis
2334 1055 2591 1112 ardentis
2617 1048 2901 1127 sulphiire
2922 1054 3101 1126 (Apoc.
3132 1055 3271 1109 xxxl.
3316 1075 3342 1102 ι)

2563 1162 2805 1201 VENTRIS
2837 1161 3138 1200 INGLUVIES
3179 1160 3329 1199 DlClT
3347 1160 3359 1198 ε

2221 1235 2301 1288 Ad
2334 1252 2499 1289 esum
2535 1239 2683 1289 Deus
2706 1233 2903 1290 omnia
2933 1233 3156 1288 munda
3205 1232 3468 1287 condidit
3499 1250 3514 1287 :
3577 1235 3637 1286 et
3698 1233 3803 1303 qui

2149 1322 2397 1377 saturari
2430 1323 2558 1377 cibo
2591 1322 2832 1394 respuit,
2887 1322 3027 1394 quid
3088 1321 3269 1388 aliud,
3332 1336 3511 1393 quam
3564 1321 3802 1376 muneri

2152 1428 2427 1467 concesso
2458 1412 2824 1467 contradicit.

2441 1515 2691 1556 CIBORUM
2732 1514 3083 1555 PARCIMONIA
3122 1514 3484 1554 RESPONDET':

2218 1590 2352 1644 CAP.
2384 1589 2525 1645 XIX.
2560 1593 2753 1644 Unum
2784 1588 2995 1644 horum
3027 1601 3154 1660 qum
3180 1586 3328 1643 dicis
3357 1603 3561 1643 verum
3582 1591 3685 1643 est.
3712 1586 3800 1643 Ne

2147 1678 2303 1735 enim
2336 1678 2511 1733 homo
2544 1677 2697 1733 fame
2726 1682 3072 1743 moreretur,
3105 1676 3303 1732 omnia
3333 1675 3491 1732 Deus
3515 1677 3587 1731 ad
3621 1692 3793 1733 esum

2149 1768 2371 1823 munda
2399 1767 2633 1822 creavit.
2668 1767 2779 1822 Sed
2811 1783 2882 1821 ne
2904 1766 3243 1821 comedendi
3269 1782 3612 1821 mensuram
3631 1782 3799 1821 exce-

2146 1858 2327 1921 deret,
2364 1856 2779 1912 abstinentiam
2802 1855 3127 1927 imperavit.
3165 1860 3358 1925 Atque
3389 1854 3544 1909 inter
3588 1858 3802 1909 caetera

2148 1962 2257 2001 sua
2289 1945 2468 2010 mala,
2500 1945 2807 2001 saturitate
2830 1945 3083 2000 maxime
3103 1942 3274 2013 panis
3313 1942 3483 2013 periit
3512 1942 3794 2008 Sodoma,

2147 2034 2393 2090 Domino
2416 2034 2849 2104 attestante,qui
2879 2034 2951 2089 de
2970 2031 3293 2089 Jerusalem
3319 2048 3418 2103 per
3441 2031 3791 2103 prophetam

2146 2122 2665 2195 loquitur.dicens:
2694 2146 2721 2172 ‹‹
2738 2122 2870 2177 Haec
2894 2120 3295 2193 fuitiniquitas
3316 2121 3525 2176 sororis
3544 2124 3657 2174 tua;
3676 2119 3790 2173 So-

2145 2213 2330 2268 domae
2362 2212 2641 2268 saturitas
2671 2211 2907 2284 panis.»
2938 2213 3296 2283 Quapropter
3325 2209 3475 2264 sicut
3498 2223 3653 2278 aeger
3711 2208 3795 2264 ad

2144 2301 2520 2365 medicinam,
2546 2301 2630 2356 sic
2660 2302 2732 2356 ad
2763 2301 3082 2357 sumendas
3113 2300 3293 2369 dapes
3321 2294 3491 2353 debet
3532 2296 3799 2368 quisque

2144 2392 2812 2462 accedere,nequaquam
2837 2389 3061 2445 scilicet
3074 2386 3435 2459 voluptatem
3455 2385 3516 2440 in
3537 2383 3654 2439 illis
3677 2400 3783 2454 ap~

2147 2484 2370 2551 petens,
2395 2480 2494 2535 sed
2529 2478 2858 2535 necessitati
2892 2494 3261 2533 succurrens.
3296 2475 3439 2530 Hinc
3487 2473 3797 2529 incarnata

2140 2569 2373 2625 Veritas
2386 2585 2489 2640 per
2502 2566 2881 2641 Evangelium
2900 2568 2981 2622 ait
2998 2565 3454 2627 :«Attendite,ne
3476 2567 3797 2634 graventur

2140 2658 2317 2713 corda
2334 2662 2528 2713 vestra
2547 2657 2603 2711 in
2626 2653 2866 2727 crapula
2886 2662 2945 2711 et
2964 2653 3266 2723 ebrietate(
3275 2654 3403 2707 Luc.
3435 2655 3573 2720 xxx).
3605 2673 3633 2700 υ
3659 2651 3794 2714 Quo

2140 2750 2342 2802 contra
2362 2746 2433 2801 de
2453 2744 2769 2801 insatiabili
2785 2744 3122 2800 Judaeorum
3144 2741 3463 2797 voracitate
3474 2738 3798 2812 Apostolus

2140 2835 2317 2890 dicit:
2356 2856 2384 2885 «
2416 2834 2580 2890 Multi
2599 2832 2923 2900 ambulant,
2949 2848 3097 2905 quos
3118 2847 3269 2901 saepe
3292 2829 3560 2885 dicebam
3576 2826 3747 2883 vobis
3770 2845 3789 2894 ;

2139 2941 2295 2980 nunc
2326 2928 2522 2979 autem
2553 2927 2610 2979 et
2638 2923 2784 2978 ﬂens
2814 2922 2943 2977 dico
2975 2921 3246 2976 inimicos
3298 2917 3492 2974 crucis
3544 2916 3794 2982 Christi,

2137 3029 2386 3085 quorum
2405 3013 2557 3068 Deus
2578 3015 2779 3067 venter
2797 3014 2969 3076 est,et
2988 3008 3172 3081 gloria
3192 3008 3253 3063 in
3270 3005 3559 3079 pudendis
3579 3022 3796 3061 eorum

2140 3102 2235 3174 qui
2260 3105 2492 3156 terrena
2524 3099 3011 3171 sapiunt(Hhilip.
3037 3100 3141 3167 ιιι).
3172 3119 3200 3147 ››
3227 3097 3296 3151 Et
3317 3110 3574 3151 rursum:
3602 3093 3799 3148 «Esca

455 3185 513 3240 Si
547 3189 757 3242 cuncta
786 3202 914 3258 quae
942 3189 1046 3243 tibi
1080 3189 1353 3261 prmlatus
1384 3189 1672 3243 servanda
1703 3185 2019 3251 commisit,
2056 3174 2101 3239 C
2138 3190 2344 3257 ventri,
2374 3194 2432 3245 et
2457 3193 2658 3244 venter
2684 3188 2855 3244 escis.
2890 3188 3042 3243 Deus
3063 3192 3260 3241 autem
3284 3189 3341 3239 et
3365 3184 3522 3238 hunc
3543 3186 3601 3237 et
3630 3181 3796 3237 hanc

384 3272 611 3330 illibata
639 3276 973 3347 consignas,
1007 3283 1154 3333 etne
1174 3278 1233 3332 in
1255 3279 1549 3333 modicum
1570 3277 1707 3347 quid
1728 3292 2026 3332 reservan-

385 3363 526 3418 dum
559 3364 883 3431 existimas,
911 3367 1066 3421 unde
1095 3366 1181 3422 vel
1223 3366 1475 3438 prepriis
1504 3366 1859 3421 utilitatibus
1889 3381 2026 3419 con-

385 3450 551 3517 sulis,
571 3452 657 3507 vel
689 3454 895 3509 amicis
923 3459 979 3509 et
1009 3454 1514 3510 commilitonibus
1535 3454 1729 3527 places
1751 3455 1779 3508 Ἰ

633 3559 968 3599 INNOCEVTIA
1007 3561 1079 3600 AD
1118 3561 1379 3607 UTRAQUE
1420 3560 1775 3599 RESPONDET:

450 3630 587 3685 CAP.
611 3630 778 3687 XVII.
814 3632 1022 3688 Melius
1053 3638 1142 3688 est
1165 3649 1475 3705 pauperem
1496 3636 1553 3687 et
1571 3631 2025 3687 insufﬁcientem

379 3719 803 3791 esse.nullique
823 3738 893 3776 ex
913 3723 1049 3776 dato
1071 3722 1319 3794 placere.
1339 3738 1517 3793 quam
1540 3721 1798 3795 aliquem
1821 3720 2027 3778 laedere

380 3806 537 3862 furto
565 3808 653 3862 vel
687 3810 910 3865 fraude.
942 3811 1048 3876 Qui
1080 3811 1235 3866 enim
1261 3810 1451 3866 aliena
1472 3809 1733 3881 quolibet
1755 3811 2029 3866 modoin-

372 3896 534 3966 juste
564 3897 842 3969 praeripit,
868 3899 993 3968 ipse
1010 3899 1120 3953 sibi
1146 3900 1306 3971 regni
1343 3898 1596 3955 cmlestis
1617 3900 1847 3955 aditum
1869 3898 2028 3954 clau-

379 3984 483 4039 dit.
509 3984 668 4040 Unde
688 3991 744 4041 et
764 3989 1108 4056 praedicator
1124 3988 1392 4061 egregius
1410 3989 1707 4059 quondam
1729 3987 2027 4059 redarguit

380 4073 619 4139 dicens:
653 4096 680 4124 «
714 4076 966 4131 Omnino
997 4077 1265 4131 dilictum
1296 4081 1387 4132 est
1417 4077 1476 4131 in
1509 4076 1695 4138 vobis,
1729 4076 1882 4147 quod
1926 4076 2025 4147 ju-

380 4160 531 4216 dicia
562 4161 789 4217 habetis
820 4163 973 4218 inter
1002 4180 1122 4218 vos.
1153 4166 1341 4227 Quare
1372 4181 1477 4219 nos
1508 4164 1697 4235 magis
1746 4163 2023 4233 injuriam

380 4249 689 4319 accipitis?
714 4250 903 4313 Quare
934 4267 1050 4305 non
1084 4252 1273 4322 magis
1304 4252 1569 4307 fraudem
1608 4252 1807 4321 patimi
1830 4253 1858 4307 ?
1913 4252 2023 4307 Sed

379 4336 659 4407 injuriam
690 4339 965 4404 tacitis,et
989 4339 1339 4405 fraudatisU
1366 4340 1571 4409 Carm)
1599 4357 1613 4405 ;
1649 4361 1677 4389 »
1701 4346 1759 4395 et
1779 4340 1887 4396 hoc
1911 4343 2024 4395 Ira-

380 4423 608 4480 tribus:
646 4446 675 4474 ‹‹
711 4433 795 4479 An
827 4427 1063 4481 nescitis
1096 4427 1234 4498 quia
1262 4426 1449 4499 iniqui
1482 4442 1728 4497 regnum
1761 4427 1861 4483 Dei
1910 4445 2023 4484 non

2135 3280 2399 3334 destruet
2425 3279 2473 3348 (1
2501 3279 2620 3335 Cor.
2652 3278 2749 3346 v1).
2786 3299 2815 3327 »
2846 3276 2945 3333 llle
2971 3280 3164 3332 autem
3193 3272 3798 3342 hocvitiumsuperat

2134 3368 2432 3440 plene,qui
2462 3366 2519 3420 in
2536 3366 2841 3422 sumendis
2861 3363 3112 3436 dapibus
3133 3378 3248 3417 non
3276 3360 3469 3417 solum
3496 3358 3795 3432 parcimo-

2135 3458 2292 3513 niam
2324 3460 2502 3522 tenet,
2534 3459 2600 3509 ut
2628 3454 2852 3510 scilicet
2875 3452 3493 3521 refectionemsemper
3512 3447 3794 3504 esuriens

2135 3546 2400 3616 imperet,
2427 3560 2630 3600 verum
2660 3543 2861 3613 etiam,
2893 3541 3282 3598 accuratiores
3313 3536 3494 3594 simul
3542 3545 3599 3592 et
3629 3552 3781 3592 sua-

2133 3634 2322 3690 viores
2354 3632 2579 3705 epulas,
2602 3636 2840 3703 excepta
2857 3629 3115 3703 corporis
3135 3628 3475 3684 infirmitate
3501 3628 3560 3680 et
3580 3623 3792 3698 1108ρί-

2136 3727 2263 3779 tum
2297 3722 2686 3794 susceptione,
2719 3720 3061 3777 contemnit.

2608 3827 2810 3867 INEP’I‘A
2848 3826 3079 3865 WITIA
3118 3824 3268 3863 DICIT
3302 3822 3314 3861 ε

2209 3901 2424 3972 thuid
2449 3898 2631 3955 animi
2653 3899 2935 3971 gaudium
2959 3898 3119 3953 intus
3140 3894 3452 3952 abscondis
3463 3893 3797 3967 ?Egrsdere

2136 3990 2195 4044 in
2227 3989 2528 4061 publicum
2559 3987 2760 4043 laetus:
2799 3987 2896 4041 Dic
2926 3985 3067 4041 foris
3098 3984 3341 4055 aliquid,
3376 3983 3533 4038 unde
3572 3981 3658 4038 vel
3700 3987 3792 4040 tu.

2133 4077 2220 4134 vel
2254 4077 2500 4149 proximi
2529 4075 2617 4131 tui
2643 4076 2891 4131 rideant.
2922 4078 3036 4131 Fac
3060 4091 3159 4130 eos
3190 4073 3352 4128 lmtos
3382 4075 3487 4127 tua
3516 4070 3743 4126 laetitia.

2465 4180 2806 4221 MODERATUS
2836 4180 3064 4220 δίωῆοῆ
3100 4177 3452 4218 RESPONDET:

2205 4255 2340 4310 CAP.
2373 4254 2487 4309 XX.
2520 4254 2681 4308 Unde
2709 4253 2815 4308 tibi
2839 4253 2992 4308 inest
3019 4256 3181 4307 tanta
3210 4249 3413 4306 laetitia
3432 4247 3461 4303 ‘7
3491 4248 3785 4320 Nunquid

2127 4343 2254 4415 jam
2286 4340 2585 4398 diabolum
2614 4340 2854 4397 vicisti?
2876 4339 3171 4411 Numquid
3190 4340 3314 4407 jam
3338 4336 3556 4392 interni
3582 4354 3793 4408 pennas

2134 4430 2411 4488 evasisti?
2432 4430 2708 4501 Nunquid
2718 4432 2845 4500 jam
2869 4430 2940 4484 de
2961 4428 3135 4486 exilio
3157 4428 3230 4483 ad
3260 4425 3509 4499 patriam
3531 4424 3746 4482 venisti
3763 4426 3794 4480 1

378 4511 765 4603 possidebunt
786 4518 810 4571 Ρ
831 4536 858 4565 ››
882 4515 1072 4585 (Ιὸίά.)
1093 4521 1281 4587 Atque
1302 4514 1455 4571 inter
1472 4523 1677 4572 castera
1697 4518 2022 4587 subjunxit:
2057 4540 2104 4603 Β
2136 4520 2404 4591 nunquid
2416 4521 2543 4590 jam
2564 4519 2637 4573 de
2655 4522 2757 4574 tua
2777 4517 3056 4575 electione
3076 4516 3451 4603 securitatem
3474 4514 3795 4603 accepisti?

380 4623 408 4650 «
441 4600 639 4673 Neque
670 4601 849 4671 fures,
883 4620 1071 4675 neque
1086 4619 1346 4674 rapaces,
1363 4620 1607 4677 regnum
1636 4605 1735 4661 Dei
1756 4606 2023 4677 posside-

378 4689 530 4745 bunt
558 4690 762 4764 (Ibid.).
798 4715 825 4743 ››

451 4778 703 4836 Fallacia
730 4786 904 4853 atque
933 4780 1327 4849 mendacium,
1361 4786 1417 4837 et
1440 4781 1568 4851 ipsa
1589 4798 1773 4836 unum
1798 4782 2020 4838 dicunt.

378 4867 630 4925 Fallacia
643 4870 707 4925 iit
728 4871 983 4944 ingenio,
1008 4871 1378 4927 mendacium
1400 4887 1531 4925 vero
1550 4870 1802 4943 simplici
1826 4873 2021 4928 verbo.

838 4977 1108 5016 FALLACIA
1137 4976 1334 5015 IGITUR
1371 4976 1553 5014 DICI'I‘:

448 5047 520 5103 Ut
543 5063 613 5103 ex
633 5047 835 5104 multis
851 5066 1035 5104 unum
1051 5049 1577 5121 proferamus,cum
1593 5049 1650 5103 in
1671 5064 1785 5104 non
1807 5050 2021 5117 dando,

374 5136 629 5209 aliquem
665 5136 909 5193 illudere
941 5138 1174 5209 qllml‘l‘l.
1209 5137 1353 5202 Quid
1402 5137 1458 5191 in
1520 5138 1769 5207 petendo
1828 5155 2022 5193 moras

374 5225 630 5281 inuectis
652 5228 679 5281 ‘I
711 5227 834 5282 Non
863 5228 1049 5283 habeo
1081 5227 1238 5298 quod
1261 5227 1518 5281 tribuere
1566 5227 1809 5297 possim.
1864 5227 2024 5287 Celat

374 5315 579 5385 utique
609 5314 667 5368 in
697 5318 869 5372 corde
897 5334 1025 5389 quae
1049 5315 1241 5373 habet.
1272 5313 1361 5369 vel
1391 5314 1547 5384 quod
1569 5314 1679 5369 sibi
1701 5321 2019 5385 conservet,

369 5401 457 5456 vel
488 5404 642 5471 quod
676 5405 798 5471 alii,
831 5405 881 5461 si
913 5405 1183 5460 voluntas
1213 5404 1387 5471 inest,
1412 5403 1656 5459 tribuat.

823 5508 1157 5548 MENDACIUII
1199 5507 1520 5547 SURJUNGIT
1542 5506 1555 5546 Ξ

445 5573 697 5631 Omnino
718 5583 872 5650 quod
898 5581 1160 5651 postulas
1181 5595 1295 5635 non
1320 5579 1524 5647 habeo,
1546 5580 1767 5637 scilicet
1790 5597 1904 5638 non
1928 5599 2019 5640 ar-

2134 4613 2221 4663 An
2255 4609 2401 4663 forte
2432 4607 2492 4661 in
2523 4605 2872 4662 oblivionem
2904 4609 3062 4662 venit
3092 4605 3247 4676 quod
3280 4601 3569 4659 Dominus
3600 4602 3783 4658 dicit:

2133 4721 2162 4748 ‹‹
2192 4696 2449 4752 Mundus
2478 4694 2756 4767 gaudebit
2782 4711 2884 4751 vos
2914 4697 3114 4751 autem
3146 4692 3621 4749 constristabimi
3649 4690 3790 4747 :sed

2132 4787 2374 4842 tristitia
2403 4790 2596 4840 vestra
2622 4788 2881 4839 vertetur
2910 4784 2969 4838 in
3016 4783 3298 4856 gaudium
3317 4782 3347 4835 ‘I
3369 4801 3400 4832 ‹‹
3422 4781 3614 4850 (Joan.
3647 4782 3788 4847 xw.)

2134 4881 2218 4933 An
2247 4875 2394 4930 forte
2423 4889 2456 4927 a
2485 4871 2765 4928 memoria
2797 4872 3047 4928 excessit
3071 4871 3226 4943 quod
3251 4870 3407 4925 idem
3430 4867 3742 4924 alibidicit
3772 4885 3787 4924 :

2134 4986 2164 5015 ‹‹
2199 4964 2289 5019 Vas
2317 4962 2481 5019 vobis
2510 4961 2613 5033 qui
2644 4977 2801 5016 nunc
2826 4961 3051 5027 ridetis,
3067 4959 3207 5032 quia
3225 4956 3534 5031 plorabitis
3552 4963 3613 5012 et
3627 4956 3792 5013 ﬂebi-

2136 5052 2256 5109 tis?
2286 5072 2314 5101 »
2347 5051 2498 5122 (Luc.
2526 5049 2631 5121 vx.)
2666 5050 2947 5121 Quodque
2976 5064 3079 5121 per
3112 5047 3488 5104 Salomonem
3534 5045 3790 5100 dicitur:

2134 5166 2161 5192 ‹‹
2198 5141 2373 5197 Risus
2395 5137 2595 5193 dolore
2626 5138 2991 5203 miscebitur,
3024 5142 3081 5193 et
3101 5143 3362 5192 extrema
3378 5132 3793 5207 gaudiiluctus

2132 5232 2381 5301 occupat
2411 5229 2595 5299 (Prov.
2627 5227 2764 5298 xlv).
2801 5247 2828 5275 ››
2861 5226 2928 5282 Et
2955 5241 2987 5281 e
3015 5230 3240 5291 contra,
3266 5240 3372 5296 per
3402 5222 3788 5294 Evangelium

2128 5317 2343 5375 dicitur
2373 5333 2387 5372 :
2423 5337 2451 5365 «
2479 5315 2632 5370 Beati
2659 5315 2761 5387 qui
2792 5314 3024 5387 lugent,
3058 5313 3339 5386 quoniam
3368 5311 3488 5382 ipsi
3521 5308 3791 5367 consola-

2130 5409 2352 5465 buntur
2380 5403 2592 5475 (Matth.
2626 5406 2703 5472 v).
2738 5425 2767 5453 ››
2821 5403 3198 5474 Rursumque
3247 5415 3349 5473 per
3405 5398 3787 5455 Salomonem

2131 5495 2346 5552 dicitur
2378 5511 2390 5549 :
2420 5513 2443 5543 ι
2476 5491 2672 5547 Nescit
2691 5492 2865 5547 homo
2882 5495 3077 5546 utrum
3101 5487 3399 5546 amorevel
3412 5488 3552 5543 odio
3575 5488 3789 5560 dignus

2128 5583 2235 5653 sit;
2271 5582 2373 5637 sed
2431 5579 2630 5637 omnia
2683 5579 2743 5636 in
2800 5579 3065 5636 futurum
3117 5583 3499 5635 reservantur
3558 5577 3781 5632 incerta
