3964 6206
304 233 421 298 575

1370 232 1436 299 S.
1482 231 1760 297 LEONIS
1806 229 1888 295 IX
1934 225 2166 294 PAPJE
2209 228 2640 296 OPUSCULA.

3599 234 3737 298 576

303 368 628 430 adversitas
674 369 892 439 turbat,
928 365 1090 427 nulla
1116 365 1458 435 necessitas
1516 368 1812 443 angustat,
1845 365 1945 425 sed
1976 365 2029 435 Α
2060 380 2202 422 num
2233 367 2508 437 tumeret,
2541 363 2851 425 stimulum
2881 363 3078 426 carnis
3107 365 3410 444 accepit(ll
3435 367 3559 428 Cor.
3585 365 3733 445 ιιι).

302 461 577 536 perennis
606 460 809 517 laetitia
837 462 1060 533 regnat.

372 552 485 609 Sed
519 549 731 624 quaeris
761 548 899 622 quid
931 548 1008 604 sit
1039 548 1139 615 ibi,
1173 548 1287 604 nisi
1318 550 1481 604 tanta
1510 551 1567 604 et
1594 546 1728 603 talis
1769 546 1949 603 beati-

300 642 443 697 tudo
470 639 759 713 persistat.
794 638 974 693 Aliter
998 637 1110 693 dici
1142 654 1256 694 non
1290 636 1627 711 potest,nisi
1663 636 1949 709 quidquid

298 729 435 785 boni
466 734 575 795 est,
609 727 686 783 ibi
719 731 891 795 est,et
921 726 1200 800 quidquid
1236 727 1372 783 mali
1404 730 1510 793 est,
1543 743 1846 798 nunquam
1870 725 1947 780 ibi

298 818 596 883 est.Quod,
630 815 848 888 inquis,
875 816 1093 872 bonum
1128 817 1252 872 est?
1285 815 1430 883 Quid
1467 833 1558 871 me
1587 815 1953 887 interrogas?

295 906 339 963 A
361 906 643 980 propheta
664 910 722 961 et
742 905 1005 978 apostolo
1023 906 1341 961 difﬁnitum
1365 906 1526 962 est?«
1543 904 1945 977 Quod,inquit,

295 995 500 1053 oculus
532 1012 644 1051 non
676 994 845 1061 vidit,
879 1011 985 1050 nec
1015 994 1176 1051 auris
1210 994 1451 1060 audivit,
1488 1011 1593 1049 nec
1624 994 1682 1048 in
1714 1011 1813 1049 cor
1844 992 1947 1050 ho-

296 1084 475 1141 minis
502 1084 909 1151 ascenderunt,
946 1100 1071 1156 qua:
1118 1082 1463 1155 praeparavit
1507 1088 1659 1139 Deus
1706 1082 1800 1138 his
1848 1082 1948 1154 qui

294 1173 547 1247 diligunt
579 1190 712 1229 eum
746 1175 898 1239 (Ism'.
951 1190 1101 1240 LXIV,
1133 1178 1190 1228 et
1244 1174 1269 1228 I
1315 1172 1433 1229 Cor.
1489 1174 1569 1239 η).
1606 1194 1633 1221 ››
1666 1172 1746 1226 Ad
1802 1171 1948 1227 hanc

294 1263 627 1320 felicitatem
660 1262 864 1317 multis
896 1260 1090 1317 saeculi
1126 1260 1342 1316 divitiis
1373 1261 1736 1333 constipatus
1768 1260 1945 1316 David

292 1351 765 1417 anhelabat,cum
799 1350 1027 1406 dicebat
1060 1349 1264 1414 :«Quid
1298 1349 1438 1405 mihi
1476 1352 1656 1406 restat
1683 1348 1741 1404 in
1780 1348 1945 1417 ccelo,

292 1446 351 1498 et
381 1458 415 1497 a
444 1444 499 1496 te
533 1440 673 1513 quid
705 1439 856 1495 volui
890 1456 1066 1511 super
1095 1443 1310 1496 terram
1339 1440 1509 1514 (Psal.
1544 1440 1770 1511 sxxii)»
1793 1439 1942 1494 Mul-

290 1531 370 1588 tis
399 1528 683 1602 regalium
718 1528 1112 1585 conviviorum
1143 1529 1393 1601 dapibus
1441 1529 1752 1585 abundans
1791 1528 1943 1583 dice-

292 1620 393 1675 bat
442 1636 518 1676 :«
553 1617 839 1686 Satiabor,
883 1618 1023 1673 dum
1085 1616 1561 1673 manifestabitur
1612 1616 1796 1689 gloria
1846 1621 1947 1671 tua

292 1709 465 1781 (Psal.
497 1709 644 1781 xvr);
678 1730 707 1757 »
740 1712 797 1763 et
846 1723 1082 1763 rursum
1121 1724 1133 1761 :
1180 1730 1209 1756 «
1243 1706 1434 1762 Sitivit
1478 1706 1676 1763 anima
1710 1723 1839 1761 mea
1872 1706 1943 1761 ad
1973 1742 2020 1807 B

290 1797 605 1854 Dominum
633 1795 1112 1860 vivum.Quando
1141 1794 1369 1851 veniam
1401 1800 1460 1850 et
1484 1795 1775 1867 apparebo
1807 1797 1941 1851 ante

290 1886 495 1953 faciem
527 1885 626 1942 Dei
657 1885 825 1956 (Psal.
859 1885 1003 1955 xu);
1042 1899 1439 1956 urursumque
1472 1900 1521 1938 ;‹‹
1554 1884 1701 1948 Quia
1724 1882 1939 1939 incola-

288 1978 386 2031 tus
414 1990 582 2030 meus
611 1973 993 2045 prolongatus
1024 1975 1111 2029 est
1140 1973 1690 2045 (Psal.cx1x).nllinc
1715 1976 1771 2029 et
1792 1973 1939 2029 Pau-

288 2063 383 2120 lus
417 2079 429 2119 :
460 2085 487 2114 «
521 2062 703 2135 Cupio
752 2061 992 2118 dissolvi
1023 2066 1080 2117 et
1109 2079 1239 2118 esse
1268 2078 1400 2118 cum
1444 2061 1673 2118 Christo
1704 2062 1937 2135 (Philip.

290 2152 353 2225 ι).
384 2173 412 2203 »
447 2151 630 2208 Multo
661 2154 859 2207 autem
895 2150 1127 2207 melius.

358 2241 460 2298 His
480 2241 563 2297 ita
579 2241 1211 2313 decursis,quanquam
1236 2239 1423 2296 multa
1446 2239 1937 2313 prietermiserim,

285 2334 504 2400 tamen,
539 2334 605 2386 ut
652 2330 797 2385 mihi
844 2330 1094 2395 videtur,
1129 2330 1319 2385 hostis
1365 2330 1549 2386 nostri
1601 2328 1940 2385 fornicantis

287 2424 480 2477 castra
518 2418 860 2487 monstravi,
892 2419 1107 2490 quibus
1156 2419 1248 2491 pie
1293 2418 1551 2475 viventes
1604 2419 1662 2473 in
1712 2417 1939 2474 Christo

287 2508 428 2565 Jesu
459 2523 576 2563 non
606 2506 825 2563 desinit
855 2506 1202 2579 impugnare
1234 2524 1246 2563 :
1282 2508 1383 2563 sed
1433 2522 1537 2564 nec
1577 2507 1671 2563 his
1703 2510 1938 2563 conten-

287 2601 384 2654 tus
416 2597 486 2652 ad
517 2595 632 2652 alia
661 2595 1018 2652 convertitur
1046 2597 1558 2669 argumenta,dum
1583 2596 1937 2669 quibusdam

290 2687 349 2743 in
380 2686 606 2743 somnis
653 2685 869 2758 smpius
896 2701 1030 2741 vera
1060 2687 1433 2758 praenuntiat,
1466 2691 1530 2742 ut
1555 2703 1652 2742 eos
1681 2685 1941 2759 quando-

289 2793 402 2849 que
434 2775 505 2832 ad
536 2775 851 2832 falsitatem
885 2774 1203 2847 pertrahat,
1237 2774 1375 2830 dum
1418 2776 1776 2831 dormientes
1807 2779 1941 2831 ante

287 2866 516 2932 horam,
556 2863 645 2921 vel
695 2866 928 2936 tempus
975 2863 1308 2931 exsuscitat,
1343 2869 1409 2920 ut
1455 2881 1554 2921 eos
1604 2864 1938 2938 vigiliarum

284 2959 547 3028 tempore
600 2969 806 3009 somno
852 2952 1199 3025 pravissimo
1251 2953 1557 3026 deprimat,
1591 2971 1723 3010 cum
1782 2952 1937 3026 psal-

290 3044 479 3101 lentes
510 3046 685 3117 atque
715 3045 947 3098 orantes
980 3041 1188 3111 sibilis,
1225 3042 1597 3112 stridoribus,
1630 3042 1939 3100 latratibus

2060 455 2144 510 Sit
2172 454 2367 527 itaque
2398 455 2609 512 horum
2643 446 2971 529 quodlibet,
2996 461 3099 515 aut
3126 462 3280 516 certe
3327 458 3377 515 si
3425 475 3541 517 non
3592 460 3735 518 fue-

2058 544 2428 617 rit,nunquid
2456 549 2649 601 tamen
2683 550 3032 614 extremum,
3063 548 3111 604 si
3139 548 3446 620 positurus
3466 566 3738 616 sum,veo

2060 650 2189 689 rum
2223 651 2336 690 non
2365 634 2517 690 erit?
2546 634 2764 691 Verum
2794 640 2884 693 est
2913 637 3175 709 omnino,
3208 652 3409 694 verum
3441 643 3532 695 est
3560 641 3735 711 quod

2059 723 2331 791 dico,non
2363 739 2493 780 esse
2523 714 2908 781 colluvionem
2928 725 3091 782 illam
3115 727 3478 784 extrinsecus
3508 730 3735 785 animae

2060 813 2371 882 noxiam,si
2403 814 2531 887 ipsa
2560 830 2790 871 servare
2821 816 3115 872 studuerit
3144 816 3307 873 intus
3336 817 3531 875 cordis
3551 835 3736 875 mun-

2058 902 2283 958 ditiam.
3306 891 3311 895 ’

2130 993 2353 1047 Interea
2382 991 2535 1047 sicut
2561 996 2625 1047 tu
2657 992 2783 1066 ipse
2813 992 3073 1050 indicare
3092 996 3514 1065 curasti,audio
3537 1013 3730 1073 quos-

2056 1081 2193 1136 dam
2225 1082 2375 1152 apud
2411 1097 2517 1137 nos
2547 1081 2760 1148 dicere,
2792 1098 2909 1138 non
2939 1099 3112 1154 posse
3144 1082 3401 1156 aliquem
3432 1084 3493 1140 in
3523 1088 3723 1158 patria

2057 1186 2178 1225 sua:
2210 1169 2480 1225 navitatis
2529 1171 2850 1242 perfectum
2900 1187 3049 1239 esse,
3100 1170 3243 1226 illud
3294 1172 3355 1227 in
3405 1189 3728 1247 argumen.

2057 1262 2183 1315 tum
2211 1260 2764 1331 assumentes,quod
2798 1260 3083 1316 Dominus
3113 1260 3259 1316 dixit
3292 1279 3341 1317 ;‹‹
3370 1263 3552 1319 Nemo
3582 1282 3726 1337 pro-

2055 1345 2233 1419 pheta
2258 1351 2531 1419 acceptus
2570 1351 2659 1403 est
2706 1347 2764 1402 in
2816 1348 3006 1420 patria
3036 1365 3144 1405 sua
3174 1350 3327 1420 (Luc.
3363 1350 3462 1421 ιν).
3499 1372 3527 1401 ››
3560 1351 3727 1416 Quos

2054 1436 2311 1508 primum
2343 1440 2569 1509 oportet
2600 1436 2824 1493 ratione
2854 1437 3119 1493 veritatis
3151 1438 3358 1508 refelli,
3393 1444 3451 1495 et
3499 1442 3585 1498 sic
3614 1443 3718 1498 de-

2054 1543 2216 1582 mum
2249 1525 2501 1598 qualiter
2529 1525 2911 1600 intelligenda
2931 1527 3010 1583 sit
3038 1526 3263 1600 prolata
3296 1530 3589 1587 sententia
3617 1533 3719 1589 dc-

2055 1615 2392 1671 monstrari.

2121 1703 2381 1760 Audiant
2432 1703 2615 1776 igitur
2658 1703 2947 1777 patienter
2992 1703 3094 1777 qui
3141 1705 3263 1762 haec
3292 1706 3517 1777 dicunt,
3549 1708 3715 1782 quia,

2052 1793 2193 1849 dum
2226 1810 2466 1849 sensum
2499 1809 2677 1849 sacra:
2709 1793 3021 1866 Scripturae
3053 1795 3373 1866 prudenter
3403 1814 3519 1854 non
3563 1814 3715 1855 con.

2050 1883 2484 1955 siderant,pene
2513 1899 2717 1939 omnes
2746 1887 2982 1939 sanctos
3013 1887 3428 1955 contemnunt;
3463 1887 3514 1943 si
3544 1888 3712 1944 enim

2058 1973 2140 2026 ita
2168 1975 2275 2041 est,
2328 1976 2393 2026 ut
2443 1975 2760 2028 asserunt:
2793 1987 2929 2044 ergo
2974 1976 3262 2045 quotquot
3305 1991 3371 2030 ex
3416 1975 3705 2033 Romanis

2050 2060 2311 2118 conversi
2328 2061 2482 2132 apud
2504 2061 2797 2117 Romanos
2817 2061 3067 2134 degunt;
3101 2066 3378 2136 quotquot
3395 2080 3464 2119 ex
3482 2064 3705 2120 Graecis

2050 2150 2203 2223 apud
2235 2151 2463 2206 Graecos
2485 2167 2498 2219 ;
2523 2152 2810 2223 quotquot
2837 2166 2906 2206 ex
2935 2150 3097 2208 Italis
3121 2153 3272 2225 apud
3295 2151 3502 2223 Italos;
3525 2156 3709 2227 qupt-

2050 2243 2191 2310 quot
2216 2255 2284 2295 cx
2304 2237 2485 2295 Gallis
2499 2240 2653 2311 apud
2677 2238 3193 2313 Gallos;quotquot
3210 2258 3280 2298 ex
3298 2241 3525 2299 Hiberis
3547 2244 3711 2315 apud

2050 2328 2322 2397 Hiberos;
2354 2332 2643 2400 quotquot
2670 2345 2739 2385 ex
2781 2329 3091 2403 Germanis
3137 2331 3294 2403 apud
3337 2330 3701 2401 Germanos;

2050 2422 2337 2491 quotquot
2353 2434 2422 2474 ex
2440 2417 2806 2491 Aquitanicis
2824 2420 2978 2491 apud
2999 2418 3379 2492 Aquitanicos
3396 2424 3599 2494 ;quotq
3609 2426 3709 2481 unt

2048 2524 2116 2564 ex
2138 2506 2492 2564 Britannicis
2514 2507 2669 2580 apud
2690 2507 3057 2564 Britannicas
3078 2526 3091 2576 ;
3109 2513 3398 2581 quotquot
3417 2527 3486 2566 ex
3504 2510 3708 2585 Anglis

2049 2597 2203 2669 apud
2248 2595 2520 2668 Anglicos
2569 2594 2839 2669 religiose
2887 2596 3107 2665 vivunt,
3139 2597 3465 2672 imperfecti
3510 2605 3705 2657 erunt.

2049 2687 2188 2742 Ecce
2219 2684 2437 2742 Paulus
2467 2688 2525 2741 et
2551 2684 2840 2742 Antonius
2863 2702 2932 2742 ex
2949 2686 3216 2744 Thebaeis
3248 2688 3407 2760 apud
3427 2689 3707 2748 Thebeos

2048 2775 2287 2849 perfecti
2317 2778 2472 2832 sunt.
2505 2774 2650 2830 Ecce
2679 2774 2957 2847 Hylarion
2983 2793 3052 2832 ex
3073 2776 3399 2835 Palaestinis
3420 2780 3576 2851 apud
3599 2780 3704 2837 Pa-

2048 2864 2306 2921 lzestinos
2334 2864 2624 2937 perfectus
2652 2867 2760 2920 est.
2790 2865 2931 2921 Ecce
2964 2864 3295 2923 Macharius
3326 2883 3395 2923 cx
3424 2868 3710 2942 Egyptiis

2047 2955 2203 3027 apud
2232 2953 2530 3026 Egyptios
2561 2953 2852 3027 perfectus
2873 2958 2982 3011 est.
3005 2955 3149 3013 Ecce
3168 2954 3518 3014 Oxirinchus
3564 2957 3706 3014 civi-

2046 3047 2137 3100 tas
2168 3059 2237 3099 ex
2265 3042 2517 3116 propriis
2547 3041 2883 3100 civitatibus
2926 3047 3049 3100 tota
3090 3045 3347 3116 perfecta
3395 3050 3508 3103 est.
3537 3047 3702 3115 Ecce,
3762 3048 3767 3051 ’

290 3133 559 3200 diversis,
579 3115 636 3189 et
655 3132 970 3189 inconditis
990 3132 1413 3209 vocibus,actis
1443 3133 1616 3189 etiam
1646 3132 1942 3206 lapidibus
1974 3115 2018 3185 Ο
2055 3136 2121 3189 ut
2148 3132 2221 3189 ad
2250 3131 2470 3188 vicinos
2500 3135 2732 3189 nostros
2758 3115 3392 3201 veniamus,Protasius
3420 3138 3480 3192 et
3497 3135 3708 3193 Gerva-
3748 3154 3753 3159 ‘

286 3221 375 3280 vel
416 3222 772 3278 stercoribus
802 3222 1124 3294 perturbat,
1158 3225 1223 3277 ut
1269 3238 1367 3278 eos
1416 3239 1651 3295 quoquo
1701 3226 1867 3295 pacto
1908 3239 1942 3278 a

289 3309 539 3386 spiritali
569 3327 741 3384 opere
770 3310 1094 3379 retrahens,
1127 3310 1331 3368 inanes
1363 3312 1596 3367 efﬁciat.

359 3404 443 3455 Tu
494 3403 691 3456 autem
744 3398 919 3455 homo
978 3399 1102 3465 Dei,
1144 3399 1412 3472 vigilanti
1460 3400 1654 3456 studio
1708 3399 1940 3455 attende

289 3506 417 3563 quae
448 3490 599 3556 dico,
631 3492 688 3545 et
715 3488 861 3545 mihi
893 3488 1086 3544 adhuc
1130 3489 1319 3561 magis
1359 3490 1650 3561 stupenda
1679 3489 1939 3546 narranti

288 3579 464 3635 fidem
495 3577 764 3651 praebeto.
799 3577 1118 3648 Cujusdam
1171 3577 1450 3634 relatione
1482 3595 1670 3652 nuper
1700 3577 1940 3652 cognovi

289 3668 445 3741 quod
476 3667 625 3724 dico.
658 3667 759 3722 Vir
809 3666 1047 3740 quidam
1099 3666 1405 3742 religiosus
1434 3672 1607 3741 atque
1645 3668 1705 3724 in
1735 3685 1938 3724 mona-

288 3757 433 3815 stico
463 3757 667 3814 habitu
700 3758 1074 3826 constitutus,
1110 3761 1307 3814 nostro
1351 3774 1509 3814 nunc
1558 3763 1821 3831 tempore
1843 3775 1942 3814 an-

284 3846 438 3922 tiqui
462 3846 648 3904 hostis
678 3846 767 3903 est
796 3846 1063 3903 inaudita
1090 3848 1412 3904 tentatione
1440 3847 1731 3921 pulsatus,
1764 3847 1846 3904 ita
1875 3852 1943 3904 ut

286 3936 442 3994 idem
471 3953 721 4011 magnus
744 3936 990 4009 spiritus
1010 3937 1493 3993 vestimentorum
1525 3938 1654 4011 ejus
1684 3936 1940 4010 particu-

286 4026 375 4083 las
404 4031 564 4083 extra
592 4025 760 4081 illum
793 4025 968 4082 etiam
1001 4025 1425 4098 incompositas
1478 4026 1787 4082 immunda
1824 4024 1939 4082 col-

286 4116 520 4173 luvione
550 4115 813 4171 crebrius
844 4114 1106 4171 foedaret.
1143 4116 1276 4180 Quae
1306 4114 1364 4169 in
1396 4119 1627 4170 tantum
1655 4119 1780 4172 erat
1809 4115 1942 4171 hor-

287 4207 489 4274 renda,
524 4204 703 4260 fetida
731 4208 786 4260 ct
817 4204 1008 4274 noxia,
1042 4208 1108 4257 ut
1135 4219 1271 4275 pars
1300 4204 1550 4259 vestium
1592 4222 1769 4277 quam
1813 4205 1941 4260 teti-

288 4296 488 4368 gisset,
522 4292 688 4358 nulli,
722 4293 997 4363 deinceps
1044 4296 1199 4348 esset
1246 4292 1379 4348 usui
1410 4297 1562 4365 apta,
1606 4310 1945 4366 quanquam

294 4383 508 4440 fuisset
555 4379 775 4437 abluta.
810 4381 889 4437 De
939 4397 1054 4453 quo
1096 4397 1229 4436 cum
1281 4381 1675 4455 interrogatus
1703 4383 1948 4440 fuissem

2049 3222 2175 3279 sius
2204 3223 2263 3278 in
2295 3220 2533 3295 propria
2560 3220 2669 3277 hac
2693 3219 3115 3280 Mediolanensi
3153 3222 3403 3292 civitate,
3436 3226 3702 3298 propria-

2049 3328 2162 3384 que
2193 3311 2365 3367 domo
2396 3313 2722 3378 manentes,
2753 3327 2818 3366 ac
2864 3327 2967 3383 per
3013 3312 3211 3368 decem
3263 3329 3449 3370 annos
3496 3330 3700 3371 mona-

2049 3401 2294 3458 chorum
2327 3399 2500 3456 vitam
2532 3404 2886 3468 exercentes,
2918 3400 3001 3458 ita.
3047 3401 3287 3473 perfecti
3327 3401 3593 3472 fuerunt,
3639 3407 3705 3459 ut

2050 3482 2334 3563 martyres
2363 3490 2586 3546 ﬁerent.
2617 3491 2704 3545 An
2732 3490 2877 3547 forte
2906 3494 3109 3547 nostra
3129 3490 3257 3549 sola
3285 3490 3586 3564 provincia
3613 3510 3707 3549 ex-

2050 3585 2141 3637 tra
2168 3580 2321 3636 hanc
2353 3578 2615 3653 regulam
2647 3579 2759 3635 erit
2784 3582 3043 3652 excepta,
3077 3584 3141 3635 ut
3171 3597 3288 3637 non
3321 3581 3397 3637 de
3424 3582 3703 3656 prapriis,

2050 3671 2151 3727 sed
2186 3672 2416 3725 tantum
2446 3668 2518 3724 de
2544 3669 2758 3724 exteris
2785 3668 2998 3724 habeat
3027 3669 3393 3726 monachos?

2120 3759 2517 3833 Satagendum
2550 3757 2739 3830 magis
2768 3761 2861 3814 est
2888 3761 2976 3825 ut,
3008 3757 3108 3813 ubi
3140 3759 3274 3831 quis
3313 3759 3509 3830 fuerit,
3536 3762 3710 3832 juxta

2050 3849 2438 3923 perfectorum
2469 3846 2734 3920 regulam
2763 3846 3063 3915 vivat,non
3094 3851 3552 3919 parentum,non
3582 3866 3711 3922 pro.

2050 3938 2430 4011 pinquorum,
2463 3953 2580 3992 non
2610 3935 2879 3991 afﬁnium
2912 3935 3205 3993 illecebris
3234 3953 3269 3992 a
3292 3938 3385 3994 via
3405 3937 3709 4009 perfectio-

2051 4028 2145 4084 nis
2181 4025 2453 4083 declinet.
2486 4026 2580 4081 Sic
2624 4027 2777 4082 certe
2808 4026 2979 4097 juxta
3007 4025 3326 4083 Salvatoris
3354 4028 3705 4085 sententiam

2053 4115 2507 4190 (Luc.x1v),patri
2535 4114 3486 4187 matrique,fratribus,sororibus,
3510 4119 3703 4174 uxori-

2052 4203 2899 4277 bus,filiis,domibus,agris,et
2917 4204 3144 4261 cunctis
3164 4220 3290 4278 quas
3311 4204 3595 4278 possidet,
3628 4224 3707 4263 re-

2055 4295 2328 4352 nuntiare
2357 4292 2593 4350 valebit.
2629 4294 2744 4350 Hoc
2774 4296 2969 4349 autem
2999 4293 3151 4362 dico,
3181 4311 3297 4351 non
3328 4312 3444 4368 quo
3476 4313 3704 4353 succes-

2055 4383 2345 4456 sores,qui
2363 4384 2434 4440 de
2446 4399 2623 4454 regno
2635 4383 2708 4440 ad
2723 4383 3069 4456 regnum,de
3090 4383 3326 4456 publico
3349 4385 3420 4441 ad
3444 4401 3705 4443 eremum

286 4489 394 4530 cur
424 4470 795 4561 omnipotens
826 4470 980 4561 Deus
1003 4468 1179 4525 talem
1210 4475 1442 4561 versuto
1467 4472 1723 4545 serpenti
1753 4478 1945 4545 potes-
1978 4494 2025 4561 Β
2054 4471 2850 4561 transeunt,.summa1aude
2878 4488 2995 4528 non
3025 4473 3277 4544 ducam;
3305 4474 3407 4530 sed
3434 4490 3551 4545 quo
3579 4474 3707 4532 illos

287 4566 470 4619 tatem
495 4560 555 4616 in
587 4576 720 4615 eum
752 4560 995 4629 dederit,
1030 4560 1305 4632 respondi
1345 4564 1411 4616 ut
1455 4562 1648 4619 cordis
1679 4562 1806 4634 ejus
1837 4563 1947 4620 im-

289 4650 647 4709 munditiam
699 4648 842 4706 ioris
892 4650 1224 4707 ostenderet
1276 4668 1288 4706 :
1343 4651 1497 4723 quod
1543 4668 1845 4724 nunquam
1884 4652 1945 4708 in

288 4741 560 4801 exteriori
609 4739 815 4797 habitu
866 4739 1119 4808 fecisset,
1158 4738 1267 4796 nisi
1320 4740 1655 4796 interiorem
1707 4741 1945 4799 omnino

291 4830 655 4905 corrupisset
682 4834 784 4887 aut
812 4828 1157 4886 infidelitate
1187 4833 1243 4886 et
1269 4829 1765 4902 blasphemia,aut
1794 4834 1946 4888 certe

288 4921 451 4979 inani
485 4924 541 4978 et
568 4938 718 4978 vana
744 4905 951 4993 gloria.
986 4919 1191 4977 Sanies
1221 4919 1437 4993 quippe
1484 4920 1644 4978 intus
1682 4920 1744 4976 in
1774 4921 1947 4978 corde

290 5013 447 5069 foras
478 5028 583 5085 per
608 5009 959 5067 vestimenta
987 5008 1324 5075 fluit.Quem
1355 5007 1494 5081 quia
1523 5009 1695 5083 longe
1717 5009 1946 5081 positus

292 5118 397 5175 ego
430 5100 670 5173 quidem
702 5116 820 5155 non
850 5097 991 5164 vidi,
1027 5098 1129 5154 sed
1161 5102 1359 5154 tamen
1393 5098 1480 5171 (ut
1522 5098 1793 5168 arbitror)
1821 5098 1946 5156 haec

290 5191 352 5247 in
384 5189 485 5246 illo
515 5206 646 5246 vere
677 5188 932 5262 praevidi.
970 5187 1130 5255 Quod
1165 5187 1213 5242 si
1246 5203 1361 5242 non
1408 5192 1497 5243 est
1544 5189 1642 5256 ita,
1678 5188 1945 5261 nunquid

292 5285 490 5337 tamen
540 5280 760 5336 factum
818 5282 1061 5352 putatur
1105 5276 1234 5333 sine
1292 5278 1507 5334 causa?
1536 5278 1636 5334 Est
1676 5282 1950 5350 praeterea

296 5368 710 5442 gestum,ut-in
742 5384 808 5424 eo
842 5366 1192 5422 munditiam
1226 5366 1417 5423 cordis
1447 5367 1678 5424 foeditas
1696 5366 1799 5423 illa
1827 5384 1951 5424 ser-

295 5460 555 5521 varet,ne
586 5456 738 5511 hanc
770 5455 1019 5513 callidus
1048 5454 1237 5512 hostis
1267 5456 1462 5512 inanis
1486 5456 1686 5529 gloriae
1718 5455 1952 5513 macula

298 5542 738 5612 fmdaret,sicuti
768 5544 1003 5611 Paulus,
1021 5560 1090 5599 ne
1121 5544 1192 5600 de
1218 5545 1621 5618 magnitudine
1649 5545 1948 5604 revelatio-

2056 4563 2256 4630 etiam,
2291 4560 2389 4635 qui
2423 4561 2614 4635 magis
2643 4560 2950 4618 affectibus
2981 4562 3233 4634 patriam
3255 4563 3513 4637 fugiunt,
3535 4582 3706 4637 quam

2055 4649 2583 4727 gressibus,felices
2603 4653 2779 4722 atque
2810 4650 3096 4722 perfectos
3118 4652 3709 4711 ostendam.0bsecro

2053 4742 2253 4816 itaque
2281 4740 2543 4814 illos,qui
2572 4740 2682 4796 hoc
2712 4740 2868 4813 apud
2900 4756 3007 4797 nos
3026 4740 3161 4797 fieri
3192 4759 3367 4814 posse
3394 4743 3703 4817 denegant,

2056 4836 2122 4888 ut
2147 4830 2414 4905 vigilanti
2445 4828 3060 4901 studioconsiderent,
3094 4848 3199 4891 cur
3244 4849 3362 4889 non
3407 4832 3557 4890 dixit
3604 4839 3704 4890 Do-

2056 4921 2292 4978 minus:
2317 4921 2499 4977 Nemo
2531 4919 2814 4993 propheta
2841 4921 3133 4992 perfectus
3163 4925 3253 4978 est
3282 4921 3342 4977 in
3392 4923 3585 4994 patria
3604 4940 3707 4980 sua
3740 4938 3745 4943 ·

2057 5012 2208 5084 (Luc.
2241 5009 2340 5083 1v),
2370 5010 2473 5066 sed
2501 5009 2583 5065 ibi
2614 5008 2755 5082 quid
2787 5007 2947 5065 aliud
2977 5008 3570 5083 intelligendumest,
3595 5014 3704 5069 nisi

2054 5102 2196 5173 quia
2211 5103 2517 5171 acceptum
2536 5096 2679 5154 dixit
2697 5113 3069 5171 nequaquam
3089 5103 3418 5172 receptum?
3428 5101 3706 5174 Quodque

2055 5192 2127 5247 de
2157 5188 2460 5262 prophetis
2489 5186 2748 5259 antiquis
2777 5191 2836 5244 et
2863 5187 3055 5261 seipse
3098 5187 3347 5263 intelligi
3376 5189 3578 5262 voluit,
3612 5191 3707 5263 qui

2056 5278 2213 5352 apud
2242 5276 2575 5334 incredulos
2610 5274 2845 5335 Judeos
2875 5293 2991 5334 non
3045 5278 3284 5335 fuerunt
3334 5279 3575 5352 accepti,
3610 5280 3705 5337 sed

2058 5368 2249 5441 magis
2278 5367 2478 5440 spreti,
2513 5366 2812 5438 Stephano
2842 5366 2915 5423 ad
2945 5382 3044 5424 eos
3076 5367 3302 5424 dicente
3334 5387 3347 5424 :
3380 5370 3563 5435 Quem
3587 5386 3707 5443 pro-

2057 5458 2369 5531 phetarum
2400 5474 2515 5513 non
2542 5458 2680 5512 sunt
2708 5457 2995 5527 persecuti
3028 5461 3224 5529 patres
3247 5457 3555 5531 vestri,qui
3573 5476 3706 5532 prle-

2059 5544 2416 5604 nuntiabant
2441 5547 2511 5605 de
2529 5544 2780 5602 adventu
2800 5544 2831 5601 J
2838 5545 2976 5616 usti,
3001 5547 3171 5619 cujus
3199 5563 3304 5603 vos
3333 5564 3491 5605 nunc
3521 5547 3703 5605 homi-
