3964 6206
364 418 482 477 5'79

1425 396 1489 455 S.
1535 391 1818 455 LEONIS
1862 389 1943 450 ῙΧ
1983 388 2211 449 PAPJE
2254 386 2682 450 OPUSCULA.

3649 379 3782 444 580

364 545 658 622 quomodo
690 554 828 597 avus
885 531 1082 590 comiti
1136 528 1425 585 Adelberti
1483 524 1807 581 coenobium
1836 520 2007 578 bonis
2034 523 2085 589 Α
2118 544 2145 571 ‹‹
2180 520 2397 593 potenti
2454 520 2570 576 Deo
2617 523 2674 575 et
2702 534 2879 574 sacra:
2927 515 3262 573 monasticae
3310 512 3579 587 religioni
3625 511 3773 569 olim

362 614 675 711 spoliasset
703 626 999 688 omnibus,
1030 618 1407 691 expulsisque
1453 614 1756 671 monachis
1787 627 2003 685 paucos

360 709 421 781 in
448 724 641 779 locum
672 716 912 773 clericos
942 709 1253 782 posuisset.

429 810 654 879 Quibus
707 801 956 876 cognitis
1004 802 1246 855 sanctus
1302 792 1513 867 prissul
1559 790 1865 879 ingemuit,
1901 788 2002 843 sed

358 877 552 959 cordis
582 895 675 953 sui
706 891 966 949 dolorem
998 880 1732 959 prudenterdissimulans,
1762 877 2004 934 ubinam

356 1005 570 1062 corpus
601 983 717 1041 divi
746 974 1285 1038 habereturAurelii
1301 974 1373 1027 ab
1394 972 1594 1027 eodem
1615 969 2007 1062 clerico-quae-

357 1054 509 1136 sivit.
543 1073 651 1138 Qui
682 1087 815 1126 cum
838 1068 1056 1123 diceret
1076 1080 1137 1118 se
1163 1080 1197 1117 a
1217 1059 1537 1132 majoribus
1558 1057 1684 1112 suis
1712 1054 2006 1110 audivisse

355 1182 554 1225 sacras
584 1164 644 1219 S.
663 1157 882 1216 Aurelii
910 1152 1188 1225 reliquias
1202 1156 1463 1221 tempore
1485 1141 2005 1219 quoNorthmanni

352 1256 729 1312 vastaverunt
759 1245 1008 1301 Galliam
1036 1258 1137 1313 per
1169 1239 1487 1311 quemdam
1521 1235 1790 1290 abbatem
1822 1232 2004 1302 hujus

357 1345 468 1402 loci
499 1342 610 1398 sub
643 1345 857 1393 terrain
892 1332 1072 1386 fuisse
1103 1327 1498 1389 absconditas,
1558 1327 1615 1379 et
1654 1337 1840 1393 usque
1869 1335 2002 1375 eum

353 1435 416 1490 in
448 1433 605 1488 diem
639 1423 968 1495 incognitas
1007 1418 1283 1474 omnibus
1318 1412 1729 1486 permansisse,
1763 1413 2005 1464 sanctus

355 1538 526 1594 papa,
566 1515 765 1573 accitis
813 1506 1113 1582 operariis,
1171 1509 1386 1558 terram
1419 1502 1477 1555 in
1535 1497 1779 1555 diversis
1818 1496 2003 1551 eccle-

356 1584 456 1666 sia;
504 1584 649 1662 locis
698 1603 890 1657 fodere
939 1594 1130 1668 coepit,
1184 1596 1241 1648 et
1285 1584 2001 1671 thesaurum‘abscondi-

355 1705 482 1754 tum
534 1694 844 1766 diligenter
893 1686 1226 1757 inquirere;
1279 1680 1381 1736 sed
1422 1681 1805 1766 posteaquam
1835 1690 2001 1730 casso

355 1788 553 1842 labore
596 1764 697 1837 diu
741 1777 1106 1835 lahorassent
1153 1769 1429 1835 artifices,
1478 1771 1534 1822 et
1577 1765 1723 1821 nihil
1766 1764 2021 1843 penitus.

356 1874 727 1947 reperissent,
760 1864 1060 1936 cmpcrunt
1088 1874 1292 1915 omnes
1324 1856 1426 1928 qui
1459 1855 1704 1910 aderant
1733 1853 1803 1908 de
1842 1852 1998 1906 inve-
2030 1893 2076 1957 Β

354 1964 569 2021 niendo
600 1973 837 2029 corpore
864 1952 1045 2008 sancti
1078 1950 1407 2019 desperare.

425 2053 589 2107 Tunc
629 2051 829 2102 sancto
880 2043 938 2096 in
985 2036 1352 2094 orationibus
1380 2032 1654 2106 pontifice
1685 2033 1995 2102 prostrato,

352 2144 600 2215 ipsoque
629 2135 969 2191 cohortante
1000 2126 1254 2183 artiﬁces
1286 2141 1356 2179 ne
1387 2124 1716 2193 desperent,
1750 2136 1904 2174 unus
1929 2134 1999 2173 ex

352 2209 471 2297 his,
502 2209 727 2283 caeteris
758 2223 817 2276 in
849 2224 971 2275 arte
994 2233 1101 2272 sua
1117 2213 1308 2285 magis
1330 2210 1573 2284 peritus,
1596 2209 1699 2281 qui
1725 2224 1912 2280 nuper
1929 2224 1999 2263 ex

352 2294 615 2375 dominio
665 2312 1018 2367 Venetorum
1063 2320 1198 2359 cum
1255 2300 1392 2355 filiis
1441 2299 1776 2364 adveniens,
1810 2294 1999 2351 multa

353 2408 492 2464 huic
521 2406 647 2460 loco
670 2401 794 2457 suis
815 2395 1116 2453 laboribus
1139 2389 1428 2462 impendit
1446 2388 1617 2454 bona,
1644 2385 1999 2441 industriose

353 2493 703 2569 perquirens
733 2485 970 2559 singula
996 2482 1142 2548 loca,
1174 2479 1413 2534 tandem
1460 2491 1528 2531 ex
1558 2466 1998 2547 repercussione

354 2565 700 2641 malleorum
730 2571 1110 2648 deprehendit
1147 2572 1362 2623 terram
1412 2565 1623 2621 subtus
1673 2579 1801 2619 esse
1833 2578 1999 2618 cava-

355 2679 476 2730 tam
500 2689 527 2740 ;ο
548 2670 620 2726 ad
652 2666 822 2737 cujus
853 2658 1162 2718 consilium
1192 2656 1251 2711 in
1274 2654 1475 2711 eodem
1498 2652 1623 2708 loco
1645 2652 1839 2707 fodere
1867 2651 2001 2706 arti-

356 2764 493 2817 ﬁces
520 2759 860 2830 cceperunt:
896 2748 996 2821 qui
1036 2748 1272 2803 tandem
1304 2760 1419 2799 non
1450 2742 1578 2798 sine
1608 2757 1823 2813 magna
1852 2739 1999 2794 diffi-

355 2851 570 2909 cultate
601 2829 782 2901 humo
815 2844 1057 2904 remota,
1091 2849 1383 2891 cameram
1423 2832 1864 2887 subterraneam
1904 2829 1999 2882 in-

353 2940 638 2997 venerunt
668 2930 911 3006 pulchre
943 2927 1086 2983 satis
1119 2924 1450 2989 formatam,
1472 2920 1532 2974 in
1557 2936 1674 2991 qua
1694 2917 2003 2988 sarcopha-

358 3045 470 3103 gus
500 3022 775 3098 apparuit
803 3018 1166 3103 extrinsecus
1195 3010 1511 3067 admodum
1538 3012 1736 3103 ornate
1759 3006 2003 3077 disposi-

361 3097 481 3175 tus.
518 3097 700 3178 Quem
733 3124 867 3165 cum
895 3102 1307 3162 sanctissimus
1329 3115 1480 3171 papa
1497 3097 1762 3163 vidisset,
1787 3110 2001 3166 magno

356 3204 613 3279 repletus
647 3197 861 3274 gaudio
895 3191 1166 3267 praecepit
1214 3195 1278 3244 ut
1325 3202 1529 3279 omnes
1578 3186 1647 3240 ad
1680 3184 2001 3279 orationem

2113 634 2139 659 ‹‹
2173 609 2641 683 progenitoribus
2671 607 2789 663 tuis
2821 606 2931 662 rite
2971 607 3255 671 dicatum,
3284 603 3491 660 multis
3528 619 3776 676 quoque

2118 722 2138 748 α
2175 699 2345 754 annis
2372 715 2407 753 ta
2438 702 2605 752 Petro
2636 696 2737 751 Dei
2769 695 2988 751 famulo
3016 692 3436 758 inhabitatum,
3469 708 3647 764 quem
3679 690 3771 746 tui

2113 810 2140 837 ‹‹
2177 790 2428 858 majores
2459 803 2599 841 avus
2630 785 2994 857 genitorque,
3017 785 3277 855 pessima
3299 786 3357 837 et
3377 780 3603 835 crudeli
3627 797 3771 837 ava-

2114 898 2141 924 ‹‹
2175 875 2311 930 ritis
2339 873 2519 943 ducti,
2555 874 2783 929 abbatis
2812 870 3287 944 possessionibus
3314 876 3373 925 et
3398 869 3572 924 bonis
3602 868 3774 925 deso—

2119 988 2141 1013 ι
2176 963 2361 1019 latum
2396 965 2685 1018 fecerunt:
2719 968 2776 1016 et
2803 961 2959 1033 quod
2991 960 3151 1015 omni
3180 959 3398 1015 scelere
3421 958 3773 1015 sceleratius

2114 1076 2140 1101 ‹‹
2175 1056 2285 1119 est,
2307 1051 2608 1106 monachis
2624 1049 2903 1121 expulsis,
2919 1048 3212 1104 ofﬁcinam
3230 1052 3570 1103 sanctarum
3583 1047 3771 1103 virtu-

2114 1164 2141 1190 ‹‹
2176 1147 2323 1208 tum,
2356 1139 2706 1195 introductis
2733 1138 3204 1193 dissolutissimze
3226 1137 3353 1191 vitae
3373 1134 3768 1192 saecularibus

2114 1253 2141 1279 ‹‹
2175 1228 2421 1300 clericis,
2454 1229 2513 1283 in
2544 1228 2810 1283 omnium
2832 1226 3174 1298 speluncam
3198 1226 3478 1281 vitiorum
3501 1241 3772 1281 commu-

2114 1323 2391 1373 «larunt.
2444 1318 2527 1372 Tu
2581 1331 2834 1388 quoque,
2886 1315 3079 1387 pravis
3133 1317 3423 1384 majorum
3468 1313 3766 1369 inhaerens

2113 1430 2141 1457 ‹‹
2174 1407 2458 1478 vestigiis,
2491 1405 2663 1461 sicuti
2686 1406 2926 1476 probato
2948 1420 3157 1460 sumus
3184 1402 3372 1458 edocti
3395 1402 3761 1471 testimonio,

2114 1519 2141 1545 ‹‹
2177 1512 2292 1551 non
2324 1494 2514 1550 solum
2547 1511 2615 1548 ea
2644 1511 2771 1565 quae
2803 1492 2885 1547 illi
2918 1492 3220 1562 sacrilegio
3252 1490 3460 1562 polluti
3493 1507 3529 1546 a
3566 1507 3761 1547 servo-

2112 1606 2139 1633 ‹‹
2176 1600 2306 1638 rum
2351 1583 2452 1637 Dei
2484 1582 2744 1638 coenobio
2777 1580 3166 1652 injustissime
3205 1578 3596 1648 abstulerunt,
3628 1581 3760 1635 sine

2114 1696 2141 1723 ‹‹
2177 1673 2271 1727 Dei
2302 1673 2507 1726 timore
2538 1670 2825 1741 possides,
2855 1670 2956 1725 sed
2989 1674 3101 1722 tua:
3132 1667 3347 1723 salutis
3380 1668 3616 1739 penitus
3645 1669 3762 1722 im-

2112 1785 2139 1810 ‹‹
2176 1777 2417 1829 memor,
2470 1768 2657 1814 totum
2706 1759 2862 1829 quod
2910 1756 2995 1811 illi
3043 1759 3330 1826 parcendo
3377 1756 3765 1827 reliquissent

2113 1873 2139 1899 ‹(
2175 1850 2484 1915 intactum,
2535 1848 2821 1919 rapuisti:
2860 1847 3177 1915 Deumque
3221 1849 3277 1900 et
3326 1844 3385 1901 S.
3426 1845 3759 1913 Aurelium,

2108 1962 2135 1988 ‹‹
2169 1938 2287 1993 imo
2357 1938 2509 1992 cives
2557 1952 2823 2007 superna:
2872 1935 3071 2006 patriae
3115 1934 3421 1989 universos
3469 1933 3758 1989 irritando

2109 2026 2269 2081 «tibi
2322 2025 2687 2080 adversarios
2742 2024 2952 2079 fecisti.
3021 2023 3219 2093 Neque
3283 2021 3434 2077 enim
3502 2037 3749 2093 parvum

2106 2138 2133 2165 ‹‹
2170 2121 2472 2187 peccatum
2516 2112 2930 2168 aestimandum
2996 2116 3090 2167 est
3136 2111 3293 2182 quod
3341 2111 3396 2164 in
3456 2116 3639 2165 Deum
3686 2113 3750 2165 et

2110 2223 2138 2253 «
2171 2207 2405 2258 sanctos
2436 2202 2563 2271 ejus
2594 2199 3001 2266 committitur,
3034 2215 3169 2253 cum
3201 2197 3351 2270 apud
3381 2198 3541 2270 ipsos
3561 2198 3753 2253 etiam

2107 2314 2133 2340 ‹‹
2168 2291 2438 2346 homines
2467 2291 2689 2361 injuste
2717 2305 2915 2344 rerum
2938 2287 3112 2343 alieni
3119 2288 3275 2358 juris
3297 2287 3599 2359 usurpatio
3631 2303 3756 2343 sce-

2108 2403 2135 2430 ‹‹
2170 2379 2264 2435 lus
2329 2379 2744 2452 gravissimum
2796 2378 3112 2448 judicetur.
3164 2377 3310 2431 Ecce
3354 2381 3418 2431 tu
3466 2392 3587 2432 una
3613 2392 3751 2432 cum

2107 2492 2134 2519 ‹‹
2170 2467 2640 2541 progenitoribus
2663 2468 2780 2522 tuis
2814 2476 3046 2538 pactum
3080 2465 3328 2530 violasti,
3372 2464 3750 2537 primumque

2112 2580 2140 2609 «
2171 2563 2407 2613 tuorum
2433 2558 2764 2628 corrupisti,
2788 2574 2907 2610 imo
2928 2553 3271 2609 anuihitasti
3290 2561 3562 2609 sanctum
3578 2556 3754 2609 testa-

2108 2670 2135 2697 ‹‹
2172 2651 2458 2709 mentum.
2492 2650 2549 2700 et
2575 2662 2701 2717 quae
2731 2643 2816 2699 illi
2845 2643 3229 2714 omnipotenti
3260 2643 3377 2697 Deo
3399 2641 3654 2714 simplici
3684 2658 3754 2698 ac

2114 2760 2139 2785 α
2172 2740 2375 2791 sancta
2403 2735 2705 2789 devotione
2736 2749 2837 2805 pro
2868 2732 3200 2788 animarum
3225 2731 3482 2787 remedio
3512 2747 3759 2787 suarum

2111 2848 2137 2873 ‹‹
2175 2824 2534 2888 obtulerunt,
2568 2829 2629 2876 tu
2657 2822 2846 2876 Deum
2877 2824 2933 2876 et
2962 2824 3196 2875 sanctos
3225 2820 3375 2891 ejus,
3409 2819 3592 2892 impia
3624 2836 3759 2876 cru-

2112 2934 2139 2961 (ι
2177 2910 2414 2967 delitate
2436 2918 2491 2966 et
2508 2909 2727 2965 crudeli
2753 2909 2994 2964 avaritia
3009 2924 3352 2972 succensus,
3376 2908 3630 2979 spoliare
3646 2924 3762 2964 non

2111 3024 2140 3051 «
2174 3000 2449 3068 timuisti,
2480 3000 2668 3055 factus
2692 2999 2966 3054 inimicus
2984 3001 3042 3054 et
3063 2997 3432 3054 adversarius
3449 3014 3567 3054 non
3591 2997 3766 3054 modo

2110 3113 2137 3140 ‹‹
2171 3090 2267 3145 Dei
2303 3094 2359 3145 et
2390 3092 2727 3144 sanctorum
2763 3089 2910 3160 ejus,
2942 3088 3044 3143 sed
3076 3091 3134 3143 et
3161 3087 3395 3142 tibimet
3444 3086 3558 3159 ipsi
3588 3102 3766 3160 gene-

2114 3203 2141 3231 ‹‹
2175 3182 2341 3251 rique
2371 3184 2469 3234 tuo
2501 3178 2688 3234 hostis
2721 3176 3071 3244 declaratus,
3104 3179 3162 3231 et
3190 3175 3444 3232 crudelis
3489 3176 3762 3245 antistes,

354 3258 549 3369 genus
578 3258 914 3351 ﬂecterent;
931 3287 987 3338 et
1016 3258 1197 3337 Deum
1231 3294 1335 3350 pro
1382 3272 1732 3331 confessoris
1781 3271 1871 3327 sui
1902 3272 2002 3326 de-
2035 3258 2076 3323 C
2116 3292 2142 3319 «
2178 3269 2366 3339 ipsam
2409 3267 2786 3340 propaginem
2831 3282 2902 3322 ex
2948 3270 3049 3321 tuo
3098 3265 3322 3321 semine
3359 3266 3760 3338 generandam

355 3361 607 3441 siderata
627 3375 962 3434 inventione
985 3368 1403 3426 collaudarent.
1425 3362 1695 3420 Oratione
1716 3361 2004 3432 completa

356 3475 600 3530 sanctus
658 3468 771 3523 Leo
807 3460 1049 3537 propius
1089 3456 1394 3523 accedens,
1441 3452 1626 3524 jussit
1659 3449 1881 3523 aperire
1911 3465 2001 3504 se-

358 3561 625 3635 pulcrum
650 3574 667 3611 :
699 3569 815 3627 quo
846 3548 1095 3614 recluso,
1120 3543 1510 3601 suavissimus
1532 3541 1673 3595 odor
1693 3537 1999 3605 exhalavit,

357 3627 459 3723 qui
491 3662 695 3705 omnes
728 3641 829 3715 qui
861 3639 1105 3695 aderant
1127 3633 1276 3689 mira
1298 3630 1580 3687 suavitate
1601 3628 1692 3684 sui
1718 3627 1997 3682 reticeret.

358 3714 710 3795 invenerunt
736 3714 933 3802 itaque
984 3721 1345 3782 sanctissimi
1403 3717 1759 3775 contessoris
1788 3714 2002 3770 Christi

354 3826 572 3885 Aurelii
603 3819 1004 3880 sacratissima
1041 3830 1177 3870 ossa
1205 3809 1432 3867 cericiis
1463 3806 1724 3863 involuta
1770 3807 2004 3877 pannis,

358 3918 600 3991 pulchre
623 3914 682 3969 in
702 3913 952 3967 formam
976 3902 1236 3976 corporis
1258 3900 1454 3956 debito
1474 3896 1756 3991 collocata
1779 3893 2002 3991 ordine,

357 3983 415 4063 et
444 4008 515 4062 ad
547 4004 722 4075 caput
745 4001 873 4071 ejus
904 3993 1166 4051 tabulam
1197 4008 1266 4046 ex
1294 3988 1537 4062 plumbo
1566 3985 1680 4041 ista
1711 3983 2007 4039 continen-

356 4101 506 4152 tem:

752 4189 979 4232 CORPUS
1009 4188 1059 4227 8.
1092 4183 1327 4225 AURELII
1357 4181 1614 4220 EPISCOPI

596 4280 865 4324 TEMPORE
901 4274 1196 4317 ARNULPHI
1236 4271 1401 4310 REGIS
1439 4269 1762 4309 REPOSITUM

890 4362 1230 4405 HERDERADO
1267 4360 1483 4398 ABBATE

711 4457 923 4498 OCTAVO
965 4451 1254 4492 KALENDAS
1291 4449 1589 4488 SEPTEMBR
1598 4448 1668 4486 IS.

361 4543 506 4595 Cum
537 4537 778 4591 sanctus
807 4545 959 4603 papa
988 4527 1145 4582 hunc
1192 4520 1431 4579 titulum
1483 4537 1673 4576 coram
1733 4518 2009 4574 omnibus

360 4627 625 4701 legisset,
676 4616 984 4694 ingemuit,
1030 4616 1273 4670 dicens:
1324 4634 1351 4660 «
1402 4609 1494 4663 Va:
1543 4611 1658 4663 iliis
1686 4609 1783 4679 qui
1813 4608 2007 4663 locum
2043 4633 2089 4697 Ι)

363 4697 509 4774 tanti
534 4710 800 4787 praesulis
820 4706 1246 4765 sanctificatum
1270 4699 1494 4755 meritis
1515 4702 1571 4752 et
1592 4697 1897 4768 praesentia
1921 4699 2013 4753 de-

363 4784 650 4871 solarunt,
683 4805 741 4856 et
770 4798 970 4855 clauso
1002 4791 1386 4865 sarcophago,
1421 4804 1491 4842 ne
1524 4785 1785 4857 reliquiae
1825 4784 2014 4840 sancti

362 4894 569 4971 quovis
586 4893 759 4948 modo
773 4885 1286 4945 subtraherentur,
1305 4893 1437 4933 cum
1463 4874 1588 4931 suis
1609 4875 1680 4928 ad
1701 4873 2012 4929 castellum

361 4966 596 5044 comitis
612 4987 702 5038 est
716 4992 1004 5035 reversus.
1027 4995 1054 5022 ››
1078 4972 1314 5026 Postera
1330 4966 1442 5031 die,
1461 4981 1594 5019 cum
1612 4970 1852 5018 sanctus
1866 4978 2015 5034 papa

364 5078 476 5134 Leo
500 5081 736 5144 tempus
767 5067 1008 5123 vidiSset
1039 5057 1347 5116 intentioni
1382 5074 1498 5109 suae
1531 5054 1888 5124 complenda:
1911 5070 2014 5123 op-

363 5141 710 5236 portunum,
741 5155 959 5212 vocatis
991 5149 1205 5207 comite
1236 5165 1384 5219 saape
1418 5145 1569 5199 dicto
1614 5141 1920 5236 Adelbcrto
1959 5143 2016 5196 et

361 5231 658 5309 Wiltrude
692 5262 866 5304 uxore
896 5246 1046 5316 ejus,
1081 5237 1458 5295 devotissima
1491 5233 1727 5300 femina,
1774 5231 1832 5286 in
1864 5247 2009 5302 pras-

363 5343 553 5409 sentia
577 5354 818 5396 suorum
847 5330 1260 5396 cardinalium,
1291 5323 1515 5382 caeteris
1562 5320 1835 5388 exclusis,
1867 5319 2013 5374 dixit
2040 5358 2049 5369 .

363 5435 435 5490 ad
468 5436 738 5503 nepotem
769 5445 782 5484 :

436 5546 464 5574 ‹‹
500 5521 784 5577 Hesterno
811 5516 1067 5571 vidimus
1096 5510 1212 5577 die,
1245 5507 1417 5563 chare
1437 5519 1638 5576 nepos,
1659 5515 1857 5556 sacras
1880 5514 2015 5553 con-

366 5631 393 5660 ι(
433 5608 675 5667 t'essoris
703 5604 917 5662 Christi
947 5599 1225 5673 reliquias
1256 5596 1475 5651 honore
1496 5591 1690 5648 debito
1712 5587 2014 5661 spoliatas,

373 5719 403 5751 ιι
430 5698 745 5774 ipsumque
774 5692 967 5752 locum
997 5707 1101 5767 pro
1131 5702 1329 5746 amore
1349 5682 1598 5745 coelestia
1618 5679 1817 5760 patriae
1835 5678 2019 5738 omni-

2113 3383 2136 3406 ‹‹
2177 3357 2522 3430 gravissimo
2554 3354 2770 3411 scelere
2797 3354 3118 3422 innodasti,
3147 3371 3277 3426 quae
3298 3352 3565 3426 quandiu
3587 3353 3765 3409 sacri-

2115 3471 2141 3498 ‹‹
2176 3446 2305 3519 lega
2333 3445 2668 3501 haereditate
2697 3444 2874 3500 etiam
2906 3444 3177 3500 nesciens
3204 3442 3508 3517 polluitur,
3550 3446 3656 3499 aut
3700 3443 3763 3499 in

2116 3560 2144 3586 «ι
2176 3535 2381 3608 paucis
2411 3533 2886 3607 generationibus
2936 3533 3212 3589 deficiens
3251 3531 3764 3600 exterminabitur,

2114 3650 2139 3676 ‹‹
2176 3630 2276 3680 aut
2289 3626 2344 3679 in
2361 3624 2469 3680 hac
2484 3623 2603 3679 vita
2616 3621 2967 3678 miserabilis
2979 3623 3203 3692 evadet,
3221 3621 3450 3677 {sternis
3464 3627 3598 3694 post
3608 3638 3766 3678 mor-

2115 3738 2141 3763 ‹‹
2178 3721 2294 3770 tcm
2327 3712 2631 3785 suppliciis
2661 3729 2765 3784 pro
2794 3710 3097 3768 demeritis
3126 3711 3463 3767 crucianda.
3498 3711 3632 3767 Tibi
3660 3728 3767 3767 au-

2117 3832 2139 3853 (ι
2180 3811 2290 3859 tem
2329 3820 2453 3875 quae
2478 3818 2612 3874 spes
2642 3806 2867 3857 aeternae
2898 3801 3188 3857 felicitatis
3210 3802 3629 3872 consequenda
3665 3817 3769 3873 po-

2117 3918 2144 3944 u
2183 3892 2323 3948 terit
2347 3907 2497 3958 esse,
2548 3908 2581 3946 o
2609 3890 2692 3944 tili
2738 3888 2840 3958 mi,
2891 3906 3026 3945 cum
3077 3907 3180 3962 per
3227 3894 3348 3944 tam
3383 3889 3767 3945 manifestum

2118 4006 2144 4032 α
2181 3980 2371 4037 scelus
2412 3987 2470 4036 et
2512 3978 2887 4051 sacrilegium
2918 3984 3101 4034 Deum
3133 3978 3599 4050 omnipotentem
3631 3994 3768 4033 cum

2120 4096 2148 4123 ‹‹
2180 4069 2455 4126 omnibus
2484 4068 2704 4124 sanctis
2734 4067 2860 4123 suis
2891 4067 3202 4123 inimicum
3232 4066 3338 4122 tibi
3368 4066 3601 4132 feceris,
3633 4066 3770 4124 hos.

2122 4182 2149 4211 ‹‹
2180 4166 2416 4231 temque
2446 4162 2504 4214 et
2533 4157 2937 4214 adversarium
2955 4156 2984 4211 ‘I
3014 4155 3409 4228 periculosum
3436 4161 3529 4212 est
3546 4156 3657 4211 tibi
3680 4172 3775 4228 pe-

2123 4273 2152 4301 «
2184 4249 2462 4320 nitusque
2490 4245 2844 4313 damnabile,
2888 4247 3056 4301 crede
3104 4246 3295 4313 nobis,
3338 4245 3524 4301 Deum
3554 4245 3774 4301 habere

2123 4362 2151 4390 ι(
2185 4337 2568 4405 contrarium,
2602 4336 2725 4409 qui,
2757 4335 2867 4392 etsi
2898 4336 3189 4408 patienter
3218 4334 3467 4405 injurias
3506 4334 3778 4390 videatur

2125 4451 2153 4479 «
2181 4428 2328 4484 ferre
2358 4442 2497 4482 suas
2522 4426 2584 4481 in
2613 4425 2722 4481 hoc
2754 4423 3249 4496 tempore,vindex
3277 4439 3409 4478 cum
3442 4424 3522 4478 sit
3542 4425 3778 4495 justus-

2127 4543 2148 4568 ι
2183 4535 2296 4590 que
2319 4517 2520 4587 judex,
2550 4513 2782 4571 internis
2805 4514 2958 4569 hanc
2996 4512 3339 4586 patientiam
3361 4515 3494 4584 post
3524 4518 3777 4568 mortem

2125 4630 2152 4658 ‹‹
2192 4604 2520 4678 suppliciis,
2554 4620 2670 4659 non
2701 4604 2956 4668 dubites,
2987 4601 3323 4658 vindicabit.

2195 4718 2223 4745 ‹‹
2255 4696 2372 4750 Nos
2401 4711 2554 4761 vero,
2589 4693 2806 4766 quibus
2836 4708 2977 4747 cura
3024 4690 3235 4748 salutis
3266 4696 3378 4746 tua:
3411 4695 3777 4763 tuorumque

2124 4808 2151 4835 ‹‹
2186 4789 2294 4851 est,
2328 4801 2444 4840 non
2477 4783 2649 4839 modo
2680 4782 2904 4837 ratione
2932 4778 3245 4851 pastoralis
3291 4778 3599 4846 culminis,
3632 4797 3772 4852 qua,

2123 4897 2150 4923 ‹‹
2185 4874 2319 4929 licet
2348 4870 2651 4941 immeriti,
2702 4870 2877 4925 saluti
2925 4869 3187 4924 omnium
3239 4885 3450 4924 sumus
3479 4870 3776 4925 debitores

2123 4987 2149 5013 ‹‹
2184 4980 2254 5018 ex
2282 4961 2494 5029 officio,
2524 4977 2726 5021 verum
2757 4962 2931 5014 etiam
2962 4976 3031 5013 ex
3060 4957 3368 5028 sanguinis
3397 4959 3773 5029 cogitatione,

2124 5076 2150 5103 ‹‹
2187 5068 2304 5123 qua
2354 5052 2524 5106 nobis
2573 5066 2769 5104 sorore
2816 5052 2991 5104 natus
3038 5045 3243 5100 intime
3292 5049 3671 5116 coujunctus,
3719 5052 3776 5101 te

2129 5165 2152 5194 ι
2186 5148 2435 5211 tuosque
2449 5139 2635 5211 perire
2649 5154 2765 5193 non
2782 5134 3143 5208 patiemurin
3158 5143 3331 5190 satern
3342 5152 3439 5190 um
3451 5180 3466 5200 ,
3482 5142 3774 5207 quantum

2122 5254 2150 5282 «
2184 5232 2245 5285 in
2279 5228 2447 5285 nobis
2475 5232 2587 5283 est.
2621 5227 2782 5282 Unde
2812 5224 3160 5281 auctoritate
3207 5225 3634 5296 omnipotentis
3676 5225 3777 5281 Dei

2121 5345 2150 5373 ‹‹
2184 5327 2242 5376 et
2300 5319 2605 5374 beatorum
2655 5314 3055 5388 apostolorum
3113 5313 3245 5385 ejus
3285 5314 3443 5369 Petri
3492 5320 3552 5370 et
3593 5314 3777 5381 Pauli,

2124 5434 2152 5463 ‹‹
2186 5424 2437 5482 quorum
2466 5405 2728 5480 gerimus
2753 5404 2907 5461 vices
2936 5404 2997 5459 in
3039 5404 3234 5471 terris,
3275 5407 3333 5459 te
3381 5419 3697 5461 monemus
3725 5408 3784 5459 et

2125 5523 2155 5552 ‹‹
2186 5496 2563 5569 requirimus,
2595 5498 2772 5568 atque
2801 5493 2914 5550 sub
2943 5498 3169 5548 aeternae
3188 5492 3587 5549 damnationis
3608 5492 3784 5549 inter-

2125 5611 2153 5640 «
2188 5585 2532 5657 minatiaue,
2571 5599 2790 5659 perque
2851 5580 3186 5639 districtum
3235 5581 3337 5638 Dei
3379 5580 3675 5654 judicium
3724 5586 3783 5640 te

2126 5678 2587 5737 «contestamur
2627 5690 2694 5734 ao
2744 5672 2857 5732 sub
2909 5670 3280 5735 anathemate
3311 5669 3579 5731 districts
3625 5687 3781 5749 pra-
