3964 6206
141 418 251 483 581

1462 418 1775 483 ΝΟἸἾΤΙΑ
1828 418 2250 483 BRUNONIS.

3443 427 3560 488 582

148 573 173 605 ι
208 552 490 625 cipientes
537 549 646 607 tibi
694 549 1068 615 mandamus,
1122 555 1412 623 quatenus
1459 553 1797 623 praedictum

1978 553 2375 611 dignationem
2425 554 2850 627 omnipotentis
2910 555 3034 619 Dei,
3102 560 3562 631 sanctorumque

149 662 182 693 (ι
209 641 425 710 locum,
458 639 689 697 clericis
719 638 999 712 expulsis,
1031 654 1178 711 quos
1205 639 1550 696 auctoritate
1570 644 1798 713 aposto-

150 752 180 781 ‹‹
212 729 329 785 lica
349 728 508 785 omni
550 727 836 784 beneﬁcio
885 730 941 781 et
988 727 1306 783 residentis
1350 728 1407 782 in
1455 729 1660 784 eadem
1690 728 1801 784 hac

146 838 174 867 ‹‹
204 817 350 873 hora
376 816 751 873 decernimus
780 816 1056 888 privatos,
1094 816 1154 870 in
1207 816 1526 888 pristinum
1578 820 1797 872 statum

144 928 174 957 ‹‹
201 906 483 962 reducere
512 921 704 972 cures,
740 903 1178 976 monachosque
1207 908 1265 961 et
1294 905 1563 961 abbatem
1596 922 1801 961 secun-

150 1019 171 1042 ι
205 995 347 1050 dum
364 993 627 1066 regulam
643 991 759 1048 divi
773 992 962 1048 Patris
975 992 1265 1048 Benedicti
1276 993 1549 1065 ,quemad
1558 994 1731 1048 modu
1743 1008 1799 1048 m

152 1103 180 1137 ι
211 1101 246 1139 a
292 1081 581 1155 principio
644 1081 725 1136 ibi
793 1080 978 1136 fuisse
1020 1085 1448 1145 memorantur.
1498 1081 1796 1148 instituas,

155 1194 183 1222 ιι
217 1172 423 1243 eisque
452 1170 649 1227 omnia
676 1173 736 1226 et
767 1169 1000 1242 singula
1046 1186 1150 1242 per
1192 1174 1326 1227 tuos
1376 1171 1797 1242 progenitores,

150 1282 181 1308 «
215 1256 394 1330 teque
434 1258 519 1314 vel
568 1258 713 1314 alios
762 1274 1168 1330 quoscumque
1215 1257 1410 1314 ablata
1458 1260 1586 1315 sine
1635 1272 1802 1314 mora

151 1371 180 1398 ‹‹
215 1347 518 1415 restituas,
551 1351 608 1403 et
637 1347 687 1403 si
720 1347 863 1419 quid
895 1346 1152 1419 amplius
1185 1348 1257 1403 ad
1290 1347 1413 1403 hac
1444 1346 1801 1419 perﬁcienda

152 1459 181 1486 α
208 1436 528 1508 requiritur
573 1434 989 1502 necessarium,
1034 1435 1106 1491 de
1148 1439 1252 1491 tua
1295 1436 1627 1492 substantia
1659 1436 1798 1491 ﬁde-

154 1547 181 1576 ‹‹
212 1524 347 1581 liter
372 1528 431 1581 et
460 1525 589 1580 sine
620 1522 743 1580 ulla
772 1523 1232 1581 contradictione
1268 1541 1372 1595 pro
1414 1528 1640 1580 aeternae
1668 1524 1798 1579 vita;

152 1635 181 1662 «
212 1630 411 1670 amore
429 1611 698 1686 legaliter
724 1612 1053 1685 impendas.
1086 1613 1211 1669 Haec
1242 1614 1321 1668 ibi
1371 1619 1588 1686 quanto
1628 1614 1802 1669 citius

156 1725 184 1753 ‹‹
217 1702 570 1774 perﬁcienda
599 1718 718 1758 una
761 1718 896 1757 cum
944 1703 1191 1774 conjuge
1239 1709 1342 1757 tua
1392 1703 1560 1758 nobis
1588 1704 1803 1758 dilecta

154 1814 184 1841 ‹‹
218 1792 795 1863 censummandaque
836 1790 1182 1847 auctoritate
1232 1791 1650 1863 omnipotentis
1682 1791 1801 1857 Dei,

158 1902 186 1931 ‹‹
221 1880 283 1935 in
306 1880 705 1936 remissionem
728 1885 965 1936 tuorum
989 1884 1359 1952 peccatorum
1381 1881 1531 1936 serio
1551 1879 1805 1953 injungi-

155 1990 186 2018 «
219 1984 376 2025 mus.
412 1971 546 2035 Quae
573 1969 621 2024 si
655 1968 831 2039 (quod
872 1968 1046 2039 absit)
1078 1967 1402 2041 neglexeris
1436 1972 1802 2024 nostrorum-

162 2078 189 2108 «
219 2073 333 2131 que
355 2057 770 2114 mandatorum
801 2062 1167 2129 contemptor
1192 2057 1464 2114 inventus
1485 2058 1689 2124 fueris,
1714 2058 1802 2113 in-

1914 663 1941 691 ‹‹
1975 641 2125 695 Petri
2157 647 2213 695 et
2242 642 2399 697 Pauli
2434 642 2856 714 apostolorum,
2880 648 2935 700 et
2955 646 3217 701 omnium
3242 645 3558 704 electorum

1910 752 1937 779 α
1971 730 2182 784 Christi
2207 731 2435 786 noveris
2461 732 2787 792 incursum.
2811 736 2983 805 teque
3023 735 3133 789 sub
3169 735 3562 793 anathematis

1909 840 1938 866 α
1970 817 2202 873 vinculo
2234 819 2577 875 auctoritate
2612 820 2931 891 apostolica
2953 824 3357 889 constrictum,
3383 824 3563 879 divini

1908 928 1938 955 «
1971 907 2257 962 examinis
2280 908 2507 977 judicio
2527 909 2645 964 fore
2668 910 3042 975 obonoxium,
3073 912 3440 982 gravissimis
3461 927 3562 984 ge.

1909 1018 1938 1046 ‹‹
1973 995 2180 1050 bonum
2208 997 2519 1053 tormentis
2551 1014 2683 1052 cum
2718 998 2919 1070 impiis
2968 1000 3094 1054 sine
3144 1002 3258 1056 ﬁne
3310 1000 3561 1074 punien-

1910 1106 1938 1135 ‹‹
1974 1084 2141 1139 dum.
2177 1106 2204 1134 n

1980 1173 2094 1227 Hac
2124 1173 2416 1244 pontiﬁcis
2471 1174 2731 1228 oratione
2782 1182 3195 1247 compunctus,
3244 1179 3317 1234 ad
3362 1193 3557 1251 genua

1908 1261 2037 1331 ejus
2086 1278 2281 1317 comes
2330 1262 2597 1333 procidit,
2632 1280 2813 1335 seque
2845 1281 3114 1336 peccasse
3144 1267 3398 1339 graviter
3425 1283 3562 1324 cum

1908 1349 2182 1423 lacrymis
2213 1349 2442 1423 publice
2482 1352 2806 1417 confessus,
2853 1354 3053 1409 omnia
3100 1370 3229 1427 qum
3252 1356 3564 1427 juberetur

1911 1439 2195 1494 facturum
2231 1456 2332 1511 pro
2372 1440 2597 1495 viribus
2644 1441 2951 1513 promittit,
3002 1443 3232 1498 veniam
3284 1445 3562 1501 commis-

1909 1544 2109 1583 eorum
2157 1527 2702 1601 absolutionemque
2737 1529 3041 1601 postulans
3074 1548 3109 1587 a
3154 1531 3431 1604 pontiﬁce
3459 1548 3563 1589 au-

1912 1616 2091 1671 divit:

1984 1728 2010 1753 ‹‹
2046 1706 2103 1760 Si
2136 1706 2444 1776 perfeceris
2484 1723 2571 1773 ea,
2624 1724 2751 1778 qum
2801 1708 3279 1781 praecipientibus
3308 1709 3479 1768 nobis
3507 1712 3568 1767 te

1915 1817 1941 1842 ‹‹
1978 1793 2267 1848 facturum
2295 1795 2607 1866 promittis,
2642 1795 2873 1851 veniam
2906 1797 3011 1851 tibi
3044 1814 3161 1852 non
3210 1797 3404 1854 solum
3426 1814 3566 1855 con-

1918 1903 1945 1931 «
1978 1882 2295 1937 missorum
2346 1899 2481 1937 curn
2550 1883 2915 1939 absolutione
2978 1885 3414 1957 impendemus,
3463 1886 3567 1943 sed

1921 1990 1941 2016 ι
1976 1970 2151 2025 etiam
2205 1971 2442 2042 pramia
2501 1971 2791 2027 fclicitatis
2842 1977 3067 2027 internae
3116 1974 3468 2031 multimoda
3505 1974 3567 2030 in

1916 2082 1943 2109 ‹‹
1978 2062 2120 2115 coelo
2152 2059 2258 2115 tibi
2288 2060 2545 2132 reposita
2583 2063 3069 2133 rapx-omittimus.
3106 2083 3135 2112 »

1302 2356 1768 2444 ΝΟΤΙΤΙᾹ
1827 2358 1886 2441 Β
1905 2356 2419 2444 RUNONIS

891 2533 1209 2591 EPISCOPI
1247 2531 1669 2601 TULLENSIS,
1709 2532 2149 2590 POSTMODUM
2192 2534 2447 2591 LEONIS
2488 2534 2560 2590 ΙΧ
2599 2535 2818 2602 ΡΑΡιἘ,

1288 2677 1379 2739 De
1406 2678 1834 2739 instauratione
1859 2677 2115 2739 εωηοὺἰί
2141 2677 2214 2739 S.
2249 2678 2421 2759 Apri.

1520 2828 1721 2909 (Circa
1749 2847 1984 2890 annum
2022 2828 2230 2909 1030.)

801 2980 988 3051 (Apud
1020 2978 1241 3034 Mabill.
1274 2979 1349 3034 De
1378 2995 1437 3034 re
1458 2979 1833 3051 diplomatica.
1868 2978 1971 3033 lib.
2004 2996 2081 3045 v1,
2116 2996 2249 3052 pag.
2282 2979 2407 3047 602,
2437 2996 2506 3035 ex
2535 2980 2949 3053 autographo.)

218 3214 277 3270 In
309 3212 562 3271 nomine
608 3215 826 3265 sanctae
874 3216 930 3266 et
975 3210 1289 3267 individua;
1337 3211 1665 3277 Trinitatis,
1693 3215 1803 3266 Pa-
1836 3213 1878 3278 C
1915 3211 2136 3282 pinare.
2172 3209 2334 3266 Unde
2382 3211 2628 3284 contigit
2657 3217 2724 3267 ut
2771 3212 2969 3284 plures
3001 3231 3202 3271 eorum
3245 3227 3571 3288 quaerentes

153 3304 275 3370 tris,
303 3308 360 3359 et
388 3301 534 3369 ﬁlii,
566 3306 625 3356 et
659 3300 913 3372 Spiritus
964 3301 1173 3366 sancti,
1219 3316 1326 3372 ego
1374 3304 1588 3367 Bruno,
1621 3300 1810 3373 gratia

153 3391 247 3447 Dei
279 3391 661 3447 Leuchorum
698 3387 927 3461 praesul,
973 3387 1125 3469 clero
1170 3393 1225 3444 et
1275 3388 1487 3461 populo
1515 3389 1807 3461 praesenti,

156 3485 321 3553 atque
348 3479 653 3537 universis
686 3479 862 3549 hujus
882 3478 1136 3535 ecclesia:
1158 3477 1316 3546 ﬁliis,
1338 3481 1457 3533 tam
1478 3478 1808 3533 viventibus

157 3585 327 3641 quam
358 3574 416 3626 et
446 3567 833 3623 successuris.

218 3659 417 3714 Scitur
436 3674 478 3713 ει
495 3656 1298 3730 pluribusquali‘ertemporc
1315 3656 1514 3711 domni
1535 3655 1782 3712 Bertoldi
1796 3699 1809 3723 ,

156 3745 341 3817 hujus
371 3746 541 3803 sedis
570 3744 879 3816 pontiﬁcis.
916 3762 1017 3817 per
1047 3746 1329 3799 domuum
1359 3745 1629 3800 abbatem
1666 3742 1810 3797 Wil-

157 3833 426 3902 lelmum,
461 3832 656 3888 locum
686 3833 875 3888 Sancti
915 3834 1050 3906 Apri
1082 3834 1243 3890 omni
1267 3833 1544 3906 religione
1567 3832 1813 3889 destitu-

157 3929 279 3979 tum
315 3924 475 3981 Deus
509 3922 864 3989 visitaverat,
897 3939 1071 3995 quem
1104 3923 1198 3977 vix
1239 3922 1488 3978 evictum
1542 3922 1814 3994 precibus

159 4011 307 4069 idem
339 4011 565 4085 praesul
598 4009 905 4067 Bertoldus
937 4010 1178 4068 adduxit
1204 4010 1607 4083 aBurgundiaa
1637 4010 1812 4083 parti-

162 4100 286 4168 bus,
317 4103 493 4174 eique
539 4100 755 4155 ibidem
805 4099 1152 4173 regulariter
1205 4098 1462 4173 praefecit
1508 4099 1809 4154 fratribus.

160 4191 259 4245 Sed
292 4190 434 4264 quia
485 4188 610 4245 vita
657 4189 1001 4257 monastica,
1053 4188 1193 4243 dum
1254 4188 1534 4257 nescitur,
1585 4187 1815 4243 videtur

161 4280 320 4349 quasi
350 4277 687 4337 contraria:
722 4295 855 4333 cum
886 4278 1013 4333 vice
1046 4281 1291 4347 mutata,
1324 4277 1590 4333 viderent
1619 4280 1678 4332 et
1708 4294 1816 4332 au-

163 4366 343 4425 dirent
371 4371 445 4425 de
496 4368 705 4424 ordine
752 4366 1173 4423 monachorum
1206 4367 1508 4427 inusitata.
1540 4370 1596 4422 et
1627 4365 1811 4421 inter-

162 4456 443 4515 diceretur
474 4456 817 4530 quibusque
854 4456 1100 4512 curiosis
1127 4457 1374 4512 fratrum
1420 4455 1811 4521 familiaritas,

165 4560 285 4618 quae
304 4547 539 4620 passim
563 4545 726 4618 prius
748 4544 973 4601 cunctis
994 4544 1324 4601 communis
1347 4548 1404 4600 et
1427 4543 1611 4600 facilis
1632 4543 1813 4599 exsti-
1848 4579 1892 4643 Β

162 4638 303 4690 terat
327 4655 341 4703 ;
374 4636 471 4691 his
496 4638 557 4689 et
593 4633 727 4689 aliis
748 4632 1150 4690 occasionibus
1170 4633 1343 4705 cmpit
1360 4633 1497 4687 oriri
1524 4632 1816 4704 querimo-

168 4722 256 4778 nia
280 4729 492 4781 contra
524 4722 740 4790 locum,
792 4727 849 4777 et
897 4739 1029 4778 cum
1079 4721 1476 4778 diil'amatione
1520 4720 1810 4792 vitupera-

163 4810 332 4869 tionis
371 4811 751 4878 scandalum,
805 4815 868 4866 ut
915 4811 1156 4883 quidam
1210 4810 1446 4883 sapiens
1475 4810 1592 4865 ait:
1625 4810 1815 4866 Omnis

162 4900 334 4957 subita
354 4903 596 4957 mutatio
612 4917 798 4957 rerum
820 4917 929 4955 non
947 4902 1010 4971 ﬁt
1028 4902 1147 4956 sine
1163 4899 1397 4971 quodam
1411 4900 1583 4969 ﬂuctu
1597 4900 1812 4954 animo-

160 5004 299 5045 rum.
334 4990 506 5047 Unde
540 4990 756 5046 factum
789 4995 875 5045 est
907 4992 973 5045 ut
995 4989 1199 5044 vicinis
1220 4988 1729 5043 murmurantibus
1759 4992 1816 5043 et

164 5075 635 5145 detrahentibus,
669 5078 1218 5150 blasphemantibus
1267 5081 1323 5133 et
1372 5077 1809 5143 accusantibus,

164 5160 324 5220 locus
356 5164 772 5221 adversitatcm
805 5164 903 5219 diu
936 5164 1274 5232 sustineret,
1305 5180 1481 5235 quam
1514 5181 1547 5219 a
1569 5164 1813 5235 quibus~

166 5250 294 5306 dam
319 5253 616 5310 excitabat
637 5270 750 5309 non
775 5258 895 5309 tam
915 5252 1144 5310 malitia
1163 5269 1341 5325 quam
1356 5252 1552 5309 minus
1566 5268 1814 5325 peccans

164 5335 516 5409 ignorantia.
551 5340 800 5397 Reddita
820 5345 1017 5397 autem
1047 5357 1188 5413 pace
1223 5382 1236 5395 .
1284 5384 1296 5395 .
1341 5382 1354 5396 .
1401 5384 1413 5397 .
1454 5379 1470 5397 .
1519 5384 1532 5395 .
1576 5382 1590 5396 .
1631 5380 1648 5397 .
1678 5341 1815 5397 sede

166 5426 458 5485 residente
503 5429 796 5501 pontiﬁce,
837 5433 1139 5503 coeperunt
1185 5428 1285 5502 qui
1335 5427 1475 5485 olim
1525 5429 1816 5487 adversati

169 5511 399 5573 fuerant
432 5558 447 5572 .
496 5559 508 5573 .
553 5560 565 5574 .
613 5562 625 5574 .
670 5563 683 5575 .
731 5561 744 5575 .
791 5562 803 5575 .
851 5561 863 5575 .
895 5518 1305 5592 resipiscentes
1334 5535 1457 5574 rem
1488 5518 1806 5591 inquirere,

168 5606 224 5658 et
251 5604 325 5660 ab
353 5621 427 5662 ea
456 5622 633 5680 quam
660 5608 1073 5666 credideranti
1108 5651 1120 5664 .
1166 5650 1180 5663 .
1227 5651 1240 5664 .
1274 5606 1526 5678 veniam,
1555 5606 1818 5665 venerari

172 5694 227 5750 et
253 5692 523 5772 diligere,
555 5702 609 5757 et
637 5699 774 5760 boni
798 5698 993 5758 odoris
1013 5696 1230 5757 famam
1252 5697 1640 5776 undecunque
1677 5713 1816 5775 pro-

1919 3299 2256 3355 societatem
2289 3300 2774 3373 adipiscerentur,
2800 3302 3061 3375 plerique
3084 3321 3216 3360 vero
3240 3304 3416 3361 etiam
3446 3322 3569 3362 mo-

1921 3388 2089 3443 nachi
2123 3389 2532 3445 efficerentur:
2562 3390 2765 3461 sicque
2788 3396 3082 3448 crescente
3106 3391 3371 3449 ﬁdelium
3396 3396 3571 3449 devo-

1918 3477 2076 3533 tione
2106 3478 2279 3550 cocpit
2309 3478 2624 3549 saepefatus
2674 3478 2960 3534 sublevari
3011 3480 3174 3535 locus
3224 3482 3571 3538 donantium

1919 3565 2208 3639 largitate.
2242 3566 2388 3621 Nam
2423 3566 2694 3637 quisquis
2725 3566 2783 3620 in
2810 3568 3148 3622 societatem
3176 3569 3420 3622 fratrum
3446 3585 3573 3624 sese

1922 3655 2219 3721 offerebat,
2236 3653 2599 3726 largiebatur
2615 3658 2975 3726 spontaneus
2991 3656 3348 3722 transitoria,
3364 3661 3428 3710 ut
3440 3672 3571 3728 par-

1921 3742 2258 3815 ticipatione
2284 3747 2395 3796 Dco
2420 3741 2799 3798 servientium
2826 3748 3149 3799 mereretur
3164 3759 3570 3813 permansura.

1922 3834 2287 3903 Quapropter
2316 3831 2387 3885 de
2417 3829 2687 3901 expensis
2706 3846 2905 3885 eorum
2932 3830 3190 3903 aggressi
3225 3836 3364 3885 sunt
3385 3834 3573 3887 facere

1924 3918 2263 3976 memoriale
2331 3924 2633 3986 aeternum,
2688 3923 2755 3972 ut
2811 3919 3020 3974 talium
3083 3920 3458 3993 eleemosyna
3511 3920 3570 3976 in

1923 4012 2235 4081 conspectu
2271 4006 2529 4063 ﬁdelium
2565 4008 2938 4079 praesentium
2971 4012 3028 4063 et
3073 4009 3400 4064 futurorum
3432 4025 3569 4065 con-

1922 4098 2144 4171 spicua,
2180 4103 2236 4152 et
2266 4096 2321 4151 in
2357 4096 2466 4152 hoc
2490 4095 2696 4153 saeculo
2720 4096 2796 4151 sit
2818 4098 2874 4151 in
2903 4098 3324 4153 benedictionis
3350 4114 3571 4154 memo-

1921 4184 2064 4241 riale
2094 4188 2226 4240 ante
2255 4184 2437 4241 Deum
2469 4184 2526 4239 in
2553 4185 3023 4241 remuneratione
3046 4190 3346 4258 perpetua.
3374 4188 3573 4259 Itaque

1921 4274 2114 4330 Sancti
2148 4274 2280 4346 Apri
2316 4273 2627 4345 antiquum
2659 4275 3083 4330 monasterium
3106 4279 3391 4331 vetustate
3420 4275 3574 4349 laps-

1922 4364 2247 4431 abundum,
2282 4362 2461 4418 semel
2497 4367 2552 4419 et
2595 4363 2686 4419 bis
2741 4362 2880 4419 olim
2926 4364 3061 4437 igne
3110 4370 3571 4430 concrematum,

1922 4452 1994 4507 ab
2041 4452 2189 4524 ipsis
2240 4452 2641 4508 fundamentis
2692 4455 3091 4510 renovandum
3142 4454 3578 4512 constituerunt

1924 4540 2149 4613 erigere
2184 4540 2243 4596 in
2275 4541 2660 4597 domicilium.
2695 4542 2764 4596 Et
2808 4546 2872 4597 ut
2901 4544 3122 4599 sciatur
3154 4544 3369 4615 quibus
3399 4546 3573 4601 bene-

1929 4630 2249 4685 factoribus
2280 4630 2658 4699 construitur,
2692 4648 2893 4687 eorum
2934 4633 3217 4689 vocabulo
3271 4634 3491 4707 pariter
3517 4637 3577 4691 et

1921 4736 2209 4791 expensas
2245 4720 2591 4776 nominatim
2632 4721 2836 4777 subter
2864 4722 3310 4793 assignaverunt
3337 4723 3572 4794 ,suique

1922 4808 2076 4876 piam
2109 4810 2567 4865 recordationem
2598 4809 2818 4882 jugiter
2846 4811 3148 4867 devotione
3192 4810 3572 4867 recolendam

1924 4898 2173 4970 posteris
2198 4898 2582 4971 reliquerunt.
2607 4900 2826 4957 Exinde
2849 4900 3251 4973 supplicamus
3273 4899 3452 4969 hujus
3469 4914 3574 4953 no-

1923 4992 2053 5042 stra:
2084 4987 2243 5041 sedis
2268 5004 2637 5041 successores
2661 4989 2956 5046 antistites
2980 4990 3259 5059 ne,juxta
3279 4984 3576 5057 magnitu-

1924 5077 2117 5130 dinem
2153 5079 2461 5129 structurre
2498 5076 2801 5131 facultates
2833 5078 2939 5133 loci
2993 5078 3374 5141 mstimantes,
3408 5072 3577 5130 obliti

1922 5162 2311 5237 paternitatis,
2345 5161 2473 5216 duri
2508 5162 2650 5216 ﬁant
2689 5179 3082 5235 oppressores.
3116 5165 3185 5220 Et
3216 5169 3279 5219 ut
3308 5162 3577 5220 noverint

1924 5268 2102 5325 quam
2125 5251 2288 5321 justa
2320 5250 2395 5305 sit
2426 5248 2546 5303 haec
2577 5254 2778 5305 nostra
2820 5253 3170 5324 deprecatio,
3222 5253 3413 5326 legere
3441 5252 3570 5325 dig-

1923 5338 2410 5396 nenturcbartam
2429 5337 2853 5410 quamGauzlin
2864 5357 2929 5394 us
2944 5342 3254 5415 episcopus
3270 5358 3402 5398 cum
3419 5357 3577 5414 rega-

1923 5429 1964 5484 li
1994 5431 2282 5501 prazcepto
2316 5427 2449 5482 fecit
2479 5430 2538 5483 et
2567 5426 2820 5482 ﬁrmavit
2848 5445 2997 5499 saepe
3021 5431 3173 5486 dicto
3205 5431 3353 5500 loco,
3377 5432 3433 5486 in
3455 5448 3574 5504 quo

1927 5522 2059 5575 ante
2113 5517 2515 5591 episcopatum
2568 5520 2826 5574 nostram
2875 5517 3209 5574 societatem
3261 5521 3573 5579 collocavi:

1924 5608 1987 5664 in
2016 5606 2357 5680 episcopatu
2390 5612 2586 5664 autem
2634 5607 2881 5681 positus,
2927 5606 3103 5665 rebus
3147 5608 3363 5682 quibus
3412 5610 3577 5684 potui

1930 5694 2210 5770 ampliavi
2240 5700 2298 5754 et
2344 5697 2623 5757 continua
2654 5698 2838 5758 nostri
2860 5696 3144 5760 memoria
3166 5702 3229 5758 ut
3250 5712 3353 5778 per
3372 5698 3575 5776 singu-
