3964 6206
371 315 488 374 583

1441 320 1505 379 S.
1553 314 1829 380 LEONIS
1874 318 1954 380 IX
1999 317 2228 380 PAPIE
2270 323 2704 386 OPUSCULA.

3657 333 3775 396 584

373 453 460 509 las
493 452 606 509 diei
640 453 811 509 horas
841 450 1124 505 habeatur
1154 448 1254 516 ibi,
1286 465 1318 504 a
1365 450 1609 506 fratrum
1641 450 1795 506 ﬁdiei
1843 453 2011 507 devo-
2041 466 2095 531 Α
2201 455 2462 512 Domnus
2494 457 2674 513 abbas
2703 458 3024 530 Sigifredus
3056 476 3094 514 ι.

370 547 527 602 tione
559 545 833 601 omnibus
863 539 1069 594 diebus
1099 538 1227 592 vitae
1257 554 1399 594 meae
1445 539 1689 596 obtinui.

441 636 570 689 Haec
602 636 738 689 sunt
759 628 1004 685 nomina:
1027 627 1590 700 eleemosynatorum
1613 645 1745 684 cum
1765 629 2010 685 eleemo-

367 739 515 778 SlDlS
545 739 687 776 SUIS.

433 811 698 865 Domnus
726 807 1045 878 imperator
1075 805 1456 862 Chaonradus
1485 806 1668 864 libras
1697 824 1766 862 xv
1795 812 1852 862 et
1881 808 2007 864 auri

364 897 566 954 uncias
599 915 673 951 ιν.

436 988 658 1042 Domna
688 982 1026 1056 imperatrix
1055 982 1237 1039 libras
1269 1001 1332 1038 111
1365 988 1420 1039 et
1441 984 1588 1040 duas
1622 984 1825 1041 uncias
1856 984 2002 1040 auri.

431 1075 694 1131 Domnus
725 1074 1035 1146 episcopus
1075 1072 1374 1128 Mettensis
1407 1091 1468 1128 ιι.

428 1167 632 1219 Comes
667 1162 983 1218 Leitt’ridus
1014 1179 1070 1219 v1
1112 1166 1168 1216 et
1197 1161 1396 1217 semis.

427 1252 719 1309 Comtissa
748 1251 1029 1306 Alberada
1061 1269 1078 1305 1
1119 1256 1175 1306 et
1204 1251 1488 1307 cortinam
1520 1252 1802 1324 optimam
1835 1251 2002 1308 cubi-

354 1347 549 1399 torum
581 1359 753 1408 LXXII,
785 1345 842 1396 et
868 1358 1110 1396 annonas
1143 1341 1299 1396 mod.
1347 1358 1501 1397 cccc.
1609 1393 1630 1410 ς

425 1429 666 1488 Ductrix
692 1429 992 1486 Mathildis
1018 1429 1120 1485 lib.
1157 1446 1334 1486 unam
1365 1434 1422 1486 et
1451 1429 1650 1486 semis.

426 1519 732 1578 Heinricus
763 1519 1095 1575 Advocatus
1129 1537 1182 1574 v.

423 1609 624 1665 Filista
655 1609 869 1679 conjux
891 1608 1017 1678 ejus
1055 1625 1105 1662 v.

421 1699 587 1771 Hugo
617 1698 688 1753 de
718 1696 1006 1752 Brisciaco
1042 1713 1125 1750 ιιι.

419 1787 720 1844 Widricus
749 1786 1001 1842 Grossus
1031 1803 1085 1839 ν.

421 1876 727 1933 Heinricus
757 1876 827 1932 de
855 1875 972 1932 Fau
1002 1893 1056 1929 v.

420 1966 725 2022 Heinricus
758 1966 829 2021 de
858 1965 1135 2021 Tussiaco
1167 1982 1219 2019 v.

417 2054 790 2127 Hildeburgis
821 2055 892 2109 de
921 2054 1096 2108 Barro
1128 2071 1179 2110 v.

416 2145 540 2201 Oda
568 2144 639 2200 de
668 2145 884 2200 domno
917 2141 1166 2198 Martino
1198 2141 1402 2197 uncias
1444 2141 1570 2196 auri
1620 2159 1675 2199 1v
1707 2144 1762 2196 et
1791 2142 1989 2198 semis.

415 2233 776 2291 Mainfredus
806 2232 910 2288 lib.
939 2249 995 2286 v.

413 2325 622 2380 Emma
649 2339 726 2378 vr.

412 2411 769 2468 Walderada
794 2428 849 2465 ν.

413 2498 752 2556 Mainherus
782 2499 853 2553 de
885 2497 1099 2553 Calmis
1129 2515 1182 2556 v.

413 2588 757 2645 Lambertus
787 2588 1104 2644 canonicus
1137 2604 1189 2641 ν.

414 2677 760 2749 Ingobertus
791 2694 844 2732 ν.

411 2767 676 2823 Domnus
708 2766 892 2821 abbas
921 2764 1248 2821 Richardus
1280 2783 1318 2821 1.

410 2856 675 2911 Domnus
707 2856 889 2910 abbas
919 2855 1239 2911 Norberlus
1269 2869 1307 2910 ι.

2027 1844 2074 1908 Β

2193 543 2456 601 Domnus
2489 545 2670 602 abbas
2699 547 2894 620 P0ppo
2927 566 3002 604 ιγ.

2194 637 2452 688 Domnus
2485 634 2665 690 abbas
2694 635 2929 691 Erlinus
2968 653 3148 692 unam
3191 640 3249 693 et
3281 637 3484 694 semis.

2190 721 2454 778 Domnus
2484 723 2666 779 abbas
2696 725 3013 781 Herbert‘us
3045 743 3107 780 ιι.

2188 809 2450 865 Domnus
2481 811 2802 868 Azechinus
2834 830 3014 869 unam
3045 819 3102 870 et
3130 815 3309 872 semis
3337 820 3396 871 et
3423 833 3460 872 ν
3488 815 3662 874 solid.

2186 898 2535 971 Eleemosyae
2599 917 3032 959 conversorum.
3109 904 3373 961 Domnus
3449 906 3770 965 Herbertus

2116 987 2488 1059 primicerius
2518 1007 2573 1044 ν.
2608 989 2873 1046 Domnus
2906 991 3219 1048 Herbertus
3265 993 3494 1051 archid.
3538 1013 3683 1052 xvuI
3715 1001 3769 1054 et

2114 1092 2359 1148 cappam
2394 1094 2770 1148 purpuream.
2805 1085 3066 1136 Domnus
3087 1081 3396 1138 Gozelinus
3417 1100 3472 1139 ν.
3495 1089 3766 1144 Domnus

2112 1164 2414 1220 Girbertus
2445 1184 2544 1222 x11.
2577 1167 2840 1224 Domnus
2869 1168 3143 1226 Albertus
3170 1188 3244 1226 v1.
3281 1173 3543 1229 Domnus
3574 1174 3765 1231 Theo-

2111 1253 2343 1309 dericus
2384 1272 2484 1310 v11.
2539 1256 2803 1313 Domnus
2851 1257 3176 1315 Goisl‘ridus
3226 1277 3404 1316 unam
3453 1266 3510 1318 et
3557 1264 3762 1320 semis.

2111 1341 2373 1398 Domnus
2421 1343 2781 1400 Harwardus
2819 1365 2835 1400 1
2881 1351 2939 1402 et
2986 1347 3201 1419 pallam
3250 1366 3448 1404 unam.
3496 1350 3764 1410 Domnus

2112 1431 2311 1487 Tendo
2343 1431 2544 1488 vineas
2574 1434 2646 1489 ad
2677 1452 2713 1489 x
2741 1451 2892 1491 carr.
2944 1435 3082 1492 vini.
3135 1436 3342 1493 Comes
3395 1437 3558 1494 Oddo
3588 1458 3626 1495 x
3655 1441 3757 1497 lib.

2179 1520 2292 1575 Nec
2313 1519 2524 1578 minori
2548 1523 2872 1594 gratiarum
2891 1524 3116 1581 actione
3135 1525 3470 1598 suscipiunt
3491 1530 3645 1599 quod
3671 1530 3756 1587 eis

2109 1607 2261 1664 cives
2305 1614 2362 1664 et
2410 1611 2731 1667 suburbani
2780 1613 2964 1669 nostri
3014 1613 3071 1668 in
3118 1629 3427 1686 carropera
3469 1615 3752 1687 fecerunt,

2107 1713 2241 1752 cum
2274 1715 2414 1754 saxa
2437 1698 2698 1771 ingentia
2726 1705 2782 1756 et
2811 1699 3036 1773 lapides
3067 1700 3313 1759 muralis
3344 1704 3572 1761 ordinis
3617 1706 3754 1763 totis

2107 1785 2695 1859 viribus,spontaneo
2716 1788 2850 1845 nisu
2872 1793 2930 1845 et
2968 1796 3240 1863 prompta
3281 1793 3583 1850 voluntate
3620 1812 3752 1853 con-

2104 1880 2401 1943 vexerunt,
2438 1877 2756 1949 ruinasque
2786 1883 3047 1935 veterum
3079 1897 3383 1937 murorum
3410 1883 3594 1939 totius
3626 1900 3750 1941 mo-

2101 1965 2339 2020 nasterii
2361 1966 2635 2022 manibus
2658 1968 3108 2036 mandaverunt,
3132 1970 3456 2028 cervicibus
3478 1977 3740 2044 asporta-

2103 2059 2328 2123 verunt,
2370 2057 2604 2126 quando
2653 2056 2902 2112 necdum
2949 2058 3262 2130 attigerant
3311 2059 3734 2130 incensionum,

2101 2143 2602 2214 deprmdationum
2623 2149 2680 2201 et
2695 2145 3089 2202 vastationum
3111 2147 3309 2203 infelix
3327 2148 3735 2207 infortunium.

2104 2233 2173 2287 Et
2205 2233 2343 2304 quia
2373 2232 2722 2289 nominatim
2754 2251 2851 2291 eos
2883 2251 2999 2291 non
3041 2236 3198 2308 capit
3243 2253 3490 2310 praesens
3515 2237 3742 2308 charta,

2101 2321 2293 2393 capiat
2324 2321 2454 2378 illos
2480 2321 2730 2378 caelestis
2760 2324 2924 2396 regni
2957 2323 3091 2380 aula
3120 2341 3224 2397 pro
3254 2341 3322 2382 ea
3351 2342 3526 2398 quam
3558 2327 3746 2383 aediﬁ-

2097 2413 2377 2466 caverunt
2413 2410 2528 2467 Deo
2568 2416 2626 2467 et
2655 2418 2856 2468 sancto
2905 2415 3057 2485 Apro
3096 2415 3156 2470 in
3188 2415 3296 2471 hac
3345 2415 3577 2472 mortali
3607 2417 3744 2474 vita.

2165 2504 2451 2556 Praeterea
2465 2500 2559 2556 hic
2573 2503 2947 2558 annumerari
2963 2504 3206 2576 dignum
3225 2508 3315 2561 est
3340 2505 3472 2562 illos
3494 2523 3746 2578 quorum

2097 2588 2207 2643 fuit
2238 2588 2422 2645 multo
2456 2590 2645 2662 major
2674 2591 3074 2648 benevolentia
3095 2609 3272 2665 quam
3305 2594 3596 2666 potuisset
3618 2611 3745 2653 esse

2095 2675 2381 2749 largiendi
2413 2677 2686 2748 facultas,
2719 2680 2816 2751 qui
2847 2680 3066 2737 solidos
3099 2682 3379 2755 quinque,
3414 2688 3517 2740 aut
3545 2685 3745 2742 decem

2097 2770 2198 2821 aut
2226 2767 2585 2837 quindecim,
2620 2773 2720 2824 aut
2747 2785 3023 2826 nummos
3045 2771 3354 2829 duodecim
3385 2773 3474 2830 vel
3497 2789 3621 2844 sex,
3645 2779 3748 2832 aut

2097 2855 2230 2927 plus
2262 2857 2530 2914 minusve
2556 2858 2948 2915 contulerunt.

1721 3039 3750 3068 Ἠ

1273 3187 1879 3288 εΑΝοτι
1947 3186 2551 3290 ιεοιπιε
2624 3191 2810 3290 IX

1694 3382 2379 3475 DIPLOMATA.

1120 3579 1309 3635 DATA
1347 3578 1497 3635 CUM
1537 3579 1776 3635 ADHUC
1815 3580 2194 3635 EPISCOPUS
2235 3581 2622 3638 TULLENSIS
2659 3583 2965 3640 AGERE’I‘.

1826 3741 2250 3752 ___——

1149 3841 1171 3893 Ι

405 3934 607 4001 Bruno,
641 3933 921 4004 episcOpus
957 3931 1220 3984 Tullensis
1249 3929 1488 4004 abtatz'm
1517 3929 1702 3986 Sancti
1745 3932 1877 4001 Apri

807 4001 1173 4074 possessiones
1193 4001 1502 4070 conﬁrmat.

971 4091 1161 4163 (Anno
1191 4090 1373 4161 1034.)

330 4181 496 4251 [Dom
526 4179 764 4245 Calmet,
791 4179 1035 4234 Histoire
1063 4178 1129 4232 de
1155 4179 1449 4246 Loraz'nne,
1478 4179 1744 4235 Preuves.
1773 4180 1979 4251 1,513.]

401 4287 462 4341 In
483 4285 720 4341 nomine
733 4288 946 4340 sanctae
959 4288 1015 4339 et
1034 4283 1353 4338 individua:
1368 4284 1693 4354 Trinitatis,
1711 4287 1977 4342 omnium

330 4392 457 4446 qum
479 4373 816 4429 subsistunt
836 4370 1191 4426 asternaliter
1207 4371 1499 4427 creatricis
1519 4378 1692 4445 atque
1715 4376 1978 4431 modera-

328 4462 510 4528 tricis,
544 4462 760 4528 Bruno,
791 4464 1002 4516 sanctae
1053 4459 1350 4517 'l‘ullensis
1398 4461 1682 4533 Ecclesiae,
1733 4463 1976 4520 humilis

329 4549 566 4624 praesul.

400 4638 614 4695 Divinas
647 4637 1050 4711 dispositionis
1072 4638 1259 4711 gratia
1284 4638 1478 4712 agitur
1495 4642 1977 4714 quantiscumque

327 4729 562 4786 animus
597 4727 1060 4800 uniuscujusque
1091 4728 1162 4782 ad
1205 4729 1426 4784 bonum
1456 4727 1602 4784 velle
1635 4730 1973 4803 inspiratur.

327 4821 579 4876 maxime
609 4817 706 4874 ille
736 4818 836 4889 qui
867 4817 998 4890 plus
1030 4817 1252 4874 caeteris
1285 4819 1344 4873 in
1367 4818 1477 4874 hoc
1499 4821 1721 4875 mundo
1753 4820 1975 4893 aliquid

327 4910 539 4966 habere
564 4909 843 4976 cernitur,
876 4924 1011 4963 cum
1043 4907 1310 4981 invigilat
1341 4911 1404 4962 ut
1435 4908 1504 4963 de
1526 4909 1701 4964 rebus
1731 4913 1974 4966 terrenae

323 4997 740 5056 dominationis
772 4997 875 5053 Dei
902 4995 1214 5052 clementia
1243 4996 1356 5052 sibi
1387 4997 1770 5069 propitietur;
1805 4999 1975 5056 nobis

325 5093 521 5144 tamen
554 5087 889 5160 pastoribus
917 5084 1186 5141 Ecclesiae
1222 5086 1318 5156 pia
1340 5085 1673 5143 sollicitudo
1695 5087 1977 5144 indicitur

323 5182 390 5234 ut
420 5193 560 5250 grex
593 5176 933 5232 Dominicus
967 5175 1027 5230 in
1058 5191 1127 5231 ea
1156 5174 1513 5232 constitutus
1553 5180 1752 5232 nostra
1783 5179 1972 5250 provi-

323 5267 521 5324 dentia
540 5269 833 5338 pascatur,
856 5268 910 5321 et
936 5263 1170 5336 gemina
1188 5263 1316 5319 vita:
1337 5264 1668 5321 substantia
1691 5267 1799 5322 sub
1821 5271 1968 5323 tem-

323 5354 508 5428 porali
540 5353 1046 5412 administratione
1080 5353 1372 5410 fulciatur.
1415 5355 1634 5411 Idcirco
1683 5355 1970 5414 universis

324 5441 589 5498 Ecclesiae
622 5447 856 5514 nostris,
885 5443 979 5498 cui
1010 5443 1124 5498 Deo
1157 5447 1393 5500 auctore
1423 5445 1828 5516 prasidemus,
1851 5450 1971 5502 tam

328 5529 717 5601 praesentibus
747 5531 1021 5588 ﬁdelibus
1068 5549 1247 5603 quam
1291 5533 1466 5589 etiam
1518 5539 1649 5608 post
1684 5535 1854 5609 longe
1884 5553 1974 5593 se-

365 5615 666 5682 uentibus,
700 5626 856 5676 certa
885 5619 1108 5676 ratione
1140 5622 1517 5681 manifestum
1549 5641 1677 5682 esse
1705 5625 1976 5684 volumus

2012 3844 2050 3906 (ζ
2093 3841 2241 3911 quod
2272 3841 2342 3895 ad
2366 3839 2558 3895 locum
2583 3841 2930 3914 SanctiApri
2955 3843 3325 3901 devenientes
3350 3850 3408 3901 et
3427 3846 3744 3905 victualem

2092 3929 2513 3985 monachorum
2546 3929 3113 3988 administrationem
3155 3933 3247 4006 pie
3277 3935 3746 4005 considerantes,

2091 4019 2260 4074 nobis
2292 4019 2349 4074 in
2383 4019 2562 4074 futuri
2593 4019 2956 4077 districtione
2978 4021 3189 4093 judicii
3223 4040 3336 4078 non
3361 4026 3592 4082 modice
3617 4043 3747 4098 pro-

2091 4109 2351 4163 futurum
2381 4124 2509 4164 esse
2539 4109 2834 4165 credimus
2865 4110 2914 4166 si
2948 4127 3016 4166 ea
3045 4129 3172 4184 quae
3203 4113 3274 4168 ad
3306 4112 3594 4171 alimenta
3623 4116 3741 4172 fra-

2089 4201 2244 4253 trum
2276 4197 2395 4253 illic
2429 4199 2540 4253 Deo
2563 4197 2940 4255 servientium
2957 4201 3248 4272 pertinent
3267 4219 3624 4275 augeremus
3643 4223 3656 4271 ;
3677 4209 3742 4260 ut

2091 4303 2192 4358 per
2220 4286 2329 4341 hoc
2355 4294 2407 4342 et
2440 4286 2779 4343 memoriale
2828 4293 3095 4345 nostrum
3140 4290 3199 4345 in
3249 4307 3315 4346 eo
3352 4290 3478 4348 loco
3519 4293 3740 4350 certius

2058 4376 2452 4441 :consisteret,
2487 4379 2543 4432 et
2571 4391 2871 4432 servorum
2906 4379 3004 4433 Dei
3036 4395 3138 4450 pro
3189 4379 3498 4452 adeptione
3529 4381 3742 4439 salutis

2089 4469 2296 4521 nostra:
2328 4464 2512 4519 oratio
2543 4465 2959 4536 perpetualiter
2980 4483 3094 4522 non
3117 4473 3393 4524 cessaret.
3419 4469 3610 4542 Hujus
3627 4471 3737 4528 ita-

2086 4569 2200 4626 que
2231 4553 2312 4609 rei
2345 4553 2532 4625 gratia
2560 4555 2738 4622 ducti,
2772 4571 2838 4610 ac
2871 4558 3111 4627 paterno
3153 4556 3475 4614 sollicitudi
3507 4576 3584 4615 ne
3615 4568 3748 4632 perl

2087 4643 2250 4708 moti,
2270 4642 2475 4698 altaria
2490 4643 2866 4699 ecclesiarum
2880 4661 3031 4716 quas
3053 4645 3352 4702 modernis
3368 4649 3738 4720 temporibus

2086 4733 2159 4788 ab
2191 4731 2464 4804 ingenuis
2493 4732 2854 4801 hominibus,
2888 4750 2990 4789 seu
3042 4752 3076 4790 a
3119 4735 3483 4806 quibuslibet
3523 4738 3732 4794 vicinis

2086 4822 2311 4877 noviter
2339 4821 2656 4894 acquisitas
2677 4822 2977 4894 possidere
2999 4823 3291 4893 videntur,
3317 4825 3568 4883 consilio
3591 4828 3736 4884 ﬁde-

2083 4910 2230 4966 lium
2251 4915 2585 4966 nostrorum
2600 4927 2702 4983 per
2715 4910 2991 4984 synodale
3003 4914 3303 4969 decretum
3319 4915 3405 4971 eis
3417 4916 3731 4973 donatione

2084 5000 2255 5056 ﬁrma
2283 4999 2711 5056 concessimus:
2769 5017 2837 5057 ea
2885 5000 3106 5058 scilicet
3153 5003 3474 5061 stabilitate
3523 5009 3581 5062 et
3609 5005 3730 5079 lege

2084 5107 2200 5162 qua
2229 5094 2438 5146 caetera
2463 5089 2669 5146 altaria
2688 5090 2868 5146 totius
2889 5091 3133 5147 abbatiaa
3155 5097 3469 5150 tenuerant
3489 5096 3564 5152 ab
3589 5095 3733 5152 anti-

2083 5196 2198 5251 quo
2219 5183 2500 5251 tempore,
2524 5179 2585 5234 id
2603 5182 2691 5236 est
2718 5183 2802 5248 ut,
2821 5179 3236 5238 decedentibus
3255 5183 3493 5241 vicariis
3516 5184 3728 5259 quibus

2079 5270 2488 5325 tantummodo
2502 5285 2702 5325 curam
2716 5268 3046 5326 animarum
3059 5286 3163 5343 per
3173 5288 3374 5328 eorum
3387 5273 3730 5332 electionem

2082 5358 2529 5425 committimus,
2562 5357 2675 5431 ipsi
2707 5359 2909 5415 eadem
2939 5358 3148 5417 altaria
3187 5361 3475 5420 redimere
3507 5381 3725 5438 nequa-

2085 5463 2262 5520 quam
2293 5445 2740 5519 compellantur,
2772 5447 2871 5503 sed
2894 5446 3266 5506 solummodo
3288 5450 3576 5511 electione
3604 5471 3725 5520 sua,

2086 5539 2150 5592 ut
2179 5535 2404 5592 dictum
2426 5538 2534 5604 est,
2565 5535 2876 5594 succiduas
2893 5535 3142 5595 vicarios
3163 5538 3495 5610 exhibeant,
3540 5542 3640 5615 qui
3663 5542 3727 5597 de

2088 5641 2267 5684 manu
2299 5627 2500 5687 nostra
2523 5639 2722 5686 curam
2756 5624 3089 5685 animarum
3133 5628 3482 5703 suscipiant.
3515 5630 3728 5690 Allaria
