3964 6206
175 336 295 425 885

892 356 1345 423 DIPLOMA'I‘A
1392 362 1601 423 DATA
1651 360 1860 424 ANTE
1904 362 2365 429 SUSCEPTUM
2414 368 2600 433 llOM.
2648 369 2874 435 PONT.

3465 372 3584 436 586

175 510 313 552 vero
345 510 477 566 qua
509 494 627 552 illis
656 494 1075 564 concessimus,
1110 495 1229 551 htec
1260 498 1417 563 sunt,
1440 495 1726 563 videlicet,
1752 495 1828 551 al-
1855 499 1910 563 Α
1940 513 2005 552 ex
2027 513 2187 553 more
2217 502 2516 570 pastorali,
2552 505 2734 560 nostri
2764 504 3100 578 parochiam
3132 505 3413 578 pontiﬁcii
3455 523 3585 578 per-

176 590 301 641 tare
322 584 583 642 ecclesias
607 586 666 640 in
689 584 829 641 villa
849 602 975 657 qua:
994 584 1211 640 dicitur
1228 583 1605 639 Vallis-Curia
1629 583 1830 647 ;altare

177 674 433 731 ecclesiae
464 674 523 729 in
554 673 692 731 villa
717 691 845 746 qua:
877 672 1092 729 dicitur
1110 673 1164 728 S.
1210 673 1483 728 Germani
1523 666 1825 741 Archadis;

173 762 359 819 altare
404 762 663 819 ecclesia
713 763 771 817 in
826 761 1184 835 Soponaria;
1239 759 1424 817 altare
1466 761 1720 817 ecclesias
1768 763 1827 817 in

171 844 664 907 Mollensis-Villa
684 851 886 919 ;a1tare
915 850 1171 906 ecclesias
1193 849 1253 904 in
1277 849 1830 921 Claregiollabeant

172 937 351 995 etiam
383 938 695 994 dimidiam
730 938 1035 995 ecclesiam
1066 937 1126 993 in
1149 937 1825 1008 Tantonis—Villa,quam

171 1026 260 1083 vir
291 1027 671 1085 recordabilis
702 1027 997 1083 memoriae
1030 1027 1379 1092 Rainardus,
1417 1043 1484 1080 ex
1527 1026 1737 1081 comite
1766 1026 1825 1081 in

173 1117 457 1188 pradicto
490 1116 844 1172 monasterio
875 1115 1203 1172 monachus
1246 1114 1449 1181 factus,
1499 1130 1632 1169 cum
1664 1114 1823 1169 omni

177 1204 537 1277 patrimonio
581 1205 739 1276 quod
790 1204 1010 1258 ibidem
1062 1203 1420 1275 possederat,
1464 1203 1535 1257 ad
1563 1202 1825 1258 cmlestes

171 1293 490 1349 thesauros
512 1291 917 1359 transtulerat,
949 1292 1092 1347 dum
1126 1294 1385 1347 maneret
1413 1290 1472 1346 in
1500 1290 1617 1345 vita
1641 1309 1653 1358 ;
1688 1307 1823 1346 nam

173 1381 365 1436 altera
393 1379 638 1434 dimidia
668 1397 802 1452 pars
826 1380 895 1435 de
917 1379 1228 1452 praebenda
1250 1383 1495 1435 fratrum
1517 1378 1794 1434 canonico
1810 1409 1822 1420 -

175 1485 309 1524 rum
343 1468 526 1540 hujus
554 1468 711 1524 sedis
741 1472 885 1525 erat.
920 1468 987 1522 Et
1016 1468 1157 1540 quia
1204 1467 1384 1524 altare
1436 1484 1552 1523 non
1602 1470 1825 1538 poterat

174 1555 355 1613 dividi
383 1556 511 1629 lege
540 1555 901 1629 supradicta,
914 1556 1268 1612 tradidimus
1297 1560 1612 1626 utrumque
1643 1556 1821 1610 dona-

173 1645 333 1701 tione
380 1645 705 1711 communi,
755 1650 1049 1717 quatenus
1091 1645 1161 1701 de
1210 1644 1317 1700 hac
1367 1644 1576 1715 pietate
1616 1644 1824 1700 fratres

174 1732 620 1806 praesentialiter
649 1734 706 1789 in
735 1734 1079 1790 memoriam
1093 1734 1398 1802 reducant,
1415 1735 1699 1804 quantum
1720 1749 1822 1803 pro

174 1825 337 1879 bona
354 1822 652 1878 voluntate
674 1822 1060 1894 omnipotenti
1081 1823 1197 1879 Deo
1220 1839 1323 1894 pro
1351 1821 1519 1877 nobis
1540 1821 1823 1876 instanter

173 1910 518 1983 supplicare
548 1911 1084 1967 debeant.Petimus
1103 1911 1354 1983 denique
1374 1913 1432 1965 et
1452 1911 1822 1965 obsecrantes

171 2000 566 2072 deprecamur
591 2015 995 2056 successorum
1023 2003 1356 2056 nostrorum
1389 2002 1690 2071 paternam
1722 1997 1819 2053 be-

170 2087 657 2155 nevoientiam,ut
678 2088 798 2144 haec
821 2092 1035 2144 nostris
1058 2087 1349 2160 largitatis
1396 2086 1611 2143 oblatio
1652 2085 1822 2140 ﬁrma

168 2176 458 2234 habeatur
486 2181 544 2233 et
574 2180 720 2242 rata,
753 2176 927 2233 sicuti
959 2181 1016 2232 et
1043 2175 1155 2248 ipsi
1189 2193 1423 2248 quoque
1453 2193 1561 2231 sua
1590 2176 1821 2231 decreta

169 2265 550 2322 constituturi
563 2268 946 2322 suntservare
960 2264 1293 2336 perenniter
1305 2264 1545 2332 illibata;
1570 2266 1820 2321 scientes

169 2354 378 2428 procul
408 2354 591 2411 dubio
623 2370 686 2411 se
715 2354 798 2410 ita
823 2370 925 2426 pro
954 2355 1107 2411 bona
1135 2353 1431 2409 voluntate
1452 2369 1821 2409 remuneran-

167 2442 483 2514 dos,sicuti
505 2460 609 2515 pro
633 2443 961 2499 temeritate
977 2460 1179 2499 eorum
1204 2459 1331 2514 qua:
1354 2459 1458 2515 pro
1488 2442 1816 2498 animarum

166 2531 436 2589 remedio
465 2531 782 2589 constituta
810 2532 1053 2599 sunt,ab
1084 2536 1320 2588 auctore
1353 2529 1554 2587 mundi
1585 2530 1819 2603 gravius

167 2621 521 2695 puniendos.
554 2620 626 2677 Ut
654 2624 853 2677 autem
885 2620 1006 2678 haec
1040 2623 1249 2676 nostris
1297 2619 1632 2675 traditionis
1678 2635 1818 2675 con-

165 2709 356 2767 cessio
379 2710 441 2764 in
465 2708 681 2765 futuris
698 2709 1068 2781 temporibus
1081 2708 1602 2765 ﬁrmiorhabeatur
1613 2724 1677 2763 ac
1690 2723 1816 2778 per-

166 2798 482 2872 petualiter
502 2796 687 2854 illaesa
707 2801 1106 2865 conservetur,
1140 2814 1318 2852 manu
1369 2796 1634 2852 omnium
1679 2795 1816 2850 ﬁde-

164 2886 310 2943 lium
337 2890 675 2944 metrorum
697 2902 822 2942 eam
846 2885 1204 2942 corroborari
1225 2884 1558 2951 fecimus,et
1580 2883 1826 2939 auctori-

161 2974 301 3032 tatis
333 2979 548 3031 nostraa
576 2973 988 3047 gratiadurare
1018 2991 1122 3048 per
1145 2973 1521 3031 succedentia
1551 2976 1818 3045 tempora

160 3063 563 3121 decernimus.

232 3154 358 3227 Ego
404 3153 601 3208 Bruno
647 3151 927 3225 indignus
997 3152 1308 3226 episcopus
1362 3168 1539 3209 manu
1586 3150 1821 3224 propria

165 3241 518 3315 subscripsi.

232 3333 475 3402 Signum
502 3329 742 3387 Gibuini
766 3328 1103 3402 primicerii.

237 3421 475 3490 Signum
504 3418 770 3476 Dudonis
800 3417 1182 3476 Virdunensis
1216 3417 1530 3491 primicerii

235 3510 471 3582 Signum
498 3507 750 3565 Ulderici
786 3507 1008 3564 archid.

238 3599 477 3670 Signum
501 3596 767 3671 Ebydrici
790 3596 1001 3652 archid

235 3685 476 3756 Signum
502 3684 639 3740 item
671 3683 922 3740 Udelrici
952 3683 1174 3739 archid.

241 3772 485 3844 Signum
514 3771 796 3829 Lamberti
829 3771 1047 3828 archid.

233 3862 479 3932 Signum
509 3859 791 3916 Benzelini
824 3859 1042 3916 archid.

228 3952 471 4023 Signum
502 3949 783 4006 Geberoni
815 3949 1037 4006 archid.

229 4039 471 4112 Signum
502 4036 794 4094 Lanzelini
828 4037 1056 4093 archid.

237 4128 392 4185 Data
419 4144 538 4184 xvn
569 4124 1028 4194 Kal.Julii,anno
1061 4126 1135 4182 ab
1165 4124 1566 4182 incarnatione
1588 4122 1821 4180 Domini

158 4218 333 4284 4034,
366 4216 685 4273 indictione
717 4233 779 4287 ιι,
808 4233 962 4272 anno
992 4233 1125 4272 vero
1155 4215 1354 4271 domni
1386 4212 1632 4272 Conradi
1674 4213 1824 4286 regis

158 4304 465 4377 x,imperii
501 4304 1129 4376 nono,pontif.quoque
1163 4304 1369 4360 domni
1391 4301 1680 4359 Brunonis
1698 4319 1821 4370 VIII,

162 4394 389 4451 comite
421 4393 717 4450 Rainardo
739 4393 994 4464 juniore.

236 4483 362 4556 Ego
418 4482 760 4539 Harduinus
817 4482 1089 4540 sacerdos
1132 4488 1186 4539 et
1218 4500 1375 4539 mon.
1399 4484 1575 4555 jussu
1603 4480 1825 4538 domini

166 4570 413 4629 abbatis
439 4571 658 4627 Vidrici
690 4571 899 4643 scripsi

235 4662 384 4717 Acta
410 4658 578 4717 Tullo
604 4660 665 4715 in
686 4659 947 4733 plenaria
970 4661 1210 4734 synodo.

973 4765 1022 4824 II

172 4859 362 4912 Brimo
398 4856 666 4913 Tullensis
698 4855 951 4912 Ecclesia:
992 4857 1275 4928 cpiscopus
1322 4858 1602 4913 consecrat
1646 4858 1826 4912 orato-

612 4928 789 4999 .rium
818 4928 1160 4984 Bertiniaca:
1185 4928 1375 4983 curtis.

800 5015 994 5086 (Anno
1026 5015 1209 5087 4036.)

168 5104 438 5175 [Per-ard,
487 5102 717 5175 Recueit
755 5102 821 5158 de
862 5102 1099 5159 diversas
1146 5105 1321 5175 piece:
1367 5092 1585 5175 servant
1612 5105 1646 5158 ὰ
1676 5102 1826 5159 l'his—

519 5175 657 5230 toire
684 5174 750 5229 de
784 5174 1299 5246 Bourgogne,pag.
1336 5174 1481 5245 185.]

242 5282 306 5338 ln
359 5280 601 5337 nomine
657 5280 755 5336 Dei
805 5280 1248 5353 omnipotentis,
1295 5281 1531 5336 nomine
1559 5278 1828 5352 triplicis,

179 5369 426 5426 numine
456 5367 974 5441 simplicismnuuo
992 5366 1237 5424 humilis
1259 5368 1581 5424 Leucorum
1606 5368 1831 5440 episco-

178 5473 311 5533 pus,
342 5457 449 5514 Dei
482 5457 659 5523 dono,
682 5456 744 5513 id
772 5457 928 5529 quod
959 5462 1067 5514 est.

238 5545 489 5604 Noverit
539 5545 834 5603 industria
889 5545 1155 5602 ﬁdelium
1205 5544 1448 5613 Christi,
1496 5547 1617 5601 tam
1650 5545 1831 5600 futuri

169 5636 460 5714 temporis
490 5648 671 5708 quam
702 5634 1191 5709 praesentis,quod
1222 5633 1347 5692 vice
1378 5634 1634 5707 quadam
1667 5634 1830 5706 dum,

507 5761 771 5829 Persen.
819 5761 1084 5830 CXLIII.

1938 585 2395 656 ambularemus,
2431 591 2673 664 contigit
2703 611 2808 648 nos
2842 595 2997 666 apud
3032 594 3423 650 Bertiniacam
3469 592 3583 650 cei-

1938 673 2054 729 lam
2086 674 2367 747 hospitari
2402 696 2535 735 cum
2568 682 2861 738 ﬁdelibus.
2896 685 3096 754 Itaque
3127 699 3193 739 eo
3234 683 3344 739 loci
3396 682 3583 738 domi-

1940 778 2050 816 nus
2080 763 2261 820 abbas
2294 766 2674 835 Divionensis,
2711 769 3061 827 llalinardus
3092 772 3328 827 nomine
3367 770 3580 837 dictus,

1939 851 2108 921 cujus
2139 852 2285 909 cella
2316 854 2416 910 illa
2448 856 3080 931 intererat,pariterque
3101 860 3356 915 domnus
3377 859 3578 929 abbas,

1934 937 2247 996 Vuidricus
2277 948 2491 1009 noster,
2535 945 2602 999 de
2650 947 2908 1001 cmuobio
2956 949 3141 1003 sancti
3194 949 3355 1020 Apri,
3404 948 3578 1004 ambo

1935 1029 2367 1085 conversatione
2394 1031 2736 1104 laudabiles,
2770 1052 3086 1090 convenere
3124 1036 3312 1107 gratia
3360 1037 3567 1093 nostri.

1938 1114 2109 1170 Porro
2140 1116 2303 1172 locus
2336 1118 2429 1173 ille
2458 1122 2603 1175 satis
2627 1121 2921 1193 eleganter
2941 1123 3040 1177 Dei
3069 1124 3301 1179 servitio
3347 1126 3578 1182 exstite-

1936 1208 2024 1257 rat
2039 1210 2411 1261 constructus
2427 1212 2481 1262 ct
2503 1210 2884 1266 dedicationis
2899 1212 3302 1268 benedictione
3314 1215 3576 1270 nondum

1936 1292 2222 1357 munitus,
2254 1299 2330 1361 et,
2364 1297 2516 1366 quod
2551 1298 2719 1352 nobis
2744 1298 3368 1371 gratius,disciplinate
3398 1320 3432 1357 a
3457 1319 3577 1358 mo-

1936 1380 2140 1435 nachis
2168 1382 2453 1455 religiosis
2474 1384 2855 1441 incolebatur.
2875 1387 3055 1458 Igitur
3085 1390 3303 1459 praefati
3336 1391 3576 1446 abbates

1937 1468 2229 1538 petierunt
2285 1470 2430 1525 illud
2494 1490 2596 1527 nos
2651 1474 2916 1529 dedicare
2976 1476 3314 1545 oratorium,
3375 1481 3578 1548 utpote

1933 1556 2233 1612 ecclesiam
2270 1565 2477 1615 nostrae
2525 1561 2792 1617 dioecesis
2841 1566 2897 1617 et
2952 1563 3270 1635 regiminis.
3320 1567 3577 1630 Quorum

1934 1646 2244 1701 annuendo
2273 1648 2427 1718 preci
2459 1648 2819 1721 explevimus
2852 1652 3005 1723 quod
3030 1653 3212 1707 nostri
3235 1656 3360 1708 erat
3380 1652 3575 1710 oﬁicii.

1933 1733 2227 1790 Ordinatis
2274 1754 2405 1791 vero
2462 1738 2531 1792 de
2562 1739 2776 1808 quibus
2832 1738 3355 1812 interpellabamur
3402 1742 3577 1798 rebus

1936 1822 2231 1887 omnibus,
2263 1824 2534 1879 consultu
2566 1826 2830 1882 ﬁdelium
2861 1829 3204 1883 commorati
3250 1846 3460 1885 sumus
3509 1833 3577 1887 ut

1933 1913 2199 1965 sanctum
2232 1911 2446 1967 Christi
2479 1919 2792 1986 martyrem
2818 1915 3345 1988 Benignum,cujus
3365 1918 3574 1974 honori

1931 1998 2094 2054 illum
2128 1999 2487 2056 sacravimus
2516 2001 2729 2070 locum,
2764 2004 2968 2074 quavis
3002 2004 3315 2061 donatione
3345 2009 3572 2062 susten-

1928 2091 2188 2144 taremus
2219 2093 2506 2160 quatenus
2536 2106 2639 2161 per
2658 2090 2767 2146 hoc
2791 2092 3154 2148 stabiliretur
3181 2092 3324 2147 inibi
3348 2108 3571 2148 memo-

1930 2174 2070 2230 riale
2121 2178 2323 2244 nostri,
2360 2184 2427 2233 eet
2475 2178 2589 2233 vivi
2644 2184 2700 2234 et
2746 2181 3025 2237 defuncti.
3074 2181 3182 2237 Diu
3213 2198 3350 2253 ergo
3393 2197 3572 2254 super

1929 2263 2021 2319 his
2054 2265 2472 2321 meditantibus
2501 2282 2607 2322 nec
2638 2267 2711 2322 ad
2761 2284 2973 2325 manus
3006 2270 3160 2340 quod
3200 2270 3326 2325 dari
3374 2272 3573 2342 posset

1928 2352 2150 2407 celebre
2181 2352 2531 2410 habentibus
2560 2359 2903 2428 suggestum
2949 2361 3039 2412 est
3088 2356 3297 2413 altaria
3324 2358 3396 2413 de
3426 2357 3570 2414 dua-

1928 2440 2039 2495 bus
2068 2440 2349 2507 ecclesiis,
2384 2459 2508 2514 quae
2530 2449 2697 2499 erant
2717 2445 2902 2501 sancti
2926 2445 3220 2513 illius,sub
3252 2448 3453 2501 nostra
3491 2444 3573 2500 di-

1929 2529 2085 2583 tione
2117 2530 2365 2601 pendere
2397 2531 2638 2603 darique
2668 2534 2944 2605 possibile
2985 2538 3185 2590 nostro
3234 2532 3575 2589 consisteret

1929 2616 2095 2673 velle.

1999 2706 2109 2761 Sed
2141 2707 2278 2778 quia
2308 2725 2398 2763 res
2430 2709 2768 2781 perspicuas
2801 2726 2951 2783 saepe
2982 2712 3263 2784 contingit
3316 2712 3573 2783 quadam

1929 2794 2244 2851 dubietatis
2280 2796 2527 2869 caligine
2559 2798 2850 2871 impediri,
2881 2800 3227 2856 verebamur
3271 2817 3344 2857 ne
3390 2800 3570 2869 illata,

1929 2883 2126 2940 subita
2156 2888 2213 2939 et
2238 2884 2569 2941 indiscussa
2598 2887 2833 2942 donatio
2865 2888 3231 2945 contraheret
3259 2888 3319 2944 in
3375 2892 3569 2961 poste-

1929 2989 2059 3027 rum
2093 2972 2312 3045 aliquid
2344 2974 2564 3029 sinistri
2587 2977 2646 3030 et
2665 2992 2736 3031 ne
2762 2975 2925 3031 ﬁeret
2947 2977 3298 3051 quandoque
3322 2979 3572 3034 semina-

1928 3061 2080 3116 rium
2113 3061 2369 3117 scandali
2402 3064 2521 3130 ;sed
2547 3063 2824 3135 quoniam
2848 3064 2993 3137 legis
3020 3066 3289 3137 praesidio
3311 3069 3368 3122 et
3387 3066 3568 3138 aequi-

1928 3150 2066 3205 tatis
2114 3149 2277 3206 lance
2333 3149 2392 3205 id
2424 3151 2609 3207 facere
2630 3153 3010 3222 conabamur,
3044 3154 3280 3211 statutis
3309 3154 3565 3212 induciis

1845 3223 1889 3289 C
1932 3237 2273 3294 distulimus
2303 3240 2455 3310 quod
2492 3241 2687 3295 sedem
2718 3245 2979 3298 nostram
3006 3247 3419 3316 repeteremus.
3452 3244 3566 3301 De-

1926 3327 2102 3398 nique
2131 3328 2525 3399 postmodum,
2561 3346 2676 3384 una
2704 3330 2955 3399 dierum,
2991 3332 3292 3388 convocari
3322 3332 3570 3390 fecimus

1926 3416 2109 3471 nostri
2136 3416 2272 3471 cieri
2305 3416 2637 3484 concilium,
2671 3419 2842 3488 cujus
2872 3420 2932 3473 in
2983 3420 3245 3476 medium
3295 3421 3574 3478 recitatur

1928 3504 2129 3577 petitio
2158 3505 2435 3560 abbatum
2460 3506 3172 3577 praedictorumBelatum
3197 3512 3285 3563 est
3304 3509 3573 3565 omnium

1929 3593 2028 3664 qui
2088 3593 2330 3648 aderant
2385 3594 2628 3649 concilio
2684 3594 2743 3649 id
2801 3611 2905 3649 nec
2954 3596 3152 3667 perﬁci
3184 3612 3290 3651 nec
3321 3595 3574 3651 stabiliri

1929 3697 2099 3753 posse
2122 3682 2344 3752 absque
2364 3682 2730 3737 testamentis
2747 3682 3021 3754 utrinque
3036 3699 3170 3738 cum
3184 3682 3571 3756 chirographo

1929 3771 2167 3826 notatis.
2200 3769 2418 3825 Horum
2448 3770 2702 3835 laude,et
2726 3770 3002 3843 petitione
3025 3775 3081 3827 et
3111 3772 3329 3827 arctius
3351 3771 3571 3829 caeteris

1930 3860 2145 3915 domno
2177 3858 2383 3914 abbate
2412 3859 2685 3915 Vuidrico
2719 3859 3409 3929 insistente,donavimus
3441 3877 3571 3917 san-

1931 3953 2023 4003 cto
2056 3947 2307 4019 Benigno
2333 3948 2449 4003 duo
2479 3947 2705 4013 altaria,
2735 3946 3001 4003 videlicet
3030 3949 3101 4005 de
3144 3948 3328 4005 Solvis
3377 3952 3574 4005 monte

1932 4040 1989 4092 et
2018 4036 2266 4092 Volferei
2285 4040 2538 4102 curte,eo
2566 4036 2808 4092 rationis
2828 4041 3026 4093 tenore
3044 4038 3306 4110 quandiu
3327 4037 3472 4094 inibi
3492 4054 3578 4095 re-

1932 4124 2215 4199 gulariter
2265 4124 2659 4181 celebraretur
2703 4127 2844 4181 ordo
2889 4126 3015 4181 vitae
3064 4125 3439 4196 monasticae;
3484 4126 3577 4184 sin

1931 4230 2122 4282 secus,
2157 4214 2458 4286 quoniam,
2491 4214 2636 4286 proh
2663 4213 2865 4271 dolori
2900 4218 3165 4288 potentes
3195 4215 3391 4273 saeculi
3430 4215 3577 4273 tales

1934 4320 2048 4358 non
2061 4302 2413 4376 suntquales
2444 4308 2579 4359 ante
2600 4303 2783 4359 habiti
2811 4305 3025 4371 sunt,si
3049 4305 3245 4362 forsan
3267 4306 3576 4379 episcopus

1932 4392 2314 4465 Singonensis
2345 4408 2448 4464 per
2476 4392 2816 4464 cupiditatis
2847 4391 3034 4449 zelum
3059 4395 3267 4451 usibus
3287 4395 3410 4451 suis
3431 4393 3579 4451 illud

1933 4481 2191 4552 rapuerit
2220 4481 2665 4550 monasterium,
2700 4481 2838 4548 sive,
2883 4480 3071 4553 pulsis
3117 4482 3324 4540 exinde
3371 4498 3582 4541 mona-

1854 4590 1900 4655 Β
1934 4569 2059 4625 chis
2092 4568 2776 4642 regularibus,pomposa
2804 4570 3162 4627 saecularitas
3185 4572 3340 4630 idem
3372 4574 3579 4630 subin-

1923 4658 2158 4730 troierit
2199 4658 2551 4725 ccsnobium,
2601 4659 2724 4714 haec
2755 4658 2981 4727 altaria,
3017 4659 3101 4715 illi
3134 4661 3403 4719 Ecclesiae
3441 4678 3578 4718 con-

1935 4765 2101 4804 cessa
2148 4748 2273 4803 sine
2318 4747 2437 4802 ulla
2488 4749 2902 4815 controversia,
2933 4749 3157 4819 absque
3182 4750 3587 4823 apostrophali

1933 4836 2292 4910 garrulitate,
2355 4837 2415 4890 in
2475 4841 2736 4893 nostram
2800 4837 3039 4892 redeant
3094 4840 3467 4907 potestatem.
3509 4837 3585 4893 Et

1937 4927 2077 4998 quia
2120 4926 2433 4981 thesaurus
2482 4942 2680 4981 rerum
2732 4925 2997 4981 omnium
3048 4926 3330 4980 memoria
3369 4929 3477 4990 est,
3512 4941 3586 4981 ne

1938 5014 2153 5087 posteri
2203 5013 2385 5068 nostri
2435 5013 2554 5067 ullo
2612 5013 3067 5084 perturbationis
3116 5029 3309 5069 errore
3363 5029 3585 5085 praepe-

1941 5103 2197 5167 diantur,
2234 5101 2331 5156 sed
2366 5101 2667 5156 conventio
2697 5100 2811 5157 ista
2840 5103 2967 5157 sine
2995 5100 3283 5158 velamine
3314 5101 3438 5156 ﬁeri
3468 5099 3588 5158 illis
3644 5110 3649 5115 ’

1940 5196 2141 5264 aperta
2197 5188 2500 5255 reveletur,
2560 5187 2682 5242 haec
2728 5193 3078 5246 testamenta
3124 5190 3183 5246 in
3245 5180 3587 5246 alterutram

1940 5285 2164 5353 partem
2198 5275 2588 5349 chirographo
2620 5280 2821 5332 notare
2854 5279 3119 5348 fecimus,
3153 5284 3217 5335 ut
3244 5278 3587 5352 comproba-

1938 5369 2096 5423 tione
2127 5366 2247 5424 veri
2270 5364 2595 5423 testimonii
2620 5365 2697 5420 sit
2722 5366 3059 5423 tenentibus
3090 5374 3147 5425 et
3167 5370 3368 5426 tollere
3389 5367 3587 5425 volen-

1941 5457 2111 5512 tibus
2142 5456 2391 5513 idoneus
2417 5453 2772 5510 defensionis
2796 5453 2983 5510 locus.

2016 5544 2266 5617 Signum
2299 5544 2592 5601 Brunonis
2621 5543 2937 5617 pontiﬁcis,
2972 5559 3152 5600 manu
3202 5547 3437 5620 propria
3483 5547 3593 5606 hoc

1939 5636 2358 5693 testamentum
2389 5632 2792 5695 conﬁrmantis
2820 5651 2834 5706 ;
2869 5633 3143 5692 S.domni
3174 5635 3405 5693 abbatis
3433 5636 3599 5696 Hali-

3198 5767 3273 5832 19
