3964 6206
218 370 333 437 589

930 366 1388 434 DIPLOMATA
1432 368 1644 429 DATA
1683 366 1890 428 ANTE
1936 365 2403 429 SUSCEPTUM
2450 364 2639 427 ROM.
2684 363 2918 429 PONT.

3511 365 3631 427 590

221 506 352 562 feni.
386 505 613 561 Praedia
641 506 796 577 apud
830 503 1096 574 Bonfagit
1124 502 1380 574 (Bon/ay)
1412 507 1469 556 et
1499 501 1823 557 Danvillam
1852 519 1863 565 ;
1897 502 1946 566 A
1988 499 2185 567 bui,ad
2216 499 2688 571 supplementum
2724 498 3123 569 eleemosynar.
3146 501 3398 569 quatuor
3426 495 3634 553 altaria

222 612 393 651 usum
407 593 568 650 silva
579 592 903 665 adjacentis
916 596 1104 648 castro
1118 608 1244 655 suo,
1267 591 1551 646 concessit
1565 590 1868 645 monachis

224 683 681 754 hominibusque
709 682 795 737 eis
824 680 1077 737 subditis
1118 680 1412 750 quomodo
1442 678 1532 733 sui
1567 682 1871 733 uterentur

221 772 389 828 servi.
422 771 609 827 Usum
639 770 819 825 etiam
842 767 1090 824 aliarum
1123 767 1401 822 silvarum
1429 772 1486 823 et
1516 782 1865 839 pascuarum

217 874 624 932 aquarumque
655 858 715 913 in
748 857 1023 913 omnibus
1052 857 1177 913 suis
1209 856 1463 928 praediis,
1496 855 1679 910 servis
1709 856 1865 924 ejus-

216 949 346 1004 dem
378 946 538 1003 cellas
568 945 860 1003 concessit
879 945 1098 1000 ibidem
1115 944 1512 1010 manentibus,
1542 947 1607 999 ut
1627 947 1872 998 utantur

213 1038 339 1094 sine
397 1035 559 1092 omni
605 1034 841 1090 servitio
897 1048 1058 1089 more
1113 1049 1356 1089 suorum
1405 1048 1726 1088 servorum.
1788 1030 1868 1086 De

215 1129 477 1182 mercato
522 1122 701 1179 etiam
743 1125 934 1177 castro
978 1138 1084 1176 suo
1126 1121 1424 1191 adjacente
1469 1120 1758 1175 concessit
1784 1118 1868 1174 eis

219 1213 515 1270 decimum
544 1209 876 1276 denarium,
910 1209 1132 1264 scilicet
1162 1209 1232 1263 de
1261 1207 1511 1273 teloneo,
1543 1208 1614 1262 de
1634 1207 1869 1277 justitia

218 1301 306 1357 vel
337 1302 411 1357 de
438 1299 592 1356 omni
610 1298 724 1354 alio
756 1298 1009 1353 redditu.
1032 1297 1225 1353 Unum
1255 1314 1324 1351 ex
1357 1296 1542 1351 furnis
1572 1296 1863 1351 banalem.

217 1389 517 1445 Widricus
538 1387 715 1442 etiam
739 1386 921 1442 abbas
952 1385 1199 1441 ccenobii
1231 1385 1428 1440 Sancti
1453 1385 1583 1457 Apri
1614 1383 1869 1455 plurima

215 1481 566 1535 ornamenta
580 1474 831 1531 contulit
843 1474 1131 1547 praedictae
1148 1473 1326 1537 cellae,
1341 1479 1398 1528 et
1415 1491 1443 1527 a
1454 1474 1568 1545 pud
1586 1472 1868 1528 Vallerias

213 1569 445 1623 vineam
468 1566 541 1620 ad
561 1566 822 1636 quinque
842 1579 1041 1619 carros
1070 1563 1212 1629 vini,
1237 1578 1365 1634 quae
1384 1562 1599 1616 dicitur
1619 1560 1868 1617 Clausus

217 1653 509 1714 Lamberti
541 1653 600 1708 in
622 1668 772 1725 pago
803 1651 1089 1708 Tullensi.
1121 1651 1422 1706 Concessit
1451 1666 1704 1722 quoque,
1732 1654 1797 1705 ut
1818 1649 1867 1705 si

221 1759 422 1802 servus
451 1743 511 1799 S.
560 1740 699 1813 Apri
732 1740 1018 1812 acciperet
1046 1756 1285 1795 uxorem
1316 1756 1383 1795 ex
1432 1738 1661 1799 ancillis
1689 1738 1868 1809 hujus

1980 605 2112 643 cum
2172 587 2296 644 suis
2343 588 2671 643 redditibus
2719 588 2907 642 eidem
2954 586 3079 641 loco
3123 585 3361 653 tradidi,
3412 586 3636 642 scilicet

1979 675 2158 730 altare
2189 675 2672 742 Totileni-curtis,
2706 674 2889 730 altare
2932 673 3374 730 Medonis-villze
3396 674 3631 746 (Medon-

1978 764 2146 833 ville),
2198 763 2379 819 altare
2430 764 2985 829 Faucaudis-curtis,
3032 763 3212 817 altare
3264 763 3335 818 de
3382 762 3627 819 ecclesia

1979 852 2173 906 Sancti
2198 852 2423 918 Hilarii,
2445 869 2512 907 ea
2533 852 2863 908 conditione
2890 852 3091 921 utjam
3112 852 3169 905 in
3201 850 3426 924 reliquo
3461 852 3625 907 dece-

1978 940 2252 995 dentibus
2278 941 2509 996 vicariis
2538 958 2653 995 non
2704 940 3090 1003 redimantur,
3137 940 3463 995 secundum
3496 957 3626 997 mo-

1979 1045 2100 1083 rem
2133 1027 2380 1084 aliarum
2431 1028 2830 1092 ecclesiarum,
2881 1028 2981 1083 sed
3015 1029 3087 1082 ab
3117 1044 3183 1083 eo
3232 1028 3329 1099 qui
3365 1027 3627 1084 coenobio

1977 1118 2273 1189 praefuerit
2316 1117 2510 1172 idonei
2558 1117 2754 1171 vicarii
2805 1115 3119 1188 eligantur,
3151 1118 3310 1171 etab
3356 1118 3628 1190 episcopo

1976 1222 2117 1260 cura
2173 1205 2257 1260 eis
2296 1205 2626 1260 animarum
2676 1205 3085 1259 tantummodo
3134 1204 3496 1277 injungatur.
3558 1206 3631 1262 Ut

1976 1300 2173 1348 autem
2198 1293 2287 1348 hae
2307 1298 2515 1347 nostrae
2534 1294 2947 1348 convenientia
2973 1293 3201 1348 firmius
3233 1294 3627 1364 stabiliantur,

1976 1381 2338 1437 decrevimus
2366 1382 2523 1435 omni
2556 1398 2708 1436 anno
2731 1381 3039 1435 duodecim
3063 1382 3331 1436 denarios
3363 1383 3627 1452 ejusdem

1977 1470 2143 1540 pretii
2177 1471 2247 1524 ad
2281 1470 2459 1525 altare
2488 1476 2542 1524 8.
2575 1470 2852 1541 Stephani
2905 1470 3263 1524 Leuchorum
3313 1470 3491 1537 sedis,
3525 1487 3628 1542 pro

1978 1560 2259 1613 memoria
2280 1559 2681 1630 subjectionis,
2714 1560 2773 1613 in
2822 1558 3226 1613 Puriticatione
3256 1562 3469 1613 sancta:
3502 1558 3629 1613 Ma-

1976 1647 2141 1713 rias,a
2158 1646 2267 1702 loci
2290 1648 2552 1717 ejusdem
2570 1646 2728 1703 cellae
2750 1648 3058 1719 praeposito
3073 1647 3339 1718 persolvi.
3354 1647 3414 1702 Si
3432 1652 3629 1703 autem

1979 1734 2191 1805 aliquis
2222 1752 2594 1791 succesorum
2618 1740 2952 1791 nostrorum
2972 1753 3073 1808 per
3094 1736 3466 1791 succedentia
3484 1740 3629 1791 tem-

222 1831 405 1897 cellze,
436 1831 657 1900 absque
678 1827 835 1884 omni
870 1828 1259 1900 refragatione
1285 1844 1413 1882 eam
1435 1831 1676 1893 teneret,
1711 1826 1869 1881 simi-
1900 1863 1948 1927 B
1980 1839 2120 1894 pora
2166 1824 2313 1878 hanc
2344 1824 2774 1896 eleemosynam
2826 1826 3122 1879 inﬁrmare
3153 1830 3254 1880 aut
3292 1824 3628 1897 infringere,

222 1921 473 1990 literque
529 1933 756 1973 servum
796 1915 977 1986 hujus
1028 1915 1250 1971 ancillze
1296 1916 1493 1972 Sancti
1538 1915 1671 1987 Apri
1720 1915 1873 1970 facta

217 2007 419 2064 stabili
439 2005 854 2062 communitate
872 2005 931 2059 in
963 2004 1303 2075 conjugium
1328 2003 1670 2074 susciperet.
1698 2004 1873 2058 Advo-

216 2096 430 2152 catiam
462 2100 660 2150 autem
701 2093 962 2165 praedicti
991 2092 1102 2149 loci
1133 2092 1459 2147 Walterius
1478 2092 1587 2147 sibi
1619 2096 1675 2147 et
1706 2091 1871 2147 uxori

216 2201 340 2241 sua:
368 2182 544 2239 Adila
571 2181 833 2247 retinuit,
851 2186 909 2238 et
928 2186 1062 2253 post
1077 2198 1176 2237 eos
1198 2181 1296 2236 uni
1317 2197 1557 2237 suorum
1572 2180 1868 2236 haeredum

220 2273 322 2346 qui
363 2273 555 2343 major
600 2274 744 2326 natu
795 2268 989 2324 fuerit.
1041 2269 1357 2324 Constituit
1406 2274 1602 2325 autem
1644 2285 1715 2324 ne
1764 2267 1865 2323 ulli

218 2377 463 2417 suorum
484 2359 784 2415 heredum
803 2356 955 2413 hanc
973 2357 1327 2413 advocatiam
1350 2358 1567 2413 tenenti
1590 2357 1866 2429 cuiquam

218 2451 284 2506 in
313 2448 658 2504 beneficium
676 2463 806 2503 eam
837 2447 976 2502 dare
1000 2447 1192 2511 liceat,
1228 2447 1327 2502 sed
1353 2446 1479 2518 ipse
1508 2462 1638 2501 eam
1669 2446 1730 2500 in
1761 2462 1868 2500 suo

218 2536 462 2593 domino
507 2535 824 2609 possideat,
879 2551 1008 2606 quas
1053 2539 1181 2607 post
1211 2552 1309 2590 eos
1348 2538 1419 2590 ad
1452 2534 1641 2589 filium
1691 2550 1866 2589 suum

218 2625 552 2682 Odelricum
574 2622 861 2691 deveniat,
882 2627 939 2678 et
960 2628 1092 2695 post
1108 2640 1242 2679 eum
1264 2624 1601 2695 quicunque
1632 2621 1867 2695 propin-

217 2713 392 2786 quior
418 2711 603 2768 haeres
635 2715 894 2767 castrum
944 2709 1323 2783 Daguliacum
1353 2711 1484 2781 jure
1522 2710 1864 2782 possederit,

214 2802 486 2861 eamdem
504 2798 863 2856 advocatiam
877 2804 1089 2855 teneat.
1104 2799 1409 2855 Summam
1432 2804 1628 2854 autem
1647 2797 1866 2853 servitii

214 2891 329 2949 sibi
344 2889 587 2962 suisque
600 2888 931 2954 haeredibus
949 2904 1052 2960 pro
1068 2888 1351 2943 memoria
1364 2887 1676 2943 advocatias
1689 2887 1866 2942 dandi

213 2979 495 3037 omnibus
535 2977 710 3033 annis
739 2976 964 3044 statuit,
1015 2980 1176 3032 extra
1205 2992 1383 3048 quam
1434 2974 1580 3031 nihil
1612 2974 1867 3047 amplius

212 3068 576 3141 requiratur,
605 3065 664 3121 id
710 3070 819 3131 est,
852 3064 1002 3121 duos
1049 3064 1267 3121 solidos
1315 3070 1557 3120 monetis
1602 3064 1866 3134 ejusdem

213 3157 350 3231 pagi
376 3157 439 3212 in
470 3156 619 3211 festo
641 3158 854 3210 sanctae
875 3153 1067 3209 Maria;
1095 3154 1166 3209 de
1187 3152 1455 3209 Candelis
1481 3171 1494 3221 ;
1527 3153 1597 3208 de
1614 3152 1867 3223 justitiis

1981 1910 2069 1965 vel
2127 1918 2329 1967 contra
2376 1914 2668 1982 justitiam
2728 1918 2939 1968 nostra:
2998 1914 3289 1969 devotioni
3338 1914 3632 1986 refragare

1980 2000 2247 2067 voluerit,
2283 2001 2562 2072 pastorali
2592 2002 2935 2057 auctoritate
2966 2008 3022 2056 et
3050 2002 3226 2057 etiam
3257 2001 3633 2057 anathemate

1980 2090 2416 2161 constringatur
2437 2096 2610 2161 atque
2633 2091 2704 2145 ad
2724 2091 3135 2146 rectitudinem
3158 2089 3345 2146 redire
3364 2094 3629 2162 cogatur.

1979 2178 2049 2232 Et
2106 2182 2169 2232 ut
2216 2178 2339 2233 haec
2397 2184 2598 2233 nostra
2654 2179 2888 2233 traditio
2943 2178 3168 2234 ﬁrmior
3220 2178 3309 2233 vel
3363 2177 3634 2233 stabilior

1979 2265 2284 2331 habeatur,
2331 2267 2482 2321 hanc
2523 2267 2785 2322 chartam
2843 2268 2902 2322 in
2950 2268 3260 2337 praesentia
3316 2271 3517 2322 nostra
3569 2266 3629 2321 in

1978 2354 2239 2425 plenaria
2268 2356 2487 2427 synodo
2520 2355 2747 2411 recitari
2795 2356 3060 2422 fecimus,
3094 2355 3459 2427 testibusque
3490 2356 3633 2411 sub-

1979 2443 2213 2514 scriptis
2234 2444 2621 2499 roborandam
2649 2444 3022 2512 tradidimus,
3055 2443 3229 2499 laude
3259 2449 3316 2499 et
3336 2460 3627 2499 consensu

1978 2531 2243 2586 omnium
2262 2530 2604 2587 clericorum
2630 2537 2982 2601 nostrorum,
3015 2548 3337 2603 omnesque
3362 2531 3461 2603 qui
3493 2531 3630 2586 huic

1978 2624 2187 2676 nostrae
2214 2621 2497 2676 sanctioni
2524 2621 2930 2677 rebellaverint
2952 2608 3230 2693 perpetuo
3261 2620 3631 2677 anathemate

1977 2726 2011 2764 a
2040 2711 2452 2765 communione
2499 2714 2710 2765 sancta?
2744 2710 3008 2766 Ecclesiae
3061 2712 3483 2782 separavimus,
3516 2709 3632 2766 nisi

1978 2799 2331 2869 resipuerint
2355 2804 2411 2853 et
2433 2799 2542 2853 Deo
2575 2799 2747 2872 digne
2778 2816 2880 2871 per
2910 2800 3310 2872 paenitentiam
3341 2798 3635 2856 satisfece-

1978 2886 2114 2940 rint.

2045 2993 2219 3061 (Quod
2233 2996 2793 3069 sequiturntramento
2804 2999 2857 3051 et
2874 2998 3146 3068 scriptura
3158 2997 3389 3068 paulum
3403 2995 3634 3069 differre

2421 3067 2638 3121 videtur
2658 3085 2692 3122 ιι
2708 3067 3190 3139 ρνκεεάεηιίὺαδζ)

2048 3153 2206 3208 Hanc
2238 3171 2471 3226 quoque
2501 3154 2912 3212 difﬁnitionem
2931 3157 3392 3229 praebendariam
3425 3161 3628 3212 aucto-

215 3226 419 3303 autem
450 3242 868 3301 clamationum
900 3258 1048 3313 quas
1081 3243 1429 3314 praepositus
1458 3242 1722 3312 ejusdem
1753 3239 1863 3297 loci
1897 3226 1939 3293 C
1978 3242 2274 3314 ritatequa
2290 3260 2467 3315 supra
2484 3226 3290 3317 omniadisposuimusjinter
3306 3245 3626 3302 monachos

216 3352 327 3409 per
355 3350 419 3390 se
449 3330 708 3407 potuerit
736 3330 1010 3397 diffinire,
1035 3329 1179 3385 nihil
1210 3332 1553 3386 advocatum
1585 3329 1873 3386 concessit

218 3424 509 3495 accipere.
534 3421 645 3477 Sed
664 3419 715 3476 si
734 3419 1056 3476 monachus
1073 3435 1188 3475 non
1205 3418 1419 3475 valeret
1442 3418 1871 3475 contumaciam

218 3511 474 3583 alicujus
496 3510 779 3575 evincere,
808 3509 1152 3565 advocatum
1175 3508 1286 3564 sibi
1310 3510 1369 3563 in
1393 3508 1749 3579 adjutorium
1773 3508 1871 3563 ad-

216 3598 532 3666 vocaverit,
548 3602 689 3654 tunc
707 3596 888 3652 trium
905 3596 1277 3653 denariorum
1297 3614 1616 3666 summam,
1631 3596 1877 3669 accipiat

222 3690 314 3745 ita
325 3692 522 3743 tamen
537 3690 602 3742 ut
612 3687 762 3743 duas
774 3690 969 3759 partes
984 3686 1269 3743 monacho
1280 3685 1494 3743 habere
1504 3686 1671 3759 prius
1684 3684 1875 3754 faciat,

224 3775 465 3847 reliqua
491 3773 683 3830 omnia
710 3764 1081 3846 dispositioni
1113 3774 1341 3831 abbatis
1362 3775 1560 3830 Sancti
1590 3772 1733 3846 Apri
1761 3790 1879 3829 cm-

220 3862 393 3921 nobii
446 3862 768 3919 ordinanda
825 3862 1130 3935 permittit.
1190 3864 1308 3936 Ego
1365 3880 1498 3920 vero
1558 3868 1746 3919 Bruno
1778 3862 1880 3918 Dei

219 3950 421 4026 gratia
445 3948 660 4023 presul
691 3949 992 4023 indignus,
1023 3967 1127 4022 pro
1156 3951 1312 4007 bona
1339 3950 1532 4008 fidelis
1558 3951 1666 4007 viri
1694 3951 1882 4006 inten-

222 4041 406 4108 tione,
459 4038 766 4095 ecclesiam
808 4039 954 4095 inibi
1003 4043 1406 4096 constructam
1437 4040 1555 4097 Deo
1599 4045 1656 4097 et
1704 4040 1883 4097 beatae

221 4127 424 4187 Maria:
454 4125 736 4194 dedicavi,
779 4143 1029 4200 eamque
1059 4146 1093 4185 a
1123 4129 1483 4199 subiectione
1531 4128 1785 4186 ecclesiae
1816 4128 1888 4185 de

222 4219 448 4275 domno
475 4215 706 4272 Valerio
739 4232 873 4271 cum
923 4218 1199 4273 omnibus
1247 4219 1608 4290 appendiciis
1640 4218 1764 4273 suis
1794 4234 1889 4274 re-

224 4306 413 4370 movi,
446 4310 502 4363 et
533 4302 821 4377 quidquid
843 4304 998 4362 infra
1020 4306 1237 4362 atrium
1259 4306 1589 4363 continetur
1617 4309 1891 4380 potestati

1977 3335 2035 3386 et
2064 3331 2429 3403 capellanum
2469 3334 2739 3390 ordinare
2787 3352 3021 3390 summa
3053 3352 3192 3407 pace
3225 3352 3359 3393 cum
3382 3334 3626 3392 consilio

1982 3420 2168 3492 ipsius
2182 3421 2423 3489 domini,
2439 3422 2537 3494 qui
2551 3422 2756 3478 cellam
2771 3428 3175 3480 construxerat
3187 3424 3628 3496 procuravimus

1980 3513 2037 3564 et
2067 3510 2276 3564 subtus
2298 3511 2587 3566 ascribere
2616 3512 2687 3566 ad
2709 3512 3054 3566 memoriam
3088 3517 3452 3583 posterorum
3492 3511 3632 3566 feci-

1985 3614 2139 3663 mus,
2172 3597 2394 3653 scilicet
2412 3599 2669 3671 quinque
2700 3601 2898 3655 modia
2918 3600 3196 3655 frumenti
3215 3616 3349 3654 cum
3377 3599 3632 3670 siligine,

1985 3685 2073 3741 vel
2105 3685 2264 3758 pisas,
2295 3686 2381 3740 vel
2415 3687 2578 3757 fabae,
2610 3704 2643 3743 v
2674 3688 2901 3743 modios
2932 3687 3135 3759 spelte,
3169 3688 3428 3759 quinque
3459 3703 3637 3741 anno-

1988 3792 2096 3840 naa,
2148 3773 2403 3845 privatas
2442 3776 2674 3840 missas,
2726 3776 2978 3848 primam
3028 3776 3271 3832 missam
3298 3776 3371 3831 ad
3425 3791 3639 3846 corpus

1990 3863 2269 3928 defuncti,
2301 3880 2493 3935 peras,
2528 3863 2786 3936 nuptias,
2830 3865 3266 3937 puriﬁcationes
3298 3864 3640 3934 mulierum,

1992 3950 2355 4024 sepulturam
2372 3951 2635 4008 albatoru
2648 3970 2723 4021 ω,
2744 3953 3161 4018 confessiones,
3181 3954 3396 4009 festum
3415 3956 3644 4007 sancta-

1996 4058 2128 4096 rum
2154 4041 2509 4109 animarum,
2535 4042 2756 4113 absque
2772 4041 3013 4098 candela
3040 4042 3101 4097 in
3132 4042 3394 4114 quinque
3422 4040 3643 4096 festivi-

1994 4129 2216 4186 tatibus
2265 4130 2641 4199 annualibus,
2687 4130 2950 4204 singulos
2978 4132 3273 4200 denarios,
3304 4131 3450 4187 etin
3499 4129 3646 4201 ipsis

1999 4218 2409 4275 festivitatibus
2452 4236 2584 4275 cum
2619 4220 2897 4276 fratribus
2937 4220 3309 4277 refectionem
3331 4218 3649 4291 eleemosy-

2000 4325 2137 4365 nam
2170 4308 2428 4364 defuncti
2479 4314 2765 4381 quantum
2792 4315 2954 4366 vivus
2996 4310 3314 4379 donaverit,
3345 4307 3651 4366 monachis

224 4394 660 4452 monachorum
681 4393 923 4463 subjeci,
947 4399 1005 4450 et
1026 4395 1895 4468 auctoritateapostolicainter-
2002 4402 2199 4454 autem
2247 4414 2498 4469 quorum
2554 4398 2800 4456 ecclesia
2847 4403 2936 4455 est
2982 4398 3213 4473 reliqua
3264 4399 3463 4456 omnia
3509 4414 3652 4454 con-

226 4483 357 4541 dixi
387 4487 453 4539 ut
474 4481 676 4538 nullus
704 4482 899 4555 aliquo
922 4484 1231 4540 temerario
1252 4501 1426 4553 ausu,
1448 4485 1567 4541 sive
1586 4484 1895 4557 episcopus

2004 4489 2294 4544 cessimus
2320 4506 2332 4556 ;
2366 4493 2424 4543 et
2453 4504 2656 4544 omnes
2688 4489 2789 4561 qui
2820 4489 2958 4545 huic
2998 4489 3352 4546 ordinationi
3383 4488 3656 4545 obviavc-

226 4578 339 4631 aut
368 4571 637 4645 quilibet,
673 4570 733 4626 in
781 4570 908 4628 loco
940 4572 1041 4629 illo
1090 4573 1161 4628 de
1191 4572 1389 4645 aliqua
1435 4573 1709 4630 violentia
1746 4574 1898 4631 infra
1928 4594 1975 4659 D
2007 4577 2145 4644 rint,
2177 4577 2288 4632 sub
2320 4582 2598 4651 perpetuo
2624 4579 2997 4636 anathemate
3025 4580 3455 4637 damnavimus.

200 4662 459 4720 atrium
491 4660 645 4716 facta
684 4660 985 4732 justitiam
1017 4666 1267 4734 expetat,
1315 4663 1429 4719 nisi
1472 4663 1742 4718 monachi
1796 4679 1899 4735 per

230 4750 529 4807 vicarium
563 4763 740 4805 suum
772 4747 1171 4817 clamaverint,
1194 4756 1297 4807 aut
1326 4750 1506 4823 aliqui
1537 4751 1781 4825 maligni
1812 4768 1900 4808 re-

227 4838 590 4898 bellaverint
615 4854 633 4906 ;
664 4838 724 4893 in
748 4854 866 4910 qua
887 4837 1135 4896 ecclesia
1162 4840 1278 4896 tria
1309 4839 1518 4896 altaria
1547 4846 1903 4913 constructa,

228 4935 293 4988 et
322 4946 362 4985 a
389 4927 560 4984 nobis
582 4926 911 4996 benedicta,
932 4927 1245 5003 ipsamque
1265 4928 1567 5003 privilegio
1589 4929 1905 4986 auctorita-

2079 4668 2312 4736 Signum
2341 4667 2649 4724 Gebisonis
2681 4668 2992 4741 primicerii
3026 4676 3083 4726 et
3113 4669 3462 4727 cancellarii.

2080 4756 2195 4826 Sig.
2225 4756 2505 4828 Stephani
2528 4758 2944 4815 archidiaconi.

2083 4845 2197 4917 Sig.
2230 4845 2465 4901 Roberti
2496 4845 2909 4903 archidiaconi.

2086 4934 2242 5003 Sign.
2270 4933 2516 4989 Widrici
2549 4934 2961 4992 archidiaconi.

238 5019 324 5075 tis
336 5014 676 5089 apostolica
690 5032 824 5072 cum
839 5016 1073 5073 vinculo
1086 5023 1380 5090 perpetuae
1395 5015 1786 5075 anathematis
1798 5019 1906 5076 hac

235 5107 522 5163 libertate
543 5104 779 5172 donavi,
802 5109 869 5161 ut
890 5122 1062 5162 nemo
1085 5107 1355 5179 deinceps
1378 5124 1446 5164 ea
1466 5107 1782 5180 infringere
1802 5126 1909 5165 nec

241 5193 515 5268 sigillare
562 5197 666 5249 aut
710 5191 770 5249 in
830 5194 918 5250 eis
965 5194 1164 5251 divina
1217 5195 1411 5252 officia
1455 5194 1744 5252 celebrare
1797 5197 1910 5253 nisi

240 5281 645 5358 permissione
677 5285 782 5338 aut
819 5281 1090 5353 jussione
1119 5283 1540 5340 monachorum
1570 5292 1907 5357 praesumat.

239 5374 321 5429 Et
351 5371 454 5444 qui
483 5370 719 5427 exlrain
737 5377 931 5428 castro
950 5371 1109 5429 velin
1127 5373 1407 5430 suburbio
1429 5376 1908 5442 commanserint,

245 5458 623 5536 parochiales
653 5460 921 5531 ejusdem
953 5461 1206 5518 ecclesias
1236 5467 1293 5519 et
1320 5462 1588 5519 subditos
1614 5463 1827 5520 vicario
1856 5468 1913 5520 et

248 5548 565 5609 monachis
598 5565 701 5622 per
715 5549 918 5606 omnia
929 5564 1055 5606 esse
1073 5551 1321 5608 decrevi.
1342 5552 1622 5609 Praeterea
1640 5569 1743 5626 pro
1758 5552 1910 5610 bono

250 5639 473 5715 eﬂectu
501 5653 684 5719 quem
709 5655 852 5721 erga
880 5638 1078 5715 ipsum
1106 5645 1163 5702 et
1191 5641 1388 5702 Sancti
1415 5641 1554 5719 Apri
1580 5640 1775 5700 locum
1801 5641 1910 5700 ha-

2086 5023 2241 5092 Sz'gn.
2276 5021 2553 5077 Rainardi
2586 5038 2740 5079 com.

2086 5113 2238 5183 Sign.
2272 5109 2560 5165 Conraudi
2586 5126 2736 5166 com.

2090 5203 2256 5255 Anno
2302 5196 2676 5269 pontificatus
2724 5198 2947 5255 domini
2997 5201 3291 5257 Brunonis
3337 5217 3454 5269 xxx,
3506 5200 3672 5259 urbis

2020 5288 2232 5346 comite
2262 5284 2553 5342 Rainardo
2569 5285 2805 5356 juniore
2826 5305 2838 5355 ;
2863 5288 3222 5360 Segettensis
3252 5289 3385 5362 pagi
3417 5288 3518 5345 ubi
3547 5288 3678 5361 ipsa

2019 5377 2165 5434 cella
2195 5378 2307 5433 sita
2336 5378 2444 5441 est,
2478 5374 2687 5430 comite
2717 5374 2959 5432 Ricuino
2982 5377 3238 5448 juniore.

2092 5467 2208 5537 Ego
2240 5464 2587 5521 Lambertus
2630 5462 2801 5521 levita
2849 5465 2921 5520 ad
2952 5465 3136 5521 vicem
3187 5468 3385 5522 domni
3439 5467 3678 5524 Gebizo-

2021 5554 2113 5611 nis
2143 5553 2460 5629 primicerii
2493 5557 2551 5612 et
2581 5552 2911 5612 cancellarii
2942 5559 3180 5629 rogatus
3216 5555 3429 5630 scripsi
3453 5562 3510 5615 et
3538 5557 3683 5617 sub.

2023 5642 2252 5719 scripsi.
