3974 6206
343 314 455 404 ἓ91

729 553 850 609 dem
879 570 1005 609 cum
1034 558 1198 612 ίηίιίυ
1221 553 1576 632 diplomatis.)

356 726 361 729 _
408 657 523 727 Ego
543 657 735 714 Bruno
751 658 851 714 Dei
870 661 1060 732 gratia
1082 663 1447 721 Leuchorum
1476 667 1687 738 praesul
1705 667 1983 743 indignus

335 742 656 818 subscripsi
688 750 745 802 et
771 746 1015 820 signavi.

404 830 642 905 Signum
670 833 931 909 Hugonis
961 840 1029 896 de
1052 846 1193 915 Cysa
1219 844 1359 899 urbe
1388 844 1687 900 Italorum.

404 918 562 991 δέρη.
593 922 939 983 Herberardi
963 929 1111 1001 (H9)
1134 932 1557 1006 archiepiscopi
1586 934 1976 992 Trevirorum.

403 1008 555 1082 Sign.
584 1013 1007 1074 Adhelberonis
1030 1020 1304 1077 Metensis
1334 1022 1511 1094 episc.

402 1097 558 1183 δέρη.
592 1101 932 1162 Theoderici
953 1108 1100 1181 (120)
1127 1109 1516 1167 Virdunensis
1546 1112 1824 1186 episeOpi.

403 1188 557 1260 δέρη.
590 1190 853 1265 Hugonis
882 1195 1330 1269 Chrisopolitani
1363 1199 1803 1272 archiepiscopi.

402 1286 563 1362 δέρη.
597 1289 843 1348 Widrici
872 1293 1101 1351 abbatis
1132 1296 1318 1351 sancti
1352 1297 1501 1368 Apri.

402 1376 557 1449 δέρη.
592 1368 848 1437 Herberti
875 1383 1214 1455 primicerii.

401 1465 555 1538 δέρη.
583 1468 845 1527 Herberti
875 1470 1289 1529 archidiaconi.

399 1604 575 1684 (119)
607 1611 653 1666 ΙἸ
685 1629 758 1669 ne
787 1612 873 1669 fut
905 1613 1009 1671 fait
1040 1616 1394 1689 archevéque
1424 1617 1593 1689 qu’en
1625 1618 1783 1672 4047.

1405 356 1468 417 S.
1514 359 1793 420 LEONIS
1839 358 1918 421 IX
1968 359 2194 423 PAPIE
2237 366 2671 429 OPUSCULA.

341 476 526 550 (Quod
555 470 806 564 sequitur
832 487 1507 564 estatragneatipripiz'tivi
1527 499 1577 564 et
1609 510 1800 545 manus
1830 494 1974 564 ejus-
2007 499 2057 562 Α

3618 364 3735 434 592

2162 498 2311 565 Χέθη.
2347 498 2599 554 Valtlicri
2635 502 2889 558 comitis.

2159 588 2313 656 δέρη.
2350 588 2622 643 ltainardi
2657 591 2907 647 comitis.

2159 675 2318 743 Sign.
2354 676 2601 732 Odelriei
2633 680 2883 736 comitis.

2158 764 2315 832 Sign.
2351 764 2589 820 alterius
2620 766 2876 824 Oderrici
2898 768 3147 826 comitis.

2159 850 2313 921 Sign.
2347 852 2577 909 llenriei
2610 856 2896 912 advocati.

2159 938 2313 1007 δέρη.
2346 941 2664 998 Gomberti.

2159 1028 2292 1093 δέρη
2344 1029 2629 1087 Norberti.

2159 1119 2309 1187 δέρη.
2348 1118 2696 1176 Reimbaldi.

2160 1209 2297 1259 Data
2328 1212 2465 1261 sunt
2484 1209 2605 1263 haec
2626 1227 2778 1266 anno
2800 1212 2870 1266 ab
2895 1214 3291 1269 incarnatione
3321 1212 3554 1268 Domini
3574 1213 3735 1285 1043,

2086 1292 2399 1351 indictione
2428 1314 2491 1364 ιι,
2523 1305 2726 1369 epaeta
2766 1317 2880 1369 xw,
2925 1305 3307 1358 concurrente
3336 1320 3414 1369 v1,
3455 1307 3737 1376 regnante

2088 1383 2329 1439 llenrico
2363 1388 2617 1440 secundo
2652 1389 3049 1447 Romanorum
3080 1397 3367 1465 Augusto.

2161 1619 2308 1685 (120)
2342 1617 2379 1671 ll
2416 1634 2485 1673 ne
2517 1618 2604 1674 fut
2641 1620 2802 1675 aussi
2834 1623 3050 1694 éveque
3081 1625 3252 1696 qu’en
3288 1628 3444 1683 1047.

1504 1775 3737 1808 mm

1235 1923 1841 2024 SANCTI
1938 1922 2543 2024 LEONIS
2645 1927 2827 2026 IX

1631 2113 1935 2174 ROMANI
1988 2112 2431 2175 PONTIFICIS

503 2244 1346 2418 EPISTOLjE
1442 2289 1640 2414 ET
1749 2285 2485 2431 DECRETA
2598 2288 3546 2425 PONTIFICIA

1123 2618 1165 2672 Ι.

327 2692 520 2779 Leonis
567 2707 634 2779 IX
674 2721 840 2778 papa,“
886 2706 1037 2761 bulla
1085 2722 1193 2778 qua
1240 2708 1476 2763 Berardo
1504 2709 1545 2779 I,
1596 2709 1848 2776 Far/“ensi
1888 2710 1979 2762 ab-

398 2778 529 2844 bati,
560 2778 782 2851 ejusque
828 2779 1178 2842 monasterio,
1232 2779 1388 2847 bona,
1415 2780 1546 2849 jura
1576 2796 1641 2835 ac
1681 2781 1975 2851 privilegia

396 2848 589 2905 omnia
611 2848 921 2917 conﬁrmat.

946 2955 1144 3025 (Anno
1177 2956 1333 3011 1049.
1360 2957 1375 3027 )

505 3042 845 3116 [Muratori,
877 3045 1000 3099 Rer.
1033 3044 1156 3099 Ital.
1214 3044 1409 3116 Script.
1436 3046 1506 3115 Il,
1540 3064 1600 3113 ιι,
1632 3048 1790 3115 585.]

399 3152 512 3207 Leo
542 3151 874 3225 episcopus,
922 3167 1124 3207 servus
1168 3167 1468 3207 servorum
1508 3152 1628 3220 Dei,
1674 3152 1882 3208 dilecto
1912 3152 1972 3207 in

329 3240 559 3297 Christo
577 3239 695 3295 tilio
710 3242 1000 3307 Baaanno,
1022 3240 1217 3295 abbati
1278 3242 1615 3296 monasterii
1636 3243 1789 3313 quod
1815 3241 1974 3313 poni-

331 3335 429 3407 tur
455 3331 515 3387 in
547 3330 776 3400 Pharl'a,
802 3329 1036 3402 tuisque
1058 3331 1496 3385 successoribus
1516 3330 1572 3384 in
1606 3335 1973 3402 perpetuum,

330 3404 669 3494 perpetuam
704 3419 763 3474 in
795 3419 1041 3475 Domino
1073 3418 1343 3483 salutem,

322 3579 329 3589 ο
398 3509 541 3564 Cum
574 3509 684 3581 piae
717 3510 1026 3581 petitiones
1069 3508 1286 3563 nostris
1334 3507 1576 3563 auribus
1607 3507 1976 3565 inculcantur

324 3598 489 3671 decet
518 3614 626 3654 nos
656 3614 968 3654 assensum
1016 3596 1291 3669 praebere,
1325 3601 1382 3653 et
1419 3596 1636 3651 talibus
1669 3596 1975 3653 desideriis

323 3704 437 3743 non
450 3670 753 3755 resultare,
774 3686 1054 3758 quatinus
1067 3702 1230 3741 saera
1244 3683 1494 3741 locatam
1505 3684 1742 3756 poribus
1757 3687 1973 3741 nostris

321 3776 629 3853 proficiant
649 3780 706 3832 et
725 3779 1069 3849 augeantur,
1089 3780 1146 3830 et
1172 3775 1230 3828 in
1255 3773 1436 3840 nullo,
1471 3775 1624 3845 quod
1658 3775 1811 3830 absit
1830 3774 1842 3828 l
1864 3774 1972 3829 mi-

322 3870 599 3922 nuantur.
624 3865 807 3937 Igitur
822 3864 961 3937 quia
977 3863 1207 3936 petistis
1223 3880 1256 3917 a
1272 3864 1440 3918 nobis
1474 3862 1750 3935 quatinus
1784 3881 1853 3918 ex
1880 3880 1975 3919 no-

320 3960 443 4019 stra
468 3954 736 4029 largitate
767 3958 1082 4023 nostroque
1108 3953 1259 4007 dono
1291 3952 1741 4007 concederemus
1769 3955 1971 4007 vestra:
2001 3988 2043 4054 Ο

320 4043 684 4122 religiositati
711 4041 1049 4098 monasterii
1072 4044 1243 4096 vestri
1274 4042 1797 4109 conlirmationem,
1821 4042 1968 4111 ejus-

322 4130 575 4205 demque
606 4131 908 4199 honorem,
941 4147 1071 4202 quae
1101 4129 1277 4183 habet
1306 4130 1499 4195 modo,
1531 4134 1588 4184 et
1625 4130 1967 4185 habiturum

322 4216 412 4295 est
440 4221 497 4275 in
531 4223 902 4292 perpetuum,
928 4217 1196 4272 videlicet
1216 4218 1465 4272 fundum
1486 4218 1740 4273 Massam
1763 4218 1820 4272 in
1853 4236 1967 4291 quo

322 4313 413 4365 est
427 4307 670 4364 ecclesia
680 4307 874 4362 Sancti
886 4305 1199 4363 Valentini.
1216 4306 1295 4359 Ex
1309 4306 1487 4359 fundo
1502 4306 1752 4361 Muciani
1766 4308 1968 4363 uncias

320 4378 459 4454 tres.
493 4397 763 4453 Fundum
781 4396 1116 4459 Paternum,
1149 4393 1206 4448 in
1241 4410 1355 4464 quo
1386 4399 1475 4448 est
1501 4394 1745 4449 ecclesia
1772 4396 1966 4450 Sancti

318 4485 630 4542 Johannis.
664 4483 934 4539 Fundum
973 4481 1426 4537 Barbonianum.
1479 4482 1744 4537 Fundum
1774 4483 1964 4554 Septi-

322 4574 503 4631 niani.
535 4574 806 4631 Fundam
830 4570 1120 4645 Pipiliani.
1156 4571 1425 4625 Fundum
1460 4570 1656 4642 Agelli.
1694 4572 1964 4626 Fundum

321 4663 593 4721 Mutellze.
619 4663 889 4720 Fundam
906 4660 1224 4716 Loriniani.
1241 4660 1507 4714 Fundum
1531 4659 1791 4715 Urbanaa.
1818 4662 1963 4716 Fun-

318 4757 460 4812 dum
477 4751 834 4810 Bucciniani.
864 4750 1134 4805 Fundum
1153 4748 1450 4805 Albuciani
1478 4768 1490 4817 ;
1511 4755 1567 4804 et
1589 4749 1734 4805 alios
1754 4750 1964 4804 fundos

316 4862 450 4901 cum
482 4838 1000 4910 domibus,vineis,
1025 4838 1253 4894 olivetis
1272 4843 1447 4909 atque
1477 4837 1716 4893 colonis.
1750 4839 1966 4895 Conﬁr-

317 4950 550 4991 mamus
571 4938 765 4988 autem
782 4930 947 4986 vobis
959 4928 1281 4999 vestrisque
1297 4927 1734 4983 successoribus
1751 4945 1965 5001 pramo-

317 5025 570 5079 minatos
588 5021 819 5086 fundos,
852 5018 939 5074 vel
959 5018 1183 5082 uncias,
1205 5033 1308 5071 seu
1336 5015 1608 5072 ecclesias
1630 5032 1761 5070 cum
1786 5016 1961 5084 casis,

312 5113 520 5179 vineis,
550 5111 753 5185 pratis,
773 5108 958 5176 silvis,
992 5105 1235 5174 salictis,
1264 5121 1369 5159 nec
1400 5122 1513 5159 non
1543 5105 1876 5177 aquimolis,
1908 5115 1964 5161 et

315 5202 602 5259 universis
631 5195 1078 5272 appendicibus,
1127 5193 1347 5250 colonis
1376 5199 1549 5264 atque
1583 5193 1839 5260 familiis,
1871 5196 1960 5251 vel

313 5290 590 5345 omnibus
616 5286 688 5343 ad
706 5303 804 5341 eos
825 5284 1174 5359 generaliter
1194 5287 1251 5337 et
1267 5286 1322 5336 in
1342 5281 1633 5353 integrum
1664 5282 1961 5352 pertinen-

1997 2623 2044 2687 B
2148 2620 2407 2675 Romano
2426 2621 2624 2691 etiam,
2648 2625 2704 2676 et
2729 2622 3016 2690 Tuscano,
3037 2638 3356 2694 omnesque
3373 2625 3738 2695 adjacentias

2086 2710 2349 2778 ejusdem
2386 2711 2722 2765 monasterii
2755 2714 2929 2782 atque
2959 2710 3361 2782 pertinentias,
3409 2730 3542 2769 cum
3575 2714 3742 2772 omni

2086 2797 2416 2868 integritate
2438 2797 2810 2852 concedimus
2832 2798 3161 2866 detinenda,
3186 2802 3306 2855 tam
3327 2817 3394 2856 ea
3415 2819 3542 2873 quae
3561 2804 3742 2861 modo

2077 2885 2240 2956 juste
2261 2888 2594 2957 POSthiCLiS,
2618 2903 2793 2957 quam
2817 2902 2883 2941 ea
2901 2903 3025 2958 quae
3049 2887 3108 2942 in
3130 2886 3415 2958 futurum,
3450 2890 3744 2965 largiente

2085 2972 2353 3040 Domino,
2387 2973 2689 3044 potueritis
2713 2975 3015 3046 acquirere
3044 2980 3106 3031 tu
3141 2981 3199 3032 et
3227 2994 3597 3038 successores
3631 2983 3745 3051 tui,

2085 3061 2253 3115 sicuti
2305 3078 2406 3133 per
2465 3061 2763 3133 privilegia
2795 3068 3005 3119 sanctae
3060 3066 3478 3125 recordationis
3534 3070 3748 3126 domni
3834 3094 3843 3099 ν

2086 3150 2321 3205 Adriani
2354 3150 2650 3220 quondam
2682 3168 2865 3222 papae,
2897 3158 2954 3207 et
2986 3152 3170 3222 Pauli,
3203 3155 3392 3211 eidem
3424 3159 3748 3216 venerabili

2085 3239 2439 3293 monasterio
2472 3239 2817 3295 confirmata
2847 3245 3006 3310 sunt,
3041 3247 3454 3314 permanenda.
3490 3251 3570 3303 De
3607 3248 3749 3305 telo-

2085 3327 2209 3382 neis
2241 3343 2473 3398 quoque
2525 3333 2931 3398 mercatorum,
2964 3335 3022 3386 et
3068 3332 3356 3403 pontium,
3390 3340 3446 3389 et
3476 3337 3746 3395 decimas

2084 3415 2153 3469 ad
2191 3415 2608 3470 monachorum
2634 3416 2925 3488 stipendia
2944 3423 3000 3473 et
3030 3436 3356 3492 pauperum
3389 3423 3515 3479 dari
3539 3443 3572 3480 a
3604 3444 3748 3499 prm-

2084 3503 2231 3558 senti
2249 3503 2505 3558 secunda
2528 3504 2841 3560 indictione
2859 3510 2968 3560 tuae
2982 3507 3347 3579 religiositati
3364 3511 3603 3584 tuisque
3619 3531 3745 3570 suc-

2082 3592 2414 3648 cessoribus
2435 3592 2746 3648 abbatibus
2760 3594 2934 3650 vestri
2950 3597 3288 3653 monasterii
3310 3598 3369 3654 in
3385 3600 3741 3672 perpetuum

2083 3682 2478 3747 concedimus,
2512 3698 2578 3736 ex
2609 3681 2828 3737 eisdem
2861 3685 3137 3741 omnibus
3165 3688 3607 3760 percipiendas;
3635 3708 3741 3747 nec

2084 3786 2199 3824 non
2230 3775 2286 3825 et
2315 3769 2635 3825 oblationes
2658 3776 3041 3828 mortuorum.
3066 3775 3398 3831 Statuentes
3415 3779 3743 3849 apostolica

2082 3874 2330 3913 censura
2353 3875 2421 3912 ex
2438 3858 2783 3914 auctoritate
2802 3860 2955 3915 beati
2977 3861 3128 3917 Petri
3158 3862 3557 3935 apostolorum
3579 3868 3740 3939 prin-

2083 3946 2229 4017 cipis
2258 3947 2367 4002 sub
2400 3946 2611 4002 divinis
2633 3949 3120 4005 obtestationibus
3142 3955 3199 4006 et
3227 3952 3622 4010 anathematis
3644 3957 3736 4010 in-

2083 4035 2547 4103 terdictionibus,
2567 4036 2782 4092 utnulli
2800 4055 3061 4109 unquam
3075 4043 3409 4096 nostrorum
3434 4059 3736 4099 successo-

2080 4142 2210 4179 rum
2242 4125 2604 4196 pontilicum,
2637 4125 2722 4180 vel
2747 4126 2869 4181 alizs
2897 4127 3137 4183 cuilibet
3161 4146 3386 4202 magna;
3427 4148 3737 4203 parvasque

2079 4230 2362 4286 personae,
2396 4214 2525 4285 ipsa
2553 4215 2975 4287 praenominata
3003 4215 3132 4273 loca
3159 4218 3247 4273 vel
3279 4236 3406 4291 quas
3439 4219 3496 4274 in
3529 4224 3736 4291 poste-

2078 4319 2233 4367 rum,
2267 4302 2584 4357 auxiliante
2613 4303 2750 4371 Deo,
2783 4309 2971 4361 vestro
3005 4308 3357 4362 monasterio
3383 4307 3596 4362 fuerint
3627 4323 3732 4361 ac-

2079 4392 2316 4463 quisita,
2375 4392 2547 4448 sicuti
2577 4410 2754 4465 supra
2811 4401 2950 4450 sunt
2979 4395 3265 4465 instituta,
3296 4413 3330 4450 a
3359 4398 3639 4467 potestate
3669 4399 3731 4449 et

2077 4480 2296 4536 ditione
2327 4486 2520 4537 vestra
2534 4487 2979 4555 vestrorumque
3001 4500 3422 4550 successorum,
3455 4498 3520 4537 ac
3540 4482 3731 4538 vestri

2077 4570 2414 4625 monasterii
2438 4571 2666 4626 auferre
2688 4571 2772 4626 vel
2796 4572 3053 4629 alienare
3074 4589 3303 4646 quoquo
3325 4569 3499 4627 modo
3527 4568 3731 4628 liceat.

2075 4658 2129 4712 Si
2163 4675 2290 4729 quae
2322 4663 2516 4714 autem
2542 4660 2850 4717 temerario
2872 4679 3020 4719 ausu
3052 4678 3263 4735 magna
3283 4677 3576 4733 parvaque
3599 4678 3735 4733 per-

2075 4762 2219 4801 sona
2249 4752 2452 4802 contra
2505 4747 2614 4803 hoc
2646 4755 2911 4805 nostrum
2972 4750 3341 4824 privilegium
3373 4766 3545 4823 agere
3573 4764 3733 4821 prm-

2075 4835 2414 4907 sumpserit,
2438 4836 2583 4891 sciat
2597 4853 2657 4892 se
2675 4837 3064 4896 anathematis
3081 4838 3313 4896 vinculo
3339 4856 3468 4895 esse
3487 4838 3735 4895 innoda-

2073 4928 2215 4990 tam,
2249 4928 2306 4978 et
2336 4941 2370 4978 a
2399 4940 2574 4997 regno
2596 4925 2694 4980 Dei
2711 4926 2984 4996 alienam,
3004 4935 3062 4985 et
3082 4923 3215 4984 cdm
3231 4928 3510 4984 omnibus
3527 4922 3738 5000 impiis

2073 5017 2284 5068 aeterno
2302 5012 2567 5069 incendio
2589 5031 2654 5068 ac
2676 5016 2960 5087 supplicio
2993 5018 3467 5073 condemnatam.
3491 5020 3566 5071 At
3593 5032 3735 5073 vero

2074 5101 2171 5173 qui
2205 5103 2300 5173 pio
2332 5102 2548 5157 intuitu
2594 5109 2828 5159 curator
2856 5110 2913 5160 et
2966 5108 3304 5162 observator
3333 5105 3511 5177 hujus
3542 5106 3733 5162 nostri

2071 5191 2931 5265 privilegiiexstiterit,gratiam
2950 5199 3125 5266 atque
3151 5194 3618 5250 misericordiam
3643 5194 3735 5250 vi-

2072 5285 2310 5350 tamque
2340 5285 2617 5334 aeternam
2648 5298 2681 5336 a
2730 5282 3285 5341 misericordissimo
3330 5283 3578 5339 Domino
3612 5283 3732 5340 Deo

312 5378 494 5443 tibus,
521 5354 1007 5446 sicuti'primitus,
1035 5379 1263 5429 etnune
1279 5371 1350 5426 ab
1382 5370 1509 5442 ipso
1539 5376 1726 5425 vestro
1760 5388 1960 5427 mona-
1993 5354 2038 5417 D
2070 5373 2270 5423 nostro
2315 5368 2591 5438 consequi
2639 5375 2930 5427 mereatur
2978 5372 3037 5428 in
3087 5371 3304 5428 saecula
3351 5371 3730 5443 saeculorum,

313 5456 489 5521 sterio
521 5479 796 5536 possessa
815 5461 1163 5518 sunttamin
1185 5460 1468 5516 comitatu
1494 5458 1823 5529 Sabinensi,
1855 5476 1961 5516 nec

313 5569 429 5608 non
451 5556 509 5606 et
534 5549 864 5618 Narniensi,
894 5552 1016 5605 sive
1038 5549 1097 5604 in
1117 5549 1398 5603 comitatu
1418 5546 1676 5613 Reatino,
1705 5546 1792 5603 vel
1818 5549 1959 5605 Fur-

314 5638 580 5710 coniano,
593 5635 899 5708 Asculano,
913 5638 1208 5704 Firmano,
1221 5633 1579 5709 Aprutiensi,
1592 5639 1648 5694 et
1660 5635 1718 5691 Pi
1728 5636 1956 5707 nnensi,

2071 5462 2280 5511 Amen.

2140 5542 2435 5615 Scriptum
2465 5560 2567 5616 per
2583 5562 2795 5604 manus
2811 5548 2958 5604 Petri
2983 5551 3277 5610 scriniarii
3310 5551 3463 5609 sacri
3495 5549 3728 5625 palatii,

2068 5637 2128 5696 in
2159 5651 2357 5694 mense
2388 5638 2445 5694 et
2474 5635 2790 5695 indictione
2815 5643 3089 5701 secunda.
