3974 6206
357 379 473 442 595

1430 390 1494 451 S.
1543 387 1821 453 LE'iNIS
1866 388 1944 453 IX
1991 390 2217 452 PAPIE
2260 390 2691 455 OPUSCULA.

3646 392 3777 461 896'

356 524 411 575 et
440 520 754 577 instructos
786 520 1093 583 ordinavit.
1148 525 1203 577 et
1225 521 1361 579 illuc
1418 524 1489 579 ad
1558 526 1992 597 praedicandum
2027 526 2078 591 Α
2108 523 2306 579 nensis
2362 524 2627 580 Ecclesia
2659 526 2998 584 auctoritate
3029 526 3139 585 hoc
3169 528 3467 587 decretum
3498 529 3762 601 laudavi,

354 609 581 664 direxit.
616 612 676 665 In
712 611 924 680 quibus
953 612 1270 683 privilegiis
1301 615 1474 669 etiam
1510 616 1842 686 antiquiora
1873 613 1990 686 pri-

351 699 563 765 vilegia
594 700 860 755 incendio
876 710 1667 776 memoranturconsumpta;
1699 721 1826 775 qua
1859 720 1996 774 pra-

355 788 671 844 nominatis
712 790 931 844 sanctis
953 780 1270 863 eorumque
1303 793 1759 855 successoribus,
1792 792 1847 845 id
1905 795 1995 845 est

356 878 1446 947 Agritio,Maximino,Paulino.Severo
1486 881 1755 935 almiﬁcis
1787 880 1991 952 utique

354 966 579 1035 viris,a
618 968 935 1037 primordio
990 971 1321 1025 authentice
1374 988 1649 1025 concessa
1705 974 1871 1025 erant
1921 971 1992 1025 de

354 1056 579 1111 eodem.
603 1057 740 1120 Qum
772 1057 944 1111 etiam
961 1057 1261 1127 privilegia
1281 1059 1635 1113 Theodorico
1666 1058 1992 1113 Trevirensi

356 1145 791 1216 archiepiscopo
820 1146 1073 1200 Joannes
1096 1148 1219 1201 XIII
1260 1164 1430 1217 papa,
1491 1148 1839 1203 Benedictus
1896 1147 1991 1210 Vl,

357 1250 461 1288 nec
496 1251 608 1287 non
641 1234 791 1289 alius
822 1235 1167 1290 Benedictus
1196 1236 1560 1305 VIIEgberto
1576 1237 1995 1292 similiter'l‘re-

353 1322 565 1377 virensi
590 1322 1017 1391 archiepiscopo
1048 1326 1409 1394 temporibus
1441 1326 1668 1381 Ottonis
1710 1326 1881 1398 primi
1942 1331 1998 1380 et

355 1412 595 1466 secundi
638 1412 733 1481 pia
762 1411 1143 1480 dispositione
1173 1414 1555 1469 contulerant.
1582 1416 1699 1471 Nos
1721 1420 1914 1471 autem
1930 1432 1998 1470 ea

355 1498 649 1553 intuentes
678 1501 734 1553 et
762 1499 1069 1565 diligenter
1097 1503 1540 1572 perpendentes,
1564 1503 1808 1574 dignum
1832 1503 1997 1557 duxi-

356 1603 487 1641 mus
518 1603 652 1641 cum
677 1586 921 1641 consilio
951 1591 1007 1642 et
1037 1605 1326 1645 consensu
1354 1591 1533 1646 totius
1561 1591 1697 1648 cleri
1713 1596 1768 1646 et
1795 1592 1994 1663 populi

359 1674 623 1740 Romani,
638 1675 893 1746 idipsum
911 1677 981 1731 de
993 1678 1268 1748 primatu,
1285 1681 1437 1733 sicut
1452 1680 1834 1735 constitutum
1853 1684 1995 1743 erat,

356 1763 721 1825 conﬁrmare,
754 1768 928 1833 atque
960 1766 1174 1821 nostris
1206 1768 1537 1838 apostolicis
1576 1769 1841 1839 apicibus
1871 1786 1996 1824 cor-

356 1852 826 1915 roborare.Quod
859 1854 956 1909 ubi
985 1855 1043 1909 in
1076 1855 1318 1912 ecclesia
1346 1862 1400 1911 Β.
1426 1858 1577 1911 Petri
1610 1857 1669 1912 in
1698 1858 1998 1913 Dominica
2034 1887 2079 1951 Β

354 1940 652 1997 Passionis
680 1946 887 1997 cuncto
918 1943 1068 1999 clero
1097 1951 1423 2017 cunctoque
1452 1946 1666 2018 populo
1724 1964 1831 2002 nos
1889 1947 1999 2018 ipsi

354 2047 586 2087 sursum
619 2032 677 2086 in
712 2034 958 2088 amboue
1010 2035 1396 2091 consistentes
1450 2037 1756 2107 prasentia
1809 2041 2001 2091 vestra

357 2120 598 2193 [nostra]
630 2121 1033 2185 revelavimus,
1066 2128 1124 2180 et
1152 2126 1352 2180 eadem
1386 2124 1687 2196 privilegia
1717 2126 1826 2197 legi
1862 2125 2001 2180 feci-

358 2227 492 2266 mus
523 2227 625 2282 pro
659 2228 856 2266 amore
886 2212 1308 2284 discipulorum
1341 2214 1587 2278 S.Petri,
1623 2232 1770 2287 quos
1787 2220 1999 2285 pratu-

356 2299 555 2366 limus,
588 2300 881 2360 Eucharii.
918 2302 1121 2357 Valerii
1157 2307 1213 2358 et
1270 2304 1537 2368 Materni,
1590 2305 1662 2358 ab
1722 2304 1999 2359 omnibus

356 2389 743 2445 acclamatum
775 2394 882 2447 est.
900 2391 1032 2460 jure
1050 2393 1367 2462 primatum
1384 2392 1581 2464 ipsum
1595 2394 1758 2448 vobis
1771 2393 2003 2448 vestris-

355 2496 468 2552 que
498 2479 941 2534 successoribus
959 2480 1178 2545 deberi,
1202 2481 1300 2551 qui
1334 2482 1395 2536 in
1445 2482 1721 2537 cathedra
1775 2482 1990 2537 sedetis

353 2567 774 2639 discipulorum
792 2568 973 2622 sancti
998 2568 1168 2623 Petri.
1185 2570 1549 2642 QuaprOpter
1562 2571 1837 2626 omnibus
1855 2570 1999 2642 ipsis

352 2655 734 2712 laudantibus
760 2661 816 2710 et
838 2656 1286 2727 respicientibus
1317 2675 1421 2729 pro
1443 2658 1790 2713 iuvestitura
1813 2659 1999 2731 ipsius

353 2746 663 2817 primatus,
696 2746 957 2799 Romana
986 2746 1162 2800 mitra
1185 2750 1361 2818 caput
1388 2752 1648 2803 vestrum
1696 2747 1998 2818 insignivi-

354 2849 508 2897 mus,
540 2836 833 2903 quaetvos
849 2836 906 2887 et
935 2850 1298 2891 successores
1313 2837 1487 2891 vestri
1505 2837 1564 2891 in
1587 2835 2000 2892 ecclesiasticis

356 2921 563 2977 ofﬁciis
594 2922 852 2976 Romano
883 2939 1045 2978 more
1074 2940 1305 2996 semper
1335 2925 1603 2993 utamini,
1630 2940 2000 2996 scmperqua

353 3027 456 3066 vos
487 3026 615 3065 esse
646 3010 918 3065 Romana
949 3013 1103 3067 sedis
1148 3013 1468 3085 discipulos
1515 3012 1998 3070 reminiscamini.

355 3098 519 3162 Quod
549 3103 744 3154 tamen
776 3100 834 3153 in
867 3102 1085 3169 synodo
1118 3107 1337 3169 nostra,
1369 3120 1546 3173 quam
1561 3104 1715 3158 circa
1743 3104 2003 3173 xvupost

356 3187 553 3259 ipsum
567 3188 896 3259 paschalem
916 3189 1068 3244 diem
1088 3191 1199 3245 Deo
1217 3192 1561 3261 praesidente
1579 3191 2000 3247 celebravimus

2106 629 2403 683 manuque
2435 613 2667 685 propria
2690 616 2972 672 roborans
3003 617 3347 690 subscripsi.

2177 701 2293 771 Ego
2323 700 2578 756 Joannes
2610 703 2949 760 Portuensis
2992 706 3304 778 episcopus
3363 706 3422 762 in
3482 710 3762 781 pradicta

2105 789 2324 860 synodo
2356 790 2637 857 residens,
2671 793 3010 849 confirmavi
3040 799 3098 850 et
3119 796 3476 869 subscripsi.

2178 878 2294 947 Ego
2324 879 2609 935 Cadalous
2641 880 2952 953 episcopus
2984 884 3334 956 subscripsi.

2178 966 2292 1037 Ego
2324 968 2671 1023 Benedictus
2721 973 2988 1026 l‘uscana
3047 972 3432 1045 [Tusculana]
3487 976 3759 1033 Ecclesia

2106 1054 2417 1127 episcopus
2447 1058 2682 1112 subscr.

2106 1144 2221 1215 Ego
2255 1145 2587 1200 Gerbardus
2622 1146 2992 1203 Florentinus
3022 1150 3331 1221 episcopus
3360 1152 3598 1208 subscr.

2177 1234 2294 1303 Ego
2323 1235 2690 1290 Crescentius
2721 1240 2774 1290 S.
2804 1236 2985 1309 Sylva
3042 1238 3333 1307 Candida,
3372 1240 3569 1312 gratia
3647 1259 3763 1299 non

2107 1321 2329 1377 meritis
2361 1322 2692 1395 episcopus,
2717 1325 3051 1381 subnotavi.

2181 1414 2292 1481 Ego
2378 1410 2543 1482 Hugo
2600 1412 2904 1470 Asiliensis
2982 1416 3378 1489 [Assisiensis]
3447 1419 3761 1493 episcopus

2109 1498 2341 1553 subscr.

2180 1587 2293 1657 Ego
2325 1586 2499 1643 Wido
2529 1588 2794 1645 Aslensis
2825 1590 3138 1662 episcopus
3172 1592 3399 1647 subscr.

2178 1675 2295 1746 Ego
2328 1676 2497 1731 Wido
2528 1677 2945 1734 Vulturnensis
2975 1679 3289 1752 episcopus
3311 1681 3541 1737 subscr.

2180 1765 2294 1836 Ego
2325 1765 2672 1822 Cunibertus
2703 1767 3160 1824 Taurinensium
3188 1770 3500 1843 episcopus
3531 1773 3764 1829 subscr.

2179 1854 2295 1924 Ego
2329 1854 2613 1911 Henricus
2643 1855 2913 1927 Spoletus
2943 1856 3254 1930 episcopus
3288 1860 3517 1916 subscr.

2180 1941 2326 1996 Data
2357 1942 2554 1998 Idibus
2585 1943 2800 2015 Aprilis
2832 1961 2932 2016 per
2964 1962 3174 2001 manus
3215 1947 3368 2003 Petri
3417 1947 3648 2005 diaconi
3706 1954 3768 2007 et

2108 2030 2532 2087 bibliothecarii
2543 2076 2556 2098 ,
2571 2037 2627 2087 et
2638 2032 2966 2089 cancellarii
2981 2038 3194 2090 sancta
3208 2035 3538 2107 apostolica
3570 2038 3674 2094 sed
3685 2038 3759 2104 is,

2109 2136 2261 2175 anno
2290 2119 2514 2175 domini
2547 2118 2761 2177 Leonis'
2788 2123 2857 2177 IX
2890 2139 3051 2195 papa
3075 2141 3113 2190 ι,
3146 2123 3393 2180 indict.u

2166 2318 2171 2325 '
2216 2317 2317 2370 Leo
2333 2332 2473 2387 papa
2508 2317 2578 2371 ad
2610 2229 3351 2375 Cavallonelrziliettonensem
3377 2320 3645 2375 abbatem.

2726 2407 2913 2478 (Anno
2950 2407 3135 2479 1049.)

2111 2491 2361 2561 [Morice,
2379 2492 2655 2550 Mdmoz'res
2676 2497 3080 2636 pourlsegggrf
3099 2495 3367 2553 t’histoire
3384 2496 3448 2552 de
3464 2498 3752 2569 Bretagne,

2180 2655 2294 2709 Lao
2326 2654 2655 2726 episcopus,
2687 2672 2889 2711 servus
2919 2671 3220 2711 servorum
3276 2656 3401 2721 Dei,
3451 2655 3673 2713 dilecto
3703 2657 3759 2713 in

2108 2742 2335 2798 Christo
2366 2743 2743 2799 CATWALDONI
2774 2743 2968 2800 abbati
2993 2743 3333 2799 monasterii
3366 2745 3566 2800 Sancti
3629 2745 3759 2802 Sal-

2108 2832 2347 2898 vatoris,
2381 2833 2699 2888 constructi
2727 2832 2786 2887 in
2808 2831 2932 2887 loco
2964 2832 3063 2903 qui
3095 2831 3313 2887 dicitur
3343 2832 3760 2903 Rothonensis,

2109 2919 2376 2976 videlicet
2405 2921 2461 2975 in
2487 2921 2789 2976 Britannia
2804 2919 3389 2993 constituti,suisque
3407 2923 3767 2979 successori-

2109 3009 2221 3064 bus
2252 3008 2469 3063 ibidem
2501 3009 2849 3080 regulariter
2877 3008 3284 3081 promovendis
3307 3008 3370 3065 iu
3410 3015 3764 3083 perpetuum

2181 3096 2447 3168 Suscepti
2468 3114 2574 3152 nos
2604 3096 2933 3153 officiicura
2962 3096 3257 3170 compellit
3272 3099 3546 3156 omnium
3580 3101 3766 3158 Eccle-

2110 3185 2332 3239 siarum
2365 3184 2815 3241 sollicitudinem
2849 3202 3048 3258 gerere
3069 3190 3127 3240 et
3143 3184 3763 3260 libramineaquitatis

349 3275 640 3348 episcOpis
665 3277 1116 3349 archiepiscopis
1148 3296 1252 3334 nec
1296 3297 1409 3334 non
1439 3280 1644 3335 etaliis
1683 3279 1991 3334 ordinibus
2027 3252 2069 3319 (ἶ
2105 3272 2382 3329 omnibus
2408 3272 2470 3327 in
2501 3272 2847 3329 necessitate
2867 3274 3387 3347 positis,quanlum
3409 3274 3529 3332 Deo
3544 3276 3764 3335 donan-

346 3364 846 3419 consentientibus
878 3366 1089 3421 melius
1119 3371 1176 3421 et
1214 3368 1444 3423 ﬁrmius
1469 3367 1859 3423 stabilivimus
1884 3383 1895 3419 :
1918 3383 1986 3422 ea
2092 3365 2149 3416 te
2179 3378 2517 3433 possumus.
2550 3362 2896 3431 SUbVeniI‘B;
2930 3362 3220 3436 ρτεθοίριιθ
3249 3367 3446 3420 tamen
3477 3363 3606 3422 illis
3620 3383 3757 3423 V6116

341 3455 539 3507 tamen
563 3453 786 3509 ratione
815 3458 882 3508 ut
919 3454 1168 3525 singulis
1201 3456 1372 3511 annis
1406 3473 1507 3510 vos
1537 3456 1830 3528 vestrique
1850 3473 1981 3511 suc-
2090 3450 2375 3507 rabilibus
2398 3450 2560 3518 Ῐοθίερ
2592 3452 2893 3524 (1033111118
2952 3456 3163 3507 8800i»!!!
3220 3452 3494 3509 Romam!
3559 3455 3755 3511 E0018-

341 3557 603 3597 cessores
632 3541 810 3597 semel
833 3542 1056 3613 legatos
1083 3549 1304 3600 vestros
1343 3546 1411 3599 ad
1465 3562 1574 3601 nos
1634 3549 1981 3616 nostrosque
2089 3536 2188 3594 sia
2205 3538 2773 3611 essedignoscuntur
2802 3539 3122 3612 etsingulis
3152 3541 3322 3597 annis
3353 3541 3463 3597 sibi
3492 3559 3740 3600 censum

339 3646 705 3686 successores
736 3632 1004 3690 mittatis.
1036 3649 1138 3703 per
1165 3650 1311 3704 quos
1336 3633 1499 3689 vobis
1522 3634 1591 3689 de
1619 3634 1834 3688 nostris
1864 3633 1981 3688 uti—
2089 3626 2427 3699 persolvunt
2451 3646 2463 3683 :
2490 3644 2592 3700 pro
2614 3628 2807 3684 debito
2830 3628 3048 3685 honore
3072 3645 3319 3685 summa
3342 3632 3742 3703 etapostolica

336 3717 601 3774 litatibus
630 3718 747 3775 illis
768 3719 825 3775 in
848 3720 1115 3790 partibus
1172 3723 1415 3791 agendis
1468 3722 1861 3785 remittamus,
1922 3726 1979 3777 et
2085 3716 3595 3788 sedis,cujusmembrasunt,attentiussubvenireet
3616 3738 3745 3778 con-

333 3824 566 3880 semper
592 3826 692 3863 vos
722 3808 833 3879 ipsi
864 3810 1033 3865 tertio
1098 3828 1252 3865 anno
1311 3812 1555 3867 Romam
1625 3811 1976 3867 visitationis
2085 3804 2277 3860 sulere
2306 3806 2608 3861 debemus.
2640 3806 2907 3872 Proinde,
2932 3807 3105 3877 juxta
3153 3806 3497 3876 petitionem
3551 3813 3739 3876 tuam,

330 3896 539 3968 gratia,
572 3901 638 3952 ut
667 3897 992 3953 dulcissimi
1027 3900 1236 3955 fratres
1265 3901 1334 3955 ad
1369 3900 1823 3972 primogenitum
1856 3900 1974 3955 fra-
2085 3894 2320 3964 praefato
2347 3894 2726 3965 monasterio,
2754 3894 2848 3949 cui
2881 3899 2944 3949 tu
2985 3910 3233 3966 praesse
3262 3894 3631 3968 dignosceris
3684 3901 3739 3952 et

329 3988 479 4041 trem
520 3987 787 4049 veniatis,
847 3988 959 4041 nisi
1019 3987 1160 4043 forte
1208 3988 1563 4045 inevitabilis
1623 3989 1973 4045 neccessitas
2082 3982 3736 4055 quodjurissanctaeRomanaeEcclesiaeessedignoscitur.

327 4073 631 4146 ingruerit.
664 4077 1026 4146 Quapmpter
1055 4076 1362 4133 desideriis
1391 4078 1601 4133 vestris
1623 4081 1967 4141 annuentes,
2082 4070 2237 4125 unde
2268 4087 2369 4141 per
2397 4070 2664 4141 singulos
2685 4087 2892 4139 annos;
2916 4087 3131 4128 0⁸1181³8
3160 4070 3730 4128 ῖνίυωάθηεὶνίοτυω

326 4162 651 4216 secundum
685 4163 1059 4233 prafatorum
1100 4163 1533 4236 privilegiorum
1578 4169 1837 4220 tenorem
1869 4182 1971 4235 per
2078 4174 2385 4213 aureorum
2401 4160 2511 4214 sibi
2529 4158 3163 4229 redditur,hujusmodi
3179 4159 3734 4233 privilegiaprasen-

324 4247 436 4303 hoc
459 4252 668 4303 nostra
690 4249 1016 4321 apostolica
1048 4252 1411 4306 auctoritatis
1443 4252 1809 4325 privilegium
1868 4254 1965 4308 de-
2076 4247 2120 4301 ti
2163 4246 3729 4320 nostraauctoritatisdecretoindulgemus,condimus

324 4335 619 4390 cernimus
649 4340 705 4390 et
743 4339 1165 4393 conﬁrmamus
1194 4338 1389 4409 ipsum
1422 4342 1585 4395 vobis
1641 4341 1966 4411 vestrisque
2076 4340 2253 4406 atque
2284 4336 2608 4401 ﬁrmamus,
2644 4340 2967 4392 statuentes
2999 4335 3229 4391 nullum
3264 4352 3463 4408 regum
3479 4340 3581 4390 aut
3610 4335 3723 4390 im-

318 4423 764 4478 successoribus
793 4425 1109 4495 primatum
1142 4426 1251 4481 hoc
1284 4427 1477 4494 modo,
1496 4428 1835 4483 uthabeatis
1855 4429 1961 4499 pri-
2074 4429 2430 4495 peratorum,
2464 4423 2690 4478 nullum
2716 4440 3065 4495 quacunque
3087 4424 3367 4497 dignitate
3388 4422 3721 4494 praditum,

318 4526 483 4565 mum
514 4509 706 4566 locum
733 4517 864 4583 post
890 4513 1145 4585 legatum
1179 4515 1564 4585 apostolicum
1597 4517 1655 4570 in
1714 4516 1988 4578 Galliam,
2071 4510 2247 4566 dehis
2261 4528 2387 4583 qua
2404 4512 2591 4565 eidem
2611 4511 2927 4567 venerabili
2950 4510 3473 4584 loco,quibuslibet
3493 4509 3721 4566 homini

313 4599 806 4672 Germaniamque
822 4602 1959 4667 destinatum,etc.EtsimissusBomana
1993 4619 2038 4682 υ
2071 4601 2181 4655 bus
2210 4601 2282 4654 de
2313 4598 2548 4671 proprio
2574 4601 2707 4670 jure
2730 4600 2856 4670 jam
2889 4601 3106 4656 donata
3136 4604 3299 4669 sunt,
3321 4599 3475 4654 sicut
3489 4604 3722 4655 constat

311 4687 580 4743 Ecclesia
611 4689 880 4750 defuerit,
916 4697 1047 4761 post
1072 4692 1483 4762 imperatorem
1514 4691 1602 4746 vel
1635 4709 1828 4763 regem
1870 4710 1957 4748 se-
2069 4690 2139 4743 de
2168 4688 2325 4744 Bella
2350 4688 2565 4754 Insula,
2590 4705 2768 4760 quam
2784 4688 3258 4755 Gaufridus,dux
3279 4687 3715 4751 Britannorum.

305 4777 504 4846 dendi,
539 4794 784 4851 quaque
814 4778 929 4835 alia
959 4780 1017 4834 in
1051 4779 1368 4851 privilegiis
1398 4780 1756 4837 Theodorico
1814 4798 1950 4837 con-
2061 4780 2132 4831 de
2164 4777 2397 4849 proprio
2416 4778 2553 4848 jure
2581 4779 2819 4849 prat'ato
2850 4778 3205 4834 monasterio
3226 4775 3494 4845 contulit,
3537 4791 3714 4848 quam

304 4867 488 4923 cessis
520 4872 789 4923 enarrata
820 4867 945 4924 suis
973 4867 1137 4924 locis.
2060 4865 2280 4921 Alanus
2310 4871 2512 4938 postea
2532 4865 2689 4921 ﬁlius
2711 4868 2839 4937 ejus
2863 4865 3153 4922 concessit
3173 4866 3311 4921 etin
3343 4868 3712 4938 perpetuum,

373 4956 491 5029 Ego
523 4956 874 5013 Halmardus
903 4958 1315 5030 Lugdunensis
1342 4958 1608 5014 Ecclesia
1674 4958 1953 5033 indignus
2064 4960 2127 5008 ut
2154 4960 2216 5008 tu
2250 4955 2558 5019 asseris,et
2577 4954 2886 5026 quitecum
2905 4952 3718 5021 sunttestiﬁcanturﬁrmitcr

300 5045 777 5119 archiepisc0pus
808 5047 867 5101 in
900 5047 1175 5118 pradicta
1204 5048 1427 5119 synodo
1459 5046 1741 5114 residens,
1793 5047 1954 5103 salva
2061 5043 2445 5099 conﬁrmavit.
2482 5044 2641 5109 Quod
2677 5059 2783 5098 nos
2815 5043 2992 5099 etiam
3022 5041 3376 5099 auctoritate
3405 5042 3715 5098 beatorum

292 5133 623 5205 priscarum
640 5135 1126 5193 constitutionum
1146 5135 1419 5191 ﬁrmitate
1461 5142 1517 5190 et
1548 5136 1693 5207 (124)
1726 5137 1955 5208 Lugdu-
2063 5133 2457 5204 apostolorum
2492 5132 2640 5188 Petri
2674 5137 2732 5188 et
2760 5132 2923 5188 Pauli
2956 5137 3014 5188 et
3044 5136 3247 5187 nostra
3293 5131 3715 5186 confirmamus

2059 5372 2299 5428 demum
2329 5387 2480 5425 anno
2507 5371 2717 5426 1079in
2744 5370 2992 5427 Gebuini
3018 5369 3435 5441 Lugdunensis
3453 5368 3709 5441 archiep.

2058 5442 2303 5515 gratiam
2320 5443 2609 5515 concessit
2639 5442 2953 5515 Gregorius
2973 5443 3079 5498 PP.
3112 5440 3234 5515 Vll,
3268 5440 3493 5515 scilicet
3537 5440 3713 5514 super

2058 5512 3708 5585 quatuorprovincias,Lugdunensem,Bothomagensem,

2058 5587 2455 5641 'I‘uronenscm
2489 5590 2545 5639 et
2573 5585 2988 5641 Senonensem.

364 5370 511 5442 (£23)
544 5372 708 5428 Salva
738 5373 1116 5441 Lugdunensis
1146 5374 1396 5428 Ecclesia:
1443 5376 1781 5431 auctoritate.
1833 5376 1949 5432 Hac

291 5439 700 5511 Lugdunensis
756 5439 1141 5500 reservationr‘
1178 5462 1285 5499 non
1338 5446 1582 5499 obscure
1642 5446 1952 5503 ﬁrmantur

291 5527 420 5591 qua
449 5527 626 5591 supra
644 5516 718 5591 de
744 5516 1076 5591 Trevir-ensi
1098 5516 1357 5591 primatu
1373 5533 1469 5591 per
1482 5516 1685 5591 Gallias
1705 5520 1950 5591 ejusque

276 5580 879 5655 juribus'statuimus.
906 5590 988 5639 Ah
1019 5580 1117 5639 illo
1148 5580 1501 5655 specialibus
1534 5580 1798 5645 Ecclesia
1829 5580 1947 5646 sua

288 5650 607 5721 privilegiis
631 5658 925 5709 metuebat
942 5650 1433 5718 llalmardusmon
1454 5658 1729 5727 primatui
1752 5678 1947 5734 ;quem
