3974 6206
222 358 343 425 897

1201 357 1608 424 EPISTULA:
1648 354 1751 423 nr
1792 336 2156 424 asceam
2195 360 2669 428 PONTIFIGIA.

3513 364 3630 428 598

224 498 283 554 et
301 494 362 552 in
386 497 742 570 perpetuum
756 492 947 569 ipsam
962 490 1351 559 insulam,tibi
1367 495 1874 553 etsuccessoribus
1902 499 1956 561 Α
1985 497 2071 554 vel
2091 516 2286 571 parva,
2311 504 2510 557 contra
2528 500 2679 556 hanc
2694 503 2953 557 nostram
2967 498 3430 573 praceptiomem
3453 514 3624 573 agere

224 585 346 642 tuis
368 586 497 642 sine
518 584 928 657 inquietudine
949 583 1164 640 habere
1192 586 1567 641 concedimus
1585 586 1747 657 (deest
1776 587 1879 641 ali-

226 672 497 748 quid),vel
522 674 579 728 in
604 674 892 738 futurum,
916 674 1032 728 Deo
1054 674 1388 739 miserante,
1413 674 1621 730 collata
1643 675 1876 742 fuerint,

231 764 342 818 sub
355 762 679 834 cujuslibet
690 779 879 818 causae
895 763 1288 818 occasionisve
1300 765 1492 834 specie
1505 765 1767 819 minuere
1789 764 1876 818 vel

226 858 459 908 auferre
482 852 716 907 audeat.
741 852 854 907 Sed
886 856 1116 917 cuncta,
1147 868 1273 923 quae
1312 852 1391 906 ibi
1413 852 1606 908 oblata
1629 857 1767 907 sunt
1790 852 1879 907 vel

225 940 418 996 otl'erri
437 939 896 1013 contigerit,tam
911 957 943 994 a
962 944 1018 995 tc
1035 957 1212 1011 quam
1237 957 1270 995 a
1289 940 1407 996 tuis
1419 942 1876 1005 successoribus,

226 1028 468 1100 perenni
481 1035 597 1085 tem
607 1045 743 1101 pore
756 1029 882 1083 sine
905 1028 1312 1100 inquietudine
1327 1029 1599 1085 volumus
1620 1030 1878 1102 posside-

230 1117 304 1187 ri,
321 1134 524 1173 eorum
545 1118 783 1189 quidem
802 1117 1032 1183 usibus,
1055 1135 1159 1189 pro
1177 1135 1429 1189 quorum
1457 1119 1879 1175 sustentatione

233 1212 513 1263 concessa
545 1210 699 1273 sunt,
728 1206 920 1262 modis
960 1207 1236 1262 omnibus
1275 1208 1598 1279 profutura.
1641 1208 1698 1263 Si
1747 1209 1880 1280 quis

230 1313 367 1353 vero
414 1311 635 1368 regum,
668 1296 1064 1363 sacerdotum,
1116 1295 1479 1363 clericorum,
1513 1296 1781 1367 judicum
1815 1314 1881 1352 ac

231 1382 600 1441 secularium
628 1400 1013 1455 personarum
1036 1384 1186 1440 hanc
1207 1383 1639 1440 constitutionis
1668 1388 1878 1440 nostra:

229 1473 507 1545 paginam
530 1488 856 1544 agnoscens
899 1477 1101 1528 contra
1149 1490 1276 1528 eam
1316 1472 1511 1528 venire
1550 1474 1877 1541 tentaverit,

230 1560 539 1635 potestatis
560 1560 920 1631 honorisque
941 1561 1030 1615 sui
1074 1561 1356 1634 dignitate
1377 1565 1568 1617 careat
1598 1577 1881 1633 reumque

231 1666 295 1706 se
322 1650 520 1705 divino
543 1649 769 1721 judicio
800 1650 1045 1705 existere
1071 1651 1141 1705 de
1190 1654 1521 1723 perpetrata
1566 1656 1880 1724 cognoscat

233 1736 563 1809 iniquitate.
595 1738 663 1792 Et
695 1737 803 1792 nisi
839 1738 1149 1809 resipuerit
1183 1741 1241 1793 et
1287 1739 1357 1793 ad
1407 1740 1876 1796 emendationem

1987 595 2321 661 praesumat.
2365 591 2523 656 Quod
2586 591 2918 662 quicunque
2969 589 3185 656 fecerit,
3239 589 3630 646 anathematis

1985 674 2218 735 vinculo
2243 679 2503 735 feriatur.
2523 679 2629 745 Qui
2650 696 2781 734 vero
2805 683 3001 734 custos
3019 683 3072 734 et
3095 679 3429 733 observator
3448 677 3628 749 hujus

1986 772 2197 823 nostrae
2222 769 2623 840 praeceptionis
2642 769 2832 835 fuerit,
2852 768 3311 824 benedictionem
3336 768 3627 823 aDomino

1988 856 2103 911 Deo
2133 864 2541 929 consequatur.
2820 908 2827 913 .

2059 945 2266 1000 Datum
2292 964 2387 1001 xrv
2409 947 2647 1002 Kalend.
2678 946 2811 1001 Maii
2834 963 2935 1018 per
2964 963 3175 1002 manus
3196 946 3348 1002 Petri
3373 945 3623 1011 diaconi,

1989 1033 2408 1089 bibliothecarii
2440 1040 2496 1089 ct
2525 1034 2853 1089 cancellarii
2886 1035 2943 1089 S.
2978 1034 3307 1106 apostolicae
3326 1035 3502 1103 sedis,
3528 1051 3627 1090 an-

1989 1138 2063 1176 no
2096 1122 2316 1177 domini
2352 1123 2557 1178 Leonis
2590 1122 2655 1177 IX
2690 1140 2850 1194 papae
2882 1123 3092 1193 primo,
3125 1123 3325 1177 indict.
3362 1140 3421 1177 ιι,

2744 1212 2859 1266 VII.

1985 1285 2044 1338 δ.
2080 1283 2180 1337 Leo
2211 1283 2277 1337 IX
2303 1284 2566 1338 Joannem
2591 1298 2660 1337 ea:
2690 1284 3014 1337 Tuscanensi
3060 1285 3266 1353 factum
3318 1285 3626 1353 episcopum

2057 1354 2408 1408 Portuensem
2437 1358 2666 1409 testatur
2689 1372 2724 1408 a
2750 1353 2953 1425 synodo
2984 1356 3041 1408 in
3070 1354 3300 1408 ecclesia
3329 1353 3384 1408 S.
3438 1354 3624 1409 Salva-

2059 1425 2191 1478 toris
2220 1427 2491 1479 sancitum
2521 1442 2651 1480 esse.
2692 1425 2950 1481 Ecclesia?
2976 1426 3297 1480 Portaensis
3326 1426 3629 1495 privilegia

2054 1497 2360 1565 conﬁrmat.

2335 1566 2604 1640 [Ughelli.
2634 1568 2803 1623 Italia
2833 1583 3014 1631 sacra,
3050 1567 3091 1633 Ι,
3127 1566 3275 1635 12Ο.]

2060 1656 2175 1710 Leo
2197 1656 2529 1726 episcopus,
2554 1671 2755 1710 servus
2777 1671 3075 1710 servorum
3093 1655 3216 1720 Dei,
3244 1652 3629 1709 dilectissimo

1987 1743 2156 1799 nobis
2176 1744 2232 1799 in
2253 1744 2483 1800 Christo
2506 1745 2668 1799 fratri
2700 1750 2757 1800 et
2784 1745 3123 1815 cocnisrnpo
3163 1748 3364 1797 nostro
3393 1746 3625 1808 JOANNI,

233 1842 553 1897 congruam
581 1825 820 1892 venerit,
845 1843 878 1881 a
929 1843 1169 1898 corpore
1223 1832 1281 1882 et
1327 1830 1613 1899 sanguine
1644 1829 1875 1884 Domini
1905 1860 1953 1925 B
1987 1831 2323 1888 Portuensis
2342 1833 2610 1889 Ecclesize
2633 1832 2899 1900 antistiti,
2925 1833 3165 1903 suisque
3187 1831 3627 1887 successoribus

232 1914 419 1970 nostri
440 1915 578 1970 Jesu
602 1915 819 1970 Chrtsti
852 1913 1079 1970 alienus
1104 1914 1234 1985 ﬁat;
1258 1916 1485 1971 cunctis
1507 1923 1702 1973 autem
1725 1918 1875 1974 hanc

228 2002 668 2059 constitutionis
701 2006 909 2059 nostra:
942 2003 1214 2075 paginam
1248 2005 1617 2061 servantibus
1658 2007 1735 2061 sit
1763 2024 1875 2079 pax

224 2090 459 2146 Domini
480 2091 664 2147 nostri
687 2091 825 2147 Jesu
853 2092 1087 2160 Christi,
1108 2097 1398 2164 quatenus
1424 2098 1479 2148 et
1500 2095 1593 2150 hic
1619 2096 1873 2151 fructum

226 2179 391 2234 bonae
414 2178 661 2235 actionis
672 2181 1078 2251 percipiant,et
1091 2182 1243 2252 apud
1261 2182 1590 2238 districtum
1604 2184 1873 2240 Judicem

229 2268 473 2342 praemia
502 2272 729 2324 interna:
762 2269 920 2341 pacis
950 2270 1267 2325 inveniant.

296 2357 513 2412 Datum
546 2357 835 2425 Laterani,
872 2357 1067 2413 Idibus
1095 2358 1327 2430 Aprilis.

928 2456 941 2463 ’
1026 2447 1074 2499 ν

224 2534 283 2590 S.
318 2535 424 2607 Leo
451 2535 525 2588 IX
547 2534 855 2607 Eberhardo
888 2534 1289 2607 archiepiscopo
1330 2537 1630 2592 Trevirensi
1678 2542 1873 2593 asserit

293 2606 768 2680 cellam__0uatuor
812 2606 1229 2680 coronatorum,
1281 2608 1702 2680 archiepiscopis
1747 2612 1871 2666 Tre-

294 2677 601 2733 virensibus
630 2694 666 2732 a
690 2677 977 2733 Benedicto
1022 2679 1111 2732 VII
1138 2678 1269 2732 olim
1293 2677 1565 2734 collatam.

849 2748 1035 2818 (Anno
1067 2749 1250 2819 1049.)
1308 2770 1347 2819 7-
1382 2752 1385 2755 ⁷

222 2818 390 2886 [Vide
421 2835 610 2890 supra
629 2818 691 2873 in
713 2818 1025 2890 Beas-mero
1043 2819 1180 2890 VIII,
1196 2818 1258 2890 et
1288 2818 1442 2874 Gesta
1475 2821 1704 2889 Trever.,
1729 2821 1864 2876 edit.

536 2888 949 2961 Wyttembach
981 2889 1295 3015 euiluller,
1332 2891 1371 2959 Ι,
1408 2892 1554 2961 150.]

213 3031 273 3088 S.
306 3032 411 3088 Leo
443 3032 513 3086 IX
536 3033 861 3086 monasterii
901 3032 954 3086 S.
992 3032 1297 3087 Saluatoris
1344 3033 1664 3103 Septimiam
1711 3034 1866 3088 aber-

596 3104 763 3157 tatem
791 3110 843 3157 et
865 3103 1156 3227 privileiqia
1188 3104 1495 3173 confirmat.

840 3173 1024 3227 (Anno
1090 3173 1239 3227 049.)

840 3173 1024 3244 (Anno
1059 3173 1239 3242 1049.)

578 3242 855 3315 [Ughelli,
882 3245 1048 3299 Italia
1074 3260 1253 3310 sacra,
1274 3244 1371 3311 III,
1391 3246 1503 3312 68.]

292 3333 412 3388 Leo
436 3332 975 3404 episcopus,servus
999 3349 1298 3389 servorum
1321 3333 1636 3395 Dei,Ps'rao
1673 3335 1869 3390 abbati

214 3420 561 3478 monasterii
573 3420 955 3477 S.Salvatoris
969 3421 1027 3476 in
1045 3422 1568 3494 Septimo,suisque
1580 3440 1873 3479 successo-

215 3509 387 3567 ribus
402 3509 736 3577 abbatibus,
756 3515 1096 3582 perpetuam
1112 3511 1575 3567 benedictionem
1615 3517 1673 3567 et
1711 3512 1873 3567 salu-

210 3604 360 3654 tem.

291 3686 575 3742 Convenit
595 3686 912 3757 apostolico
936 3689 1320 3743 moderamini
1347 3690 1441 3761 pia
1462 3688 1740 3761 religione
1754 3690 1875 3762 pol-

214 3774 488 3831 lentibus
509 3773 787 3831 benevola
834 3776 1240 3848 compassione
1285 3794 1646 3842 succurrere,
1679 3784 1733 3834 et
1776 3796 1875 3851 pe-

214 3863 477 3920 tentium
493 3863 797 3920 desideriis
827 3881 1153 3937 congruum
1188 3865 1473 3936 impertiri
1500 3867 1870 3939 suffragium.

214 3956 556 4025 Propterea,
574 3951 833 4008 inclinati
867 3954 1142 4025 precibus
1173 3954 1522 4025 vestris,per
1551 3955 1729 4026 hujus
1751 3973 1879 4011 nos-

223 4047 327 4099 tra:
357 4042 766 4114 praeceptionis
794 4043 1003 4098 seriem
1039 4044 1461 4099 confirmamus
1501 4049 1557 4099 et
1609 4045 1875 4101 corrobo-

221 4145 428 4184 ramns
458 4128 565 4184 tibi
597 4130 1022 4185 monasterium
1055 4135 1253 4203 ipsum
1286 4132 1324 4186 S
1380 4130 1697 4187 Salvatoris
1742 4149 1874 4187 cum

222 4217 500 4274 omnibus
516 4217 686 4274 bonis
699 4218 828 4290 ejus
842 4220 1160 4275 mobilibus
1173 4223 1230 4275 et
1268 4219 1698 4287 immobilibus,
1730 4238 1880 4277 sese-

224 4322 339 4379 que
355 4307 1121 4380 moventibus,qutecunque
1134 4309 1205 4363 ad
1220 4325 1288 4364 eu
1300 4310 1522 4378 mjuste
1544 4314 1600 4364 et
1620 4309 1882 4381 legaliter

228 4394 665 4467 pertinent.Nec
680 4412 797 4451 non
811 4396 983 4452 etiam
999 4413 1307 4453 censemus
1324 4402 1385 4452 ut
1399 4413 1670 4452 securum
1683 4398 1878 4470 ipsum

232 4485 655 4538 monasterium
678 4485 751 4539 ab
783 4486 942 4539 omni
969 4485 1205 4541 laesione
1235 4486 1329 4554 sit,
1361 4490 1418 4540 et
1447 4485 1573 4541 sine
1614 4486 1881 4543 molestia

1982 1920 2041 1974 in
2073 1926 2439 1992 perpetuum,
2473 1922 2533 1976 in
2566 1922 2814 1977 Domino
2844 1920 3115 1977 salutem.

2054 2010 2521 2081 Supplicantium
2553 2010 2859 2067 desideriis
2891 2010 3271 2066 annuendum
3304 2008 3473 2063 nobis
3494 2025 3623 2064 esse

1983 2102 2039 2152 et
2072 2100 2217 2154 ratio
2248 2104 2303 2154 et
2332 2099 2663 2171 benignitas
2694 2099 2901 2171 poscit,
2923 2099 3063 2170 quia
3084 2098 3239 2168 quod
3273 2094 3621 2152 rationabile

1981 2191 2071 2242 est
2101 2188 2460 2259 impendere,
2492 2189 2742 2259 benigne
2768 2187 3003 2260 quidem
3048 2203 3162 2241 non
3208 2202 3441 2258 negare.
3464 2186 3621 2249 Qua-

1983 2283 2217 2347 prOpter
2230 2276 2368 2347 quia
2382 2276 2957 2346 transmigrationem
2972 2275 3157 2330 fecisti
3171 2275 3241 2329 de
3253 2274 3391 2330 sede
3408 2274 3624 2329 Tusca-

1985 2364 2149 2419 nensi
2173 2365 2245 2419 ad
2268 2365 2532 2419 eamdem
2557 2364 2752 2419 sedem
2768 2364 3166 2430 Portuensem,
3191 2362 3435 2433 dignum
3461 2363 3623 2417 duxi-

1982 2469 2116 2506 mus
2148 2452 2206 2505 in
2239 2452 2458 2524 synodo
2490 2452 2653 2523 prius
2675 2451 2745 2507 de
2775 2451 2884 2505 hoc
2914 2449 3211 2515 ventilare,
3236 2454 3433 2504 utrum
3461 2450 3623 2520 juste

1981 2540 2132 2595 facta
2154 2541 2327 2596 fuerit
2345 2539 2432 2595 vel
2466 2541 2702 2608 injuste,
2728 2541 2883 2611 quod
2922 2543 2978 2595 et
3016 2538 3261 2593 fecimus
3301 2536 3624 2592 residentes

1979 2629 2037 2683 in
2061 2631 2282 2702 synodo
2303 2635 2357 2685 et
2374 2630 2619 2685 ecclesia
2635 2628 2970 2686 Salvatoris.
2997 2628 3261 2699 Cumque
3277 2625 3358 2681 ibi
3376 2627 3621 2699 diligen-

1978 2723 2068 2773 ter
2087 2724 2240 2775 esset
2261 2720 2656 2774 examinatum
2680 2735 2795 2790 qua
2817 2718 3039 2773 ratione
3061 2718 3130 2772 de
3178 2717 3514 2788 episcopatu
3549 2715 3620 2770 ad

1976 2808 2376 2879 episcopatum
2409 2808 2723 2873 transiens,
2746 2807 3046 2861 inventum
3065 2810 3154 2861 est
3174 2809 3294 2859 tam
3317 2803 3623 2860 necessita-

1976 2897 2052 2952 tis
2082 2913 2261 2968 quam
2294 2895 2564 2951 utilitatis
2597 2913 2773 2951 causa
2804 2895 2912 2951 hoc
2936 2894 3153 2949 factum
3170 2891 3619 2963 fuisse,etjudi-

1975 2989 2172 3042 catum
2206 2989 2293 3040 est
2324 2984 2433 3040 hoc
2464 2984 2583 3039 fieri
2619 2985 2900 3056 potuisse.
2926 2985 3061 3047 Qum
3100 2982 3275 3037 etiam
3311 2980 3485 3036 fuerit
3519 2996 3619 3035 ne-

1974 3073 2239 3138 cessitas,
2266 3089 2397 3144 quas
2426 3072 2671 3139 utilitas,
2697 3072 2841 3127 satis
2881 3075 3146 3144 patenter
3185 3073 3273 3125 est
3298 3084 3574 3141 expressa
3602 3085 3615 3123 :

1974 3162 2312 3228 necessitas,
2336 3161 2474 3232 quia
2494 3161 2620 3232 jam
2643 3162 2906 3216 Romana
2934 3159 3192 3215 Ecclesia
3214 3159 3272 3213 in
3304 3158 3615 3229 Iiliis,quos

1894 3222 1937 3289 Ο
1974 3250 2103 3322 ipsa
2123 3222 3045 3321 laetaverat,dvefecerat,quorum
3067 3253 3130 3303 tu
3164 3264 3299 3318 pars
3321 3222 3616 3319 superstes

1978 3355 2146 3407 eras;
2179 3355 2437 3411 congrua
2466 3339 2690 3393 utilitas
2720 3355 2874 3403 vero,
2908 3336 3026 3393 sive
3058 3354 3162 3409 pro
3210 3336 3385 3392 rebus
3432 3335 3621 3406 ipsius

1982 3427 2269 3492 Ecclesias,
2304 3443 2432 3498 quae
2463 3428 2569 3483 tibi
2592 3431 2728 3482 nota
2748 3430 2870 3481 erat
2892 3443 3006 3497 prae
3029 3425 3179 3491 aliis,
3205 3424 3327 3481 sive
3353 3441 3455 3495 pro
3494 3440 3625 3478 con-

1983 3516 2133 3571 siliis
2162 3516 2395 3581 dandis,
2431 3517 2549 3571 sive
2580 3516 2755 3570 etiam
2800 3530 2904 3585 pro
2947 3513 3301 3568 mediatione
3348 3512 3625 3566 Romana:

1986 3603 2251 3659 Ecclesiae
2273 3607 2329 3657 et
2345 3602 3050 3674 imperatorum,quorum
3074 3605 3134 3655 tu
3169 3615 3320 3669 saepe
3342 3597 3629 3653 mediator

1986 3690 2166 3746 fuisti.
2192 3691 2311 3745 Hac
2341 3690 2520 3761 igitur
2546 3707 2604 3745 re
2636 3688 2897 3743 inclinati
2946 3686 3312 3743 decrevimus
3360 3683 3627 3755 petitioni

1985 3785 2096 3834 tuae
2111 3779 2464 3843 satisfacere,
2491 3777 2712 3832 scilicet
2739 3782 2802 3831 ut
2828 3776 2926 3831 tibi
2941 3775 3178 3847 tuisque
3191 3772 3628 3828 successoribus

1985 3869 2181 3939 ipsum
2214 3870 2593 3920 Portuensem
2634 3865 2973 3936 episcopum
3018 3864 3454 3927 conﬁrmamus,
3492 3860 3633 3931 quia

1987 3956 2187 4027 utique
2210 3954 2456 4009 libenter
2473 3953 2738 4008 facimus.
2755 3954 2824 4007 Et
2838 3952 3093 4023 primum
3117 3952 3311 4022 ipsum
3328 3947 3629 4020 episcopa-

1986 4055 2110 4099 tum
2134 4042 2473 4098 Portuensis
2505 4040 2790 4106 Ecclesiae,
2825 4058 2951 4111 quae
2984 4041 3173 4112 posita
3226 4052 3353 4093 esse
3400 4036 3633 4091 videtur

1989 4130 2129 4187 foris
2162 4130 2494 4202 praedictam
2519 4134 2900 4184 Portuensem
2932 4127 3242 4193 civitatem,
3266 4122 3358 4179 cui
3388 4125 3634 4180 vocabu-

1991 4222 2111 4275 lum
2143 4224 2231 4274 est
2260 4219 2319 4273 S.
2362 4218 2678 4291 Hippolyti,
2719 4234 2852 4272 cum
2899 4216 3107 4281 vineis,
3156 4219 3214 4270 et
3269 4212 3476 4281 hortis,
3527 4229 3632 4269 seu

1990 4306 2276 4365 clausuris
2307 4307 2571 4369 vineatis,
2606 4310 2661 4361 et
2691 4305 2914 4361 olivetis
2954 4306 3013 4360 in
3071 4303 3316 4359 circuitu
3366 4303 3632 4372 ejusdem

1991 4395 2488 4466 ccclesiaa,pariter
2503 4400 2559 4449 et
2581 4395 2911 4450 clausuram
2934 4394 3006 4449 de
3025 4394 3193 4448 vinea
3229 4407 3347 4447 una
3389 4391 3450 4445 in
3482 4391 3634 4445 inte-

1992 4501 2163 4557 grum
2199 4483 2370 4540 sitam
2403 4483 2463 4537 in
2497 4481 2831 4549 Cardetum,
2865 4487 2922 4537 et
2948 4483 3006 4537 in
3052 4480 3281 4548 Finilia,
3331 4479 3635 4535 clausuras

235 4569 319 4624 sit
337 4569 589 4642 episcopi
615 4590 629 4639 ;
663 4576 722 4628 et
753 4577 818 4628 ut
847 4573 1246 4629 ordinationes
1280 4573 1746 4645 presbyterorum
1791 4575 1872 4629 vcl
1911 4584 1956 4647 Γ)
1987 4574 2135 4628 duas
2155 4588 2287 4628 cum
2314 4570 2519 4637 vineis,
2550 4576 2605 4625 et
2629 4572 2822 4636 terris,
2848 4571 2904 4624 in
2925 4568 3433 4626 Basi.0mniahtec
3448 4567 3639 4639 posita

237 4662 572 4714 ceterorum
593 4661 887 4733 graduum
909 4662 966 4717 in
982 4663 1187 4718 eodem
1202 4661 1556 4717 monasterio
1573 4679 1607 4718 a
1624 4663 1884 4734 quolibet

233 4746 519 4803 catholico
541 4749 813 4821 episcopo
834 4750 1198 4817 tribuantur;
1215 4755 1346 4805 etut
1366 4748 1743 4823 eleemosynae
1769 4756 1883 4807 tam

227 4836 493 4891 vivorum
522 4853 697 4909 quam
717 4842 775 4893 et
796 4843 1162 4894 mortuorum
1178 4839 1304 4894 sine
1319 4837 1615 4893 calumnia
1633 4840 1887 4912 episcopi

229 4925 424 4981 eidem
458 4927 816 4983 monasterio
848 4927 1203 4998 tribuantur,
1236 4933 1293 4983 et
1324 4932 1387 4981 ut
1418 4927 1489 4981 de
1520 4929 1890 4999 possessione

1992 4662 2050 4717 in
2085 4660 2280 4716 insula
2311 4660 2553 4728 majore,
2604 4658 2723 4715 imo
2778 4664 2834 4714 et
2884 4659 3192 4715 ecclesiam
3238 4659 3297 4713 S.
3331 4655 3549 4718 Maria,
3581 4659 3638 4709 et

1997 4750 2170 4806 aliain
2206 4748 2511 4805 ecclesiam
2543 4754 2596 4803 S.
2639 4748 2959 4814 Laurentii,
2992 4764 3125 4801 cum
3159 4745 3341 4810 cellis,
3360 4747 3417 4798 et
3433 4740 3638 4807 hortis,

1997 4844 2174 4911 atque
2205 4836 2409 4902 vineis,
2434 4836 2740 4891 clausuras
2797 4835 3076 4906 quinque.
3110 4835 3172 4889 In
3231 4850 3349 4887 una
3402 4828 3642 4901 quidem

1998 4927 2241 4983 ecclesia
2270 4931 2359 4980 est
2380 4925 2437 4979 S.
2468 4923 2747 4995 Gregorii,
2780 4928 2837 4977 et
2865 4920 3173 4987 Theodori,
3205 4924 3262 4975 et
3290 4921 3349 4973 in
3395 4916 3510 4972 alia
3551 4934 3644 4973 ec-

1999 5016 2176 5071 clesia
2206 5016 2264 5069 S.
2300 5012 2435 5077 Viti,
2469 5012 2638 5066 sicuti
2670 5028 2704 5066 a
2728 5028 2896 5066 muro
2956 5017 3013 5065 et
3069 5008 3244 5063 ﬂuvio
3277 5004 3522 5071 Tiberis,
3558 5012 3643 5062 at-

2003 5122 2114 5175 que
2147 5101 2433 5156 limitibus
2464 5099 2878 5161 circumdatur,
2904 5099 3077 5153 tertia
3105 5095 3274 5151 estin
3298 5092 3425 5163 ripa
3455 5091 3647 5148 ﬂumi-

2002 5193 2113 5257 nis,
2148 5189 2547 5260 quartajuxta
2575 5192 2631 5242 Β.
2668 5185 2910 5240 Mariam
2945 5200 3131 5256 usque
3177 5184 3249 5238 ad
3301 5179 3645 5248 Trajanum,

2004 5279 2385 5352 quintajuxta
2405 5281 2460 5328 Β.
2482 5274 2859 5330 Laurentium
2881 5290 3069 5346 usque
3091 5273 3148 5326 in
3172 5270 3512 5340 Trajanum,
3543 5283 3647 5324 nec

2004 5386 2120 5422 non
2155 5372 2211 5420 et
2241 5365 2575 5419 clausuram
2608 5363 2677 5416 de
2706 5362 2876 5416 vinea
2899 5362 2958 5416 in
3013 5360 3209 5416 locum
3261 5356 3360 5429 qui
3408 5360 3649 5411 vocatur

2004 5455 2261 5524 Scarajo,
2286 5459 2343 5506 et
2373 5451 2542 5505 aliam
2580 5450 2791 5522 petiam
2826 5467 2952 5520 quae
2986 5448 3222 5521 ponitur
3253 5447 3311 5501 in
3353 5444 3645 5510 clausura,

2006 5549 2063 5599 et
2090 5544 2269 5598 vinem
2302 5542 2517 5612 pellam
2550 5554 2727 5594 unam
2759 5538 2816 5591 in
2848 5543 3004 5593 terra
3024 5536 3354 5602 Cucuzuba,
3375 5540 3432 5590 et
3472 5533 3648 5590 aliam

2008 5634 2067 5688 in
2083 5634 2378 5697 Montone;
2407 5644 2609 5684 verum
2630 5625 2803 5683 etiam
2826 5631 2883 5683 et
2907 5626 3153 5683 luridum
3168 5622 3534 5698 inintegrum
3550 5618 3650 5695 qui

232 5014 573 5069 monasterii
599 5016 833 5071 decima
849 5033 882 5072 a
913 5017 1076 5072 vobis
1097 5016 1439 5088 accipiatur.
1465 5017 1533 5071 Et
1554 5018 1891 5090 quicunque

230 5119 293 5159 se
324 5103 395 5158 ad
431 5104 859 5160 monasterium
885 5105 1113 5177 sepeliri
1151 5106 1396 5178 petierit,
1422 5123 1455 5160 a
1485 5106 1788 5161 monachis
1810 5124 1893 5162 se-

229 5191 503 5263 peliatur.
536 5194 603 5249 Et
641 5202 705 5247 ut
736 5199 946 5264 prreter
978 5195 1048 5249 ab
1079 5194 1431 5265 Apostclico,
1468 5211 1538 5248 ne
1570 5195 1889 5264 judicetur,
1926 5240 1931 5255 η

226 5296 334 5337 nec
366 5281 436 5337 ad
471 5282 770 5355 synodum
806 5282 988 5337 abbas
1016 5287 1275 5349 vocetur,
1307 5281 1463 5336 sicut
1505 5299 1609 5338 nec
1658 5285 1730 5338 ab
1779 5284 1892 5338 alio

229 5370 742 5425 consecrationem
777 5369 1008 5440 accipit.
1041 5370 1380 5425 Statuentcs
1412 5370 1731 5441 apostolica
1761 5388 1893 5426 cen-

231 5472 388 5524 sura,
423 5462 489 5513 ut
520 5458 711 5513 nullis
734 5463 1068 5514 nostrorum
1093 5475 1500 5514 successorum
1527 5460 1893 5530 pontificum,

235 5546 434 5603 nullus
466 5546 766 5614 marchio,
800 5546 1000 5603 nullus
1026 5548 1164 5615 dux,
1196 5545 1399 5602 nullus
1430 5564 1646 5613 comes,
1696 5547 1897 5602 nullus

234 5635 573 5709 episcopus,
598 5635 769 5692 nulla
790 5640 1066 5709 praetcrea
1088 5653 1335 5709 persona
1349 5635 1657 5690 hominum
1686 5653 1899 5708 magna
