3974 6206
361 336 478 404 899

1426 344 1491 404 s.
1540 341 1815 403 Leoms
1860 340 1939 400 IX
1989 338 2216 399 PAPzE
2259 340 2692 431 OPUSCULA.

3638 337 3801 404 6m.

361 477 577 533 dicitur
601 474 947 545 Baccanum,
972 492 1104 532 cum
1131 477 1446 549 appendice
1469 494 1594 541 sua,
1612 492 1738 551 quae
1761 479 1999 531 vocatur
2031 472 2082 539 Α
2109 473 2362 531 Joannes
2384 475 2453 531 de
2475 476 2694 549 Sergio,
2721 480 2776 533 et
2795 474 3008 533 transit
3024 473 3378 534 aliam-viam
3417 473 3763 547 carrariam,

363 565 647 639 Criptula,
668 568 725 622 in
746 584 859 638 quo
882 571 1019 621 sunt
1041 566 1301 622 cisternae
1330 568 1580 638 antiquae
1610 566 1807 639 posita?
1834 565 2005 636 juxta

364 657 631 710 eamdem
645 655 931 711 civitatem
956 656 1537 720 Portuensem,sicuti
1556 655 1756 727 incipit
1770 672 1803 709 a
1818 654 2005 726 primo

364 743 564 808 latere,
590 744 662 796 ab
684 744 888 798 arbore
924 760 1052 815 quae
1088 748 1324 798 vocatur
1369 746 1635 811 tamarix,
1660 750 1715 799 et
1736 742 2008 815 dirigitur

366 831 425 886 in
448 831 816 898 columnella,
851 850 976 903 qua:
1007 833 1063 887 in
1099 851 1303 905 campo
1335 839 1488 890 stare
1518 836 1767 898 videtur,
1802 830 2008 887 millia-

368 920 453 975 rio
472 938 510 974 Ιῐ
529 920 780 976 distante
802 922 872 977 ab
895 924 1096 978 eadem
1121 924 1372 993 civitate,
1402 929 1458 980 et
1502 925 1709 980 deinde
1734 925 2007 995 pergente

369 1013 522 1065 recto
552 1010 758 1066 itinere
787 1028 890 1083 per
920 1012 1213 1079 salariam,
1264 1018 1319 1068 et
1378 1031 1564 1085 usque
1613 1014 1681 1068 ad
1731 1011 2005 1082 attegiam

369 1097 763 1169 piscatoriam,
785 1104 839 1153 et
857 1100 1064 1155 deinde
1081 1102 1357 1156 redeunte
1387 1103 1457 1156 ad
1483 1118 1640 1157 mare
1666 1117 1769 1172 per
1808 1098 2008 1154 Bucci-

371 1202 528 1254 nam,
555 1190 610 1241 et
631 1187 1025 1242 circumeunte
1061 1188 1222 1244 littus
1256 1191 1434 1244 maris
1457 1191 1525 1245 ad
1563 1191 1620 1246 S.
1657 1189 2008 1262 Nympham,

369 1278 427 1331 et
447 1292 632 1346 usque
656 1276 727 1329 ad
752 1276 932 1330 focem
959 1277 1234 1332 micinam
1258 1296 1389 1332 cum
1422 1279 1563 1333 locis
1595 1278 1692 1351 qui
1739 1278 2013 1331 dicuntur

370 1364 616 1419 Vincera
646 1381 830 1436 usque
851 1366 920 1418 ad
946 1366 1261 1434 balnearia,
1285 1371 1457 1439 atque
1484 1368 1675 1423 locum
1713 1368 1813 1438 qui
1847 1382 2010 1420 voca-

370 1456 471 1508 tur
486 1457 695 1509 Portus
714 1455 969 1525 Trajani,
987 1473 1087 1509 nec
1112 1473 1223 1510 non
1248 1461 1303 1511 et
1324 1440 1629 1513 castellum
1644 1456 1800 1512 aliud
1818 1455 2011 1511 minus

372 1541 433 1595 in
455 1542 768 1613 integrum,
802 1560 930 1597 cum
962 1545 1117 1598 omni
1152 1562 1257 1601 sua
1288 1546 1657 1617 pertinentia,
1691 1550 1748 1601 et
1778 1546 1835 1600 in
1867 1544 2007 1600 civi-

372 1634 493 1685 tate
514 1631 1333 1704 Constantiniana,omniaque
1348 1636 1562 1690 ibidem
1576 1635 1789 1690 habere
1811 1634 2012 1704 digno-

375 1718 577 1785 scitur,
612 1737 727 1774 una
755 1737 887 1775 cum
923 1720 1166 1776 ecclesia
1198 1724 1302 1777 ΗΒ.
1338 1723 1734 1793 apostolorum
1768 1722 1913 1776 Petri
1957 1723 2013 1775 et

2113 563 2345 619 etvenit
2376 565 2432 619 in
2461 565 2652 621 casale
2683 567 2833 637 quod
2861 565 3123 621 detinent
3156 564 3416 623 baeredes
3443 565 3769 623 Franconis
3798 608 3801 611 -

2113 655 2557 720 Transtiberim,
2591 657 2764 712 sicuti
2797 674 2899 730 per
2929 659 3074 713 ﬁnes
3099 672 3459 712 marmoreus
3487 657 3771 729 designa-

2115 748 2230 811 tur,
2264 749 2319 799 et
2350 744 2559 801 deinde
2592 763 2690 818 per
2715 746 2910 802 casale
2947 747 3052 802 SS.
3096 749 3421 818 martyrum
3454 745 3680 801 Cosmte
3713 747 3775 801 et

2118 833 2402 903 Damiani,
2437 841 2492 890 ct
2523 834 2730 890 transit
2757 852 2857 908 per
2892 835 3177 891 fossatum
3224 834 3561 907 antiquum,
3610 835 3769 907 quod

2113 939 2287 978 verno
2318 926 2577 995 tempore
2602 924 2761 979 ducit
2790 940 3005 996 aquam
3030 924 3087 978 in
3121 924 3241 978 rivo
3272 923 3538 992 Galeriae,
3573 927 3631 979 et
3675 941 3775 980 as-

2116 1011 2306 1067 cendit
2335 1029 2434 1084 per
2464 1012 2656 1084 ipsum
2690 1013 2879 1069 rivum
2910 1029 3097 1085 usque
3129 1012 3187 1068 in
3223 1012 3439 1068 molam
3473 1013 3545 1068 de
3577 1011 3767 1086 sylva,

2116 1104 2173 1155 et
2193 1099 2433 1155 revolvit
2453 1118 2554 1173 per
2569 1101 2720 1157 viam
2738 1101 3054 1157 carrariam
3083 1118 3272 1172 usque
3296 1101 3353 1156 in
3403 1100 3617 1157 vallem
3651 1117 3777 1158 me-

2117 1188 2273 1243 diam
2306 1190 2377 1244 de
2410 1195 2627 1258 monte,
2661 1190 2761 1263 qui
2818 1195 3057 1246 vocatur
3105 1188 3318 1258 Zunili,
3375 1194 3433 1247 et
3488 1205 3681 1262 usque
3711 1191 3775 1248 in

2116 1278 2347 1346 Stafﬁli,
2381 1280 2478 1351 qui
2513 1284 2628 1336 stat
2655 1280 2713 1334 in
2749 1280 3085 1345 Lintistino,
3119 1279 3171 1335 ei
3204 1295 3394 1352 usque
3422 1280 3483 1335 in
3506 1281 3774 1353 caputde

2117 1366 2265 1422 valle
2295 1368 2513 1435 Stabla,
2546 1372 2602 1425 et
2630 1384 2730 1441 per
2765 1370 3051 1424 fossatum
3073 1369 3263 1441 ipsius
3295 1367 3466 1425 vallis
3520 1370 3710 1443 pergit
3738 1386 3776 1425 a

2120 1457 2263 1527 pede
2295 1457 2371 1511 ﬁli
2414 1457 2770 1525 Salinarum,
2824 1456 3207 1512 concludente
3254 1461 3442 1513 totum
3496 1474 3773 1531 campum

2120 1561 2307 1616 usque
2334 1544 2393 1600 in
2428 1546 2690 1616 pedicam
2720 1563 2846 1618 qua:
2878 1550 3114 1602 vocatur
3157 1545 3398 1615 Viscoli,
3445 1552 3503 1602 et
3545 1546 3778 1619 piscina

2119 1632 2346 1688 Galiard
2358 1650 2409 1701 a,
2432 1634 2814 1689 concludente
2837 1634 3025 1706 ipsam
3045 1633 3335 1705 pedicam,
3360 1651 3488 1707 quae
3506 1639 3648 1691 sunt
3672 1634 3777 1690 fila

2120 1721 2453 1793 trigenta,et
2475 1727 2748 1794 pergente
2774 1725 2943 1793 juxta
2968 1721 3067 1777 ﬁla
3088 1738 3214 1795 qua:
3230 1728 3390 1779 stant
3412 1726 3777 1781 monasteria

372 1807 561 1873 Pauli,
585 1825 718 1863 cum
736 1810 1369 1881 cryptis,ubianimalia
1393 1811 1575 1881 ipsius
1606 1811 1860 1867 ecclesiae
1894 1826 2015 1865 ma-
2040 1842 2088 1908 Β
2122 1810 2193 1865 de
2224 1811 2489 1866 Miranda
2512 1828 2698 1883 usque
2727 1810 2787 1865 in
2821 1816 3100 1884 stagnum
3134 1813 3347 1884 majus,
3371 1816 3427 1869 et
3452 1828 3556 1885 per
3580 1813 3773 1885 ripam

375 1912 512 1951 nere
531 1897 819 1963 videntur,
842 1902 897 1951 et
917 1898 1126 1953 deinde
1147 1915 1334 1970 usque
1355 1901 1423 1954 ad
1469 1901 1526 1955 S.
1572 1900 1834 1967 Mariam,
1883 1915 2008 1970 quze

373 1984 611 2057 ponitur
631 1986 688 2039 in
712 2003 848 2040 arcu
873 2003 1005 2040 cum
1028 1991 1246 2058 crypta,
1269 1993 1325 2043 et
1346 1990 1586 2044 domum
1612 2006 1738 2060 qua:
1771 1992 2011 2043 vocatur

370 2072 649 2129 Balneum
673 2075 929 2142 Veneris,
955 2078 1009 2130 et
1041 2092 1228 2148 usque
1259 2078 1329 2132 ad
1354 2078 1503 2132 viam
1529 2077 1823 2149 publicam
1855 2076 2010 2132 infra

368 2163 562 2234 ipsum
587 2163 914 2228 castellum,
947 2168 1120 2236 atque
1152 2171 1466 2221 cannetum
1499 2167 1569 2221 de
1603 2167 1714 2221 ista
1752 2166 2009 2233 civitate,

366 2267 472 2307 nec
505 2268 614 2307 non
647 2253 1069 2307 monasterium
1099 2258 1154 2306 S.
1189 2254 1431 2326 Agnetis
1473 2272 1604 2309 cum
1653 2253 1904 2321 salariis,
1953 2257 2011 2308 et

364 2340 1030 2411 vineis,quzeincessum
1055 2341 1266 2396 habere
1289 2342 1550 2397 videtur:
1586 2360 1754 2414 porro
1789 2346 1843 2397 et
1880 2342 2008 2395 fun-

367 2427 510 2483 dum
541 2427 601 2481 in
634 2428 950 2500 integrum,
985 2430 1083 2500 qui
1116 2433 1353 2485 vocatur
1386 2431 1640 2497 Polmus,
1673 2449 1804 2486 cum
1838 2430 2008 2497 casis,

366 2515 555 2571 vineis
585 2521 640 2571 et
669 2517 858 2584 terris,
894 2518 1147 2583 pascuis,
1172 2521 1576 2575 cxtendentem
1613 2537 1674 2575 se
1724 2537 1908 2591 usque
1939 2521 2010 2574 ad

370 2604 607 2660 furnum
634 2605 942 2675 antiquum
970 2607 1123 2677 juris
1149 2608 1404 2679 prmdicti
1430 2607 1727 2681 episcopii,
1752 2614 1806 2664 et
1835 2609 1892 2664 in
1917 2626 2010 2664 eo-

378 2694 510 2750 dem
526 2693 706 2749 fundo
729 2701 1173 2750 monumentum
1199 2697 1507 2768 antiquum
1530 2714 1656 2753 esse
1670 2698 2015 2766 videtur,via

377 2782 704 2850 Portuensi,
724 2783 992 2839 milliario
1016 2784 1087 2839 ab
1110 2786 1252 2841 urbe
1275 2787 1457 2841 Roma
1482 2786 1611 2859 plus
1644 2787 1837 2842 minus
1857 2786 2010 2843 deci-

375 2887 493 2928 mo.
519 2871 778 2943 Itemque
798 2876 854 2927 et
875 2872 1130 2929 insulam
1158 2875 1440 2944 majorem
1470 2876 1529 2930 in
1550 2876 1843 2948 integrum
1875 2892 2008 2931 cum

372 2959 558 3016 hortis
579 2964 637 3016 et
655 2960 840 3016 vineis
861 2978 963 3017 seu
986 2963 1154 3017 terris
1179 2963 1237 3017 in
1266 2962 1455 3018 locum
1481 2964 1579 3035 qui
1611 2968 1850 3019 vocatur
1872 2966 2008 3020 Sca-

371 3049 659 3120 rajo;qui
701 3049 840 3104 olim
900 3050 1010 3105 fuit
1062 3056 1263 3122 portus
1319 3052 1575 3123 Trajani,
1626 3052 2006 3108 inhaerentem

370 3137 559 3193 eidem
586 3137 762 3193 fundo
786 3139 1050 3207 Baccani,
1076 3144 1285 3194 etcum
1313 3140 1585 3195 omnibus
1624 3141 1695 3196 ad
1721 3158 1853 3196 eum
1879 3159 2005 3213 per-

2118 1899 2311 1972 stagni
2333 1916 2519 1971 usque
2542 1901 2600 1955 in
2630 1900 3019 1969 Burdunaria,
3046 1905 3103 1955 et
3124 1918 3159 1955 a
3202 1901 3345 1973 pede
3376 1901 3459 1956 ﬁli
3489 1918 3678 1974 usque
3707 1902 3772 1956 in

2117 1989 2383 2052 Baccani,
2410 1994 2468 2044 et
2493 1994 2710 2045 terram
2741 1990 2811 2045 de
2860 1989 3198 2061 supradicto
3220 1989 3533 2062 episcopio,
3561 1995 3620 2045 et
3649 1990 3773 2045 for-

2119 2092 2277 2132 mam
2307 2095 2434 2149 quze
2464 2082 2701 2134 vocatur
2730 2078 2997 2145 Arcione,
3028 2082 3085 2134 et
3117 2095 3222 2149 per
3266 2077 3457 2150 ipsam
3508 2077 3765 2133 formam

2121 2182 2305 2237 usque
2326 2166 2384 2221 in
2416 2166 2600 2222 rivum
2626 2167 2724 2238 qui
2746 2170 2987 2221 vocatur
3006 2165 3251 2231 Galeria,
3267 2170 3321 2222 et
3336 2166 3660 2222 Pantanum
3687 2166 3769 2220 de

2120 2254 2364 2310 Ricorde
2395 2272 2581 2327 usque
2603 2256 2659 2310 in
2682 2255 2938 2328 primum
2970 2256 3205 2311 affinem
3226 2256 3297 2310 de
3331 2255 3514 2327 pratis
3534 2253 3766 2310 Caraci.

2122 2343 2276 2397 Infra
2307 2343 2413 2398 hos
2440 2359 2571 2399 vero
2604 2344 2771 2413 ﬁnes,
2806 2344 2931 2400 loca
2987 2349 3046 2400 et
3093 2342 3375 2409 vocabula
3429 2348 3571 2397 sunt
3617 2341 3768 2398 haec.

2119 2433 2175 2486 S.
2211 2431 2523 2497 Caesareus,
2580 2432 2820 2504 Palmis,
2868 2432 3264 2498 Sorbilanum,
3317 2430 3491 2486 Clusa
3551 2435 3767 2498 vetere,

2121 2521 2443 2576 Pantanum
2478 2522 3229 2593 majus,Medianum,Mons
3245 2520 3768 2592 ruginosus,mons

2121 2610 2192 2665 de
2220 2609 2481 2677 Zumilis,
2513 2627 2684 2665 mons
2716 2610 3093 2682 Canaparvis,
3123 2609 3300 2675 celsa,
3336 2609 3529 2673 limes,
3578 2608 3767 2678 major

2121 2698 2471 2770 stagnellum
2505 2699 2900 2766 maledictum,
2933 2698 3115 2761 tiocli,
3163 2698 3390 2768 piscina
3433 2695 3756 2769 gagliarda,

2120 2786 2484 2856 olivastrum,
2518 2774 2871 2860 staénellum
2904 2785 3277 2859 peregrinum
3318 2801 3453 2840 cum
3486 2784 3763 2841 omnibus

2118 2892 2318 2932 eorum
2351 2876 2734 2949 pertinentiis.
2767 2875 2881 2931 Nec
2913 2891 3025 2930 non
3056 2879 3113 2930 et
3143 2873 3567 2930 confirmamus
3597 2873 3762 2929 vobis

2116 2970 2355 3037 perpetu
2364 2965 2531 3021 aliter
2545 2969 2794 3037 quatuor
2805 2965 2864 3018 in
2879 2963 3171 3035 integrum
3184 2961 3538 3034 principales
3552 2962 3758 3017 uncias

2118 3053 2320 3108 detoto
2343 3057 2549 3116 stagno
2564 3054 2782 3123 majore
2813 3052 3130 3106 Portuense
3167 3067 3301 3106 cum
3351 3052 3512 3106 omni
3562 3051 3758 3122 pisca-

2118 3141 2294 3205 tione,
2318 3142 2640 3197 redditione
2669 3146 2726 3197 et
2757 3141 3006 3196 statione
3037 3156 3168 3206 sua,
3197 3139 3284 3195 vel
3316 3156 3451 3194 cum
3483 3139 3763 3195 omnibus

370 3225 728 3282 tinentibus:
764 3203 1092 3299 pariterque
1123 3232 1180 3283 et
1210 3228 1454 3283 fundum
1487 3230 1587 3300 qui
1632 3203 2005 3284 vocaturllu-
2037 3203 2081 3271 (ἶ
2120 3230 2192 3284 ad
2218 3203 2377 3300 ipsas
2409 3235 2657 3300 quatuor
2678 3218 2880 3283 aneias
2911 3203 3539 3299 pertinentibus,sicuti
3563 3245 3597 3283 a
3620 3245 3764 3300 pra-.-

370 3311 651 3379 daaorum,
673 3317 730 3367 et
750 3313 999 3368 fundum
1020 3314 1120 3385 qui
1151 3315 1800 3371 vocaturGualduscum
1828 3317 2012 3372 omni-

369 3401 484 3458 bus
510 3418 713 3458 eorum
748 3404 1192 3475 pertinentibus,
1226 3405 1452 3476 positus
1476 3407 1645 3475 juxta
1674 3405 2007 3476 praedictam

370 3490 761 3557 civitatem,et
782 3490 943 3546 ﬁlum
966 3492 1172 3546 Salinae
1196 3492 1251 3546 in
1280 3492 1573 3566 integrum
1602 3498 1904 3549 extensum
1945 3495 2004 3549 in

370 3596 487 3635 una
519 3578 637 3634 ﬁla.
672 3580 813 3636 Item
846 3585 902 3636 et
932 3582 988 3636 in
1030 3582 1289 3637 Baccano
1312 3586 1366 3636 et
1396 3582 1454 3636 in
1496 3581 1829 3651 Genestula,
1862 3587 1917 3638 et
1948 3584 2005 3638 in

368 3668 468 3725 ﬁla
487 3685 717 3739 novem,
751 3670 945 3724 omnia
978 3670 1075 3742 ﬁla
1103 3670 1457 3737 Salinarum,
1484 3687 1611 3742 qua:
1642 3672 1710 3725 ad
1744 3676 2004 3728 vestrum

367 3756 725 3830 episcOpium
760 3759 1047 3829 pertinere
1079 3763 1422 3826 noscuntur,
1448 3775 1547 3814 seu
1582 3764 1637 3814 et
1659 3759 1904 3815 fundum
1939 3762 1996 3816 in

364 3844 678 3918 integrum,
702 3847 800 3918 qui
822 3853 1059 3902 voratur
1079 3846 1338 3903 Gualdus
1371 3848 1578 3917 major,
1604 3864 1734 3903 cum
1763 3848 2006 3905 ecclesia

363 3933 421 3990 S.
449 3935 667 3993 Aureae.
692 3939 1141 3991 etmonumcuto
1184 3952 1309 4002 suo,
1351 3940 1407 3990 et
1447 3940 1598 3991 terra
1626 3937 2000 4003 Semitaritia,

363 4038 494 4093 quas
510 4022 836 4094 appellatur
861 4023 1195 4090 Planura,in
1222 4040 1337 4095 qua
1360 4025 1621 4079 cisterna:
1653 4041 1780 4081 esse
1801 4026 2000 4082 viden-

362 4114 476 4177 tur,
512 4111 703 4182 posita
731 4111 882 4165 inter
931 4112 1197 4177 ﬂuvium,
1232 4112 1478 4167 formam
1512 4114 1848 4169 Arcionum.
1885 4116 1999 4171 Nec

361 4215 478 4254 non
503 4203 559 4253 et
586 4199 1004 4255 conﬁrmamus
1019 4200 1182 4255 vobis
1213 4205 1436 4255 curtem
1471 4201 1525 4254 in
1559 4201 1847 4274 integrum
1873 4220 1998 4275 qum

359 4286 574 4341 dicitur
603 4286 851 4351 Galeria,
884 4287 940 4341 in
976 4305 1091 4359 qua
1122 4292 1208 4343 est
1236 4288 1478 4343 ecclesia
1509 4291 1565 4344 S.
1618 4291 1808 4345 Maria:
1866 4310 1997 4348 cum

360 4373 667 4431 caminatis
694 4391 793 4429 seu
825 4375 1105 4430 triclineis
1162 4380 1335 4448 atque
1388 4377 1630 4433 diversis
1690 4380 1996 4449 cubiculis,

359 4461 752 4533 omnibusque
782 4461 905 4518 suis
936 4463 1215 4530 aediﬁciis,
1236 4481 1360 4535 qua:
1392 4464 1543 4519 infra
1573 4482 1634 4521 se
1665 4465 1877 4523 habere
1909 4470 1995 4524 di-

2117 3317 2518 3373 decessoribus
2542 3317 2756 3372 nostris
2780 3316 3127 3388 supradictae
3163 3316 3416 3372 ecclesiae
3454 3316 3764 3373 Portuensi

2116 3422 2453 3463 concessum
2478 3411 2587 3462 est.
2619 3405 2834 3460 Verum
2861 3405 3036 3460 etiam
3069 3405 3445 3461 concedimus
3475 3410 3533 3460 et
3554 3406 3765 3461 conﬁr-

2115 3510 2347 3550 mamus
2372 3494 2534 3550 vobis
2564 3494 2889 3565 vestrisque
2922 3494 3362 3550 successoribus
3420 3498 3643 3551 turrem
3700 3494 3762 3553 in

2112 3582 2406 3654 integrum
2437 3599 2564 3654 quae
2593 3586 2832 3637 vocatur
2861 3582 2933 3636 de
2961 3581 3125 3649 Albo,
3154 3598 3289 3637 cum
3337 3582 3511 3650 casis,
3550 3582 3760 3651 vineis,

2113 3672 2320 3739 hortis,
2364 3671 2557 3736 terris,
2616 3670 2862 3741 campis,
2908 3670 3110 3743 pratis,
3161 3670 3397 3742 pascuis
3447 3674 3504 3726 et
3556 3670 3760 3744 sylvis,

2113 3759 2384 3834 pantanis
2413 3765 2471 3815 et
2500 3758 2661 3824 rivis,
2692 3756 2867 3814 cultis
2893 3763 2949 3814 et
2979 3758 3237 3829 incultis,
3274 3758 3495 3827 vacuis,
3542 3758 3755 3833 plenis,

2113 3855 2169 3906 et
2196 3865 2328 3905 cum
2364 3840 2638 3904 omnibus
2668 3847 2739 3902 ad
2770 3847 2960 3919 ipsam
2994 3851 3214 3903 turrem
3235 3847 3586 3921 generaliter
3612 3853 3670 3905 et
3696 3849 3755 3904 in

2110 3940 2403 4011 integrum
2428 3934 3048 4008 pertinentibus,sicut
3072 3937 3280 3993 afﬁnes
3305 3938 3356 4009 ej
3368 3937 3573 3993 usdem
3600 3938 3755 3994 desi-

2111 4031 2312 4100 gnant,
2335 4043 2368 4081 a
2402 4025 2587 4097 primo
2620 4023 2796 4079 latere
2828 4024 2987 4081 rivus
3016 4025 3117 4096 qui
3149 4029 3388 4081 vocatur
3435 4025 3685 4095 Galeria,
3718 4043 3751 4083 a

2110 4116 2365 4173 secundo
2388 4114 2564 4169 latere
2580 4113 2792 4169 fluvius
2822 4113 3071 4181 Tiberis,
3103 4130 3136 4168 a
3168 4114 3338 4169 tertio
3385 4114 3563 4171 latere
3617 4114 3752 4171 Pul-

2106 4203 2449 4265 verinula,et
2471 4207 2727 4273 aquarto
2762 4200 2939 4257 latore
2986 4202 3174 4257 forma
3201 4219 3330 4274 qua:
3377 4206 3620 4258 vocatur
3645 4204 3752 4258 Ar-

2109 4293 2362 4347 cionum.
2386 4288 2771 4346 Concediinus
2796 4290 2973 4346 etiam
3002 4289 3146 4361 ipsis
3168 4288 3504 4347 hominibus
3526 4290 3627 4362 qui
3654 4308 3758 4362 per

2105 4384 2369 4453 tempora
2389 4377 2706 4433 habitaturi
2738 4382 2878 4433 sunt
2921 4377 3074 4434 infra
3123 4384 3365 4443 turrem,
3416 4382 3478 4432 ut
3525 4377 3752 4434 nullius

2105 4467 2399 4541 potestati,
2421 4464 2643 4521 nullius
2665 4466 2872 4521 ditioni
2896 4467 3116 4522 subditi
3141 4468 3276 4534 sint,
3308 4482 3411 4521 nec
3429 4463 3607 4521 alicui
3634 4483 3755 4523 ser-

356 4548 659 4623 gnoscitur
688 4566 821 4607 cum
853 4551 1126 4606 omnibus
1179 4552 1413 4620 ﬁnibus,
1465 4555 1753 4621 terminis,
1800 4555 1997 4612 limiti-
2026 4570 2073 4635 D
2101 4554 2634 4621 viant,authostem
2660 4555 3027 4626 faciant,nisi
3049 4557 3318 4629 episcopo
3336 4554 3437 4626 qui
3482 4554 3555 4610 in-
3597 4555 3753 4612 dicto

354 4639 584 4711 busque
605 4638 751 4707 suis,
770 4640 962 4703 terris,
985 4640 1297 4705 casalibus,
1314 4641 1701 4715 sylvis,atque
1723 4646 1993 4715 pantanis

353 4744 487 4784 cum
514 4731 706 4800 ponte,
739 4733 796 4784 et
827 4729 1022 4801 ipsum
1067 4729 1252 4785 rivum
1304 4731 1403 4803 qui
1450 4736 1695 4787 vocatur
1741 4733 1989 4804 Galeria,

353 4832 542 4888 usque
573 4818 643 4873 ad
676 4817 917 4883 ﬂumen,
950 4835 1083 4877 cum
1118 4819 1261 4875 locis
1292 4821 1361 4874 ad
1398 4820 1752 4892 aquimolam
1787 4822 1992 4877 facien-

351 4905 769 4973 dam,velcum
791 4908 1063 4963 omnibus
1099 4908 1452 4980 utsuperius
1482 4909 1702 4964 dictum
1745 4914 1832 4965 est
1879 4910 1989 4967 sibi

349 4994 697 5068 generaliter
725 5001 783 5051 et
812 4996 869 5050 in
919 4996 1212 5068 integrum
1263 4996 1482 5051 cultum
1539 5001 1594 5053 et
1641 4998 1985 5067 assolatum,

346 5082 528 5139 situm
547 5084 605 5139 in
629 5101 835 5156 campo
860 5086 954 5157 qui
982 5089 1221 5140 vocatur
1244 5085 1467 5150 Meruli,
1496 5088 1877 5141 constitutum
1896 5089 1990 5143 via

345 5162 940 5244 Portuense,milliaro
960 5174 1192 5228 abut-be
1214 5174 1392 5228 Roma
1439 5174 1569 5246 plus
1615 5176 1810 5229 minus
1841 5177 1983 5232 duo-

341 5261 591 5328 decimo,
615 5262 784 5317 sicuti
809 5263 1016 5317 afﬁnes
1041 5263 1331 5334 incipiunt
1354 5280 1385 5316 a
1409 5267 1530 5318 toto
1553 5268 1713 5318 curte
1741 5282 1768 5317 η
1795 5266 1982 5335 primo

338 5348 540 5414 latere,
567 5357 732 5421 prata
761 5350 1113 5423 Caraci,qure
1135 5355 1416 5405 vocantur
1437 5351 1659 5417 Mesuli,
1686 5356 1741 5406 et
1776 5353 1983 5410 deinde

337 5452 525 5506 usque
556 5439 626 5491 ad
660 5444 914 5493 montem
961 5456 1132 5511 quem
1167 5438 1305 5493 olim
1341 5439 1589 5495 detinuit
1616 5444 1870 5496 Joannes
1911 5443 1982 5497 de

338 5522 572 5592 Minoia,
618 5529 673 5579 et
730 5526 984 5583 haeredcs
1045 5528 1321 5598 Stephani
1382 5528 1871 5595 Numenclatoris,
1925 5535 1981 5586 et

338 5607 547 5665 deinde
579 5612 732 5669 ultra
758 5614 907 5668 vium
943 5633 1044 5686 per
1074 5614 1262 5671 casalc
1318 5616 1469 5686 quod
1528 5616 1665 5671 olim
1727 5618 1981 5675 detinuit

2103 4644 2394 4719 episCOpio
2417 4644 2620 4714 fuerit;
2640 4661 2743 4699 nec
2764 4660 2879 4700 non
2902 4648 2959 4700 et
2971 4646 3385 4701 conﬁrmamus
3404 4642 3757 4716 tibituisque

2103 4733 2539 4790 successoribus
2558 4733 2615 4787 in
2638 4736 2987 4804 perpetuum
3015 4750 3220 4789 omnes
3241 4737 3404 4789 reset
3421 4731 3746 4797 facultates,

2101 4824 2348 4879 mobiles
2379 4827 2437 4878 et
2467 4821 2822 4888 immobiles,
2852 4823 2923 4877 de
2955 4820 3074 4878 illis
3103 4821 3447 4878 hominibus
3476 4820 3576 4894 qui
3619 4820 3745 4876 sine

2099 4912 2325 4968 haerede
2354 4916 2412 4966 et
2442 4911 2698 4966 intestati
2732 4910 3062 4966 moriuntur
3090 4909 3149 4967 in
3181 4910 3338 4967 dicta
3366 4909 3598 4965 civitate
3619 4908 3754 4965 Por-

2096 5002 2312 5064 tuensi,
2332 5001 2449 5055 sive
2478 4999 2537 5054 in
2572 4999 2953 5066 Transtiberi,
2985 5007 3087 5055 aut
3116 5000 3175 5054 in
3209 4998 3404 5055 insula
3435 4996 3744 5071 Lycaonia,

2098 5092 2216 5146 sive
2244 5090 2573 5160 ubicunque
2594 5087 2769 5142 vestri
2798 5088 3173 5160 episcopatus
3198 5087 3354 5158 juris
3384 5103 3515 5142 esse
3542 5086 3745 5142 viden-

2092 5176 2629 5245 tur,constituimus
2654 5175 2841 5246 ipsam
2866 5176 3241 5233 Portuensem
3264 5174 3571 5232 ecclesiam
3605 5173 3746 5247 legi-

2091 5267 2298 5322 timam
2329 5264 2638 5327 haeredem,
2671 5265 2752 5320 ita
2783 5269 2849 5320 ut
2878 5266 3190 5338 episcOpus
3245 5263 3437 5336 ipsius
3486 5262 3742 5320 ecclesiae

2091 5354 2301 5410 habent
2333 5357 2678 5424 potestatem
2711 5353 3018 5410 ordinandi
3044 5353 3428 5425 omniajuxta
3457 5368 3630 5409 suam
3652 5368 3747 5407 vo.

2090 5442 2401 5508 luntatem,
2418 5456 2485 5493 eo
2508 5444 2708 5496 tenore
2733 5448 2797 5498 ut
2819 5460 2930 5498 non
2956 5446 3219 5516 pereant,
3244 5440 3472 5498 scilicet
3503 5441 3750 5497 mortuis

2088 5531 2148 5585 in
2180 5531 2461 5583 aeternum
2491 5529 2736 5598 prosint,
2770 5532 3017 5604 Insuper
3046 5532 3225 5589 etiam
3286 5529 3670 5588 concedimus
3693 5532 3748 5585 et

2086 5615 2505 5676 conﬁrmamus
2527 5615 2689 5672 vobis
2718 5619 3044 5691 vestrisque
3074 5617 3589 5677 successoribusin
3619 5633 3745 5691 per-
