3974 6206
148 320 271 391 σοι

1142 317 1548 382 EPISTOIJE
1587 316 1690 381 ET
1730 315 2089 389 DECRETA
2138 320 2609 389 PONTIFICIA.

3454 326 3581 405 603

150 458 505 535 petuumex
524 451 664 527 jure
694 451 845 511 sacri
878 450 1062 510 nostri
1122 449 1323 524 palatii
1376 449 1807 521 Lateranensis,
1841 450 1897 519 Α
1926 452 2036 509 fuit
2065 452 2125 511 in
2155 454 2435 513 honorem
2466 455 2524 514 Β.
2549 454 2845 513 Adalberti
2880 454 2980 531 qui
3003 474 3109 515 suo
3130 459 3391 532 tempore
3422 477 3579 517 mar-

156 545 321 622 quod
341 544 415 602 ad
429 542 735 618 publicum
759 546 1027 599 nostrum
1054 540 1660 615 pertinet,castaldum
1684 540 1815 596 Por-

154 639 392 700 tuense,
425 631 512 688 vel
545 631 835 705 quidquid
868 648 1053 703 usque
1084 630 1368 687 hactenus
1395 630 1575 686 nostri
1608 630 1812 686 castal-

156 724 368 780 diones
397 723 468 778 de
494 725 619 778 tota
645 720 963 776 Portuense
984 718 1237 786 civitate,
1296 720 1417 774 sive
1475 721 1545 776 de
1602 719 1810 794 portis,

153 811 248 869 vel
277 811 349 867 de
378 809 646 879 navibus,
670 824 775 865 nec
809 826 920 865 non
954 812 1012 864 et
1041 809 1112 864 de
1143 812 1263 864 tota
1303 808 1690 876 Burdunaria,
1724 809 1810 864 vel

154 899 448 975 quidquid
481 904 643 957 extra
662 897 748 955 vel
779 898 929 955 intra
961 897 1180 971 ubique
1208 899 1280 955 ad
1314 898 1481 955 illum
1534 900 1815 972 pertinuit

156 990 233 1046 de
252 990 380 1062 jam
415 988 572 1045 dicto
602 988 950 1053 ministerio,
981 988 1146 1044 vobis
1192 988 1486 1060 vestrique
1512 1006 1811 1045 successo-

159 1078 329 1139 ribus
352 1078 412 1135 in
443 1080 748 1151 perpetum
769 1077 1098 1134 tribuimus
1129 1078 1571 1149 possidendum,
1622 1078 1702 1135 ita
1751 1082 1815 1134 ut

162 1166 639 1241 qualemcunque
669 1165 964 1222 hominem
997 1166 1212 1222 ibidem
1244 1167 1598 1223 constituere
1622 1167 1814 1224 volue-

160 1256 297 1317 ritis
328 1254 741 1313 castaldionem
774 1260 876 1310 aut
901 1256 1356 1324 mandatarium,
1375 1256 1434 1311 in
1461 1260 1652 1312 vestra
1712 1274 1812 1329 po—

160 1348 381 1403 testate
407 1344 704 1411 consistat,
749 1347 808 1399 et
843 1343 1131 1417 quidquid
1185 1345 1255 1400 de
1300 1344 1427 1417 ipso
1486 1345 1813 1402 ministerio

160 1432 526 1505 acquisierit,
548 1432 716 1489 vobis
745 1424 1068 1504 vestrisque
1120 1434 1560 1490 successoribus
1590 1435 1811 1491 defera-

159 1526 279 1590 tur,
325 1521 615 1594 quidquid
661 1521 824 1576 vobis
856 1522 1062 1578 exinde
1093 1521 1446 1590 faciendum,
1507 1527 1701 1579 tamen
1764 1522 1812 1578 si

159 1614 365 1671 nostro
395 1610 595 1669 comiti
614 1609 700 1666 vel
723 1614 1059 1667 nostrorum
1092 1628 1499 1668 successorum
1530 1611 1813 1684 placuerit

163 1701 239 1761 de
267 1698 389 1767 illo,
420 1700 575 1772 quod
601 1700 672 1755 ad
699 1704 961 1755 nostrum
997 1700 1278 1772 palatium
1302 1701 1814 1773 pertinet,ﬁdelita—

1922 542 2134 615 tyrium
2173 562 2274 617 pro
2308 544 2522 602 Christi
2559 547 2798 602 nomine
2820 547 3101 620 suscepit.
3136 551 3210 603 At
3268 549 3580 624 episcopus

1922 631 2020 688 ille
2046 634 2268 705 rogavit
2299 634 2407 689 sibi
2434 653 2467 690 a
2488 636 2657 691 nobis
2674 636 2796 692 dari
2821 636 3087 693 inducias
3111 638 3181 693 ad
3205 643 3430 695 certum
3462 646 3576 697 ter-

1924 722 2246 789 minum,ut
2276 725 2489 781 afferre.
2510 726 2673 781 vobis
2707 725 3219 798 possetjustitiam
3280 745 3458 801 quam
3520 747 3580 785 se

1922 811 2136 867 habere
2158 812 2384 869 diccbat
2410 832 2421 881 ;
2442 832 2548 870 nos
2573 815 2874 887 vero,quia
2896 817 3157 888 synodus
3175 834 3243 873 ea
3274 817 3366 874 die
3388 820 3582 875 termi-

1923 901 2601 968 nabatur,concessimus
2619 921 2632 970 ;
2652 921 2905 977 cumque
2926 906 3213 961 terminus
3228 908 3578 975 advenisset,

1922 995 1985 1046 tn
2018 991 2087 1046 ad
2121 1009 2226 1047 nos
2262 991 2561 1047 humiliter
2599 997 2653 1047 et
2713 992 2893 1059 solus,
2964 992 3058 1049 ille
3112 998 3306 1051 autem
3368 1014 3579 1071 magna

1922 1079 2230 1134 hominum
2250 1080 2625 1136 multitudine
2648 1082 2831 1137 fretus
2855 1082 2923 1136 ad
2953 1100 3055 1138 nos
3074 1084 3268 1141 venire
3291 1085 3577 1158 despexit.

1922 1168 2261 1223 Residentes
2285 1173 2476 1224 tamen
2503 1187 2607 1225 nos
2631 1186 2762 1225 cum
2781 1170 3084 1241 judicibus
3109 1172 3323 1229 nostris
3344 1175 3414 1230 ad
3439 1192 3574 1230 eum

1920 1257 2202 1329 legatum,
2253 1262 2317 1312 ut
2374 1258 2445 1312 ad
2507 1275 2613 1313 nos
2662 1258 2904 1325 veniret,
2968 1259 3308 1328 direximus,
3357 1262 3580 1318 scilicet

1922 1344 2155 1400 nonnisi
2203 1362 2340 1401 cum
2399 1346 2524 1401 suis
2581 1346 2899 1419 redemptis
2952 1347 3325 1418 adiutoribus
3388 1352 3581 1406 venire

1922 1451 1985 1491 se
2015 1434 2309 1500 dixit.Quo
2342 1434 2497 1490 dicto
2528 1452 2660 1489 cum
2698 1439 2818 1490 tota
2850 1453 2956 1491 sua
2990 1436 3364 1493 multitudine
3396 1456 3580 1495 reces-

1922 1523 2017 1592 sit,
2051 1523 2270 1580 scilicet
2300 1541 2405 1580 nos
2437 1524 2509 1581 ad
2550 1525 2677 1595 ejus
2733 1526 3163 1581 contumaciam
3225 1543 3338 1583 non
3398 1530 3581 1601 respi-

1922 1612 2236 1680 cientes,ex
2259 1613 2785 1685 consiliojudicum
2822 1614 3298 1672 archidiaconum
3315 1622 3582 1674 nostrum

1923 1705 2229 1775 Hugonem
2263 1720 2451 1775 usque
2483 1704 2553 1758 ad
2589 1704 2834 1759 domum
2868 1705 2998 1775 ejus
3042 1705 3337 1773 misimus,
3373 1711 3435 1762 ut
3492 1725 3581 1764 ses

163 1793 289 1845 tem
314 1789 495 1860 juret.
522 1787 625 1889 Isti
654 1805 907 1863 namque
947 1788 1206 1856 comites,
1264 1789 1362 1861 qui
1408 1806 1511 1862 pro
1552 1794 1813 1863 tempore
1848 1824 1895 1891 B
1926 1791 2125 1864 quenti
2159 1790 2251 1847 die
2282 1792 2350 1846 ad
2387 1809 2492 1847 nos
2521 1791 2760 1855 veniret.
2786 1792 2942 1849 sicut
2971 1792 3281 1867 episcopus
3304 1812 3437 1852 cum
3460 1797 3581 1870 epi-

156 1877 395 1937 Iuerint
422 1894 457 1933 a
486 1876 652 1934 nobis
681 1877 766 1933 vel
813 1894 847 1933 a
890 1877 1106 1934 nostris
1137 1878 1598 1946 successoribus,
1634 1878 1816 1945 nullo,

167 1968 348 2025 modo
360 1965 543 2022 alium
561 1965 976 2023 castaldionem
995 1970 1096 2022 aut
1120 1967 1552 2023 mandatarium
1567 1968 1821 2023 audeant

158 2056 444 2117 ordinare
471 2054 559 2115 vel
590 2054 963 2123 constituere,
997 2060 1205 2128 praeter
1227 2055 1359 2113 illos
1381 2074 1529 2129 quos
1570 2074 1673 2113 vos
1731 2056 1818 2111 vel

164 2144 347 2203 vestri
377 2160 749 2205 successores
775 2145 1059 2207 ordinatis
1090 2144 1177 2200 vel
1222 2145 1611 2213 constituitis;
1647 2146 1746 2217 qui
1771 2146 1820 2201 si

169 2234 432 2303 fecerint,
464 2232 553 2290 vel
584 2233 656 2288 de
678 2233 803 2305 jam
835 2234 989 2289 dicto
1021 2233 1337 2290 castaldico
1360 2234 1583 2307 aliquid
1611 2234 1822 2291 violen-

165 2328 260 2381 ter
288 2322 658 2392 abstulerint,
690 2321 781 2378 vel
813 2339 941 2395 qum
972 2340 1005 2380 a
1055 2322 1244 2392 nobis,
1277 2323 1441 2380 vobis
1497 2323 1846 2396 vestrisque.

167 2412 613 2470 successoribus
626 2411 844 2468 tradita
857 2416 1014 2480 sunt,
1024 2412 1288 2485 frangere
1308 2416 1409 2468 aut
1428 2411 1823 2468 contradicere

165 2500 895 2574 voluerint,uuusquisque
917 2517 973 2556 IV
1004 2500 1102 2557 lib.
1139 2501 1264 2557 auri
1288 2500 1824 2574 persolvat,medie-

166 2593 361 2646 tatem
394 2592 594 2645 nostro
625 2589 864 2662 palatio,
892 2592 949 2645 et
979 2589 1351 2646 medietatem
1383 2594 1572 2647 vestro
1596 2590 1823 2662 episco-

169 2678 358 2752 patui,
390 2682 448 2734 et
468 2679 623 2751 quod
655 2678 728 2734 ab
752 2678 835 2734 eis
858 2678 918 2734 in
938 2678 1144 2737 exinde
1157 2682 1472 2735 contumax
1520 2680 1822 2746 exstiterit,

172 2783 365 2839 usque
395 2767 467 2822 ad
500 2770 750 2824 vestram
778 2766 1235 2825 satisfactionem
1285 2768 1827 2825 excommunicatus

171 2857 412 2914 existat.

242 3033 893 3106 Itemqueconcedimus
913 3038 969 3091 et
984 3035 1402 3093 confirmamus
1420 3036 1583 3091 vobis
1604 3036 1834 3092 vestris-

168 3138 288 3195 que
314 3122 757 3179 successoribus
788 3123 846 3178 in
870 3126 1216 3196 perpetuum
1275 3124 1346 3181 de
1398 3124 1628 3180 civitate
1685 3123 1820 3179 Por-

164 3191 363 3268 tuensi
394 3211 716 3284 piscatores
734 3215 792 3267 et
820 3191 1267 3277 duostcuriales,
1296 3212 1733 3286 qualescunque
1749 3213 1820 3269 de
1851 3191 1895 3259 θ

165 3299 257 3359 eis
288 3299 501 3374 eligere
527 3299 830 3356 volueritis
861 3299 920 3356 in
950 3304 1322 3374 perpetuum,
1357 3301 1434 3356 ita
1467 3305 1530 3356 ut
1580 3301 1822 3357 ulterius

166 3388 396 3446 nullam
410 3389 704 3445 dationem
721 3388 1065 3461 nullumque
1079 3389 1312 3445 servitiu
1323 3408 1379 3445 m
1395 3390 1420 3445 Γ
1416 3390 1824 3463 aciant,neque

164 3480 244 3541 ad
274 3477 557 3552 placitum
588 3477 1038 3552 adstringantur
1069 3478 1141 3533 ab
1172 3477 1372 3551 aliqua
1392 3478 1823 3552 persona,sci1i-

165 3571 261 3627 oet
287 3567 396 3623 tibi
428 3566 665 3639 tuisque
687 3566 1127 3625 successoribus
1183 3567 1336 3624 hanc
1396 3568 1823 3625 committimus

165 3656 688 3731 potestatem.1tem
711 3656 1245 3713 conﬁrmamustibi
1268 3658 1503 3730 tuisque
1521 3675 1821 3716 successo-

163 3745 343 3802 ribus
364 3743 552 3800 casale
582 3761 762 3800 unum
785 3744 844 3799 in
874 3744 1349 3818 integrum,quod
1380 3750 1617 3803 vocatur
1638 3748 1823 3804 Gene-

162 3835 435 3903 sianum,
458 3832 621 3905 :quod
654 3837 709 3888 et
746 3831 1088 3890 Mallianum
1145 3838 1401 3902 vocatur,
1435 3851 1570 3891 cum
1626 3835 1823 3892 insula

165 3922 402 3981 modica
427 3921 582 3977 ultra
596 3921 777 3979 rivum
802 3922 861 3977 in
885 3922 1012 3995 ipso
1033 3922 1159 3980 loco
1182 3924 1531 3996 posita,cum
1544 3924 1821 3981 omnibus

165 4013 238 4071 ad
270 4028 407 4068 eum
443 4010 874 4083 pertinentibus
904 4011 1096 4084 posita
1141 4013 1234 4067 via
1282 4012 1600 4069 Portuense
1649 4013 1822 4084 juxta

167 4099 690 4171 Mallianumjuris
720 4100 1061 4157 monasterii
1083 4101 1141 4159 8.
1163 4100 1656 4169 Pancratii,etiam
1680 4117 1786 4157 con
1803 4134 1819 4144 -

149 4190 475 4251 ﬁrmamus
494 4188 661 4245 vobis
682 4189 1007 4263 vestrisque
1028 4190 1470 4248 successoribus
1510 4191 1567 4247 in
1607 4207 1814 4266 perpe-

148 4282 335 4339 tuum
366 4282 552 4336 totam
583 4276 839 4334 insulam
873 4296 999 4351 quas
1032 4284 1270 4336 vocatur
1290 4279 1578 4353 Lycaonia
1598 4280 1697 4336 ubi
1728 4284 1819 4337 est

162 4367 410 4427 ecclesia
438 4368 501 4423 S.
522 4366 771 4424 Joannis
799 4368 1072 4442 Baptistae
1095 4372 1154 4426 et
1194 4369 1253 4425 S.
1292 4368 1607 4438 Adalberti,
1660 4370 1816 4426 unde

149 4455 599 4528 querimoniam
632 4457 915 4528 posuistis
942 4457 1003 4515 in
1026 4459 1268 4531 synodo,
1300 4475 1477 4532 quam
1504 4457 1816 4516 celebravi-

1931 1897 2106 1953 scopo
2128 1879 2411 1937 rationem
2432 1880 2741 1935 habiturus
2769 1898 3053 1953 ;cumque
3078 1882 3170 1937 die
3192 1882 3375 1940 altera
3402 1885 3581 1943 simili

1931 1970 2103 2026 modo
2135 1969 2524 2026 resideremus
2558 1974 2960 2042 exspectantes
3010 1988 3165 2037 eum,
3230 1990 3344 2028 non
3404 1975 3578 2043 venit,

1929 2057 2154 2115 scilicet.
2170 2058 2446 2132 epistolas
2459 2059 2744 2130 quasdam
2761 2057 2985 2114 veniam
3003 2076 3117 2131 prae
3128 2060 3374 2118 terentes
3397 2064 3580 2134 misit,

1930 2163 2182 2218 cumque
2212 2146 2354 2202 nihil
2390 2146 2633 2202 rationis
2664 2146 2977 2215 diceret,ut
3007 2148 3261 2220 amplius
3291 2157 3584 2225 exspecta-

1929 2234 2635 2303 rideberet,laudantibus
2660 2235 3584 2309 omnibusjudicibus,fraterAli-

1932 2323 2132 2379 nardis
2172 2323 2578 2396 Lugdunensis
2614 2323 3121 2396 archiespiscopus
3159 2328 3497 2387 canonicam
3528 2334 3585 2385 et

1932 2411 2299 2468 dit‘ﬁnitivam
2332 2410 2572 2486 protulit
2601 2413 2973 2479 sententiam,
3010 2413 3257 2486 primam
3291 2416 3579 2472 deoontu-

1934 2500 2874 2573 macibuspuniendis,secundam
2908 2502 2978 2556 de
3010 2502 3269 2559 ecclesiis
3297 2521 3426 2577 qua:
3448 2511 3586 2562 sunt

1935 2590 2090 2646 intra
2110 2589 2326 2646 limites
2346 2590 2737 2662 episcopatus,
2772 2590 3063 2659 quomodo
3095 2592 3166 2647 ad
3211 2608 3347 2650 eum
3405 2595 3583 2668 perti-

1937 2683 2130 2735 neant.
2155 2678 2278 2743 Qua
2307 2677 2534 2750 prolata
2553 2676 2842 2733 sententia
2872 2694 2906 2731 a
2929 2677 3180 2745 nobis,et
3212 2679 3284 2734 ab
3309 2680 3585 2738 omnibus

1935 2767 2194 2834 laudata,
2221 2767 2568 2823 confirmata
2593 2766 3087 2840 fuit.Quaproptcr
3118 2772 3235 2823 tam
3271 2768 3372 2824 tibi
3406 2787 3581 2843 quam

1938 2856 2058 2913 tuis
2112 2856 2548 2912 successoribus
2604 2855 2869 2910 eamdem
2927 2855 3232 2912 ecclesiam
3294 2874 3395 2913 cer
3475 2859 3585 2915 hoc

1941 2949 2210 3001 nostrum
2259 2943 2627 3017 privilegium
2686 2944 3082 3013 concedimus,
3141 2946 3584 3017 confirmamus,

1944 3033 2311 3107 querimonia
2342 3036 2457 3089 tam
2490 3032 2574 3087 illi
2601 3031 2872 3106 episcopo
2905 3049 3082 3105 quam
3142 3036 3584 3093 successoribus

1942 3124 2070 3195 ejus
2104 3125 2380 3195 perpetuo
2411 3121 2723 3178 interdicta
2752 3122 2821 3176 do
2854 3122 3053 3178 eadem
3086 3122 3351 3189 ecclesia,
3384 3123 3496 3180 sita
3526 3125 3583 3182 in

1931 3210 2438 3285 praedictainsula,
2494 3228 2628 3267 cum
2686 3211 2950 3267 curtibus
3010 3214 3066 3266 et
3103 3212 3375 3268 oratoriis
3428 3212 3582 3272 infra

1932 3302 2167 3358 easdem
2199 3304 2415 3369 curtes,
2446 3304 2503 3355 et
2533 3317 2665 3355 cum
2684 3298 2958 3356 omnibus
2986 3301 3056 3357 ad
3089 3318 3187 3358 cas
3232 3300 3581 3374 generaliter

1932 3395 1990 3446 et
2019 3390 2077 3447 in
2100 3390 2391 3462 integrum
2424 3388 2871 3462 pertinentibus,
2908 3406 3038 3445 cum
3073 3388 3281 3460 hortis,
3313 3395 3371 3445 et
3411 3390 3579 3463 aqui-

1934 3479 2102 3536 molis
2127 3478 2272 3548 suis,
2306 3478 2420 3533 sita
2442 3477 2594 3532 intra
2624 3477 2773 3532 hanc
2802 3477 3003 3534 urbem
3026 3478 3381 3545 ilomanam,
3406 3479 3578 3535 sicuti

1932 3567 2264 3625 extenditur
2292 3567 2365 3622 ab
2396 3583 2510 3621 uno
2543 3566 2753 3638 capite,
2789 3565 2883 3621 ubi
2918 3565 3199 3621 dividitur
3225 3566 3467 3634 flumen,
3522 3572 3579 3625 et

1935 3674 2119 3729 usque
2153 3656 2211 3711 in
2255 3655 2411 3710 aliud
2444 3658 2614 3726 caput
2673 3653 2860 3726 ipsius
2918 3652 3144 3724 insulsa,
3193 3652 3293 3706 ubi
3350 3654 3577 3709 aduna-

1930 3751 2045 3815 tur,
2067 3745 2190 3819 pari
2212 3745 2386 3800 modo
2418 3742 2815 3810 concedimus,
2847 3746 2903 3797 et
2937 3743 3358 3799 conﬁrmamus
3412 3743 3580 3799 vobis

1929 3834 2256 3907 vestrisque
2268 3831 2709 3888 successoribus
2724 3832 2780 3886 in
2811 3836 3158 3904 perpetuum
3177 3846 3411 3886 omnem
3429 3832 3581 3887 ordi-

1930 3924 2228 3982 nationem
2249 3919 2662 3994 episcopalem,
2688 3924 2804 3976 tam
2830 3921 2901 3976 de
2922 3919 3274 3994 presbyteris
3307 3934 3484 3991 quam
3506 3921 3578 3978 de

1929 4011 2210 4080 diaconis,
2241 4010 2328 4066 vel
2361 4008 2756 4078 diaconsistis,
2790 4010 2911 4065 sive
2951 4007 3348 4075 subdiaconis,
3371 4025 3575 4065 conse-

1927 4102 2247 4158 crationem
2280 4098 2657 4155 ecclesiarum
2689 4096 3091 4167 velaltarium,
3151 4114 3281 4170 quae
3340 4098 3398 4153 in
3456 4102 3579 4155 tota

1927 4188 2285 4248 Trenstiberi
2317 4203 2552 4244 necesse
2589 4187 2757 4243 'uerit
2788 4185 3193 4253 facienda,nisi
3219 4186 3363 4241 forte
3385 4186 3575 4242 cardi-

1928 4280 2108 4346 nales,
2144 4276 2372 4335 diaconi
2402 4275 2487 4333 vel
2540 4275 2907 4346 subdiaconi,
2968 4281 3072 4333 aut
3119 4275 3366 4350 acolythi
3424 4276 3573 4332 sacri

1928 4364 2551 4440 Lateranensispalatii
2583 4365 3164 4433 efﬁciantur,scilicet
3212 4364 3413 4420 omnia
3468 4366 3574 4422 tibi

1923 4458 2157 4532 tuisque
2187 4454 2644 4523 successoribus,
2668 4453 2757 4511 vel
2780 4454 2993 4527 quibus
3024 4454 3316 4528 episcopis
3348 4472 3382 4510 a
3410 4454 3576 4511 vobis

156 4542 389 4605 .mns'in
418 4543 660 4602 ecclesia
686 4544 1023 4614 Salvatoris,
1054 4564 1236 4620 quare
1282 4552 1483 4604 contra
1538 4547 1813 4605 Crescen-
1842 4565 1890 4631 Ι)
1922 4546 2148 4603 invitati
2176 4545 2389 4602 fuerint
2418 4543 2750 4611 ordinandi,
2813 4545 3194 4603 benedicendi
3255 4549 3313 4600 et
3368 4559 3577 4599 conse-

163 4632 320 4689 tium
342 4632 401 4688 S.
430 4632 606 4705 Sylva
659 4636 928 4692 Candida
977 4636 1243 4693 Ecclesiae
1292 4636 1654 4710 episcopum,
1709 4636 1809 4709 qui

146 4721 432 4781 eamdem
463 4723 768 4782 ecclesiam
799 4742 906 4783 suo
923 4726 1284 4799 episcopatui
1306 4725 1810 4791 vindicabat,eum

159 4827 298 4871 vero
314 4811 709 4886 ambaspartes
729 4818 864 4870 ante
885 4815 1256 4888 presentiam
1279 4823 1538 4872 nostram
1561 4819 1617 4870 et
1631 4813 1813 4871 totius

148 4900 364 4974 synodi
399 4902 658 4972 staretis,
689 4901 910 4975 placuit
938 4908 1004 4961 ut
1032 4903 1080 4959 si
1102 4904 1453 4977 scripturam
1471 4903 1678 4960 exinde
1708 4902 1814 4959 ha-

160 4989 414 5057 beres,in
439 4991 703 5048 modium
726 4992 1036 5049 videndam
1057 4991 1481 5066 legendumque
1503 4993 1811 5065 proferres.

159 5078 372 5137 Statim
406 5079 657 5139 attulisti
690 5080 1059 5154 privilegium
1091 5083 1247 5155 quod
1301 5081 1654 5138 antecessori
1715 5086 1814 5136 tuo

158 5167 472 5230 Benedicto
500 5169 907 5243 episcopo,qui
936 5171 1239 5228 dicebatur
1268 5172 1338 5227 de
1377 5171 1603 5239 Pontio,
1636 5170 1815 5226 Fene-

156 5255 355 5314 dietus
376 5259 529 5328 VIII,
561 5263 901 5316 antecessor
930 5263 1144 5329 noster,
1178 5260 1315 5319 fecit
1357 5260 1428 5318 de
1486 5259 1817 5333 integritate

156 5346 341 5402 totius
370 5347 771 5420 episcopatus.
806 5349 969 5416 Quod
1002 5366 1138 5405 eum
1167 5348 1381 5406 lectum
1415 5352 1589 5418 esset,
1624 5347 1812 5404 nomi-

154 5435 340 5493 natim
372 5435 454 5491 ibi
486 5436 725 5511 inventa
755 5441 843 5494 est
872 5437 1117 5495 ecclesia
1145 5438 1263 5510 illa,
1298 5456 1498 5512 quam,
1559 5437 1714 5493 sicut
1756 5436 1812 5492 in

153 5523 529 5596 querimonia
559 5529 664 5582 tua
693 5525 1046 5601 dixisti,ipse
1078 5532 1216 5585 tuus
1236 5532 1569 5586 antecessor
1587 5524 1814 5581 dicave-

152 5616 246 5673 ω
278 5616 548 5688 tempore
563 5613 814 5672 Othonis
834 5616 905 5670 [ll
938 5615 1368 5690 imperatoris,a
1396 5632 1512 5689 quo
1533 5612 1816 5671 aedificata

1922 4636 2121 4693 orandi
2137 4634 2513 4691 concedimus
2529 4637 2876 4706 potestatem
2903 4638 2991 4706 ;et
3007 4652 3076 4691 ne
3089 4633 3367 4708 parochia
3386 4638 3578 4690 vestra

1923 4725 1996 4781 ab
2026 4723 2223 4798 aliquo
2252 4724 2602 4797 pervadatur
2631 4722 2926 4794 episcopo,
2950 4724 3094 4778 fines
3126 4724 3254 4795 ejus
3311 4737 3416 4795 per
3464 4720 3574 4779 hoc

1922 4818 2188 4870 nostrum
2203 4812 2567 4886 privilegium
2591 4810 2893 4866 insinuare
2906 4815 3135 4883 tuaeque
3155 4810 3412 4867 ecclesias
3437 4827 3575 4866 con-

1923 4903 2158 4959 ﬁrmare
2177 4898 2795 4970 curamus,incipiente
2816 4899 3005 4973 primo
3032 4899 3283 4954 termino
3316 4914 3351 4952 a
3392 4897 3575 4954 fracto

1922 4995 2119 5065 ponte,
2140 4988 2236 5045 ubi
2265 4986 2648 5043 undadicitur
2665 5003 2768 5058 per
2802 5004 3037 5044 murum
3073 4984 3573 5042 Transtbiberinae

1923 5081 2173 5135 civitatis
2205 5095 2305 5151 per
2335 5080 2562 5149 portam
2588 5075 3031 5147 Scptimianam,
3068 5092 3171 5147 per
3225 5075 3455 5144 portam
3513 5075 3573 5129 S.

1923 5167 2237 5235 Pancratii,
2269 5182 2371 5239 per
2402 5163 2623 5220 silicem
2655 5179 2788 5218 vero
2811 5163 3000 5236 ipsius
3026 5167 3204 5236 portas
3254 5174 3442 5231 usque
3501 5162 3573 5217 ad

1921 5262 2161 5330 pontem
2181 5269 2573 5311 marmoreum
2591 5251 2689 5324 qui
2708 5256 2793 5307 est
2811 5269 2987 5325 super
3006 5252 3394 5314 Annonem,et
3414 5249 3577 5305 ducit

1923 5362 2027 5419 per
2056 5346 2245 5418 ipsam
2280 5341 2498 5398 silicem
2525 5357 2720 5413 usque
2740 5341 2809 5395 ad
2847 5339 3210 5413 paritorium,
3231 5337 3365 5393 inde
3397 5338 3580 5396 revol-

1920 5434 2005 5491 vit
2034 5451 2138 5507 per
2162 5431 2409 5506 paludes
2441 5446 2627 5501 usque
2662 5430 2715 5484 in
2754 5446 2933 5494 mare,
2975 5428 3228 5500 indeque
3260 5443 3361 5499 per
3414 5444 3579 5485 mare

1924 5524 2038 5579 duo
2061 5520 2334 5578 milliaria
2349 5520 2499 5576 ultra
2513 5518 2645 5592 phus
2665 5536 2753 5573 am
2780 5534 2965 5590 usque
2989 5517 3047 5572 in
3068 5518 3249 5573 t'oeem
3269 5518 3576 5592 majorem,

1924 5612 2058 5670 inde
2074 5616 2265 5670 autem
2281 5628 2383 5685 per
2401 5610 2639 5667 tlumem
2656 5609 2848 5681 majus
2862 5624 3047 5682 usque
3061 5607 3307 5665 Romam
3320 5607 3381 5667 in
3394 5609 3583 5670 fracto
