3974 6206
411 353 529 423 803

1479 355 1544 422 s.
1589 356 1870 423 LEONIS
1913 357 1994 423 IX
2039 332 2267 423 mea
2308 357 2740 427 OPUSCULA.

3695 363 3822 427 604

411 495 759 566 pontejuxta
773 493 1181 549 Marmoratam
1202 507 1304 566 per
1323 497 1556 566 pontem
1570 493 1627 549 S.
1647 493 1839 549 Marias
1861 511 2052 567 usque
2080 495 2135 562 Α
2164 511 2432 566 rumpere
2464 494 2919 568 praesumpserit,
2952 499 3009 552 et
3041 493 3192 552 sicut
3245 512 3278 552 a
3322 493 3492 553 nobis
3534 495 3821 570 superius

410 585 480 641 ad
517 590 748 656 pontem
771 583 1100 638 Jiidmorum
1127 600 1227 654 per
1260 583 1517 638 medium
1543 584 1779 647 flumen,
1815 589 1871 639 et
1905 590 2054 640 recte

409 677 478 730 ad
513 674 771 728 medium
805 677 1038 743 pontem
1068 673 1443 739 fractum,uhi
1475 673 1544 727 de
1576 673 1733 728 unda
1753 674 2053 730 duximus-

408 762 507 832 qui
538 766 625 816 est
655 760 881 830 primus
911 759 1103 815 afﬁnis
1125 762 1348 831 absque
1369 762 1828 816 Transtiberinis
1852 763 2050 818 catho-

406 848 534 904 licis
563 849 826 904 ecclesiis
857 849 914 902 8.
949 849 1141 903 Maria:
1173 849 1228 902 in
1258 851 1771 912 Transtiberim,S.
1797 851 2051 923 Chryso-

405 938 561 1012 goni,
605 944 661 992 et
711 939 768 992 8.
821 936 1076 998 Cmcilize,
1107 936 1193 992 vel
1258 939 1594 993 monasterii
1643 941 1699 994 S.
1763 940 2048 995 Pancratii

405 1033 462 1084 et
492 1027 982 1082 monasteriorum
1007 1027 1108 1081 SS.
1151 1027 1371 1081 Cosme:
1404 1032 1460 1082 et
1513 1028 1800 1094 Damiani,
1852 1033 2048 1083 tamen

402 1117 461 1172 in
491 1117 798 1188 praedictas
828 1114 1099 1170 ecclesias
1131 1116 1415 1186 quidquid
1474 1118 1545 1171 ab
1604 1117 1890 1188 episcopis
1948 1135 2048 1171 ne-

403 1222 564 1261 cesse
588 1205 763 1259 fuerit
784 1204 1029 1259 faciendi
1052 1204 1471 1258 Portuensibus
1493 1205 1880 1276 episcopis,ab
1903 1206 2047 1277 ipsis

403 1295 662 1350 invitatis
685 1293 1000 1348 tribuimus
1015 1296 1651 1365 potestatem.ltemque
1673 1295 2048 1349 concedimus

401 1389 458 1440 et
483 1383 902 1439 confirmamus
925 1382 982 1436 in
1002 1382 1124 1450 jam
1159 1381 1312 1436 dicto
1351 1383 1686 1454 episcopatu
1711 1382 1936 1454 plebem
1987 1385 2043 1438 S.

403 1471 596 1527 Mariae
620 1475 676 1525 et
702 1471 758 1525 8.
797 1469 1151 1540 Apollinaris
1182 1469 1238 1524 in
1273 1469 1426 1523 mola
1449 1476 1639 1540 rupta,
1663 1474 1718 1525 et
1741 1470 1962 1540 plebem
1989 1475 2042 1524 8.

403 1559 683 1631 Stephani
715 1558 773 1612 in
798 1558 1056 1624 Bansi,et
1087 1557 1312 1628 plebem
1345 1558 1604 1612 S.Mari.'e
1639 1559 1694 1612 in
1719 1559 2047 1628 Apuniana,

401 1647 490 1704 vel
520 1665 723 1703 omnes
755 1647 1032 1702 ecclesias
1063 1647 1302 1716 exiguas
1331 1647 1414 1701 vel
1442 1665 1686 1717 magnas
1733 1647 2050 1716 cujuslibet

401 1736 813 1806 nominis,quze
836 1736 1124 1803 infrajam
1148 1737 1333 1790 dictos
1353 1735 1558 1790 affines
1587 1735 1797 1789 fuerint
1817 1735 1902 1789 vel
1922 1751 2050 1789 esse

2162 587 2383 638 statuta
2403 589 2562 648 sunt,
2597 585 2767 639 firma
2797 601 3032 641 manere
3081 602 3198 640 non
3256 585 3579 653 demiserit,
3635 590 3694 641 et
3756 585 3820 642 in

2162 673 2357 744 aliquo
2384 671 2710 737 offenderit,
2735 673 2882 728 sciat
2904 691 2986 739 se,
3020 673 3136 728 nisi
3168 674 3500 746 resipuerit,
3561 675 3822 730 auctori-
3869 735 3871 738 ,

2159 765 2278 816 tate
2316 761 2414 817 Dei
2466 761 2884 834 omnipotentis
2946 766 3003 817 et
3072 763 3133 816 Β.
3197 763 3344 818 Petri
3412 762 3822 835 apostolorum

2161 850 2467 922 principis,
2500 855 2672 922 atque
2704 855 2922 915 nostra,
2952 849 3051 922 qui
3101 852 3230 921 ejus
3290 851 3592 923 fungimur
3635 851 3821 917 vices.

2163 939 2554 995 anathematis
2571 938 2802 994 vinculo
2825 956 2953 994 esse
2974 939 3342 1007 innodatum,
3367 944 3423 995 et
3452 957 3485 995 a
3515 957 3695 1012 regno
3713 941 3821 998 Dei

2161 1026 2440 1093 alienum,
2467 1033 2641 1099 atque
2660 1045 2791 1082 cum
2809 1028 2964 1084 Juda
2985 1029 3266 1084 traditore
3294 1031 3354 1084 Ι).
3380 1029 3448 1083 Ν.
3469 1029 3609 1085 Jesu
3641 1029 3811 1084 Chri-

2159 1116 2235 1171 sti
2267 1134 2400 1172 cum
2433 1116 2665 1172 diabolo
2687 1122 2743 1171 et
2773 1117 3048 1172 omnibus
3071 1118 3300 1190 pompis
3332 1118 3460 1188 ejus
3493 1119 3816 1173 esternoin-

2157 1206 2360 1260 cendio
2392 1205 3020 1269 concremandum.Qui
3056 1223 3188 1262 vero
3228 1207 3322 1278 pio
3355 1206 3576 1264 intuitu
3602 1212 3810 1262 custos

2157 1298 2213 1349 et
2242 1295 2579 1349 observator
2599 1294 2776 1365 hujus
2810 1295 2992 1350 nostri
3025 1294 3304 1366 privilegii
3351 1295 3656 1359 exstiterit,
3707 1297 3810 1351 be-

2157 1383 2587 1438 nedictionibus
2617 1383 2865 1455 gratiam
2899 1384 3196 1455 vitamque
3247 1389 3522 1438 aeternam
3555 1400 3588 1438 θ.
3638 1384 3810 1454 justo

2155 1471 2359 1527 Judice
2384 1471 2629 1526 Domino
2656 1472 2772 1526 Deo
2822 1476 3020 1527 nostro
3061 1472 3338 1542 consequi
3398 1475 3690 1527 mereatur
3746 1473 3808 1528 in

2157 1560 2371 1615 szecula
2401 1564 2766 1614 saeculorum.
2799 1561 3003 1614 Amen.
3039 1560 3190 1615 Bene
3221 1559 3426 1615 valete.

2229 1648 2438 1703 Datum
2471 1665 2505 1702 x
2536 1647 2656 1703 Kal.
2709 1647 2843 1702 Maii
2891 1664 2994 1718 per
3049 1663 3291 1702 manum
3343 1647 3490 1703 Petri
3551 1648 3808 1713 diaconi,

2158 1735 2584 1791 bibliothecarii
2618 1741 2675 1791 et
2721 1735 3049 1791 cancellarii
3107 1737 3165 1791 8.
3221 1736 3563 1808 Apostolicaa
3622 1737 3808 1804 sedis,

402 1829 669 1898 possunt,
695 1825 916 1895 absque
948 1823 1085 1891 illis,
1118 1841 1266 1895 quas
1284 1825 1407 1892 jam
1433 1823 2046 1886 diximus,Transtibe-
2081 1857 2128 1921 Β
2159 1841 2312 1880 anno
2343 1824 2574 1880 Domini
2608 1825 2814 1880 Leonis
2838 1826 2909 1880 IX
2941 1841 3103 1896 papa:
3127 1843 3164 1892 ι,
3199 1825 3398 1880 indict.
3435 1843 3496 1880 ιι.

402 1914 512 1970 rim
535 1913 684 1969 sitis.
699 1915 926 1967 Interea
941 1911 1761 1982 sancientesjubemus,sicuti
1778 1929 1812 1967 a
1831 1912 2049 1968 nostris

401 2001 1120 2070 antecessoribusjussum
1147 2006 1252 2066 est,
1274 2006 1338 2056 ut
1369 2002 1422 2055 in
1452 2001 1693 2055 flumine
1715 2002 1866 2073 quod
1885 2002 2054 2071 juxta

399 2091 777 2146 Portuenscm
809 2090 1014 2145 urbem
1047 2090 1319 2155 decurrit,
1345 2089 1543 2145 nullus
1571 2090 1781 2145 audeat
1829 2090 2051 2145 molen-

398 2179 538 2234 dina
553 2183 655 2234 aut
677 2183 912 2251 pontem
937 2179 1481 2250 praeterjussionem
1514 2185 1673 2234 tuam
1698 2179 1785 2235 vel
1817 2196 2050 2234 succes-

397 2285 598 2324 sorum
629 2272 864 2322 tuorum
895 2267 1299 2339 episcoporum
1326 2269 1495 2337 juxta
1524 2267 1774 2340 priscam
1813 2285 2050 2323 consue-

395 2355 664 2411 tudinem
697 2372 932 2426 quoquo
967 2356 1138 2409 modo
1170 2356 1525 2410 constituere
1551 2375 1562 2423 ;
1587 2360 1642 2410 et
1686 2373 1821 2410 cum
1879 2357 1962 2412 vel
2017 2375 2049 2412 a

395 2444 562 2499 vobis
577 2442 663 2498 vel
677 2443 747 2498 ab
761 2443 1344 2515 aliis,quibustamen
1361 2444 1639 2499 faciendis
1660 2461 1761 2500 vos
1781 2445 2045 2515 injunxe-

396 2531 545 2598 ritis,
571 2531 958 2586 constitutum
991 2536 1094 2587 aut
1117 2533 1337 2587 factum
1362 2532 1691 2605 fuerit,ipsa
1713 2532 2049 2589 molendina

393 2618 481 2674 vel
506 2636 652 2691 pons
675 2624 866 2674 vestro
891 2619 1128 2674 arbitrio
1153 2621 1604 2692 dispensentur;
1627 2623 1696 2677 de
1719 2626 1894 2689 ponte
1914 2639 2045 2678 vero

395 2707 443 2764 si
457 2709 646 2764 factus
661 2708 976 2763 fueritcum
991 2712 1251 2780 plaustro
1265 2715 1505 2766 onustro
1517 2711 1730 2766 victum
1745 2711 1830 2766 vel
1845 2711 2043 2766 vinum

394 2813 566 2852 nemo
624 2797 836 2852 audeat
883 2797 1018 2852 hinc
1066 2796 1225 2864 illuc,
1289 2815 1477 2870 neque
1508 2799 1642 2855 inde
1663 2800 1777 2854 huc
1809 2800 2042 2872 penitus

394 2885 997 2941 transmeare.Iterum
1031 2887 1362 2943 sancientes
1393 2888 1672 2956 jubemus
1729 2894 1795 2944 ut
1838 2888 2042 2945 nullus

393 2974 715 3047 presbyter,
744 2974 833 3030 vel
866 2975 1183 3046 cujuslibet
1216 2977 1441 3032 ordinis
1488 2977 1733 3032 clericus
1789 2978 1859 3032 de
1919 2982 2038 3033 toto

392 3063 728 3135 episcopatu
761 3065 972 3119 audeat
1003 3065 1073 3119 ad
1096 3063 1377 3137 placitum
1411 3067 1808 3138 constringere
1831 3071 1932 3122 aut
1963 3068 2035 3122 ad

393 3153 680 3208 finiendas
709 3154 1106 3210 contentiones
1128 3154 1494 3227 compellere,
1519 3162 1620 3210 aut
1647 3155 1885 3227 aliquod
1919 3173 2034 3211 ser-

2235 1914 2349 1986 Ego
2410 1913 2816 1968 Eberchardus
2877 1914 3253 1969 Treverorum
3327 1913 3811 1986 archiepiscopus

2163 2001 2430 2074 quamvis
2460 2002 2739 2072 indignus
2771 2002 3008 2057 interfui
3038 2006 3092 2056 et
3123 2001 3461 2072 subscripsi.

2230 2092 2348 2162 Ego
2378 2091 2690 2146 Alinardus
2722 2090 3127 2163 Lugdunensis
3158 2088 3631 2160 archiepiscopus
3687 2088 3808 2143 hoc

2160 2180 2456 2235 decretum
2489 2180 2754 2246 laudans,
2789 2196 2965 2234 manu
2995 2178 3228 2250 propria
3257 2176 3600 2248 subscripsi.

2231 2270 2346 2341 Ego
2379 2273 2464 2325 W.
2481 2268 2790 2340 episcopus
2813 2267 3153 2339 subscripsi.

2228 2357 2344 2428 Ego
2377 2358 2724 2429 Roprandus
2753 2357 3060 2428 episcopus
3093 2353 3317 2426 scripsi.

2228 2447 2345 2518 Ego
2374 2447 2722 2502 Cunibertus
2752 2446 3061 2518 episcopus
3089 2443 3400 2499 Taurinen.
3434 2442 3664 2514 scripsi.

2227 2535 2340 2605 Ego
2370 2533 2619 2590 Cadalus
2651 2533 2984 2590 Parmensis
3017 2532 3327 2605 episcopus
3355 2530 3586 2602 scripsi.

2227 2624 2340 2696 Ego
2366 2623 2582 2696 Oppizo
2613 2622 2880 2679 Pinensis
2909 2621 3221 2694 episcopus
3250 2619 3478 2692 scripsi.

2225 2714 2340 2784 Ego
2371 2713 2556 2768 Guido
2586 2713 2632 2767 X
2662 2711 3015 2768 Ultervensis
3035 2711 3344 2783 episcopus
3367 2709 3596 2781 scripsi.

2224 2801 2337 2874 Ego
2368 2800 2651 2856 Henricus
2681 2800 3029 2873 Spoletanus
3059 2798 3371 2870 episcopus
3403 2796 3633 2868 scripsi.

2224 2890 2339 2962 Ego
2369 2889 2652 2945 Arnulfus
2683 2888 2992 2961 episcopus
3021 2885 3250 2958 scripsi.

2219 2979 2336 3050 Ego
2368 2977 2654 3033 Martinus
2682 2977 2986 3042 Pistorien,
3019 2975 3329 3047 episcopus
3361 2973 3589 3046 scripsi.

2218 3068 2335 3139 Ego
2367 3066 2570 3122 Petrus
2599 3065 2918 3122 Clusiensis
2949 3065 3260 3136 episcopus
3292 3062 3522 3134 scripsi.

2222 3157 2338 3228 Ego
2369 3155 2494 3210 Dux
2514 3157 2822 3228 episcOpus
2851 3153 3108 3210 interfui.

389 3241 597 3295 vitium
621 3242 693 3296 ab
725 3242 809 3297 eis
834 3243 1080 3313 exigere,
1116 3225 1498 3314 praeterquam
1533 3225 1880 3300 Portuenscs
1915 3245 2033 3315 epi-
2067 3225 2109 3290 C
2216 3225 2910 3299 TeuderiusiArbinensis
2941 3242 3251 3314 episcopus
3281 3240 3538 3296 interfui.

390 3329 574 3402 scopi,
605 3329 665 3385 in
697 3332 866 3401 cujus
887 3331 1162 3403 parochia
1185 3333 1855 3404 sunt.Quicunque'vero
1887 3351 2032 3405 prae-

389 3421 677 3489 sumptor,
711 3418 830 3474 sive
877 3419 1013 3486 dux,
1047 3420 1164 3476 sive
1193 3437 1408 3484 comes,
1433 3421 1520 3476 vel
1562 3421 1902 3488 vicecomes,
1935 3427 2037 3476 aut

388 3505 805 3570 cubicularius,
821 3494 958 3562 vel'a
973 3513 1173 3564 nostra
1193 3509 1510 3580 apostolica
1527 3511 1664 3565 sede
1695 3510 1914 3566 missus
1933 3515 2036 3565 aut

387 3594 816 3667 qualiscunque
844 3596 1234 3652 interveniens
1259 3604 1512 3667 potestas
1543 3597 1757 3669 deipsa
1803 3598 2034 3655 civitate

385 3683 705 3740 Portuense
735 3684 1101 3740 dominatum
1126 3686 1399 3752 tenuerit,
1425 3687 1493 3741 de
1517 3703 1887 3758 quocumque
1921 3687 2036 3742 fue-

385 3771 462 3826 rit
503 3771 728 3839 ordine,
780 3773 1052 3844 praedicta
1107 3775 1305 3830 omnia
1359 3774 1686 3830 immobilia
1731 3775 1875 3842 loca,
1935 3783 2036 3831 aut

385 3861 875 3930 praenominatum
898 3861 1248 3927 castaldum,
1281 3863 1368 3918 vel
1400 3863 1548 3918 duos
1592 3864 1930 3935 piscatores,
1981 3869 2037 3919 et

385 3946 533 4001 duos
562 3947 835 4009 curiales,
865 3948 951 4002 vel
978 3965 1180 4004 omnes
1212 3949 1516 4021 praedictos
1533 3951 1777 4006 c‘aricos
1825 3953 2032 4022 ajure,

383 4039 441 4090 et
469 4040 775 4106 potestate,
809 4041 983 4107 atque
1001 4037 1220 4092 ditione
1241 4038 1461 4109 prmfati
1494 4039 1771 4112 episcopii
1805 4041 2033 4096 auferre

383 4123 473 4178 vel
530 4124 793 4179 minuere
849 4125 1116 4191 voluerit,
1167 4126 1254 4180 vel
1313 4127 1647 4199 parochiam
1720 4128 2038 4201 infringere

383 4211 714 4282 tentaverit,
739 4213 1118 4270 authomines
1141 4214 1196 4269 in
1218 4216 1492 4286 praedicta
1513 4217 2035 4284 turrehabitantes,

385 4300 474 4354 vel
502 4301 838 4371 ubicunque
867 4303 1191 4374 proprietas
1221 4303 1883 4376 episcopiimansionati
1915 4307 2038 4361 fue-

388 4387 561 4454 rit,ad
597 4387 894 4460 publicum
929 4393 1230 4448 servitium
1255 4393 1778 4459 ievocaverit,sciat
1799 4411 1860 4449 se
1881 4411 2036 4450 com-

388 4475 717 4548 positurum
751 4477 861 4550 ipsi
895 4480 1258 4554 episcopatui
1293 4482 1417 4537 auri
1451 4481 1752 4552 purissimi
1787 4481 1919 4538 libr.
1942 4501 2037 4554 xx,

2215 3331 2692 3404 EgoBenedictus
2748 3331 3058 3404 episcopus
3102 3329 3644 3402 Forosempronien,
3698 3329 3795 3384 in—

2143 3421 2340 3476 terfui.

2215 3509 2590 3564 Decernimus
2616 3524 2752 3581 ergo
2784 3512 2849 3564 ut
2878 3507 3022 3564 nulli
3067 3508 3306 3564 omnino
3361 3508 3671 3563 hominum
3721 3507 3790 3562 li-

2143 3602 2288 3664 ceat,
2320 3602 2428 3654 etc.
2463 3597 2665 3668 Siqua
2693 3597 2890 3669 igitur,
2927 3601 3036 3653 etc.
3097 3596 3334 3652 Cunctis
3401 3600 3617 3663 autem,
3677 3601 3788 3650 etc.

2144 3689 2353 3740 Amen.

2892 3775 3039 3830 VIII.

2145 3865 2510 3934 Privilegium
2541 3865 2594 3919 S.
2621 3866 2813 3936 Lemiis
2843 3865 2908 3918 IX
2928 3879 3030 3936 pro
3062 3865 3274 3920 Bicerio
3317 3862 3549 3918 abbathe
3565 3863 3796 3918 camabii

2749 3935 2942 3991 Montis
2977 3935 3184 3990 Casini.

2765 4023 2956 4093 (Anno
2989 4024 3171 4094 1049.)

2220 4099 2422 4184 [Tosti,
2447 4112 2629 4168 Storia
2650 4113 2794 4168 (ἱειιο
2827 4112 2989 4168 badia
3015 4113 3076 4167 di
3102 4112 3276 4168 Monte
3294 4111 3528 4176 Casimo,
3586 4109 3797 4180 1,255.]

2217 4220 2331 4274 Lso
2362 4219 2693 4290 episcopus,
2727 4235 2931 4274 servus
2962 4235 3261 4274 servorum
3296 4216 3413 4285 Dei,
3446 4215 3798 4272 charissimo

2149 4307 2320 4363 nobis
2343 4307 2400 4361 in
2433 4306 2663 4361 Christo
2697 4306 2944 4362 Domino
2972 4307 3114 4362 Jesu
3140 4305 3258 4360 filio
3285 4307 3563 4360 Ricnsmo
3592 4311 3646 4358 et
3669 4301 3800 4357 reli-

2149 4395 2311 4469 gioso
2342 4395 2539 4450 abatta
2567 4394 2950 4450 sacratissimi
2983 4392 3318 4450 monasterii
3377 4392 3436 4446 Β.
3498 4389 3798 4445 Benedicti

2149 4482 2497 4540 confessoris
2519 4483 2758 4552 Christi,
2781 4483 2878 4539 siti
2898 4482 2958 4538 in
2988 4488 3184 4540 monte
3205 4482 3302 4554 qui
3327 4483 3566 4536 vocatur
3593 4479 3796 4535 Castro

387 4570 445 4657 et
471 4566 714 4638 insuper
733 4569 1088 4625 anathemati
1115 4571 1431 4640 subjaceat.
1457 4571 1792 4626 Statuentes
1806 4577 2041 4644 aposto-
2070 4593 2117 4657 D
2148 4572 2652 4644 Cussino,suasque
2682 4570 2848 4628 alma:
2881 4571 3313 4646 congregationi
3347 4572 3693 4642 perpetuam
3738 4568 3796 4622 in

387 4653 500 4710 lica
529 4671 776 4712 censura
805 4658 916 4712 sub
943 4659 1124 4714 divini
1149 4658 1359 4731 judicii
1392 4659 1862 4724 obtestatione,et
1899 4678 2038 4716 ana-

385 4743 662 4800 thematis
683 4743 1108 4815 interdictione,
1137 4753 1200 4802 ut
1224 4746 1428 4802 nullus
1459 4765 1718 4818 unquam
1742 4765 2038 4805 successo-

387 4849 516 4888 rum
537 4838 871 4890 nostrorum
897 4835 1357 4907 pontificum,ch
1379 4835 1493 4891 alia
1521 4835 1797 4908 quaelibet
1825 4855 2040 4911 magna

385 4939 680 4995 parvaque
713 4941 963 4995 persona
993 4942 1060 4980 ea
1089 4942 1214 4995 quae
1248 4942 1281 4980 a
1322 4924 1490 4980 nobis
1535 4925 1604 4980 ad
1650 4925 1882 4982 laudem
1940 4929 2036 4983 Dei

385 5028 489 5084 pro
522 5012 842 5068 stabilitate
875 5013 962 5068 vel
995 5017 1310 5086 augmento
1352 5014 1610 5085 przedicti
1670 5015 2042 5088 episcopatus

385 5105 607 5155 statuta
637 5101 1086 5175 sunt,refragari
1121 5103 1301 5156 autin
1337 5120 1632 5174 quoquam
1691 5107 2040 5177 transgredi,

385 5193 488 5243 aut
517 5187 741 5260 aliquid
773 5190 984 5246 deinde
1018 5191 1282 5245 minuere
1313 5192 1588 5258 audeant,
1621 5191 1843 5248 scilicet
1887 5193 2041 5249 sicut

386 5277 659 5348 superius
693 5296 726 5333 a
757 5280 926 5336 nobis
951 5285 1237 5336 statutum
1269 5279 1357 5335 vel
1417 5297 1759 5336 concessum
1817 5287 1926 5347 est,
1959 5283 2040 5339 ita

385 5365 741 5435 perennibus
763 5385 828 5423 ac
859 5371 1154 5441 perpetuis
1179 5369 1542 5442 temporibus
1567 5371 1692 5426 sine
1714 5369 1911 5442 aliqua
1936 5373 2039 5426 mi-

387 5453 629 5506 nutione
665 5457 959 5524 permittat
992 5458 1047 5511 in
1082 5463 1368 5513 aeternum
1403 5474 1763 5529 permanere.
1800 5459 1857 5513 Si
1905 5461 2039 5531 quis

389 5547 608 5604 autem,
641 5547 793 5611 quod
830 5563 941 5600 non
975 5555 1271 5618 optamus,
1303 5547 1614 5601 temerario
1647 5563 1795 5601 ausu
1837 5554 2041 5603 contra

390 5625 498 5682 hoc
531 5632 794 5686 nostrum
818 5633 1184 5704 privilegium
1217 5634 1412 5689 venire
1443 5643 1543 5690 aut
1565 5635 1620 5688 in
1637 5651 1932 5705 quoquam
1955 5637 2039 5691 di-

2149 4662 2394 4718 Domino
2426 4661 2699 4717 salutem.

2218 4751 2499 4806 Convenit
2553 4748 2868 4821 apostolico
2919 4748 3304 4806 moderamini
3369 4747 3465 4820 pia
3521 4743 3799 4816 religione

2149 4839 2505 4912 pollentibus
2521 4837 2798 4894 benevola
2818 4839 3226 4911 compassione
3257 4837 3678 4900 succurrere,et
3695 4848 3800 4905 pe-

2149 4929 2399 4984 tentium
2417 4927 2726 4983 desideriis
2745 4944 3066 5000 congruum
3100 4925 3404 4999 impertire
3427 4920 3797 4993 suffragium.

2152 5017 2334 5089 Igitur
2364 5015 2501 5089 quia
2532 5015 2872 5088 postulastis
2903 5034 2938 5072 a
2966 5016 3136 5072 nobis
3178 5019 3473 5087 quatenus
3504 5015 3798 5066 monaste-

2155 5106 2307 5160 rium
2325 5107 2378 5160 8.
2391 5104 2682 5160 Benedicti
2702 5104 2760 5159 in
2789 5110 2983 5161 monte
2999 5105 3208 5162 Casino
3223 5104 3403 5160 situm
3419 5102 3613 5171 ,cujus
3631 5099 3801 5154 abba-

2150 5195 2226 5249 tis
2257 5194 2751 5249 consecrationem
2768 5194 3184 5265 nuperetdono
3212 5190 3619 5266 piissimorum
3647 5187 3800 5242 Hen-

2148 5281 2250 5336 rici
2289 5281 2612 5338 etConradi
2632 5283 3027 5338 Romanorum
3058 5282 3484 5354 imperatorum
3536 5276 3800 5347 suscepi-

2150 5374 2365 5434 mus,et
2394 5386 2498 5440 per
2527 5387 2632 5425 nos
2652 5375 2709 5426 et
2739 5388 3104 5428 successores
3127 5369 3435 5428 nostrosin
3453 5370 3800 5439 perpetuum

2149 5473 2310 5512 more
2348 5461 2784 5514 antecessorum
2843 5467 3182 5516 nostrorum
3250 5456 3556 5531 privilegio
3601 5458 3799 5510 nostro

2149 5544 2539 5612 muniremus,
2571 5551 2630 5602 et
2660 5564 2694 5603 a
2722 5553 3009 5621 potestate
3037 5549 3306 5606 omnium
3338 5544 3805 5616 archiepiscopo-

2149 5649 2283 5690 rum
2315 5637 2373 5691 et
2403 5634 2811 5708 episcoporum
2851 5638 3352 5706 subtraheremus,
3386 5639 3445 5692 et
3475 5633 3586 5691 sub
3618 5632 3805 5689 inter-
