3974 6206
89 313 216 379 605

1092 309 1499 377 EPISTOLE
1541 309 1640 374 ET
1683 307 2044 374 DECRETA
2093 307 2552 378 PONTIFICIA.

3403 307 3524 374 606

91 448 366 506 dictione
382 445 928 505 anathematisloca
946 463 1054 504 sua
1075 448 1771 513 defendersmus,conce-
1802 447 1854 510 Α
1882 447 1970 503 vel
2003 448 2050 504 ei
2091 450 2518 520 pertinentibus
2564 448 2678 507 nisi
2725 446 2846 515 solo
2893 447 3006 506 Deo
3057 463 3123 506 ac
3171 451 3382 505 nostrae
3411 465 3523 505 au-

94 540 409 605 deremus,
436 541 494 593 et
514 538 1002 593 conﬁrmaremus
1027 554 1040 592 :
1065 537 1329 593 inclinati
1353 537 1623 610 precibus
1643 538 1762 594 tuis

95 627 454 700 pmdictum
479 627 902 682 monasterium
925 626 1030 681 tibi
1054 643 1088 681 a
1109 625 1277 682 nobis
1299 627 1764 682 successoribus-

93 732 216 788 que
246 717 480 770 tuiseta
500 715 721 771 nostris
735 715 1249 770 successoribusin
1267 721 1611 787 perpetuum
1628 715 1761 771 nul-

91 805 152 860 la
193 803 484 876 pravitate
503 805 838 860 Simoniaca
877 803 1294 859 interveniente
1326 805 1760 871 consecrandis,

99 893 485 949 concedimus
506 898 563 948 et
583 893 1004 948 conﬁrmamus
1027 909 1159 947 cum
1182 893 1459 948 omnibus
1478 893 1760 960 ecclesiis,

100 979 506 1047 monasteriis,
531 979 718 1042 cellis,
744 979 1024 1042 castellis,
1039 979 1212 1034 terris
1233 980 1408 1035 cultis
1425 985 1482 1036 et
1501 980 1761 1046 incultis,

99 1067 319 1134 vineis,
343 1067 680 1137 aquimolis,
704 1068 912 1131 hortis,
939 1069 1143 1139 pratis,
1167 1068 1352 1135 silvis,
1395 1068 1764 1140 pertinentiis

104 1155 584 1227 adjacentiisque
611 1157 757 1220 suis,
794 1157 1130 1228 ubicunque
1159 1157 1244 1213 vel
1278 1157 1764 1229 qualitercunque

108 1245 184 1300 ad
199 1245 350 1315 jura
369 1245 627 1314 ejusdem
646 1244 984 1300 monasterii
999 1246 1290 1317 pertinere
1304 1247 1687 1318 dignoscitur.

110 1333 372 1404 Insuper
398 1333 572 1388 etiam
612 1350 844 1388 omnem
886 1333 1203 1402 cujuslibet
1253 1334 1508 1391 ecclesiae
1534 1335 1764 1407 pontifi-

112 1437 241 1477 cem
256 1421 316 1476 in
332 1421 570 1492 prafato
585 1423 941 1477 monasterio
955 1423 1235 1478 ditionem
1253 1423 1575 1495 quamlibet
1587 1424 1762 1480 babe-

110 1526 172 1565 re
185 1511 611 1582 praetersedem
626 1510 1026 1582 apostolicam,
1041 1512 1440 1582 prohibemus,
1465 1514 1548 1568 ita
1562 1517 1624 1568 ut
1651 1513 1765 1569 nisi

112 1599 186 1654 ab
210 1599 422 1654 abbate
442 1599 710 1669 ejusdem
745 1600 1080 1656 monasterii
1122 1601 1298 1656 fuerit
1328 1601 1628 1671 invitatus,
1661 1618 1766 1657 nec

114 1685 443 1742 missarum
473 1686 757 1743 solemnia
807 1689 1023 1744 ibidem
1074 1695 1390 1760 praesumat
1427 1691 1764 1746 omnimodo

111 1774 437 1873 celebrare.
461 1777 599 1873 Post
616 1781 870 1873 vestr-um
898 1795 1028 1832 vero
1046 1779 1270 1834 obitum
1294 1795 1466 1834 nemo
1487 1779 1631 1873 inibi
1665 1780 1764 1834 ab-
1795 1808 1843 1873 Β

110 1862 318 1919 batem
349 1864 688 1930 constituat,
724 1864 833 1919 nisi
866 1881 1041 1935 quem
1066 1882 1387 1921 consensus
1419 1869 1475 1920 et
1492 1865 1766 1920 voluntas

114 1951 478 2006 coimmunis
499 1951 741 2006 fratrum
773 1969 842 2007 ex
873 1953 999 2024 ipsa
1030 1954 1479 2025 congregatione
1509 1953 1765 2025 elegerit,

115 2043 173 2096 et
191 2039 414 2095 electus
437 2041 510 2096 ad
539 2057 646 2096 nos
665 2041 754 2096 vel
776 2057 1146 2096 successores
1170 2046 1399 2098 nostros
1418 2059 1623 2098 consec
1633 2061 1766 2097 ran-

119 2128 263 2184 dum
288 2127 473 2201 gratis
502 2132 560 2184 et
590 2128 717 2184 sine
761 2129 943 2199 pretio
981 2130 1191 2186 veniat.
1227 2131 1390 2194 Quod
1423 2131 1470 2187 si
1531 2130 1766 2186 aliunde

117 2217 362 2282 venerit,
385 2217 542 2288 quod
565 2218 636 2272 de
674 2218 838 2273 vobis
877 2218 991 2273 dici
1023 2235 1139 2273 non
1171 2222 1381 2290 potest,
1417 2219 1515 2290 qui
1543 2220 1613 2274 de
1645 2235 1766 2273 mo-

121 2305 381 2361 nasterio
403 2309 605 2361 nostro
627 2313 682 2361 et
701 2323 736 2361 a
757 2306 925 2361 nobis
951 2307 1343 2362 consecraturi
1382 2308 1646 2376 venistis,
1681 2308 1767 2363 vel

122 2393 201 2448 ab
232 2391 349 2449 alio
390 2393 844 2465 archiepiscopo,
891 2394 978 2450 vel
1028 2395 1300 2467 episcopo
1350 2397 1674 2451 consecrari
1706 2414 1768 2452 se

118 2481 419 2548 maluerit,
445 2485 582 2538 tunc
595 2487 968 2539 consecratus
989 2487 1048 2539 et
1067 2489 1439 2540 consecrator
1455 2485 1770 2541 anathema

122 2570 266 2627 sint.
300 2568 767 2643 Promulgantes,
799 2575 957 2627 etc...

195 2659 347 2715 Bene
375 2657 582 2715 valete.

913 2767 982 2822 IX

120 2853 178 2908 S.
223 2855 326 2909 Leo
372 2855 438 2930 lx
482 2854 735 2910 Richerz’o
790 2856 1317 2930 abbati_Casinen.si
1371 2860 1592 2930 ejusque
1645 2877 1767 2916 suc-

191 2926 492 3052 ceisolrifus
541 2929 935 2983 monasterium
983 2928 1037 2982 S.
1086 2928 1294 2994 Crucis,
1348 2926 1532 2988 Romae
1575 2933 1766 2998 sitam,

194 3013 260 3051 su
286 3013 390 3067 μοι
417 3035 432 3052 .

739 3087 929 3156 (Anno
970 3087 1153 3158 1049.)

519 3175 794 3248 [Gattula,
827 3178 963 3232 Hist.
1001 3176 1378 3249 Casin.,252.]

202 3280 320 3334 Lso
346 3281 676 3354 episcopus,
724 3299 926 3338 servus
973 3299 1272 3338 servorum
1320 3285 1443 3350 Dei,
1498 3285 1775 3342 Ricasaio

133 3367 331 3423 abbati
383 3371 722 3426 monasterii
773 3371 830 3426 S.
883 3371 1196 3437 Benedicti,
1247 3373 1403 3443 quod
1451 3374 1687 3444 ponitur
1713 3375 1773 3430 in

133 3460 334 3511 monte
360 3457 589 3525 Casino,
620 3459 858 3530 tuisque
889 3461 1328 3516 successoribus
1351 3469 1690 3534 perpetuam
1715 3465 1773 3519 in

131 3544 383 3600 Domino
414 3545 686 3602 salutem.

203 3632 449 3687 Credita
514 3635 924 3705 speculationis
986 3636 1342 3708 impellimur
1384 3655 1543 3705 cura,
1595 3641 1771 3696 etiam

128 3720 345 3776 ardore
401 3719 737 3779 Christianae
815 3724 1135 3797 religionis,
1216 3735 1270 3782 et
1343 3728 1539 3783 studio
1591 3729 1771 3784 divini

123 3807 324 3864 cultus
348 3825 774 3880 promovemur,
800 3831 904 3884 pro
926 3813 1346 3870 venerabilium
1369 3815 1629 3871 locorum
1650 3834 1772 3888 per-

125 3896 381 3969 eogitare
411 3897 816 3969 stabilitatem,
850 3906 1026 3974 atque
1057 3903 1172 3958 Deo
1199 3903 1576 3959 servientium
1610 3922 1772 3961 secu-

126 3986 380 4052 ritatem,
413 3991 480 4042 ut
508 3987 620 4043 hoc
662 3991 1035 4060 proveniente
1074 3991 1167 4062 pio
1212 3990 1430 4058 labore,
1467 3997 1525 4047 et
1562 3993 1770 4049 animas

127 4072 353 4130 Christo
383 4075 616 4143 dicatae,
641 4093 769 4148 quae
810 4095 873 4133 se
913 4077 1032 4134 illis
1053 4078 1260 4135 diebus
1300 4080 1428 4135 vitae
1455 4098 1571 4136 suae
1593 4084 1769 4137 servi-

127 4165 285 4217 turas
332 4163 722 4220 decreverunt
779 4171 1151 4236 perseverent
1181 4167 1622 4239 imperturbata.
1657 4170 1770 4225 Nec

125 4266 236 4305 non
265 4255 324 4306 et
352 4249 457 4307 illa
486 4258 766 4308 maneant
813 4255 928 4310 fine
974 4259 1146 4310 tenus
1195 4257 1385 4324 firma,
1436 4274 1564 4328 quae
1606 4258 1770 4313 Chri-

121 4337 330 4393 stianis
361 4339 424 4394 in
457 4339 558 4395 Dei
593 4340 768 4397 laude
797 4347 1156 4399 contrectata
1194 4348 1353 4401 sunt.
1404 4346 1550 4410 Quia
1591 4346 1772 4418 igitur

119 4431 352 4483 constat
372 4429 795 4486 monasterium
812 4431 1162 4500 Jerusalem,
1187 4434 1343 4504 quod
1357 4433 1533 4490 etiam
1556 4435 1770 4491 dicitur

1872 537 2124 593 ctoritati
2157 538 2493 596 solvendam
2543 540 2880 595 statuimus.
2938 538 3180 595 Fabrica
3209 539 3383 595 etiam
3417 555 3518 595 seu

1871 625 2321 683 luminariorum
2353 628 2725 684 concinnatio
2757 627 3156 684 indifferenter
3195 628 3362 684 vobis
3394 629 3521 683 sine

1871 716 2050 771 dubio
2105 718 2556 786 procurantibus
2603 717 2913 773 efficiatur.
2965 717 3138 772 Nulla
3185 717 3432 789 proinde
3461 717 3521 772 in

1871 803 2237 860 exsolvendis
2269 805 2368 860 Dei
2399 806 2694 866 laudibus.
2728 806 2811 860 vel
2843 805 2900 860 in
2931 805 3261 862 luminariis
3288 807 3520 860 concin-

1873 893 2082 947 nandis
2113 911 2275 948 mora
2309 895 2625 964 proveniat,
2665 895 2765 948 sed
2799 895 3006 950 devota
3028 895 3361 951 sinceritate
3391 911 3519 966 per-

1871 996 2041 1052 agere
2059 982 2427 1050 festinate,ne
2447 983 2803 1053 perincautzs
2823 982 3058 1038 desidiae
3073 982 3521 1054 eulpamjudicii

1871 1086 1975 1124 vos
2008 1070 2186 1124 futuri
2221 1074 2411 1125 metus
2441 1071 2753 1126 concutiat.
2791 1072 2990 1126 Potius
3044 1072 3343 1127 elaborare
3396 1078 3519 1127 stu-

1869 1157 2002 1213 dote
2032 1162 2096 1211 ut
2126 1159 2321 1212 divina
2374 1158 2635 1229 placetur
2680 1163 2868 1214 vestro
2923 1164 3135 1215 conatu
3189 1161 3519 1225 clementia,

1873 1246 2177 1318 possitque
2204 1263 2432 1301 movere
2465 1247 2592 1310 hoc,
2626 1249 2780 1317 quod
2809 1266 2843 1302 a
2875 1248 3043 1301 nobis
3080 1249 3248 1316 justa
3297 1250 3520 1305 delibe-

1874 1333 2097 1389 ratione
2124 1335 2423 1390 decretum
2456 1340 2544 1390 est
2575 1336 2789 1390 futuris
2821 1336 3160 1390 inconvnlse
3196 1339 3521 1408 perpetuis-

1875 1438 1989 1493 que
2037 1423 2423 1494 temporibus.
2475 1424 2842 1479 Consecratio
2891 1428 3085 1478 tamen
3131 1425 3360 1480 abbatis
3411 1424 3520 1480 loci

1874 1511 2066 1582 ipsius
2097 1529 2130 1567 a
2159 1512 2322 1566 vobis
2364 1513 2689 1567 secundum
2744 1517 2922 1568 Deum
2967 1512 3133 1568 electi
3168 1530 3400 1584 semper
3427 1528 3524 1566 ex-

1874 1604 2170 1670 spectetur
2200 1617 2229 1654 a
2254 1604 2453 1655 nostra
2478 1600 2799 1672 apostolica
2823 1601 2980 1666 sede,
3005 1601 3114 1656 sub
3138 1601 3309 1669 cujus
3332 1600 3526 1656 existit

1868 1689 2022 1758 jure.
2076 1689 2371 1744 Numerus
2423 1695 2616 1744 autem
2670 1690 3090 1745 monachorum
3142 1690 3357 1746 ibidem
3408 1690 3524 1744 Deo

1875 1778 2294 1832 serviturorum
2312 1782 2513 1832 tantus
2535 1794 2765 1849 semper
2785 1779 3014 1843 existat,
3044 1783 3302 1849 quantus
3322 1794 3527 1832 secun-

1878 1866 2020 1920 dum
2043 1865 2148 1919 loci
2174 1882 2344 1936 posse
2369 1866 2642 1930 sufﬁciat,
2667 1883 2844 1936 quam
2871 1867 3202 1933 duodecim,
3226 1865 3523 1937 quietiam

1876 1955 2201 2010 secundum
2254 1953 2440 2024 ipsius
2491 1954 2600 2008 loci
2653 1972 2822 2025 posse
2877 1956 3095 2010 victum
3159 1955 3413 2010 habeant
3468 1960 3526 2010 et

1873 2043 2174 2107 vestitum,
2208 2048 2272 2097 ut
2302 2042 2463 2097 nulla
2491 2042 2550 2096 in
2585 2049 2930 2114 perpetuum
2962 2043 3142 2099 divini
3175 2042 3390 2098 servitii
3426 2059 3524 2098 ne-

1876 2131 2156 2204 gligentia
2170 2131 2274 2186 sit:
2293 2131 2399 2186 hoc
2417 2131 2570 2186 enim
2587 2149 2726 2202 argu
2739 2138 3000 2187 mentum
3022 2133 3077 2186 in
3095 2133 3523 2189 incrementum

1875 2221 2139 2291 ejusdem
2161 2220 2416 2275 ecclesiae
2443 2219 2708 2285 fecimus,
2750 2226 2814 2275 ut
2856 2238 2922 2275 ex
2964 2221 3326 2278 abundantia
3346 2223 3523 2278 vestri

1878 2308 2215 2364 monasterii
2245 2310 2373 2378 ejus
2392 2313 2707 2380 paupertas
2732 2309 3099 2380 suppleatur,
3130 2314 3188 2364 et
3215 2314 3335 2366 tam
3355 2311 3524 2367 nobis

1877 2414 2052 2469 quam
2072 2397 2237 2453 vobis
2257 2395 2584 2469 vestrisque
2606 2398 3046 2454 successoribus
3066 2414 3289 2454 merces
3310 2404 3527 2456 aeterna

1877 2486 2176 2542 reddatur.

1878 2664 1933 2720 S.
1971 2665 2069 2720 Leo
2098 2663 2166 2718 IX
2206 2664 2614 2737 canonicorumg
2638 2663 2894 2737 Ecclesiae
2944 2665 3261 2737 Veronensis
3309 2680 3523 2737 posses-

2245 2736 2422 2790 siones
2451 2738 2504 2790 et
2521 2735 2819 2805 privilegia
2849 2736 3157 2805 conﬁrmat.

2520 2825 2706 2894 (Anno
2738 2823 2922 2894 4049.)

2214 2910 2486 2982 [Ughelli,
2519 2913 2683 2967 Italia
2714 2911 2906 2977 Sacra,
2938 2911 3008 2979 V,
3039 2912 3193 2983 761.]

1954 3017 2060 3072 Lso
2080 3017 2411 3089 episcopus.
2431 3035 2632 3074 servus
2655 3035 2955 3074 servorum
2979 3019 3102 3083 Dei,
3126 3018 3526 3077 dilectissimis

1880 3107 1940 3161 in
1971 3106 2199 3162 Christo
2230 3105 2366 3163 ﬁliis
2407 3107 2623 3163 To'rom
2670 3108 3195 3180 archipresbytero,
3227 3115 3526 3166 AMELRICO

1800 3173 1843 3239 δ
1881 3194 2290 3251 archidiacono
2337 3199 2393 3250 et
2434 3201 2705 3251 Aanumo
2755 3197 3084 3268 praposito,
3135 3197 3528 3270 omnibusque

1885 3284 2177 3339 canonicis
2210 3285 2268 3339 S.
2303 3284 2654 3340 Veronensis
2684 3284 2950 3340 Ecclesiae
2979 3291 3096 3342 tam
3141 3286 3525 3357 praesentibus

1885 3388 2062 3443 quam
2097 3372 2330 3438 futuris,
2365 3378 2706 3444 perpetuam
2741 3375 2798 3428 in
2836 3375 3076 3429 Domino
3106 3376 3381 3430 salutem.

1954 3461 2557 3533 Convenitapostolico
2575 3461 2959 3517 moderamini
2986 3462 3078 3532 pia
3098 3463 3377 3532 religione
3403 3462 3524 3532 pol-

1882 3549 2140 3604 lentibus
2158 3549 2433 3604 benevola
2445 3549 2851 3617 compassione
2869 3566 3228 3614 succurrere,
3248 3555 3303 3604 et
3325 3555 3526 3621 peten-

1880 3636 2029 3692 tium
2043 3636 2778 3708 desideriiscongruumim
2790 3637 2997 3708 pertire
3009 3637 3532 3707 suti‘ragium.Qua-

1881 3730 2116 3798 propter
2145 3742 2212 3780 ex
2242 3730 2406 3797 parte
2421 3725 2838 3796 omnipotentis
2862 3726 2959 3780 Dei
2983 3725 3191 3793 Patris,
3215 3730 3273 3781 et
3296 3724 3445 3795 Filii,
3472 3731 3530 3781 et

1881 3813 2134 3884 Spiritus
2145 3813 2203 3868 S.
2220 3814 2350 3868 etB.
2369 3813 2562 3868 Mariae
2578 3830 2812 3884 semper
2824 3813 3079 3885 Virginis
3107 3814 3530 3886 beatorumque

1881 3901 2212 3974 apostoloru
2223 3919 2277 3956 m
2303 3901 2453 3956 Petri
2466 3906 2524 3956 et
2538 3901 2698 3956 Pauli
2713 3907 3173 3974 czeterorumque
3186 3907 3526 3958 sanctorum

1881 4006 2134 4062 quorum
2167 3990 2406 4045 nomina
2451 3990 2511 4045 in
2559 3989 2707 4046 libro
2738 3991 2866 4046 vitae
2907 3993 3162 4062 ascripta
3209 3995 3388 4046 sunt:
3421 4007 3527 4047 nec

1881 4096 1995 4135 non
2027 4096 2096 4134 ex
2133 4078 2477 4133 auctoritate
2517 4083 2852 4134 sanctorum
2902 4095 3196 4135 canonum
3246 4078 3525 4135 omnibus

1880 4167 2251 4240 patriarchis,
2301 4167 2820 4239 archiepioscopis,
2880 4168 3194 4240 episcopis.
3254 4167 3526 4234 ducibus,

1880 4256 2341 4321 marchionibus,
2365 4256 2704 4324 comitibus,
2736 4274 2837 4312 seu
2862 4258 3112 4318 cunctis,
3136 4256 3366 4325 magnis
3400 4275 3526 4330 par-

1878 4346 2081 4416 visque
2139 4344 2403 4416 personis
2458 4344 2856 4417 praecipimus,
2925 4352 2991 4400 ut
3047 4351 3268 4401 vestras
3327 4363 3528 4417 perso-

1879 4450 2006 4499 nas,
2067 4450 2169 4488 seu
2227 4433 2462 4505 praedia,
2536 4450 2601 4488 ac
2659 4433 2960 4502 beneficia,
3020 4451 3375 4506 omnemque
3433 4452 3527 4490 ve-

115 4518 174 4569 S.
228 4515 460 4582 Crucis,
502 4517 625 4586 jam
672 4517 871 4591 elapso
925 4524 1185 4592 tempore
1241 4539 1275 4577 a
1321 4525 1770 4595 congregatione
1801 4535 1847 4600 D
1877 4526 2059 4577 stram
2083 4523 2310 4590 justam
2354 4523 2788 4593 possessionem
2819 4528 2879 4577 et
2907 4523 3315 4578 investituram
3347 4523 3524 4579 bene-

111 4601 550 4659 monacborum
579 4605 679 4662 Dei
719 4607 822 4662 tali
869 4607 994 4663 loco
1040 4613 1376 4681 competens
1415 4627 1653 4668 vacasse
1710 4619 1767 4669 et

109 4689 374 4748 sollicito
406 4690 565 4748 nullo
595 4695 908 4767 preposito
937 4697 996 4751 in
1028 4713 1094 4752 eo
1120 4701 1222 4753 aut
1263 4699 1566 4754 monachis
1598 4700 1764 4756 habi-

108 4780 379 4835 tantibus
410 4781 733 4839 traditum:
777 4785 1025 4855 permoti
1074 4785 1316 4857 proinde
1361 4789 1767 4859 compassione

111 4869 257 4923 tanti
288 4867 534 4940 piaculi,
561 4887 628 4926 ac
652 4871 942 4944 compulsi
972 4872 1192 4946 dolore,
1225 4875 1546 4947 apostolica
1566 4883 1764 4934 aucto-

111 4956 283 5012 ritate
329 4958 698 5029 providimus
751 4962 1106 5018 monasterio
1152 4964 1258 5020 tibi
1307 4965 1560 5020 comisso
1608 4966 1764 5023 idem

111 5047 539 5102 monasterium
560 5049 803 5117 sociare,
825 5055 1206 5122 quatenus,et
1224 5053 1494 5123 praesenti
1508 5056 1766 5110 secunda

109 5133 454 5202 indictione,
487 5141 664 5209 atque
694 5139 752 5192 in
783 5143 1130 5210 perpetuum
1181 5158 1215 5194 a
1262 5145 1316 5194 te
1361 5141 1597 5214 tuisque
1629 5160 1766 5199 suc-

109 5224 447 5279 cessoribus
477 5241 613 5281 cum
645 5225 756 5281 sibi
788 5227 1064 5282 omnibus
1084 5227 1142 5283 in
1165 5228 1391 5302 integro
1414 5231 1766 5300 subjacenti-

109 5311 217 5368 bus
247 5313 623 5384 disponatur,
658 5320 834 5386 atque
863 5333 996 5370 cum
1041 5316 1140 5371 Dei
1185 5316 1395 5373 timore
1425 5324 1681 5392 regatur,
1708 5325 1764 5376 et

105 5405 296 5456 vestro
326 5404 713 5474 conjunctuin
745 5405 1032 5460 subsistat
1063 5406 1437 5474 monasterio,
1472 5408 1553 5463 ita
1587 5412 1651 5463 ut
1698 5409 1756 5464 in

106 5488 306 5544 eodem
331 5491 651 5548 venerabili
683 5491 809 5548 loco
864 5492 1107 5548 Domino
1152 5495 1268 5549 Deo
1299 5500 1498 5551 nostro
1553 5495 1758 5553 laudes

103 5577 398 5635 exsolvere
435 5580 720 5638 debeatis.
774 5580 1005 5638 Nullam
1053 5599 1155 5639 vos
1205 5583 1490 5640 rationem
1549 5585 1755 5642 exinde

1876 4611 2143 4666 ﬁciorum
2192 4609 2478 4682 pradictaa
2526 4611 2838 4678 canonicae,
2899 4628 3079 4681 quam
3131 4628 3317 4684 usque
3371 4628 3528 4667 nunc

1877 4699 2170 4765 tenuistis,
2202 4699 2348 4754 nulli
2403 4699 2570 4755 liceat
2595 4699 2824 4766 laedere,
2859 4700 3156 4769 divestire,
3201 4700 3527 4772 inquietare

1875 4787 1964 4842 vel
1991 4788 2397 4844 investituram
2428 4789 2788 4843 abstrahere.
2841 4787 3124 4843 Similiter
3153 4788 3530 4860 praecipimus

1875 4880 1941 4931 ut
1962 4876 2162 4931 nullus
2191 4881 2450 4931 vestrum
2474 4874 2671 4946 aliquo
2693 4875 2927 4946 ingenio
2949 4877 3020 4930 ab
3043 4876 3314 4947 episcopo
3338 4881 3529 4931 vestro

1875 4963 2178 5028 beneﬁcia,
2212 4980 2338 5034 quae
2389 4963 2541 5018 soliti
2583 4963 2724 5018 estis
2776 4962 3068 5028 investire,
3122 4963 3403 5033 requirat,
3437 4963 3527 5017 vel

1873 5051 2284 5107 investituram
2314 5066 2382 5105 ex
2409 5049 2568 5104 illius
2618 5050 2893 5104 manibus
2943 5049 3210 5120 accipiat.
3250 5048 3532 5103 Similiter

1876 5139 2248 5212 praecipimus
2295 5140 2365 5193 de
2413 5138 2694 5193 omnibus
2745 5139 2920 5193 rebus
2969 5143 3171 5191 vestrae
3205 5137 3524 5200 canonicae,

1874 5233 1996 5283 tam
2072 5228 2143 5281 de
2215 5226 2398 5280 curtis
2465 5241 2760 5298 quamque
2829 5231 2886 5280 et
2955 5226 3025 5280 de
3095 5223 3352 5279 castellis
3420 5241 3524 5280 seu

1873 5315 2046 5380 villis,
2091 5314 2489 5379 xenodochiis,
2544 5313 2780 5382 factitis,
2829 5313 3156 5380 incensitis,
3191 5311 3522 5379 libellariis,

1870 5403 2134 5472 decimis,
2155 5402 2400 5457 serviset
2419 5403 2669 5470 ancillis,
2689 5401 2883 5469 terris,
2902 5401 3105 5468 vineis,
3122 5401 3329 5473 pratis,
3372 5403 3530 5459 sale—

1869 5493 1999 5558 ctis,
2033 5489 2353 5556 montibus,
2389 5489 2658 5562 planiciis
2689 5495 2810 5544 tam
2841 5490 2994 5544 inl'ra
3016 5488 3308 5546 civitatem
3344 5509 3526 5565 quam

1868 5584 2028 5638 extra
2054 5578 2348 5634 civitatem
2381 5595 2505 5650 qua:
2544 5596 2577 5635 a
2607 5580 2880 5635 lidelibus
2911 5577 3075 5636 vobis
3109 5583 3247 5635 sunt
3273 5581 3524 5649 collatae,
