3974 6206
465 324 585 392 607

1537 324 1600 392 S.
1648 325 1931 393 LEONIS
1975 326 2056 392 IX
2101 327 2332 393 ΡΑΡΑΞ
2374 323 2804 395 OPUSCULA.

3757 325 3876 398 608

468 466 557 526 vel
593 467 825 530 fuerint,
861 469 924 520 ut
963 463 1125 520 nulla
1175 478 1387 534 magna
1435 480 1727 536 parvaque
1775 481 2024 536 persona
2052 481 2113 520 se
2143 465 2196 532 Α
2227 462 2336 520 hoc
2359 469 2571 520 nostrae
2589 463 2915 536 apostolicae
2942 461 3306 521 auctoritatis
3341 461 3738 536 privilegium,
3762 478 3874 520 sic-

469 558 851 617 intromittat;
886 555 983 608 sed
1019 553 1188 608 liceat
1219 554 1380 608 vobis
1425 554 1619 624 quieto
1666 571 1763 609 eas
1794 558 1988 608 tenere
2019 571 2110 608 or-

469 648 602 702 dine
633 646 784 700 sicut
826 660 928 714 per
977 643 1304 697 mercedem
1357 659 1622 697 meorum
1673 647 2110 697 autecessorum

468 733 832 807 pontiﬁcum,
867 749 966 785 seu
999 731 1440 802 imperatorum,
1489 737 1545 786 et
1584 747 1785 802 regum
1827 731 2112 787 hactenus

465 822 758 886 tenuistis,
784 837 848 874 eo
871 819 1138 874 videlicet
1161 819 1360 875 ordine
1384 820 1484 890 qui
1509 820 1564 874 in
1595 826 1921 873 vestrarum
1943 820 2110 875 char-

466 911 724 967 tularum
777 908 1092 980 paginibus
1145 909 1495 962 continetur.
1550 910 1616 962 Et
1664 909 1733 962 de
1792 907 1952 962 nulla
1999 907 2112 962 alia

464 999 722 1055 Ecclesia
779 1013 956 1068 super
1023 1015 1127 1052 nos
1202 997 1688 1069 archipresl‘iyter,
1758 997 1843 1050 vel
1921 996 2109 1052 archi-

464 1090 748 1144 diaconus
804 1087 1164 1158 praaferatur,
1224 1086 1310 1140 vel
1380 1085 1593 1157 aliquis
1652 1103 1718 1140 ex
1777 1085 1928 1139 clero
1984 1085 2111 1140 sine

457 1177 747 1244 ‘rlectione
779 1179 1124 1230 cunctorum
1176 1176 1419 1229 fratrum
1473 1179 1722 1229 vestram
1774 1175 2109 1227 societatem

464 1266 784 1322 ordinetur.
820 1264 980 1328 Quod
1007 1265 1079 1316 ob
1130 1263 1238 1317 hoc
1288 1263 1413 1318 dico
1466 1263 1603 1334 quia
1653 1280 1820 1331 spero
1853 1267 2108 1317 vestram

466 1353 773 1410 ecclesiam
806 1369 1107 1422 nunquam
1141 1351 1450 1406 carituram
1496 1351 1721 1406 clericis
1770 1351 1867 1422 qui
1899 1352 1970 1405 ad
2005 1351 2111 1404 hos

463 1443 718 1499 honores
751 1440 870 1495 sint
901 1441 1095 1495 utiles.
1129 1440 1183 1494 Si
1210 1457 1342 1495 vero
1368 1440 1833 1511 archipresbyter
1853 1444 1909 1494 et
1929 1438 2112 1494 archi-

466 1532 748 1587 diaconus
789 1531 858 1584 dc
891 1529 1250 1600 supradictis
1282 1527 1535 1583 ecclesia:
1562 1528 1730 1582 bonis
1762 1528 1886 1582 sine
1914 1527 2111 1582 volun-

464 1624 584 1675 tate
616 1625 674 1675 et
700 1619 1036 1673 laudatione
1087 1619 1330 1672 fratrum
1377 1619 1513 1672 dare
1564 1617 1888 1681 tentaverit,
1921 1616 2110 1671 omni-

467 1710 642 1765 modo
673 1707 1079 1762 interdicimus
1112 1723 1183 1760 ne
1216 1705 1556 1761 scandalum
1589 1709 1645 1760 in
1699 1705 1955 1760 Ecclesia
1989 1707 2108 1758 ﬁat.

468 1798 527 1853 Si
555 1801 770 1862 autem,
807 1796 961 1866 quod
993 1795 1185 1849 absit!
1221 1795 1688 1865 archipresbyter
1735 1799 1793 1847 et
1822 1793 2110 1848 archidia-

466 1903 650 1942 conus
676 1901 791 1940 uno
819 1890 1076 1954 tempore
1098 1883 1315 1937 mortui
1337 1883 1569 1944 fuerint,
1612 1882 1778 1937 liceat
1802 1882 2108 1952 praeposito

466 1974 580 2029 frui
610 1972 980 2028 ofﬁcioilloru
993 1989 1046 2025 m
1064 1970 2114 2042 investituris,donecarchipresbyter

463 2061 550 2118 vel
585 2061 1031 2116 archidiaconus
1063 2060 1370 2114 ordinatus
1405 2059 1594 2114 fuerit.
1631 2060 1687 2114 Si
1721 2060 1876 2115 enim
1911 2060 1983 2113 ab
2014 2057 2112 2112 ali-

463 2169 580 2224 quo
610 2150 830 2222 aliquid
862 2148 1214 2204 inventionis
1247 2148 1533 2220 scriptum
1585 2153 1879 2219 repertum
1937 2147 2113 2202 fuerit

463 2241 534 2296 ad
568 2239 982 2295 destruendam
1016 2237 1427 2292 rectitudinem
1471 2238 1766 2303 ordinum,
1802 2239 1903 2290 aut
1933 2235 2109 2290 haere-

465 2329 706 2384 ditatem
739 2332 1012 2391 vestram,
1044 2326 1128 2381 vel
1158 2344 1225 2380 ea
1256 2343 1383 2396 quae
1415 2343 1592 2396 supra
1615 2325 1890 2390 diximus,
1917 2324 2111 2396 praeci-

452 2417 663 2489 ‘pimus
695 2421 761 2470 ut
785 2416 1124 2471 omnimodo
1160 2415 1497 2470 destruatur
1527 2419 1583 2467 et
1618 2430 1921 2484 nunquam
1952 2429 2109 2467 com-

467 2508 686 2578 pareat.
721 2503 779 2559 Si
813 2509 965 2568 Vero,
1000 2503 1154 2574 quod
1185 2503 1372 2557 absit!
1413 2507 1474 2556 ut
1517 2501 1730 2572 aliquis
1770 2505 1971 2556 contra
2001 2501 2109 2556 hoc

466 2597 675 2648 nostra:
690 2591 1055 2646 auctoritatis
1068 2592 1350 2661 scriptum
1370 2607 1537 2661 agere
1552 2590 1884 2660 tentaverit,
1907 2587 1992 2644 vel
2009 2607 2110 2643 vos

467 2683 525 2737 in
550 2682 642 2737 his
665 2698 790 2752 qure
813 2697 991 2751 supra
1017 2680 1274 2733 diximus
1295 2679 1619 2742 otfenderit,
1645 2679 1690 2732 si
1717 2679 1866 2733 infra
1888 2695 2108 2732 annum

466 2788 584 2827 non
609 2769 1024 2829 emendaverit.
1049 2768 1209 2822 illius
1231 2769 1431 2822 irritus
1455 2768 1555 2822 ﬁat
1575 2774 1840 2832 conatus,
1867 2772 1921 2822 et
1943 2766 2109 2821 illum

464 2861 659 2914 vivum
682 2864 835 2913 terra
852 2857 1131 2929 deglutiat
1150 2857 1300 2911 sicut
1318 2857 1540 2910 Dathan
1563 2862 1617 2910 et
1640 2857 1849 2910 Ahiron
1879 2857 1934 2910 in
1956 2855 2107 2910 sedi-

464 2949 624 3002 tione
642 2949 805 3013 Core,
827 2946 988 3018 lepra
1003 2947 1260 3000 Naaman
1279 2946 1404 3017 Syri
1441 2961 1618 3016 super
1647 2962 1779 2998 eum
1812 2945 2020 3007 veniat,
2054 2949 2111 2998 et

466 3036 802 3092 maledictio
820 3053 949 3107 qua:
967 3035 1074 3090 fuit
1092 3036 1225 3090 data
1243 3035 1300 3089 in
1325 3038 1518 3089 monte
1538 3033 1696 3099 Ebal,
1713 3038 1770 3088 et
1800 3033 2108 3088 anatheam

467 3125 829 3191 maranatha,
864 3130 920 3179 et
950 3142 1152 3179 omnes
1187 3123 1295 3177 illae
1345 3122 1527 3195 plagae
1559 3128 1614 3177 et
1646 3123 2104 3186 maledictiones,

2224 557 2287 608 ut
2319 559 2376 608 et
2409 554 2667 610 fecerunt
2696 552 3012 626 privilegiis
3063 553 3187 609 suis
3231 558 3628 610 antecessores
3660 553 3872 621 nostri,

2222 644 2640 697 conﬁrmamus
2670 648 2844 714 atque
2879 643 3327 698 corroboramus
3357 643 3646 714 quidquid
3672 659 3870 698 rerum

2221 737 2277 788 et
2308 731 2651 796 facultatum
2686 732 2856 786 modo
2887 730 3084 797 habet,
3117 736 3173 786 et
3211 749 3399 802 usque
3426 732 3482 786 in
3517 736 3870 803 perpetuum

2219 825 2306 875 est
2329 819 2697 887 habiturum;
2725 836 2794 874 ne
2817 820 2888 874 ab
2908 819 3103 892 aliqua
3127 820 3388 876 humana
3409 821 3744 876 temeritate
3767 819 3872 876 ali-

2221 909 2361 980 quid
2397 925 2656 979 unquam
2679 909 2884 964 exinde
2899 908 3201 964 mutiletur
3217 911 3316 965 sed
3335 910 3389 965 in
3407 927 3514 965 sua
3530 908 3872 981 integritate

2221 997 2420 1052 omnia
2444 997 2805 1053 custodiente
2845 1002 2956 1053 Deo
2986 1005 3366 1069 permaneant
3391 1000 3446 1053 in
3473 1016 3672 1065 usum,
3697 1003 3758 1053 et
3779 1016 3868 1054 sa-

2219 1085 2432 1142 larium
2485 1087 2732 1141 fratrum
2763 1087 2979 1142 ibidem
3020 1104 3177 1142 nunc
3226 1088 3624 1154 servientium,
3659 1091 3718 1142 et
3768 1105 3868 1159 per

2221 1174 2435 1230 smcula
2462 1175 2902 1230 serviturorum.
2934 1175 2997 1230 In
3030 1193 3146 1247 qua
3165 1176 3492 1247 apostolica:
3516 1177 3864 1232 munitionis

2219 1264 2444 1319 tutione
2475 1265 2666 1318 locum
2701 1264 2876 1318 etiam
2907 1264 3100 1334 ipsum
3134 1266 3376 1336 antiqua
3416 1270 3472 1319 et
3509 1282 3612 1338 per
3643 1265 3866 1337 prede-

2221 1369 2479 1408 cessores
2501 1358 2733 1408 nostros
2755 1353 2805 1407 ei
2829 1369 3106 1409 concessa
3127 1353 3393 1410 libertate
3415 1355 3728 1422 donamus,
3752 1371 3861 1409 non

2222 1457 2368 1496 nova
2401 1441 2695 1508 facientes,
2731 1442 2830 1497 sed
2861 1445 3052 1496 vetera
3083 1442 3516 1498 conﬁrmantes.
3541 1442 3621 1497 Ne
3643 1442 3862 1498 scilicet

2221 1529 2376 1585 ullus
2408 1529 2765 1597 mortalium,
2800 1530 2918 1585 sive
2956 1530 3032 1584 sit
3063 1530 3400 1602 imperator,
3440 1531 3560 1587 sive
3591 1549 3712 1602 rex,
3748 1532 3859 1586 sive

2219 1619 2356 1683 dux,
2381 1635 2482 1672 seu
2503 1617 2883 1685 marchio,vel
2904 1618 3399 1690 archiepiscopus,
3422 1620 3508 1675 vel
3527 1620 3856 1693 episcopus,

2220 1711 2320 1761 aut
2349 1706 2547 1778 aliqua
2577 1707 2690 1762 alia
2719 1707 2981 1762 humana
3029 1712 3288 1778 potestas
3335 1725 3508 1781 super
3539 1709 3697 1765 idem
3731 1708 3858 1764 Clu-

2221 1795 2418 1850 niacen
2429 1811 2488 1850 se
2507 1795 2924 1850 monasterium
2950 1793 3210 1866 aliquam
3229 1797 3286 1851 in
3306 1797 3498 1869 aliquo
3514 1802 3858 1870 potestatem

2221 1899 2483 1939 exercere
2513 1887 2848 1955 praesumat.
2875 1884 2989 1940 Nec
3012 1890 3144 1955 post
3168 1885 3517 1941 solutionem
3545 1886 3628 1940 tui
3652 1903 3857 1958 corpo-

2221 1971 2303 2027 ris
2333 1972 2585 2044 aliquem
2620 1971 2700 2028 ibi
2728 1973 2996 2044 prazferre
3025 1978 3084 2029 et
3113 1974 3377 2028 ordinare
3406 1975 3638 2035 audeat.
3675 1975 3780 2029 sed
3805 1974 3859 2027 in

2221 2060 2460 2116 arbitrio
2519 2077 2749 2132 semper
2821 2066 2877 2116 et
2949 2061 3222 2117 electione
3267 2061 3509 2116 fratrum
3570 2062 3866 2116 consistat

2222 2166 2632 2222 quemcunque
2649 2151 2718 2206 de
2740 2167 2849 2206 sua
2869 2149 3310 2222 congregatione
3331 2150 3655 2205 secundum
3673 2154 3859 2203 Deum

2221 2246 2272 2292 et
2304 2241 2630 2294 secundum
2663 2238 2925 2311 regulam
2957 2240 3013 2294 S.
3045 2238 3336 2294 Benedicti
3369 2238 3479 2293 sibi
3513 2238 3791 2310 praeferre
3809 2243 3860 2293 et

2219 2325 2517 2398 imponere
2571 2328 2840 2384 abbatem
2901 2327 3222 2384 voluerint:
3283 2327 3450 2396 cujus
3499 2325 3860 2381 consecratio

2222 2432 2330 2470 non
2367 2433 2400 2470 a
2429 2417 2745 2472 constituto
2771 2416 3066 2488 episcopo,
3095 2416 3195 2471 sed
3229 2433 3263 2470 a
3298 2413 3579 2486 quolibet,
3611 2415 3862 2485 quicun-

2220 2519 2330 2575 que
2363 2505 2474 2575 ipsi
2525 2504 2959 2577 congregationi
3011 2503 3315 2576 placuerit,
3366 2506 3691 2574 expetatur,
3745 2519 3858 2556 non

2221 2593 2414 2664 aliquo
2431 2594 2612 2664 pretio
2628 2593 2989 2659 redimenda,
3007 2593 3108 2648 sed
3126 2591 3307 2664 gratis
3323 2591 3678 2662 accipienda.
3696 2591 3857 2656 Quod

2219 2681 2392 2737 etiam
2415 2684 2486 2736 de
2509 2682 2784 2737 omnibus
2799 2681 3326 2737 ecclesiasticorum
3369 2681 3657 2752 graduum
3698 2680 3860 2734 ordi-

2220 2771 2578 2833 nationibus,
2611 2776 2667 2825 et
2696 2770 2969 2825 altarium
3001 2770 3119 2826 sive
3148 2769 3526 2824 ecclesiarum
3560 2785 3862 2823 consecra-

2218 2859 2478 2913 tionibus
2504 2857 2873 2930 praecipimus
2895 2858 3405 2924 etconﬁrmamus,
3433 2856 3681 2912 utliceat
3695 2857 3858 2911 vobis

2217 2948 2542 3020 vestrisque
2580 2946 3036 3015 successoribus,
3086 2963 3120 3001 a
3161 2963 3510 3018 quocunque
3557 2963 3626 3000 ea
3671 2943 3858 3001 velitis

2219 3037 2490 3108 episcopo
2522 3036 2706 3108 gratis
2734 3051 3059 3106 exposcere,
3111 3033 3426 3106 nullusque
3453 3033 3615 3090 vobis
3649 3034 3858 3089 audeat

2219 3126 2635 3180 contradicere.
2669 3126 2853 3187 Quam
2903 3124 3341 3196 praerogativam
3393 3141 3427 3178 a
3470 3124 3859 3196 praedecesso-

465 3215 682 3286 quibus
705 3215 858 3269 Deus
883 3213 1242 3267 Pharaonem
1281 3217 1333 3266 et
1356 3217 1664 3282 Egyptum
1708 3212 2018 3282 percussit,
2051 3214 2109 3266 et
2139 3201 2180 3272 C
2221 3215 2384 3269 ribus
2414 3213 2631 3268 nostris
2653 3211 3004 3268 monasterio
3024 3216 3215 3268 vestro
3246 3228 3605 3277 concessam,
3633 3217 3692 3267 et
3711 3229 3747 3266 a
3768 3229 3863 3266 no-

465 3322 592 3376 qure
623 3308 762 3358 sunt
783 3304 1011 3374 scripta)
1042 3301 1100 3355 in
1132 3302 1393 3374 quinque
1423 3299 1588 3354 libris
1613 3300 1847 3370 Moysis,
1873 3304 1929 3354 et
1947 3299 2105 3353 Iuda:

465 3394 729 3448 traditori
766 3392 1042 3457 sociatus,
1076 3407 1210 3444 cum
1247 3389 1469 3442 Anania
1503 3393 1558 3443 et
1589 3388 1839 3459 Saphira
1869 3405 2105 3458 prunam

461 3481 587 3537 luat
603 3485 904 3542 internum,
924 3485 980 3533 et
996 3485 1196 3534 nostro
1220 3494 1320 3532 seu
1342 3482 1678 3532 nostrorum
1697 3492 2104 3531 successorum

463 3571 766 3640 subjaceat
789 3569 1036 3639 judicio.

533 3659 659 3714 Dat.
694 3659 838 3713 Non.
875 3656 1011 3712 Maii
1038 3656 1259 3711 mensis
1289 3671 1391 3726 per
1422 3670 1660 3708 manum
1685 3653 1833 3708 Petri
1853 3653 2101 3716 diaconi,

457 3747 882 3803 bibliothecarii
906 3750 962 3799 et
980 3743 1310 3799 rancellarii
1333 3747 1544 3797 sanctae
1570 3739 1898 3812 apostolica:
1923 3741 2100 3807 sedis,

459 3853 614 3892 anno
647 3841 708 3890 Ι).
747 3835 948 3889 Leonis
980 3850 1140 3905 papas
1177 3833 1220 3897 l,
1253 3831 1375 3885 ind.
1407 3848 1468 3884 ιι.

1257 3938 1345 3993 XI.

456 4033 513 4089 S.
548 4034 650 4088 Leo
698 4031 770 4087 IX
815 4029 1138 4084 monasterii
1177 4028 1580 4094 Crumacensis,
1629 4034 1840 4097 petente
1888 4027 2104 4096 "agone

850 4101 1060 4168 abbate,
1090 4099 1383 4169 privilegia
1413 4099 1719 4167 conﬁrmat.

1084 4190 1303 4256 (Annos
1339 4187 1520 4253 1049.)

713 4278 1067 4350 [Bibliotheca
1119 4276 1653 4346 Cluniacensis,pag.
1672 4275 1854 4345 182-1.]

534 4385 635 4423 ι.εο
667 4367 1000 4438 episcopus,
1034 4380 1238 4418 servus
1270 4379 1571 4418 servorum
1595 4364 1693 4418 Dei
1719 4363 2105 4418 dilectissimo

461 4457 520 4512 in
543 4456 772 4514 Christo
794 4454 910 4509 ﬁlio
934 4454 1160 4508 HUGONI
1183 4452 1377 4507 abbati
1403 4451 1803 4508 Cluniacensis
1823 4457 2109 4508 monaste-

461 4546 530 4600 rii
564 4544 770 4609 nostri,
797 4544 854 4598 in
891 4543 1171 4597 honorem
1204 4541 1504 4596 beatorum
1539 4539 1933 4612 apostolorum
1960 4540 2108 4597 Petri
2141 4569 2187 4634 D

459 4639 516 4690 et
547 4632 710 4688 Pauli
743 4631 991 4689 fundati.
1043 4631 1278 4701 tuisque
1325 4629 1767 4685 successoribus
1797 4629 2110 4685 abbatibus

458 4727 807 4797 perpetuam
842 4723 898 4776 in
935 4720 1182 4776 Domino
1215 4719 1487 4774 salutem.

532 4811 810 4869 Convenit
857 4809 1174 4882 apostolico
1239 4805 1627 4862 moderamini
1696 4805 1790 4877 pia
1836 4806 2114 4880 religione

457 4902 820 4976 pollentibus
843 4898 1112 4955 benivola
1133 4896 1549 4968 compassione
1566 4911 1926 4961 succurrere,
1947 4901 2004 4951 et
2024 4914 2115 4968 pe-

456 4991 709 5048 tentium
733 4989 1044 5046 desideriis
1066 5001 1397 5058 congruum
1418 4984 1725 5056 impertirii
1745 4985 2110 5057 suffragium.

457 5083 538 5138 Ex
564 5081 671 5136 hoc
691 5080 847 5136 enim
873 5077 1017 5132 lucri
1049 5075 1422 5147 potissimum
1445 5074 1749 5144 praemium
1770 5075 2112 5130 aconditore

458 5170 725 5226 omnium
763 5170 877 5224 Deo
911 5168 968 5220 in
1001 5164 1246 5220 sidereis
1278 5162 1511 5217 arcibus
1545 5162 2029 5233 promerebimur,
2061 5163 2110 5218 si

458 5259 817 5313 venerabilia
849 5255 976 5310 loca
1006 5258 1205 5308 nostro
1237 5257 1499 5322 tempore
1541 5255 1641 5305 aut
1689 5251 1758 5305 ad
1811 5249 2110 5306 meliorem

461 5347 676 5401 fuerint
708 5351 924 5400 statum
962 5343 1264 5413 perducta,
1295 5347 1396 5392 aut
1428 5356 1498 5393 ne
1529 5356 1792 5410 unquam
1824 5339 1880 5393 in
1914 5339 2111 5412 aliquo

461 5435 700 5488 minuan
718 5447 721 5454 '
739 5453 823 5490 ur.
852 5433 1244 5485 corroborata.
1271 5429 1633 5498 Quapropter
1656 5426 1912 5481 inclinati
1935 5429 2111 5500 preci-

462 5521 573 5574 bus
605 5521 741 5585 tuis,
789 5521 1166 5576 dilectissime
1223 5517 1324 5580 uti,
1379 5517 1488 5587 ipsi
1527 5517 1882 5571 monasterio
1916 5523 2111 5574 nostro

463 5606 853 5673 Cluniacensi,
887 5607 979 5663 cui
1013 5612 1124 5660 Deo
1157 5608 1393 5659 auctore
1444 5619 1689 5676 praeesse
1739 5603 1988 5674 videris,
2009 5624 2110 5679 per

2216 3303 2307 3357 bis
2339 3301 2543 3356 merito
2575 3301 3002 3368 confirmatam,
3035 3301 3250 3356 idcirco
3281 3299 3470 3356 eidem
3493 3299 3862 3356 contribuere

2217 3390 2577 3445 decrevimus
2609 3393 2692 3454 ut,
2726 3389 2876 3444 sicut
2909 3389 3191 3445 hactenus
3223 3389 3332 3444 sub
3379 3388 3697 3461 apostolico
3729 3393 3862 3444 tan-

2215 3483 2342 3534 tum
2369 3480 2502 3549 jure
2544 3484 2601 3533 et
2653 3477 2870 3534 ditione
2919 3477 3202 3542 constitit,
3251 3477 3332 3532 ita
3373 3477 3582 3532 amodo
3631 3493 3863 3550 semper

2215 3567 2514 3632 consistat,
2585 3583 2691 3621 nec
2756 3565 3003 3622 aliorum
3063 3565 3354 3638 respiciat,
3407 3571 3700 3637 quatenus
3749 3566 3856 3622 sub

2214 3654 2544 3728 apostolicae
2601 3654 2956 3710 defensionis
2978 3653 3322 3709 umbraculo
3345 3655 3604 3726 positum
3629 3671 3860 3726 semper

2215 3747 2458 3810 crescat,
2495 3759 2728 3814 semper
2767 3747 3065 3814 augescat,
3097 3741 3318 3798 nullam
3343 3760 3657 3814 pravorum
3676 3743 3861 3799 homi-

2214 3845 2354 3888 num
2377 3832 2766 3904 tyrannidem,
2789 3831 3011 3889 nullam
3033 3830 3351 3888 humanam
3375 3837 3720 3903 potestatem
3749 3850 3862 3890 me-

2213 3926 2408 3986 tuens,
2443 3926 2509 3976 ut
2548 3920 2890 3992 quotidiana
2928 3919 3040 3975 Deo
3087 3919 3370 3990 obsequia
3417 3920 3644 3989 devote,
3675 3925 3742 3976 ut
3766 3939 3857 3977 so-

2217 4010 2360 4078 lent,
2394 4014 2453 4065 et
2482 4009 2677 4080 quiete
2702 4007 2784 4062 ibi
2838 4010 3106 4080 agantur,
3157 4023 3262 4062 nec
3301 4012 3542 4079 agentes
3569 4008 3627 4062 in
3659 4009 3861 4080 aliquo

2219 4116 2322 4173 per
2352 4099 2609 4170 aliquem
2642 4095 3048 4164 sollicitentur,
3080 4095 3482 4163 molestentur,
3533 4097 3865 4169 inquieten-

2219 4193 2333 4243 tur.
2391 4189 2452 4242 In
2512 4203 2630 4258 qua
2686 4184 3067 4257 praerogativa
3095 4185 3271 4240 etiam
3315 4183 3651 4242 chrismatis
3681 4183 3869 4242 libera

2220 4274 2469 4346 receptio
2502 4291 2536 4329 a
2567 4290 2804 4345 quoquo
2845 4273 3033 4328 velitis
3064 4272 3334 4345 episcopo
3384 4273 3674 4328 consistit.
3731 4275 3870 4338 Quae

2219 4364 2436 4429 omnia,
2463 4362 2617 4418 sicut
2640 4360 3056 4434 praemisimus,
3078 4361 3572 4436 quemadmodum
3595 4378 3631 4416 a
3648 4364 3872 4432 praede-

2217 4452 2552 4508 cessoribus
2587 4449 2806 4506 nostris
2845 4449 3070 4506 sancita
3115 4449 3456 4522 reperimus,
3506 4449 3590 4504 ita
3633 4466 3871 4523 quoque

2219 4559 2327 4598 nos
2359 4539 2623 4597 stabilire
2653 4544 2720 4606 et,
2740 4539 3090 4594 conﬁrmare
3117 4538 3500 4594 decrevimus.
3533 4536 3870 4594 Statuentes

2221 4616 2544 4704 apostolica
2573 4644 2843 4693 censura,
2875 4627 2984 4684 sub
3015 4625 3196 4681 divini
3219 4625 3430 4697 judicii
3461 4626 3866 4693 obtestatione,

2225 4725 2289 4776 ut
2321 4718 2483 4774 nulla
2497 4733 2757 4788 unquam
2772 4731 2985 4787 magna
2997 4731 3293 4788 parvaque
3317 4731 3564 4786 persona
3576 4715 3868 4786 spirituali

2222 4808 2310 4864 vel
2361 4805 2622 4864 saeculari
2673 4802 2953 4875 dignitate
3001 4803 3260 4876 praedita,
3311 4803 3542 4858 omnive
3585 4804 3872 4875 dignitate

2223 4898 2468 4971 privata,
2501 4897 2706 4950 contra
2738 4893 2844 4948 boc
2874 4897 3084 4946 nostra:
3127 4891 3460 4955 apostolicze
3508 4892 3871 4948 auctoritatis

2224 4984 2597 5060 privilegium
2625 4981 2821 5037 venire
2852 4985 2953 5036 aut
2984 4981 3042 5035 in
3065 4997 3366 5052 quoquam
3391 4980 3535 5036 illud
3559 4979 3875 5053 infringere

2224 5077 2534 5147 pertentet,
2571 5070 2731 5137 Quod
2759 5069 3139 5141 quincunque
3161 5085 3309 5123 ausu
3333 5067 3645 5124 temerario
3677 5069 3876 5141 impia-

2222 5179 2336 5236 que
2379 5159 2838 5234 praesumptione
2887 5162 3090 5213 contra
3135 5157 3320 5212 Deum
3369 5163 3424 5213 et
3465 5161 3742 5212 sanctum
3775 5157 3875 5213 Pe-

2221 5257 2402 5319 trum,
2438 5253 2756 5319 contraque
2791 5245 3051 5302 animam
3084 5261 3254 5301 suam
3306 5245 3524 5312 fecerit,
3576 5244 3638 5299 in
3673 5249 3816 5302 tunc
3847 5250 3868 5309 i

2221 5344 2448 5395 tantum
2484 5354 2546 5393 se
2575 5335 2804 5391 noverit
2831 5339 3043 5390 nostrae
3070 5333 3400 5405 apostolicae
3440 5331 3872 5390 maledictionis

2221 5425 2421 5484 aculeo
2437 5427 3182 5495 transpunctum,nostrum
3201 5420 3532 5492 apostolica:
3548 5438 3876 5478 excommu-

2223 5513 2536 5572 nicationis
2565 5511 2679 5566 telo
2709 5511 3063 5584 perfossum,
3113 5510 3297 5565 nostri
3344 5510 3525 5565 etiam
3571 5510 3874 5582 apostolici

2221 5601 2612 5663 anathematis
2641 5599 2835 5674 gladio
2867 5600 3423 5665 transverberatum,
3474 5614 3582 5655 nec
3622 5597 3739 5672 ipsi
3783 5615 3881 5674 per
