3974 6206
1061 324 1464 400 ΕΡῙΞΤΟῙΑΕ
1506 334 1606 397 ET
1650 328 2013 399 DECRETA
2058 332 2526 400 PONTIFICIA.

3378 326 3501 399 elo

91 474 325 545 dignam
362 458 824 528 satisfa‘ctiohem
855 467 1033 525 saluti
1055 464 1313 542 pristina:
1347 470 1730 541 reparandum
1765 480 1817 540 Α,
1852 468 2416 541 tirmilateperpctua
2458 471 2567 543 ipsi
2594 471 2946 527 monasterio
2968 475 3157 527 vestro
3172 474 3494 527 secundum

88 563 195 629 Qui
218 578 355 617 vero
387 578 449 617 se
478 561 551 617 ab
583 560 696 616 hoc
730 558 1143 623 observaverit,
1177 563 1234 613 et
1263 557 1602 613 inviolatum
1629 557 1734 611 hnc

91 653 362 706 nostrum
384 647 757 722 privilegium
787 661 1132 720 permanere
1154 645 1495 713 laudaverit,
1524 645 1614 701 hic
1636 646 1736 701 be-

95 736 501 802 nedictionem,
536 735 786 807 gratiam
817 739 872 790 et
894 750 1067 790 omne
1089 733 1309 789 bonum
1334 750 1366 789 a
1387 734 1737 789 retributore

96 826 358 882 omnium
390 827 679 881 bonorum
712 822 814 880 Dei
844 829 901 879 et
928 822 988 877 in
1016 821 1287 895 praesenti
1336 821 1547 879 saeculo
1600 839 1737 878 con-

97 919 376 988 sequatur
404 919 462 970 et
489 914 549 969 in
583 914 804 968 futuro.

164 1002 380 1058 Datum
411 1019 467 1057 1v
499 1002 581 1057 Id.
608 999 770 1057 Junii
789 1014 892 1072 per
920 1014 1132 1054 manus
1162 997 1313 1054 Petri
1346 998 1599 1063 diaconi,
1650 998 1737 1054 bi-

98 1090 463 1147 bliothecarii
490 1107 555 1146 ac
576 1088 907 1146 cancellarii
939 1091 1151 1143 sanctas
1182 1085 1507 1159 apostolicae
1560 1088 1737 1153 sedis,

100 1195 258 1235 anno
280 1178 480 1234 domui
501 1177 704 1233 Leonis
738 1178 809 1232 IX
839 1190 1003 1249 papas
1036 1175 1245 1249 primo,
1277 1175 1481 1231 indiet.
1513 1192 1575 1230 ιι.

863 1281 982 1337 ΧΙΙ.

209 1373 264 1430 5.
295 1375 396 1430 Leo
427 1373 491 1428 IX
514 1372 842 1429 monasterii
869 1370 1152 1426 Fuldensis
1178 1371 1541 1439 possessiones
1587 1376 1637 1424 et

592 1444 887 1516 privilegia
916 1443 1221 1512 conﬁrmat.

723 1530 910 1603 (Anno
940 1529 1124 1601 1049.)

387 1619 657 1691 [Dronke,
684 1618 810 1676 Cod.
842 1617 1066 1691 diplom.
1098 1616 1276 1684 Fuld.,
1308 1617 1460 1687 359.]

179 1711 297 1767 Lso
312 1711 635 1783 episcopus,
660 1724 861 1765 servus
879 1722 1178 1763 servorum
1200 1704 1629 1773 Dei,Ecussn'ro
1650 1704 1744 1776 pio

109 1803 165 1856 et
194 1798 465 1872 religioso
486 1797 675 1854 abbati
697 1795 1045 1853 venerabilis
1068 1793 1403 1851 monasterii
1429 1793 1746 1849 Salvatoris

109 1884 340 1944 Domini
376 1886 556 1943 nostri
579 1887 611 1941 J
618 1903 719 1943 esu
741 1883 954 1941 Christi
976 1887 1033 1940 et
1061 1883 1258 1940 Sancti
1283 1881 1746 1954 Bonifacii,quod

111 1977 288 2032 situm
322 1978 409 2031 est
434 1975 493 2029 in
515 1972 639 2031 loco
662 1973 1014 2047 quivocatur
1032 1970 1345 2040 Bochonia,
1371 1972 1540 2041 juxta
1560 1970 1749 2042 ripam

114 2063 365 2120 ﬂuminis
389 2063 541 2136 quod
574 2068 815 2119 vocatur
841 2062 1045 2129 Fulda,
1077 2063 1135 2117 et
1163 2076 1267 2134 per
1294 2064 1351 2116 te
1372 2060 1557 2116 eidem
1579 2074 1749 2115 vene-

113 2152 276 2209 rabili
302 2152 664 2209 monasterio
716 2150 950 2223 tuisque
1006 2148 1446 2208 successoribus
1496 2147 1558 2204 in
1598 2144 1751 2223 per-

113 2245 368 2314 petuum.

180 2330 458 2387 Convenit
479 2326 800 2404 apostolico
820 2327 1203 2384 moderamini
1217 2326 1313 2402 pia
1334 2326 1611 2400 religione
1633 2324 1754 2398 pol-

112 2418 363 2476 lentibus
378 2417 645 2474 benivola
657 2417 1497 2491 compassionesuccurrere,et
1513 2432 1752 2490 poscen-

113 2508 267 2565 tibus
291 2509 457 2580 juste
488 2511 544 2564 et
568 2506 836 2580 religiose
862 2505 1039 2562 alacri
1087 2504 1387 2562 devotione
1445 2520 1753 2561 assensum

114 2597 411 2671 impertiri.
442 2596 527 2652 Ex
556 2595 667 2651 hoc
697 2596 854 2652 enim
886 2594 1034 2650 lucri
1056 2595 1430 2667 potissimum
1449 2593 1753 2666 praemium

115 2703 144 2743 a
163 2685 461 2742 conditore
478 2684 745 2741 omnium
767 2683 884 2740 Deo
905 2682 1107 2756 procul
1131 2683 1308 2739 dubio
1330 2699 1753 2757 promeremur,

115 2774 157 2830 si
189 2772 551 2830 venerabilia
577 2773 705 2829 loca
721 2776 1045 2846 opportune
1067 2772 1333 2828 ordinata
1349 2772 1420 2827 ad
1453 2768 1753 2827 meliorem

110 2854 319 2919 fuerint
348 2863 486 2919 sine
517 2861 693 2918 dubio
753 2865 973 2918 statum
1031 2861 1328 2933 perducta.
1386 2860 1572 2933 Igitur
1616 2860 1756 2932 quia

113 2950 409 3025 postulasti
442 2969 480 3007 a
520 2950 711 3018 nobis,
765 2949 1129 3007 decrevimus
1188 2953 1390 3005 nostra
1436 2948 1756 3021 apostolica

111 3041 495 3115 praeceptione
529 3040 902 3096 reconcedere
929 3056 993 3095 ac
1011 3039 1419 3095 reconﬁrmare
1442 3041 1756 3110 perpetua-

112 3130 239 3186 liter
265 3130 431 3187 vobis
466 3130 791 3202 vestrisque
808 3129 1247 3184 Successoribus
1268 3126 1612 3200 praedictum
1633 3143 1754 3182 mo-

1849 560 2339 627 pl'cbtjt’cetéborum
2390 563 2725 617 nostrorum
2758 560 3059 633 privilegia
3082 562 3500 618 conﬁrmamus

1845 651 1902 700 et
1930 649 2398 703 corroboramus.
2419 649 2801 705 Decernimus
2826 649 2999 706 etiam
3023 668 3094 706 ne
3107 650 3279 707 alicui
3300 667 3502 722 perso-

1847 750 1935 788 nas
1979 751 2209 807 magnae
2229 736 2315 791 vel
2340 754 2524 808 parva:
2551 736 2719 793 liceat
2743 738 3001 808 aliquam
3026 740 3139 793 vim
3159 739 3244 794 vel
3268 744 3499 795 contro-

1844 822 2092 877 versiam
2137 823 2347 879 inferre
2378 824 2567 880 eidem
2593 827 2948 882 monasterio
2979 826 3039 881 in
3074 829 3319 883 rebuset
3335 827 3502 883 fami-

1847 909 1943 965 liis
1965 914 2114 981 ejus.
2146 913 2215 967 Et
2238 929 2308 967 ne
2336 914 2554 969 femina
2578 931 2840 985 unquam
2868 914 3011 969 illuc
3032 915 3257 983 ingredi
3282 933 3505 986 praesu-

1850 1001 2937 1072 mat,nostraapostolicainterdicimus
2968 1005 3333 1068 auctoritate,
3357 1008 3504 1060 etne

1849 1087 1983 1157 quis
2016 1104 2280 1159 unquam
2315 1088 2594 1160 placitum
2622 1090 2699 1143 ihi
2746 1092 2959 1145 habeat
3016 1092 3107 1146 vel
3165 1092 3223 1146 in
3282 1093 3505 1148 caeteris

1850 1176 1977 1244 ejus
2008 1175 2147 1230 locis
2180 1193 2284 1231 nec
2312 1194 2507 1232 servos
2539 1195 2645 1232 nec
2675 1179 2911 1233 colonos
2935 1180 3008 1233 ad
3040 1180 3274 1250 aliquod
3325 1180 3506 1236 servi-

1851 1263 1998 1318 tium
2032 1266 2413 1336 constringat,
2448 1267 2556 1320 nisi
2593 1268 2684 1320 cui
2719 1269 2901 1323 abbas
2932 1269 3004 1322 ad
3040 1267 3353 1325 utilitatem
3384 1286 3505 1326 sua

1852 1352 2219 1408 necessitatis
2249 1370 2556 1409 assensum
2598 1355 2931 1426 praebuerit.
2967 1356 3231 1428 Eligendi
3263 1373 3500 1429 quoque

1854 1440 1962 1494 sibi
1998 1440 2265 1496 abbatem
2302 1442 2537 1513 quando
2568 1459 2715 1513 opus
2748 1442 2924 1497 fuerit
2987 1444 3194 1498 fratres
3243 1445 3395 1499 inter
3444 1460 3509 1500 se

1853 1531 2200 1598 potestatem
2220 1528 2476 1586 habeant
2491 1531 2710 1586 secund
2722 1548 2751 1585 u
2763 1548 2819 1586 m
2837 1530 3098 1603 regulam
3117 1532 3307 1588 sancti
3328 1532 3509 1588 Bene-

1853 1616 1989 1670 dicti
2015 1616 2140 1672 sine
2163 1617 2320 1673 illius
2361 1618 2824 1676 contradictione
2880 1636 3161 1692 personas.
3222 1620 3508 1677 Caeterum

1854 1721 1985 1760 vero
2018 1704 2124 1760 hoc
2156 1706 2545 1762 deliberantes
2569 1708 2946 1764 decernimus
2964 1713 3030 1764 ut
3050 1708 3327 1782 congruis
3360 1713 3511 1766 tem-

1857 1792 2100 1863 poribus
2120 1799 2330 1849 nostraa
2353 1794 2738 1851 sollicitudini
2759 1795 3165 1853 ecclesiasticas
3182 1797 3511 1867 intimatur,

1858 1881 2109 1952 qualiter
2138 1882 2341 1955 religio
2364 1884 2689 1940 monastica
2715 1884 2967 1955 regulari
2993 1884 3200 1942 habitu
3220 1886 3513 1960 dirigatur

1856 1971 2285 2043 concordiaque
2314 1972 2678 2028 convenienti
2702 1972 3094 2030 ecclesiastico
3119 1974 3315 2031 studio
3340 1991 3509 2031 man-

1859 2058 2104 2129 cipetur,
2129 2076 2201 2115 ne
2235 2060 2379 2115 forte
2410 2062 2565 2131 quod
2600 2060 2789 2115 absitl
2826 2061 2937 2117 sub
2986 2062 3166 2134 hujus
3223 2063 3508 2137 privilegii

1860 2145 2097 2202 obtentu
2125 2147 2359 2204 animus
2388 2165 2745 2222 gressusque
2804 2150 3173 2208 rectitudinis
3223 2158 3430 2210 vestrae
3476 2172 3511 2211 a

1862 2252 2067 2291 norma
2090 2237 2208 2306 jusl
2225 2237 2334 2292 itiae
2368 2238 2563 2309 aliquo
2588 2240 2761 2294 modo
2785 2243 3210 2312 retorqueatur.
3232 2242 3512 2299 Concedi-

1862 2340 1997 2380 mus
2026 2324 2202 2380 etiam
2224 2326 2330 2381 tibi
2363 2343 2538 2399 quem
2569 2327 2719 2382 bene
2750 2328 3055 2384 eruditum
3086 2334 3146 2385 et
3194 2331 3342 2387 bene
3393 2330 3511 2388 elo-

1863 2416 2137 2484 quentem
2167 2414 2360 2469 virum
2390 2430 2520 2471 esse
2550 2415 2843 2485 novimus,
2876 2416 3221 2474 dulcissime
3252 2418 3334 2474 ﬁli
3367 2437 3510 2492 prae-

1863 2500 2059 2555 dicare
2086 2503 2331 2558 verbum
2362 2502 2464 2559 Dei
2492 2503 2841 2560 auctoritate
2872 2506 3058 2562 sancti
3082 2506 3233 2562 Petri
3266 2508 3515 2580 apostoli

1863 2594 1919 2645 et
1948 2595 2149 2645 nostra
2177 2592 2305 2663 ejus
2329 2592 2569 2665 indigne
2599 2592 2820 2659 vicarii,
2852 2598 2911 2650 et
2942 2600 3008 2649 ut
3032 2599 3151 2651 tam
3181 2613 3288 2653 vos
3333 2614 3513 2669 quam

1863 2695 2234 2735 successores
2254 2680 2429 2735 vestri
2456 2684 2592 2736 ante
2614 2680 2763 2737 alios
2780 2682 3019 2739 abbates
3033 2682 3229 2740 Galliis
3252 2702 3355 2742 seu
3377 2686 3513 2743 Ger-

1864 2768 2071 2823 mania
2098 2769 2416 2840 primatum
2441 2770 2682 2826 sedendi
2704 2770 2758 2825 in
2788 2771 2948 2825 omni
2967 2771 3092 2828 loco
3107 2778 3515 2848 conventuque

1865 2861 2064 2912 nostra
2093 2857 2416 2930 apostolica
2435 2858 2719 2914 auctorite
2751 2860 3087 2917 obtineatis.
3120 2862 3304 2919 Usum
3364 2880 3511 2937 quo-

1864 2961 1979 3017 que
2009 2946 2332 3003 dalmaticaa
2363 2951 2420 3003 et
2449 2947 2852 3003 sandaliorum
2876 2948 2936 3003 in
2960 2950 3276 3007 missarum
3300 2952 3517 3009 solem-

1866 3034 1980 3089 niis
2008 3032 2245 3090 licentia
2266 3042 2478 3091 nostra:
2503 3035 2829 3107 apostolicae
2853 3039 3218 3095 auctoritatis
3242 3041 3518 3097 concedi-

1864 3140 1998 3178 mus
2014 3128 2132 3178 tam
2148 3125 2309 3180 vobis
2321 3142 2496 3196 quam
2518 3126 2959 3182 successoribus
2972 3130 3179 3184 vestris
3192 3130 3516 3186 secundum

117 3220 439 3274 nasterium
478 3216 794 3274 Salvatoris
824 3216 1057 3273 Domini
1090 3217 1272 3272 nostri
1301 3216 1440 3271 Jesu
1463 3214 1676 3271 Christi
1698 3220 1756 3270 et
1786 3210 1828 3276 C
1867 3212 2019 3283 quod
2046 3212 2101 3266 iu
2126 3212 2446 3284 privilegiis
2469 3215 2960 3285 praedecessorum
2985 3222 3322 3274 nostrorum
3343 3218 3515 3275 habe-

113 3307 301 3363 Sancti
324 3306 819 3374 Bonifacii,situm
840 3304 1036 3361 inloco
1054 3305 1151 3377 qui
1179 3309 1420 3360 vocatur
1439 3303 1753 3372 Bochonia,

106 3397 265 3466 juxta
286 3395 483 3467 ripam
506 3394 767 3449 fluminis
787 3395 940 3467 quod
972 3394 1187 3449 dicitur
1203 3393 1542 3462 Fulda,cum
1566 3392 1755 3449 omni-

112 3483 217 3539 bus
232 3485 404 3540 rebus
433 3482 754 3537 mobilibus
777 3487 833 3538 et
854 3482 1259 3538 immobilibus
1281 3482 1392 3537 sibi
1417 3481 1755 3554 pertinenti-

110 3572 237 3640 bus,
274 3589 425 3645 quas
452 3588 610 3627 nunc
638 3570 817 3627 habet
845 3575 903 3628 et
930 3571 989 3626 in
1022 3571 1222 3626 futuro
1268 3570 1386 3626 Deo
1442 3570 1757 3626 auxiliante

108 3660 371 3717 habebit.
403 3660 792 3716 Concedimus
822 3661 1000 3715 etiam
1031 3664 1207 3732 atque
1238 3660 1528 3715 donamus
1569 3658 1755 3730 vobis,

114 3749 466 3805 charissi'me
487 3765 551 3803 ac
573 3748 949 3804 dilectissime
968 3748 1073 3815 fili,
1106 3748 1435 3820 vestrisque
1457 3764 1756 3803 successo-

118 3839 274 3894 ribus
305 3837 622 3894 abbatibus
654 3837 707 3889 in
743 3842 1110 3909 perpetuum,
1148 3854 1249 3909 pro
1279 3853 1491 3909 magno
1556 3841 1757 3893 nostro

119 3944 307 3984 amore
337 3933 392 3983 et
416 3925 601 3981 nimia
630 3925 938 3982 dilectione
960 3943 1137 3998 quam
1162 3925 1317 3981 circa
1343 3942 1446 3981 vos
1472 3925 1757 3980 habemus

121 4019 172 4069 et
198 4015 411 4072 habere
434 4015 711 4087 deinceps
752 4014 1046 4087 cupimus,
1079 4000 1501 4070 monasterium
1559 4014 1759 4069 Sancti

124 4106 321 4160 Andra;
380 4103 631 4177 apostoli
691 4104 847 4175 quod
911 4108 1155 4160 vocatur
1215 4101 1544 4169 Exaiulum,
1577 4103 1756 4158 situm

123 4192 308 4248 Romae
330 4194 502 4265 juxta
533 4190 840 4247 ecclesiam
873 4195 1090 4248 sancta
1121 4191 1215 4248 Dei
1240 4190 1535 4265 genitricis
1566 4191 1758 4247 Marias

122 4296 344 4354 semper
369 4280 631 4354 Virginis
662 4296 788 4352 quae
820 4284 1060 4336 vocatur
1088 4280 1160 4336 ad
1196 4281 1610 4352 Praesepe,cum
1635 4296 1758 4335 om-

124 4368 289 4425 nibus
317 4369 750 4432 mansionibus,
784 4369 1115 4436 caminatis,
1168 4367 1350 4439 cellis,
1407 4368 1648 4424 vinariis
1704 4372 1762 4424 et

120 4456 525 4527 coquina,eum
557 4456 763 4525 vineis,
797 4457 983 4514 hortis
1029 4456 1390 4529 diversisque
1447 4457 1761 4529 generibus

120 4560 450 4615 pomorum,
472 4562 601 4601 cum
620 4551 785 4602 curta
801 4554 853 4601 et
875 4550 1050 4618 puteo
1073 4550 1129 4602 et
1151 4546 1391 4601 introitu
1407 4562 1510 4617 per
1530 4551 1758 4618 portam
1788 4571 1835 4636 Β

119 4631 400 4703 majorem
437 4649 468 4688 a
496 4633 585 4689 via
616 4634 851 4707 publica
883 4638 939 4691 et
989 4650 1122 4689 cum
1172 4635 1449 4690 omnibus
1482 4636 1552 4690 ad
1602 4635 1758 4691 idem

118 4720 535 4777 monasterium
569 4722 918 4796 generaliter
949 4723 1379 4796 pertinentibus
1426 4727 1546 4779 tam
1605 4724 1760 4780 intra

119 4825 290 4879 quam
320 4814 482 4866 extra
512 4811 715 4866 urbem
750 4811 900 4879 sitis,
930 4822 1056 4884 quae
1088 4812 1140 4868 ei
1163 4813 1324 4884 juste
1356 4827 1421 4868 ac
1451 4818 1603 4868 recte
1627 4829 1758 4885 per-

118 4896 296 4953 tinere
328 4899 778 4973 dignoscantur.
828 4900 1215 4957 Prohibemus
1268 4905 1462 4956 autem
1522 4914 1756 4958 omnem

115 4986 427 5057 cujuslibet
445 4989 703 5045 ecclesias
724 4990 1083 5045 sacerdotem
1099 4990 1157 5045 in
1179 4989 1334 5045 idem
1348 4995 1602 5046 vestrum
1624 4991 1755 5047 F‘ul-

112 5073 286 5131 dense
308 5077 737 5133 monasterium
771 5077 1097 5150 quamlibet
1133 5077 1413 5134 ditionem
1432 5078 1647 5134 habere
1667 5079 1755 5136 vel

114 5165 519 5222 auctoritatem
553 5170 764 5239 przeter
811 5171 1073 5221 nostram
1098 5165 1475 5238 apostolicam
1537 5169 1759 5235 sedem,

113 5251 440 5323 specialiter
459 5254 802 5327 episcopum
825 5253 884 5309 in
904 5254 1075 5325 cujus
1107 5253 1338 5311 dioecesi
1358 5258 1760 5312 constructum

115 5354 237 5396 esse
267 5342 521 5410 videtur,
553 5342 637 5398 ita
664 5347 730 5397 ut
752 5342 860 5398 nisi
896 5343 967 5398 ab
989 5343 1198 5400 abbate
1220 5344 1556 5400 monasterii
1575 5344 1762 5417 ipsius

84 5488 89 5493 ,
115 5426 277 5485 fuerit
307 5430 592 5487 invitatus
623 5447 729 5486 nec
760 5432 1078 5489 missarum
1108 5432 1327 5489 ibidem
1361 5433 1647 5490 solemnia
1675 5449 1763 5490 ce-

68 5589 81 5597 .
109 5512 332 5574 lebrare
363 5523 704 5592 praesumat.
741 5523 905 5577 Dona
932 5534 1065 5577 vero
1114 5525 1172 5578 et
1226 5521 1555 5577 oblationes
1606 5522 1759 5579 deci-

88 5633 95 5642 -
113 5618 355 5687 masque
368 5608 636 5669 ﬁdelium
650 5609 874 5689 absque
886 5607 1065 5670 ullius
1074 5622 1336 5689 persona
1350 5610 1761 5673 contrarietate

1862 3306 1979 3357 tur.
2013 3301 2212 3357 Abbas
2239 3318 2376 3357 vero
2408 3320 2525 3359 non
2558 3302 2673 3359 nisi
2702 3321 2738 3359 a
2768 3309 2969 3360 nostra
2997 3306 3318 3377 apostolica
3375 3307 3512 3364 sede

1862 3390 2263 3460 benedicatur,
2299 3407 2333 3446 a
2363 3408 2481 3462 qua
2511 3391 2775 3447 benedici
2804 3392 2997 3448 debet.
3023 3395 3089 3449 Et
3122 3395 3170 3450 si
3204 3396 3264 3450 in
3309 3395 3509 3468 aliquo

1864 3480 2108 3535 crimine
2140 3485 2451 3535 accusatus
2478 3481 2672 3548 fuerit,
2706 3482 2776 3536 de
2805 3482 3006 3537 eadem
3044 3489 3247 3539 nostra
3283 3492 3515 3555 aposto-

1865 3569 1976 3624 lica
1994 3568 2130 3624 sede
2149 3573 2375 3623 tantum
2395 3570 2689 3639 judicium
2702 3572 3134 3641 expectet.ltlud
3149 3573 3324 3627 etiam
3346 3589 3513 3644 gene~

1867 3656 2066 3712 raliter
2096 3657 2454 3711 addendium
2486 3657 2733 3729 dignum
2764 3658 3061 3727 duximus,
3112 3665 3175 3715 ut
3224 3660 3513 3732 quidquid

1866 3745 2208 3800 auctoritate
2239 3748 2677 3801 antecessorum
2729 3746 3129 3818 quorumlibet
3178 3752 3511 3805 nostrorum

1867 3849 2069 3907 regum
2100 3838 2157 3887 et
2186 3834 2608 3903 imperatorum
2640 3835 2753 3907 ipsi
2782 3842 2972 3891 vestro
3005 3836 3280 3892 Fuldensi
3309 3854 3514 3894 mona-

1867 3924 2043 3979 sterio
2074 3927 2304 3977 constat
2326 3922 2506 3978 fuisse
2536 3939 2904 3993 concessum,
2958 3925 3035 3979 sit
3089 3925 3265 3980 etiam
3315 3933 3516 3982 nostra

1867 4010 2186 4084 apostolica
2216 4012 2559 4067 auctoritate
2590 4028 2692 4083 per
2713 4013 2821 4069 hoc
2852 4019 3115 4068 nostrum
3140 4013 3511 4085 privilegium

1867 4103 2280 4157 confirmatum
2311 4104 2485 4172 atque
2516 4103 2980 4169 corroboratum,
3013 4109 3338 4158 statuentes
3369 4120 3515 4176 apo-

1869 4188 2074 4245 stolica
2086 4205 2333 4244 censura
2345 4189 2454 4244 sub
2469 4189 2647 4246 divini
2661 4191 2867 4261 judicii
2881 4190 3365 4258 obtestatione,ne
3382 4191 3517 4265 quis

1868 4295 2129 4350 unquam
2153 4282 2489 4333 nostrorum
2510 4294 2912 4336 successorum
2941 4283 3281 4353 pontificum
3304 4283 3516 4340 Roma-

1869 4367 3294 4439 norumregum,ducum,marchionum,comitum
3311 4376 3368 4428 et
3398 4388 3515 4444 prie
3602 4420 3620 4435 ,

1868 4461 2026 4512 terea
2046 4455 2619 4528 archiepiscoporum
2653 4475 2719 4514 ac
2742 4459 3058 4530 cujusbilet
3079 4461 3385 4533 dignitatis
3426 4460 3516 4517 vel

1867 4561 1973 4601 con
1996 4545 2219 4599 litionis
2251 4544 2557 4600 hominum
2589 4555 2791 4603 contra
2812 4548 2922 4603 hoc
2970 4553 3236 4605 nostrum
3282 4548 3517 4622 privile-

1869 4634 2030 4707 gium
2046 4633 2373 4705 quidquam
2397 4634 2613 4690 audeat
2627 4639 2929 4692 attentare.
2955 4638 3117 4702 Quod
3146 4638 3353 4711 siquis
3370 4654 3515 4709 pra:-

1867 4722 2212 4794 sumpserit,
2244 4723 2473 4777 sciatse
2495 4724 2678 4778 nostri
2695 4723 3090 4780 anathematis
3135 4725 3369 4781 vinculo
3401 4742 3506 4781 us-

1866 4827 1980 4883 que
2011 4812 2083 4866 ad
2115 4810 2352 4883 dignam
2369 4811 2823 4867 satisfactionem
2850 4812 3243 4869 insolabiliter
3264 4813 3516 4869 innoda-

1865 4904 1992 4955 tum
2027 4918 2039 4967 ;
2074 4900 2173 4970 qui
2207 4905 2403 4954 autem
2435 4898 2529 4969 pio
2563 4900 2777 4956 intuitu
2812 4917 2873 4956 se
2895 4901 3234 4956 custodierit
3263 4905 3321 4956 et
3342 4916 3413 4956 ne
3451 4901 3513 4957 in

1866 4988 2061 5060 aliquo
2094 4986 2495 5058 infragaturin
2528 5003 2590 5041 se
2621 4989 3031 5059 observaverit,
3092 4988 3516 5044 benedictionis

1864 5077 2115 5150 gratiam
2165 5080 2221 5130 et
2278 5079 2651 5146 peccatorum
2699 5094 2941 5133 suorum
2999 5071 3427 5133 absolutionem
3477 5086 3514 5135 a

1870 5166 2217 5221 retributore
2248 5163 2514 5217 omnium
2548 5163 2835 5220 bonorum
2898 5172 3009 5222 Deo
3058 5165 3337 5237 consequi
3381 5183 3513 5223 me-

1869 5259 2085 5320 reatur,
2120 5256 2184 5306 ut
2215 5250 2274 5305 in
2305 5250 2521 5307 caelesti
2549 5252 2685 5307 sede
2714 5253 3014 5325 glorietur.

2199 5340 2377 5411 (δέρη.
2406 5356 2536 5411 pop.
2567 5342 2771 5412 symb.)
2803 5341 2954 5398 Bene
2985 5345 3187 5402 valete.

1941 5432 2154 5486 Datum
2188 5445 2291 5501 per
2322 5445 2533 5484 manus
2555 5428 2703 5484 Petri
2735 5429 2961 5486 diaconi
2992 5441 3049 5488 et
3082 5433 3520 5494 bibliothecarii

1870 5523 2086 5578 sancta:
2120 5519 2393 5574 Romanae
2419 5522 2474 5575 et
2503 5517 2832 5592 apostolicae
2854 5520 3033 5588 sedis,
3066 5538 3269 5580 mense
3312 5527 3491 5586 Junio

1875 5626 2029 5669 anno
2056 5607 2257 5668 domni
2275 5607 2485 5668 Leonis
2515 5608 2587 5669 1X
2607 5609 2820 5689 primo,
2852 5608 3058 5674 indict.
3094 5626 3156 5675 ιι.
3458 5628 3464 5634 ·
