3974 6206
460 355 570 416 6H

1209 482 1354 536 ΧΙΙΙ.

462 585 516 639 S.
545 585 643 638 Leo
673 581 738 635 IX
759 575 1049 644 privilegia
1079 589 1114 626 α
1143 571 1534 642 pn'edeeessore
1574 585 1672 644 suo
1718 570 1988 624 Clemente
2047 569 2107 624 Vl

468 712 476 723 _
540 641 843 709 Νἰυειιεὶιτςί
873 645 1122 700 lie-desim
1146 641 1151 642 “
1176 657 1424 697 concessa
1454 641 1761 711 conﬁrmat.

1081 751 1271 819 (Anno
1304 748 1486 817 4048.)

778 858 1054 932 [ΜίΓὶΒυ8,
1091 857 1222 927 Opp.
1256 855 1506 925 diplom.,
1545 855 1586 922 Ι,
1619 853 1769 922 661.)

529 971 660 1037 Leo,
694 980 989 1022 servorum
1025 961 1120 1016 Dei
1154 977 1375 1027 servus,
1410 959 1686 1015 omnibus
1717 958 1930 1013 Christi
1960 959 2100 1013 ﬁde-

455 1059 633 1121 libus,
657 1053 1035 1128 apostolicam
1067 1049 1555 1106 benedictionem.

523 1144 816 1205 Noverint,
850 1147 969 1195 tam
1005 1137 1220 1212 posteri
1243 1154 1419 1209 quam
1452 1139 1786 1209 praesentes,
1808 1135 1961 1207 quod
1996 1136 2100 1189 ab-

455 1234 678 1291 batissa
707 1228 1077 1295 Nivellensis,
1113 1226 1350 1282 Ricbela
1371 1225 1626 1291 nomine,
1661 1241 1779 1279 una
1800 1239 1932 1278 cum
1956 1223 2101 1278 God-

455 1323 644 1379 scalco
668 1321 928 1390 ejusdem
949 1317 1054 1371 loci
1075 1313 1624 1388 prmposito,obtulit
1639 1312 1783 1368 mihi
1805 1313 2095 1384 quoddam

456 1414 808 1485 praeceptum
834 1405 1030 1460 domni
1048 1402 1358 1458 Clementis
1382 1419 1542 1474 papa:
1557 1401 1655 1473 qui
1681 1417 1774 1456 me
1797 1401 1853 1454 in
1874 1404 2100 1471 aposto-

455 1501 566 1555 lica
595 1499 732 1554 sede
762 1493 1080 1568 praecessit,
1115 1493 1267 1563 quod
1301 1492 1372 1546 ab
1405 1490 1504 1546 illo
1534 1491 1736 1545 datum
1760 1492 1972 1544 nostrae
1996 1505 2100 1542 au-

456 1585 742 1645 ctoritatis
781 1582 1192 1654 astipulatione
1259 1579 1592 1635 conﬁrmari
1659 1577 1903 1650 rogavit.
1949 1575 2094 1631 Illud

456 1680 649 1732 autem
683 1677 1032 1747 praeceptum
1069 1670 1178 1724 hoc
1211 1669 1382 1723 modo
1415 1667 1606 1723 habet.

526 1765 702 1820 Juxta
722 1761 1196 1830 confinium,quo
1219 1755 1552 1828 Lotharingi
1568 1757 1904 1827 junguntur
1926 1754 2097 1808 Fran-

455 1853 695 1928 cigenis,
728 1855 817 1906 est
849 1847 1083 1903 abbatia
1113 1845 1380 1917 quaedam
1414 1845 1546 1909 sita,
1579 1843 1802 1898 Nivella
1860 1841 2098 1908 scilicet,
2133 1843 2180 1908 B

455 1945 513 1999 S.
550 1939 850 1997 Gertrudis
881 1934 1143 2008 virginis,
1204 1939 1494 1989 terrarum
1553 1933 1790 2003 quidem
1851 1930 2102 1985 afﬂuens

454 2030 659 2102 copiis,
715 2027 812 2083 sed
871 2023 1199 2080 miserrime
1273 2021 1500 2094 perdita
1560 2019 1720 2076 rabie
1803 2017 2100 2074 indomitae

453 2119 667 2192 gentis.

523 2207 623 2261 Cui
639 2202 1002 2276 oppressioni
1028 2200 1118 2272 pie
1137 2197 1437 2255 condoluit
1459 2198 1744 2254 Henricus
1762 2197 2100 2268 imperator,

453 2301 510 2354 et
565 2292 928 2351 c'ondolendo
987 2289 1361 2344 vehementer
1411 2287 1704 2351 subvenit,
1788 2285 2103 2340 restituens

456 2382 718 2442 servituti
746 2379 992 2452 virginis
1023 2378 1217 2450 ipsum
1243 2377 1501 2446 Burgum
1534 2374 1619 2430 vel
1650 2373 1852 2430 villam
1896 2372 2102 2444 praedi-

456 2477 629 2538 ctam,
661 2487 794 2526 cum
829 2468 1107 2524 omnibus
1139 2463 1494 2519 utensilibus
1516 2464 1663 2528 suis,
1689 2479 1822 2517 cum
1848 2465 2104 2516 mercato

456 2561 706 2626 teloneo,
738 2563 994 2622 moneta,
1030 2553 1302 2621 moceria,
1335 2569 1466 2607 cum
1501 2550 1723 2606 cambis
1745 2554 1801 2606 et
1821 2548 2104 2605 molendi—

461 2650 574 2716 nis,
607 2664 740 2703 cum
772 2645 946 2701 terris
1005 2642 1180 2697 cultis
1235 2646 1293 2696 et
1343 2639 1604 2708 incultis,
1660 2639 1864 2712 pratis,
1916 2637 2100 2705 silvis,

459 2737 714 2813 pascuis,
749 2740 806 2791 et
836 2750 968 2788 cum
992 2731 1149 2787 omni
1175 2729 1400 2784 familia
1421 2729 1635 2784 ibidem
1665 2731 2099 2794 manente,cum

459 2826 796 2883 haereditate
821 2822 1085 2878 omnium
1119 2819 1175 2874 in
1209 2835 1276 2873 ea
1307 2817 1713 2874 residentium.

527 2913 737 2971 Nullus
778 2911 866 2967 vel
901 2926 1091 2965 comes
1123 2907 1208 2964 vel
1257 2908 1572 2962 advocatus
1627 2906 1932 2969 habeatur,
1995 2904 2108 2959 nisi

459 3021 635 3078 quem
667 3001 966 3058 abbatissa
992 2997 1250 3071 elegerit,
1281 3012 1386 3052 nec
1418 2995 1510 3050 hic
1533 2994 1792 3068 requirat
1826 2993 2106 3066 placitum

457 3094 544 3151 vel
576 3091 810 3164 aliquod
836 3088 1151 3161 judicium,
1183 3085 1298 3141 nisi
1321 3084 1598 3140 invitatus
1623 3100 1723 3156 per
1746 3083 2106 3138 abbatissam

458 3183 549 3240 vel
570 3179 968 3255 praepositum.
1002 3176 1118 3230 Hoc
1169 3173 1506 3248 primatum,
1567 3171 1733 3243 regni
1792 3171 2098 3224 definitum
2133 3211 2175 3277 Ο

459 3265 1052 3339 consilio,imperialis
1069 3262 1323 3319 firmavit
1345 3261 1650 3334 praeceptio
1671 3258 2104 3330 etconsignavit

459 3359 673 3433 sigillo.
707 3357 869 3414 Unde
897 3360 955 3411 et
985 3371 1090 3409 nos
1114 3352 1296 3408 movit
1324 3350 1518 3406 debita
1548 3349 1812 3421 ejusdem
1839 3346 2101 3402 Ecclesize

460 3448 778 3515 miseratio,
811 3449 869 3502 et
896 3441 1217 3515 imperialis
1239 3439 1473 3496 dilectio
1488 3437 1717 3494 monuit
1742 3442 1807 3492 ut
1836 3436 1989 3508 quod
2015 3436 2107 3490 tir-

458 3537 638 3594 mavit
668 3537 953 3609 praecepto
987 3533 1256 3586 firmetur
1283 3534 1339 3584 et
1367 3528 1476 3584 hoc
1525 3531 1724 3582 nostro
1784 3522 2102 3598 privilegio.

461 3626 564 3682 Ubi
591 3630 789 3681 nostra
808 3619 1130 3695 apostolica
1141 3615 1857 3674 auctoritateintendimus
1881 3629 1952 3668 ne
1973 3613 2106 3684 quis

460 3715 612 3772 alius
639 3712 912 3770 sacerdos
939 3711 996 3765 in
1028 3709 1130 3764 ilio
1161 3705 1328 3763 altari
1351 3705 1595 3761 missam
1622 3704 1834 3758 audeat
1851 3702 2106 3757 celebra-

460 3820 542 3874 re,
576 3802 688 3858 nisi
720 3799 829 3856 soli
862 3797 1120 3870 episcopi
1152 3801 1208 3850 et
1238 3794 1344 3850 soli
1377 3791 1818 3849 hebdomadarii
1868 3793 1965 3862 qui
2029 3790 2103 3843 ibi

464 3909 571 3966 pro
604 3897 866 3962 tempore
885 3892 1025 3942 sunt
1049 3883 1390 3956 deputandi.

536 3978 814 4050 Quisquis
845 3977 1024 4049 igitur
1043 3979 1219 4029 tantae
1253 3971 1597 4044 perditionis
1619 3970 1811 4034 tuerit,
1837 3969 1933 4041 qui
1959 3967 2108 4023 hanc

460 4071 794 4126 libertatem
828 4063 1093 4120 Ecclesia
1124 4063 1344 4132 injuste
1374 4061 1701 4133 infringere
1724 4074 2110 4131 praesumpse-

462 4158 648 4226 rit,vel
673 4156 744 4210 de
775 4153 997 4210 caeteris
1030 4151 1204 4206 rebus
1253 4148 1516 4204 Ecclesiae
1575 4145 2110 4203 sanctimonialium

463 4245 598 4302 usui
619 4241 916 4316 deputatis
939 4238 1424 4312 usurpando,sibi
1447 4236 1842 4303 vindicaverit,
1866 4235 1948 4290 vel
1976 4252 2114 4308 prie-

463 4334 718 4390 bendam
751 4347 953 4386 eorum
989 4330 1046 4383 in
1079 4329 1248 4401 pejus
1278 4328 1550 4383 vertendo
1585 4324 1914 4390 mutaverit,
1938 4322 2112 4378 detri-

465 4426 728 4478 mentum
764 4418 882 4474 ullo
943 4419 1114 4474 modo
1172 4415 1499 4489 ingesserit,
1554 4431 1657 4470 nec
1703 4413 2114 4469 satisfaciendo

463 4509 797 4584 resipuerit,
831 4506 1214 4581 apostolicam
1246 4507 1507 4562 incurrat
1541 4503 2013 4558 maledictionem
2059 4505 2116 4556 et

480 4599 1165 4656 excommunicationem.

539 4689 749 4745 Datum
782 4705 838 4742 v1
869 4686 1159 4742 Kalendas
1210 4682 1481 4760 Augusti,
1540 4699 1643 4754 per
1701 4696 1911 4734 manus
1968 4678 2119 4734 Petri

466 4779 718 4845 diaconi,
754 4775 1178 4832 bibliothecarii
1212 4779 1426 4829 sancta:
1449 4776 1506 4827 et
1562 4767 1890 4842 apostolica;
1945 4768 2121 4835 sedis,

468 4886 622 4925 anno
655 4866 877 4922 nomini
910 4865 1115 4920 Leonis
1149 4864 1217 4917 IX
1249 4862 1461 4935 primo,
1483 4858 1800 4914 indictione
1844 4857 2122 4913 secunda.

1262 4985 1376 5040 ίιν.

1262 4987 1276 4996 '
1309 4987 1376 5040 V.

468 5082 722 5155 szloma
749 5080 941 5155 Leo_m's
975 5093 1140 5155 papa
1170 4987 1603 5155 IXXlTheodorz'co
1665 5071 1858 5155 abacti.
1906 5088 2120 5155 conces-

545 5143 690 5208 sum.
725 5181 789 5192 -—
824 5143 1031 5219 Reguin
1056 5143 1068 5149 ’
1093 5153 1142 5203 et
1175 5150 1568 5219 imperatorum
1599 5143 1892 5216 privilegia
1915 5143 2114 5199 conﬁr-

453 5244 456 5247 '
540 5233 654 5279 mat
675 5231 725 5278 et
739 5224 834 5296 jus
865 5219 1111 5292 eligendi
1141 5219 1377 5274 abbatis.

1107 5327 1291 5400 (Anno
1325 5325 1509 5397 1049.)

781 5437 1087 5507 [Martene,
1107 5435 1355 5505 ampliss.
1380 5432 1596 5488 ϐοηθεῖ.
1629 5431 1708 5498 II,
1721 5427 1837 5496 67.]

547 5544 660 5598 Leo
685 5543 774 5616 epi
790 5558 1237 5614 scopus,servus
1248 5554 1549 5594 servorum
1567 5536 1688 5602 Dei,
1703 5535 2035 5590 Teooemco
2047 5550 2137 5588 re-

1525 352 1589 412 S.
1639 344 1918 411 LEONIS
1963 344 2042 407 IX
2087 345 2318 407 ΡΑΡίΕ
2362 340 2798 411 OPUSCULA.

2133 480 2187 545 Α
2218 479 2532 552 Sanctique
2565 479 2827 551 Remain
2858 478 3130 535 Stabolao
3152 478 3327 550 positi
3358 477 3601 550 suisque
3631 493 3869 534 succes-

3745 345 3869 406 612

2213 569 2368 622 sorib
2381 587 2448 623 us
2483 569 2540 622 in
2573 572 2946 640 perpetuum.

2283 658 2447 712 Tune
2479 674 2727 712 summa:
2757 657 3084 727 apostolicae
3115 655 3422 728 dignitatis
3454 671 3600 729 apex
3641 656 3704 711 in
3755 655 3867 712 hoc

2210 745 2389 800 divini
2411 749 2750 817 prospectus
2771 761 2966 800 amore
2980 744 3347 817 dignoscitur
3363 744 3789 817 prmfulgere,si
3806 744 3865 800 in

2211 834 2585 904 acquirendis
2599 833 2697 888 Dei
2721 832 2991 887 laudibus
3009 833 3100 888 sui
3113 832 3438 905 impensius
3453 833 3687 888 studeat
3699 832 3865 889 labo-

2210 923 2292 976 ris
2314 922 2584 977 exhibere
2601 920 3007 977 certamen.0b
3040 921 3150 977 hoc
3199 938 3304 976 nos
3354 921 3552 977 debita
3581 921 3857 993 ejusdem

2210 1009 2538 1082 apostolica:
2554 1008 2862 1082 pastoralis
2875 1009 3174 1080 compellit
3189 1009 3604 1066 sollicitudinis
3625 1015 3865 1079 cura,ut

2212 1116 2339 1171 qua;
2361 1099 2432 1153 ad
2457 1097 2807 1153 stabilienda
2831 1098 3063 1170 piorum
3092 1100 3380 1170 pertinere
3431 1099 3863 1171 dignoscuntur

2209 1184 2751 1250 locorum,ubertim
2779 1185 3150 1257 promulgare
3171 1193 3228 1241 et
3247 1186 3578 1257 apostolica
3616 1187 3858 1242 institu-

2207 1273 2385 1329 tionis
2407 1290 2654 1328 censura
2667 1273 2984 1329 debeamus
3001 1275 3242 1329 conﬁrm
3252 1276 3398 1330 are.I
3404 1274 3561 1346 gitur
3574 1275 3714 1347 quia
3731 1292 3860 1348 pos-

2208 1361 2679 1430 tulasti,frater,a
2694 1362 2862 1418 nobis
2886 1367 3177 1432 quatenus
3200 1364 3555 1418 monasteria
3574 1379 3859 1419 evenera-

2211 1451 2312 1504 bili
2336 1450 2499 1505 Patre
2525 1449 2802 1520 Remaglo
2836 1451 3257 1516 oonstructa,id
3306 1456 3396 1506 est
3441 1451 3755 1506 Stabolaus
3800 1456 3858 1506 et

2209 1538 2702 1593 Malmundarium
2728 1538 2840 1592 sita
2859 1537 2918 1592 in
2941 1537 3095 1592 saltu
3117 1539 3614 1601 Arduennensi,in
3635 1539 3858 1595 honore

2210 1626 2395 1681 sancti
2417 1627 2565 1680 Petri
2588 1624 2986 1696 apostolorum
3015 1625 3297 1698 principis
3320 1626 3620 1700 privilegio
3635 1631 3853 1682 nostra

2208 1714 2571 1769 auctoritatis
2602 1713 2970 1768 muniremus
2997 1731 3010 1780 ;
3039 1715 3561 1785 etquiajustavisa
3579 1719 3670 1771 est
3686 1714 3858 1772 nobis

2211 1804 2409 1874 petitio
2433 1810 2871 1869 tua,assensum
2900 1801 3000 1856 tibi
3027 1818 3129 1873 per
3149 1802 3323 1872 hujus
3347 1804 3525 1858 nostri
3567 1802 3860 1875 privilegii

2212 1892 2595 1947 constitutum
2617 1891 2946 1962 prazbemus
2976 1896 3034 1945 et
3051 1891 3394 1947 roboramus
3411 1891 3735 1964 apostolica
3755 1907 3862 1946 au-

2211 1979 2474 2035 ctoritate
2495 1979 2820 2034 secundum
2839 1983 3127 2050 praecepta
3147 1995 3348 2051 regum
3364 1980 3864 2051 etimperatorum

2211 2069 2270 2124 in
2288 2068 2593 2140 praesentia
2608 2067 2790 2122 nostri
2809 2065 3255 2122 relecta.Ratum
3275 2067 3466 2138 itaque
3479 2067 3865 2122 decernimus

2212 2155 2497 2228 quidquid
2537 2156 2697 2210 dedit
2727 2155 2953 2226 primus
2983 2160 3341 2210 constructor
3367 2155 3650 2222 locorum,
3696 2153 3862 2225 Sigi-

2215 2250 2414 2300 bertus
2441 2243 2709 2300 videlicet
2734 2260 2832 2299 rex
2862 2243 3232 2310 Francorum,
3260 2243 3359 2315 qui
3410 2242 3861 2299 Germiniacum

2213 2334 2272 2388 in
2305 2350 2454 2405 pago
2489 2332 2782 2399 Romensi,
2815 2336 2872 2386 et
2905 2331 3238 2386 molendina
3265 2332 3380 2387 duo
3405 2332 3515 2386 sub
3546 2347 3665 2384 uno
3699 2334 3857 2385 tecto

2213 2439 2390 2493 super
2421 2421 2660 2492 Suppia,
2693 2424 2750 2475 et
2779 2421 3006 2475 vineam
3039 2436 3173 2474 cum
3199 2418 3522 2474 vinitorein
3553 2418 3858 2486 Bethereo,

2215 2517 2271 2566 et
2298 2509 2568 2565 thelonea
2601 2526 2727 2580 qua:
2749 2509 2819 2563 ad
2846 2516 3077 2580 portum
3106 2508 3363 2562 Vetraria
3386 2513 3526 2563 sunt
3555 2523 3735 2578 super
3752 2507 3862 2562 ﬂu-

2212 2600 2337 2654 vios
2369 2599 2641 2653 Taunaco
2654 2601 2711 2651 et
2733 2596 2858 2660 Itta,
2875 2602 2933 2650 et
2959 2601 3230 2664 portuum
3245 2594 3346 2665 qui
3371 2594 3588 2649 dicitur
3607 2592 3782 2650 Sellis
3803 2596 3863 2648 et

2213 2686 2525 2758 Vogatium
2549 2703 2726 2756 super
2749 2685 2987 2738 ﬂuvium
3011 2681 3632 2755 Ligerum,ipsiadhuc
3647 2681 3863 2737 viventi

2216 2780 2417 2832 sancto
2451 2772 2728 2844 Remaglo
2761 2772 3022 2828 tradidit.
3056 2763 3275 2826 Eadem
3299 2787 3533 2842 quoque
3582 2770 3862 2826 ﬁrmitate

2215 2866 2549 2937 vigoramus
2581 2869 2712 2917 acta
2741 2867 2798 2916 et
2828 2861 3098 2916 instituta
3119 2876 3322 2932 regum
3349 2858 3637 2928 Clodovei,
3679 2858 3864 2931 Dago-

2217 2955 2384 3019 berti,
2417 2950 2746 3016 Childerici,
2779 2948 3142 3015 Theoderici,
3175 2950 3276 3021 qui
3307 2949 3510 3004 eadem
3548 2947 3861 3020 praeceptis

2217 3043 2340 3098 suis
2372 3041 2882 3105 conﬁrmaverunt,
2906 3037 3135 3108 aliaque
3167 3037 3441 3110 perplura
3481 3036 3858 3104 addiderunt,

2220 3148 2324 3186 nec
2358 3147 2471 3184 non
2503 3128 2919 3200 imperatorum
2952 3124 3160 3194 Caroli,
3191 3126 3486 3194 Ludovici,
3517 3124 3865 3195 Lotharii,et

2213 3221 2396 3276 trium
2427 3218 2726 3284 Ottonum,
2761 3215 2991 3272 Henrici
3021 3214 3196 3270 etiam
3226 3214 3404 3287 primi
3436 3217 3492 3270 et
3523 3213 3774 3270 secundi
3803 3218 3862 3268 et

2211 3308 2366 3364 tertii
2397 3310 2805 3379 augustorum,
2841 3303 2940 3376 qui
2962 3307 3394 3360 constructores
3424 3307 3481 3358 et
3518 3303 3863 3358 defensores

2213 3401 2370 3454 fuere
2400 3395 2660 3452 locorum
2689 3393 2976 3466 ipsorum,
3017 3397 3074 3449 et
3105 3392 3394 3465 quidquid
3413 3392 3486 3448 de
3505 3391 3784 3447 terminis
3807 3395 3866 3446 et

2212 3483 2582 3542 immunitate
2604 3485 2851 3557 Lengua:
2873 3482 2933 3536 in
2956 3497 3157 3537 eorum
3181 3482 3483 3553 praeceptis
3499 3479 3861 3547 continetur,

2215 3574 2424 3632 stabile
2453 3572 2609 3642 essej
2623 3571 2946 3627 udisamus.
2979 3569 3333 3625 Concambia
3355 3568 3533 3625 etiam
3557 3585 3687 3640 quas
3711 3568 3865 3623 facta

2217 3669 2354 3722 sunt
2373 3665 2444 3718 de
2467 3660 2861 3735 Lukesengeis
2873 3664 2930 3716 et
2949 3657 3379 3715 Astelebrunna
3399 3657 3517 3713 sive
3538 3657 3719 3713 etiam
3737 3672 3862 3728 qua

2217 3772 2250 3809 a
2279 3750 2627 3808 Lhristianis
2655 3748 2994 3805 hominibus
3025 3765 3128 3820 pro
3144 3745 3330 3803 salute
3353 3746 3688 3803 animarum
3729 3761 3866 3802 sua-

2221 3859 2350 3897 rum
2373 3841 2444 3895 ad
2468 3841 2597 3911 ipsa
2613 3837 2970 3893 monasteria
2992 3836 3204 3892 collata
3223 3840 3428 3892 suntet
3449 3835 3810 3892 condonata:
3837 3849 3870 3888 a

2224 3929 2550 3987 Fretherico
2577 3926 2789 3983 comite
2849 3927 3091 3981 Feriere:
3139 3931 3196 3981 et
3226 3926 3440 3992 Censes,
3475 3942 3509 3980 a
3537 3922 3869 3980 Fretberico

2223 4022 2369 4077 duce
2387 4019 2698 4090 Sprismont
2719 4014 3002 4071 allodium
3014 4031 3150 4069 cum
3165 4013 3871 4085 ecclesia,etquacunque

2226 4110 2297 4166 ab
2331 4107 2496 4164 initio
2531 4102 2982 4161 constructionis
3011 4102 3271 4158 locorum
3303 4119 3492 4174 usque
3516 4103 3575 4157 in
3607 4115 3871 4173 prasens

2222 4214 2422 4254 eorum
2453 4198 2650 4251 manet
2680 4193 2974 4266 possessio
3007 4196 3064 4248 et
3093 4192 3478 4264 imposterum
3497 4189 3875 4247 concedenda

2224 4289 2454 4352 sunt,ut
2468 4285 2637 4339 ﬁrma
2648 4280 2964 4338 stabilitate
2973 4284 3370 4353 perpetuoque
3375 4281 3508 4352 jure
3524 4279 3654 4333 inco
3664 4277 3875 4333 nvuIsa

2226 4377 2626 4448 permaneant,
2659 4370 3029 4427 decernimus
3066 4373 3125 4424 et
3155 4370 3594 4425 conﬁrmamus.
3627 4366 3875 4422 Nullum

2225 4464 2482 4520 habeant
2511 4461 2856 4516 advocatum
2884 4458 2997 4514 nisi
3033 4474 3216 4514 unum
3249 4462 3307 4514 et
3335 4456 3580 4513 alterum
3614 4455 3688 4510 ab
3722 4454 3876 4527 ipso,

2150 4579 2197 4643 Ι)
2229 4553 2327 4625 qui
2360 4555 2608 4622 uterque
2639 4550 2902 4643 bannum
2925 4547 3240 4643 advocatis:
3261 4547 3332 4602 ab
3355 4546 3711 4642 imperatore
3734 4543 3880 4600 acci-

2231 4643 2374 4715 piat,
2407 4655 2511 4695 nec
2542 4637 2866 4694 secundum
2901 4635 3302 4708 praedictorum
3322 4632 3881 4706 praeceptaimpera-

2231 4737 2425 4787 torum
2457 4729 2772 4801 quisquam
2795 4741 2996 4780 eorum
3022 4730 3361 4796 praesumat,
3385 4728 3486 4778 aut
3505 4722 3565 4777 in
3587 4719 3746 4776 villis
3792 4718 3879 4776 vel

2231 4817 2705 4893 possessionibus
2734 4831 2862 4887 quae
2893 4814 2964 4868 ad
2997 4814 3124 4884 ipsa
3176 4811 3532 4868 monasteria
3591 4809 3882 4881 respicere

2232 4909 2501 4966 videntur
2531 4904 2748 4978 placita
2774 4907 3308 4972 tenere,mansuras
3329 4904 3431 4957 aut
3451 4899 3770 4973 praecarias
3788 4897 3884 4952 ba-

2234 4999 2390 5066 bere,
2425 4994 2848 5052 redhibitiones
2879 4991 2965 5047 vel
3021 4991 3183 5046 freda
3239 4990 3490 5062 exigere,
3549 4986 3886 5061 parefredos

2234 5101 2487 5152 sumere,
2519 5083 2606 5138 vel
2639 5083 2915 5153 cuiquam
2949 5078 3288 5134 violentiam
3317 5079 3533 5135 inferre
3563 5076 3694 5132 sine
3751 5090 3884 5147 per-

2237 5177 2425 5232 missu
2458 5171 2690 5229 abbatis
2712 5175 2768 5226 et
2780 5167 3098 5237 voluntate,
3119 5167 3384 5240 nullique
3403 5182 3667 5240 personae
3690 5165 3886 5236 cujus-

2239 5280 2472 5337 cunque
2502 5259 2808 5334 dignitatis
2839 5259 2916 5313 sit
2943 5256 3032 5313 vel
3063 5256 3305 5326 ordinis,
3341 5257 3533 5328 ipsam
3590 5253 3888 5310 abbatiam

2242 5355 2380 5410 licet
2408 5365 2672 5422 unquam
2704 5347 2763 5403 in
2781 5345 3134 5402 beneficium
3163 5345 3250 5402 vel
3283 5343 3698 5401 concambium
3730 5355 3892 5397 acce-

2243 5459 2396 5516 pere.
2433 5438 2596 5506 Quod
2628 5437 2678 5493 si
2704 5435 2859 5508 quis,
2889 5435 3045 5507 quod
3077 5435 3264 5491 absit!
3301 5433 3424 5489 haec
3455 5432 3656 5489 omnia
3705 5434 3893 5487 tenta-

2245 5531 2391 5588 verit
2421 5528 2740 5593 inﬁrmare,
2774 5523 2928 5579 beati
2967 5523 3118 5579 Petri
3179 5527 3496 5595 nostraque
3547 5518 3895 5577 auctoritate

477 5631 618 5711 ligio
631 5647 694 5690 so
717 5611 916 5710 abbati
942 5611 1294 5696 venerabilis
1347 5624 1689 5686 monasterii
1735 5619 1934 5682 Sancti
1983 5621 2139 5682 Petri
2249 5636 2384 5682 cum
2413 5622 2630 5682 sterno
2653 5611 3016 5693 percutimua
3045 5612 3436 5675 anathemate.
3463 5611 3761 5672 Praeterea
3779 5622 3900 5672 san-
