3974 6206
130 330 246 391 613

1102 315 1506 385 EPISTOIuE
1548 322 1651 384 ET
1693 316 2051 383 DECRETA
2094 321 2563 384 PONTIFICIA.

3414 327 3531 386 6M

132 454 1224 529 cimus,sicutabipsisimperatoribus
1243 462 1329 512 est
1346 457 1686 527 dil'linitum,
1717 460 1779 510 ut
1810 457 1860 521 Α
1897 455 2082 516 Ianus,
2107 456 2203 526 qui
2222 474 2420 510 curam
2437 456 2770 511 animarum
2783 453 2934 509 Villa
2953 452 3222 521 haluerit,
3241 459 3532 528 synodum

133 551 399 607 defuncto
439 564 544 620 per
584 545 1025 602 successionem
1089 545 1318 611 abbate.
1389 547 1665 617 utrinque
1719 547 1774 600 in

133 655 314 697 unum
330 637 602 693 eduobus
617 633 991 690 monasteriis
1009 634 1438 690 conﬂuentibus
1454 634 1775 700 monachis,

135 725 526 784 habeantsine
540 723 942 781 simulatione.
959 722 1086 776 sine
1126 723 1458 794 exceptione
1494 740 1778 796 persona,

137 815 258 874 sine
284 819 547 887 respectu
582 811 863 884 pecunia,
896 811 1220 866 secundum
1253 812 1436 866 sancti
1488 810 1778 867 Benedicti

138 903 415 978 regulam,
449 902 722 958 abbatem
755 897 1004 971 eligendi
1038 898 1392 955 liberrimam
1441 899 1773 972 cptionem:

140 1011 204 1050 ea
220 999 410 1048 tamen
435 989 920 1063 praponderante
938 987 1180 1052 ratione,
1231 1005 1364 1044 eum
1405 987 1778 1043 Malmunda-

141 1082 416 1138 riensinm
448 1096 609 1151 pace,
643 1083 706 1132 ut
738 1077 879 1148 quia
909 1078 1116 1132 beatus
1139 1075 1452 1149 Remaglus
1475 1077 1782 1148 utriusque

145 1167 477 1227 monasterii
507 1170 875 1222 constructor
919 1169 975 1219 et
995 1164 1426 1236 Tungronsium
1462 1169 1630 1220 antea
1661 1165 1781 1237 epi-

143 1275 356 1331 scopus
382 1262 439 1312 et
468 1261 662 1328 pastor
695 1253 900 1309 maluit
928 1253 986 1308 in
1019 1251 1200 1308 altero
1231 1253 1532 1318 eorum,id
1553 1253 1779 1310 estSta-

145 1347 371 1412 bolaus,
401 1345 594 1400 locum
626 1341 939 1415 sepultura
971 1341 1082 1397 sibi
1112 1339 1343 1415 eligere,
1381 1341 1496 1414 ipsi
1530 1342 1782 1414 primam

146 1433 438 1494 electionis
469 1431 773 1488 obtineant
802 1431 977 1501 viam,
996 1430 1211 1503 siapud
1228 1447 1326 1487 eos
1341 1429 1782 1488 meliormcritis

147 1529 201 1580 et
228 1521 582 1596 probabilior
611 1520 960 1575 inveniatur.
994 1519 1056 1574 Si
1105 1523 1298 1576 autem
1350 1536 1465 1574 non
1509 1518 1648 1586 illic,
1683 1519 1783 1574 sed

146 1609 546 1668 Malmundarii
578 1607 784 1664 melior
814 1607 1153 1680 reperiatur,
1185 1608 1416 1679 utrique
1448 1606 1571 1664 loco
1606 1610 1785 1678 prati-

149 1701 386 1756 ciendus
415 1699 486 1754 ab
517 1715 584 1754 eo
613 1697 808 1769 potius
840 1713 1018 1768 quam
1049 1697 1122 1752 ab
1142 1697 1395 1752 externis
1444 1701 1787 1768 assumptus

149 1789 588 1845 intromittatur.
624 1787 682 1842 Si
710 1785 842 1858 quis
873 1789 1090 1854 autem,
1141 1785 1295 1857 quod
1345 1802 1459 1841 non
1491 1789 1785 1857 optamus,

152 1876 370 1934 nefario
399 1893 545 1932 ausu
578 1874 1014 1947 prasumpserit
1039 1873 1132 1928 his
1164 1890 1291 1944 qua
1323 1890 1358 1929 a
1388 1874 1554 1929 nobis
1577 1873 1786 1928 adlau-

149 1966 283 2021 dem
294 1964 392 2021 Dei
407 1980 512 2036 pro
525 1962 972 2032 stabilitatejam
987 1961 1276 2017 dictorum
1296 1961 1720 2017 monasterioru
1731 1979 1785 2016 m

149 2057 364 2110 statuta
399 2056 538 2108 sunt
567 2051 866 2122 refragari,
899 2054 1001 2106 aut
1030 2049 1148 2105 hac
1177 2049 1235 2104 in
1259 2067 1556 2122 quoquam
1591 2055 1786 2106 trans-

153 2142 328 2215 gredi,
361 2141 520 2197 hunc
550 2157 583 2196 a
612 2139 919 2194 liminibus
946 2142 1158 2194 sancta
1182 2139 1385 2194 matris
1411 2138 1674 2195 Ecclesia
1706 2156 1792 2194 se-

154 2246 481 2303 gregamus,
517 2234 692 2301 atque
721 2245 852 2283 cum
876 2227 1029 2283 Juda
1049 2227 1325 2284 traditore
1350 2228 1583 2283 Domini
1608 2229 1791 2283 nostri

152 2320 286 2375 Jesu
316 2317 552 2381 Christi,
585 2323 641 2372 et
669 2333 802 2372 cum
826 2315 1055 2372 diabolo
1081 2320 1137 2371 et
1158 2315 1381 2389 angelis
1408 2317 1538 2387 ejus
1560 2316 1792 2372 aternis

153 2407 445 2464 incendiis
475 2404 964 2463 coneremandum
999 2405 1370 2476 deputamus.
1420 2408 1489 2460 At
1530 2422 1661 2461 vero
1692 2405 1792 2477 qui

151 2496 248 2568 pio
294 2494 519 2551 intuitu
566 2494 902 2549 observator
949 2498 1248 2550 et-custos
1295 2494 1583 2550 exstiterit
1613 2494 1792 2567 hujus

150 2583 330 2641 nostri
362 2582 669 2656 apostolici
693 2582 990 2638 constituti
1003 2583 1077 2638 ad
1108 2582 1333 2638 cultum
1359 2583 1460 2638 Dei
1489 2584 1794 2656 respicien-

147 2673 221 2730 tis
249 2671 678 2730 benedictionis
706 2670 954 2744 gratiam
987 2675 1044 2727 et
1072 2671 1534 2729 misericordiam
1566 2691 1599 2729 a
1621 2673 1794 2730 mise-

146 2762 366 2818 ricorde
405 2761 522 2817 Deo
552 2765 749 2816 nostro
782 2758 1185 2831 multipliciter
1211 2765 1604 2834 consequatur
1627 2766 1684 2818 et
1713 2761 1794 2817 vi-

145 2855 211 2906 ta
241 2855 477 2908 aeterna
506 2848 800 2921 particeps
830 2848 976 2904 efﬁci
1011 2853 1322 2906 mereatur.

210 2940 358 2996 Data
391 2937 701 3010 Maguntia
731 2955 792 2993 ιιι
819 2937 1015 2993 Nonas
1044 2937 1404 3008 Septembris
1436 2955 1537 3010 per
1584 2956 1798 2995 manus

146 3029 292 3085 Petri
320 3026 600 3093 Diaeoni,
650 3025 1071 3081 bibliothecarii
1124 3030 1180 3080 et
1223 3025 1552 3082 cancellarii
1582 3034 1796 3083 sancta

142 3115 485 3190 apostolicae
516 3115 698 3182 sedis,
733 3131 882 3170 anno
913 3114 1113 3169 domni
1149 3115 1351 3170 Leonis
1395 3115 1532 3169 noni
1563 3133 1724 3188 papa
1757 3133 1799 3182 1,

147 3205 476 3262 indictione
509 3220 591 3258 ιιι.

921 3309 1038 3364 XV.

157 3400 212 3455 S.
242 3403 344 3456 Leo
374 3400 463 3466 IX,

225 3543 450 3598 tribuit.

762 3627 947 3699 (Anno
980 3627 1162 3700 1049.)

148 3716 433 3787 [Mabill.,
466 3716 662 3771 Annal.
695 3717 809 3770 0rd.
846 3716 904 3770 S.
939 3715 1161 3780 Bened.,
1215 3715 1307 3784 ιν,
1355 3717 1481 3782 737,
1534 3734 1600 3772 ex
1630 3718 1799 3774 char-

699 3787 846 3842 tario
877 3787 1198 3855 Dervensi.]

218 3911 284 3968 In
316 3910 560 3968 nomine
591 3915 800 3966 sancta
830 3915 887 3967 et
907 3910 1222 3967 individua
1241 3909 1564 3982 Trinitatis,
1591 3912 1798 3982 Patris,

149 4003 204 4054 et
234 3999 366 4055 Filii
400 4003 460 4055 et
487 3999 740 4071 Spiritus
773 3999 982 4055 sancti.

215 4088 357 4162 Ego,
391 4088 495 4144 Dei
525 4088 852 4156 clementia,
887 4088 1002 4144 Leo
1051 4087 1422 4144 humillimus
1464 4105 1634 4161 papa,
1669 4090 1798 4146 volo

149 4181 210 4230 ut
241 4181 569 4248 agnoscant
600 4176 801 4232 ﬁdeles
833 4177 1086 4232 universi
1110 4181 1324 4232 sancta
1347 4176 1524 4248 hujus
1543 4177 1796 4234 Leucho-

147 4281 277 4320 rum
311 4265 492 4332 sedis,
527 4264 780 4338 qualiter
811 4265 993 4321 abbas
1021 4265 1153 4321 Milo
1187 4281 1256 4322 ex
1285 4266 1469 4321 sancti
1502 4268 1794 4323 Bercharii

146 4355 506 4410 monasterio
555 4371 744 4410 meam
796 4353 1006 4409 adierit
1060 4355 1450 4428 prasentiam,
1489 4360 1690 4428 petens
1732 4362 1797 4413 ut

147 4442 386 4497 cuidam
405 4442 570 4498 altari
589 4461 706 4500 sua
719 4443 976 4500 ecclesia
989 4443 1317 4500 libertatem
1332 4461 1435 4516 pro
1449 4445 1548 4500 Dei
1571 4462 1789 4514 amore,

146 4530 322 4599 cujus
362 4531 656 4586 servitium
677 4531 773 4587 illo
795 4525 1163 4605 disponebat,
1185 4533 1454 4588 ordinare
1476 4534 1789 4590 traderem.

143 4616 250 4671 Est
281 4621 479 4672 autem
511 4619 752 4677 ecclesia
799 4620 900 4675 illa
947 4637 1124 4692 super
1170 4619 1397 4676 Blesam
1448 4621 1687 4677 fluvium
1731 4624 1790 4678 in

140 4706 406 4778 vico,qui
438 4707 650 4764 dicitur
677 4709 830 4765 Villa
859 4711 916 4764 in
951 4727 1069 4782 qua
1097 4710 1413 4766 monachos
1431 4711 1502 4766 ad
1536 4712 1795 4768 servien-

140 4793 286 4849 dum
318 4795 439 4851 Deo
486 4797 835 4853 decernebat
881 4798 1209 4854 instituere.
1260 4799 1421 4863 Quod
1473 4800 1791 4857 ostendens

141 4883 292 4940 meis
303 4887 364 4940 et
375 4883 557 4956 hujus
573 4887 665 4942 Dei
679 4887 933 4942 ecclesia
949 4886 1106 4955 filiis,
1120 4886 1344 4943 clericis
1359 4903 1460 4943 seu
1473 4887 1796 4952 laicis,cen-

137 4977 392 5029 suerunt
405 4979 468 5029 ut
483 4975 613 5046 ejus
627 4975 889 5047 petitioni
907 4977 1222 5048 praberem
1237 4993 1477 5032 assensu
1489 4994 1565 5045 m,
1585 4994 1658 5049 qu
1669 4983 1794 5034 ate-

135 5061 1042 5137 nusipseabbasetcongregatio
1073 5081 1138 5119 ac
1169 5081 1536 5120 successores
1592 5083 1793 5122 eorum

132 5165 239 5218 pro
261 5167 398 5206 mea
424 5151 714 5224 parvitate
753 5152 873 5208 sive
958 5153 1404 5209 successoribus
1461 5155 1608 5210 meis
1641 5171 1796 5210 sem-

130 5253 236 5308 per
245 5240 810 5311 precenturDomini
828 5242 1311 5306 misericordiam.
1328 5243 1585 5308 Quorum
1605 5245 1797 5300 consi-

138 5324 289 5382 lium
328 5328 718 5400 amplectens,
739 5331 1140 5387 concessimus
1189 5346 1424 5387 omnem
1467 5331 1799 5389 libertatem

138 5416 440 5486 praedicta
453 5417 732 5486 ecclesia,
759 5419 984 5475 utinibi
1013 5419 1347 5476 habitantes
1363 5421 1633 5477 monachi
1665 5423 1802 5478 abs-

125 5518 242 5576 que
272 5505 402 5562 ulla
423 5507 717 5578 emptione
742 5507 923 5565 altare
953 5508 1503 5566 sanctiMauriciiad
1522 5509 1802 5568 honorem

123 5593 398 5658 dicatum
414 5595 1606 5676 perpetualiterpossideant.Pr0pterquod
1623 5601 1810 5678 capel-

493 3402 704 3470 petente
744 3397 960 3470 Milone,
1018 3399 1350 3453 monasterii
1401 3397 1455 3453 S.
1516 3399 1805 3455 Bercharii

223 3469 512 3527 Bernensis
539 3471 736 3525 abbate
765 3469 1008 3525 ecclesiae
1036 3471 1098 3524 in
1154 3471 1268 3524 vico
1331 3470 1466 3525 Villa
1499 3470 1804 3527 libertatem

1890 548 2062 615 atque
2095 545 2404 599 concilium
2440 545 2757 616 provideat,
2789 559 3148 615 censumque
3202 545 3530 616 persolvat;

1889 633 2124 702 quando
2158 651 2288 688 vero
2319 633 2469 688 alius
2503 631 2873 696 successerit.
2905 631 3139 688 oblatus
3166 650 3197 685 a
3228 634 3534 690 monachis

1888 720 2110 791 absque
2151 721 2270 776 ulla
2301 722 2576 776 servitute
2606 722 2795 776 locum
2839 722 3076 776 tenebit.
3127 722 3184 776 Si
3236 722 3369 794 quis
3399 741 3534 797 ergo

1888 811 2326 881 praesumpserit
2355 810 2475 865 hac
2508 810 2625 864 ullo
2659 811 2827 865 modo
2852 811 3176 882 transgredi
3221 828 3347 882 qua
3397 831 3539 885 pra-

1889 896 2042 951 dicto
2076 897 2432 952 indulsimus
2456 898 2676 962 locello,
2701 898 2846 952 sciat
2866 915 2926 952 se
2954 899 3347 954 anathemalis
3369 900 3536 957 inno-

1890 985 2094 1039 datum
2125 985 2357 1040 vinculo
2384 1003 2394 1040 '.
2432 987 2530 1057 qui
2562 1003 2692 1040 vero
2725 985 2840 1039 illis
2872 986 3198 1057 largitatem
3228 989 3540 1045 l'eceritali-

1891 1090 2092 1144 quam,
2125 1091 2155 1126 a
2189 1074 2453 1144 piissimo
2481 1075 2722 1128 Domino
2747 1079 2942 1128 nostro
2963 1075 3366 1133 Jesu-Christo
3394 1078 3541 1134 mul-

1891 1161 2114 1232 tiplicia
2145 1168 2558 1232 consequatur,
2593 1167 2648 1216 et
2679 1164 2804 1216 vita
2829 1167 3050 1216 interna:
3075 1166 3362 1238 particeps
3387 1169 3540 1225 efﬁci

1892 1254 2202 1304 mereatur.
2239 1250 2309 1305 Ut
2329 1255 2524 1305 autem
2556 1250 2663 1304 hoc
2696 1267 2842 1322 opus
2875 1251 3111 1322 pietatis
3158 1260 3370 1310 nostra
3401 1273 3539 1312 con-

1894 1338 2064 1392 sistat
2093 1354 2322 1410 semper
2353 1337 2705 1403 inviolabilc,
2733 1357 2906 1394 manu
2931 1356 3059 1394 mea
3078 1357 3142 1395 ac
3165 1342 3541 1401 dominorum

1894 1426 2260 1498 pontificum,
2290 1444 2421 1481 cum
2455 1426 2682 1482 clericis
2733 1446 2795 1482 ac
2845 1428 3011 1482 laicis
3063 1429 3163 1500 qui
3205 1432 3541 1500 adfuerunt,

1896 1515 2096 1570 censui
2129 1531 2256 1570 esse
2287 1516 2708 1570 roborandum.

1969 1605 2086 1674 Ego
2121 1605 2232 1659 Leo
2264 1610 2476 1659 sancta
2508 1604 2805 1660 catholica
2831 1609 2886 1660 et
2918 1605 3248 1677 apostolica
3279 1607 3544 1666 Ecclesia

1898 1692 2110 1764 prasul
2143 1692 2294 1748 Tulli
2327 1694 2688 1748 confirmavi.

1970 1781 2212 1852 Signum
2249 1781 2548 1837 llalinardi
2585 1783 2994 1854 Lugdunensis
3027 1783 3471 1860 archiepiscopi.

1969 1869 2208 1940 Signum
2267 1871 2501 1926 Evrardi
2551 1872 2922 1926 Trevirorum
2971 1874 3258 1946 archiep.,
3299 1876 3547 1935 Joannis

1900 1959 2236 2014 Portuensis
2268 1959 2545 2030 episcopi,
2594 1959 2901 2014 Albcronis
2951 1961 3226 2018 Metensis
3264 1963 3545 2036 episcopi,

1901 2047 2164 2104 Widonis
2192 2047 2556 2102 Leuchorum
2591 2048 2929 2119 primicerii,
2963 2050 3242 2121 Stephani
3265 2052 3550 2111 archidia-

1900 2135 2050 2191 coni.
2085 2135 2388 2190 Alberonis
2411 2135 2752 2203 archidiac.,
2771 2137 2999 2192 llodult‘i
3023 2138 3546 2206 archidiac.,Lam-

1903 2223 2050 2278 berti
2083 2223 2423 2292 archidiac.,
2472 2226 2709 2280 Widriei
2759 2227 3100 2293 archidiac.,
3148 2227 3325 2284 Virici
3357 2231 3547 2286 archi-

1903 2312 2344 2381 diac.,Walteri
2413 2313 2636 2380 decani,
2697 2314 2963 2369 Warneri
3011 2316 3236 2384 decani,
3287 2319 3548 2376 Duranni

1902 2401 2244 2473 presbyteri.
2296 2401 2622 2469 Alberonis,
2680 2402 2966 2468 Rotbeoti,
3029 2404 3263 2460 Milonis
3319 2409 3549 2466 abbatis

1906 2491 2228 2555 Dervcnsis,
2260 2489 2473 2545 Alberti
2524 2489 2755 2562 prioris,
2808 2491 3114 2562 Hingonis,
3145 2493 3547 2568 Wandalgeri.

1974 2579 2091 2650 Ego
2119 2579 2344 2645 Petrus,
2378 2585 2589 2634 sancta
2625 2580 2897 2636 Romana
2948 2581 3214 2637 Ecclesia
3245 2582 3547 2654 diaconus,

1906 2667 2384 2724 bibliothecarius
2415 2673 2471 2724 et
2501 2668 2885 2724 cancellarius
2916 2670 3262 2743 subscripsi.

1906 2759 2024 2829 Ego
2069 2756 2326 2813 Joannes
2372 2758 2771 2814 subdiaconus
2820 2758 3030 2814 schola
3072 2765 3378 2818 cantorum
3410 2765 3552 2821 sub-

1908 2846 2138 2917 scripsi.

2646 2954 2788 3010 XVI.

1908 3041 1962 3096 S.
2000 3042 2100 3096 Leo
2132 3043 2196 3096 IX
2224 3041 2588 3098 Parmenonis
2611 3044 2666 3098 S.
2700 3044 2893 3100 Mariae
2912 3047 3108 3101 Portus
3125 3048 3334 3114 Suavis,
3359 3067 3394 3104 a
3417 3054 3553 3106 lier-

1978 3113 2160 3190 thuldo
2189 3113 2462 3190 quondam
2489 3116 2735 3190 episcopo
2767 3117 3008 3172 Tullensi
3027 3123 3274 3174 construi
3293 3113 3468 3190 capti.
3486 3123 3554 3177 ab

1983 3187 2206 3256 ipsoque
2214 3187 2461 3256 perfecti,
2471 3189 2834 3256 possessiones
2855 3192 2906 3243 et
2924 3191 3220 3260 privilegia
3241 3187 3548 3263 conﬁrmat.

2535 3275 2722 3343 (Anno
2755 3276 2939 3348 1049.)

1993 3362 2156 3432 [Dom
2189 3360 2432 3428 Calmet,
2465 3362 2697 3488 HistoiiI-e
2715 3362 3097 3505 (ἒιὲέῗννίιίηε,
3137 3368 3176 3434 ῐ,
3221 3370 3475 3438 Preuves,

2583 3449 2641 3488 co
2677 3474 2689 3490 .
2803 3475 2853 3489 υ.

2583 3449 2689 3490 σοι.
2729 3449 2853 3490 462.

1985 3557 2096 3612 Leo
2128 3555 2462 3627 episcopus,
2512 3572 2716 3612 servus
2764 3575 3063 3614 servorum
3120 3560 3240 3626 Dei,
3283 3563 3558 3621 omnibus

1912 3644 2246 3699 orthodoxis
2278 3649 2662 3700 sacrosancta
2712 3646 2989 3703 Romana
3036 3648 3299 3704 Ecclesia
3339 3652 3558 3723 guber-

1910 3733 2214 3789 natoribus
2263 3733 2538 3788 omnibus
2586 3750 2728 3788 vera
2782 3734 3082 3806 religionis
3124 3754 3387 3812 veraque
3419 3742 3555 3797 fidei

1905 3821 2232 3897 cultoribus
2263 3822 2648 3892 praesentibus
2680 3826 2736 3877 et
2769 3824 3004 3879 futuris.

1977 3909 2286 3982 Perspicue
2316 3909 2747 3981 cognoscimus,
2791 3915 2847 3965 et
2899 3917 3055 3968 certa
3103 3913 3226 3987 lege
3263 3920 3549 3987 tenemus,

1908 4001 2060 4073 quod
2093 4017 2194 4072 pro
2224 3999 2453 4055 cunctis
2483 3999 2646 4055 bona
2680 4001 2926 4056 actionis
2960 4003 3170 4058 studiis
3203 4009 3260 4058 et
3276 4005 3552 4077 spiritua-

1905 4089 2060 4145 libus
2088 4089 2296 4144 anima
2347 4088 2749 4156 incrementis,
2802 4106 3011 4146 corona
3069 4093 3239 4147 nobis
3289 4111 3320 4148 a
3354 4094 3467 4150 Deo
3500 4102 3557 4152 et

1904 4195 2127 4234 merces
2167 4181 2524 4250 praeparetur
2553 4177 2610 4232 in
2645 4177 2838 4247 ccnlis;
2889 4180 3041 4236 unde
3089 4182 3242 4236 sicut
3273 4184 3556 4242 destituta

1904 4273 2115 4324 sancta
2149 4267 2450 4339 religionis
2481 4267 2608 4323 loca
2637 4267 2878 4324 solerter
2909 4275 3049 4324 sunt
3097 4272 3466 4346 corrigenda,
3499 4280 3557 4331 et

1905 4357 1975 4412 ad
2010 4361 2231 4412 statum
2265 4356 2634 4412 rectitudinis
2665 4356 3060 4414 sollicitudine
3092 4362 3354 4435 pervigili
3388 4380 3554 4419 revo-

1902 4446 2108 4509 canda,
2140 4445 2220 4500 ita
2249 4450 2305 4498 et
2333 4449 2522 4516 capta
2550 4445 2608 4499 in
2637 4463 2698 4500 se
2731 4445 2924 4518 ipsum
2957 4447 3107 4504 bona
3137 4466 3171 4504 a
3203 4450 3371 4507 nobis
3415 4457 3557 4508 sunt

1822 4557 1868 4621 D
1901 4533 2164 4590 canobia
2192 4532 2498 4588 solidanda
2527 4537 2703 4604 atque
2735 4534 3000 4604 fovenda,
3049 4541 3373 4610 praesertim
3419 4558 3555 4598 cum

1904 4623 2072 4679 nobis
2102 4623 2299 4677 divina
2339 4622 2707 4694 providentia
2747 4625 3074 4680 custodiam
3125 4628 3458 4685 animarum
3500 4635 3558 4686 et

1907 4712 2164 4784 regimen
2198 4711 2509 4765 contulerit
2539 4710 2940 4780 ecclesiarum,
2987 4714 3205 4784 quibus
3250 4733 3384 4772 oves
3414 4734 3554 4774 suas

1904 4800 2180 4857 vitalibus
2213 4799 2507 4855 alimentis
2558 4816 2815 4871 pascere,
2864 4801 3010 4855 bene
3053 4801 3303 4874 incoepta
3341 4806 3554 4861 conﬁr-

1902 4891 2136 4955 mando,
2169 4893 2226 4943 et
2257 4906 2382 4959 quae
2415 4889 2607 4960 vigent
2637 4889 2974 4962 diligentius
2995 4890 3316 4961 educando,
3343 4884 3554 4963 prace-

1895 4966 2007 5052 'pit.
2046 4981 2175 5046 [lac
2201 4994 2337 5048 ergo
2366 4994 2457 5032 me
2488 4978 2914 5046 considerante,
2949 4979 3091 5034 dum
3124 4980 3182 5034 in
3211 4979 3377 5035 initio
3416 4998 3556 5039 nos-

1905 5075 2004 5124 tra
2027 5066 2412 5122 ordinationis
2431 5066 2613 5119 luiDei
2631 5067 2781 5122 dono
2804 5068 3164 5124 Leuchorum
3185 5067 3393 5141 prasul
3411 5073 3558 5128 elec-

1905 5162 2023 5224 tus,
2043 5156 2264 5210 interea
2286 5153 2701 5209 sollicitudinis
2724 5172 2861 5210 mea
2881 5158 3078 5214 studio
3102 5158 3246 5213 mihi
3265 5157 3557 5216 innotesci

1907 5243 2167 5315 contigit,
2202 5242 2354 5312 quod
2370 5242 2759 5312 praedecessor
2789 5261 2954 5300 meus
2976 5247 3229 5304 domnus
3251 5250 3551 5305 venerabi-

1909 5333 1982 5388 lis
2010 5328 2378 5396 Bertholdus,
2413 5329 2707 5400 quoddam
2741 5333 3071 5390 coenobium
3103 5353 3172 5392 ex
3202 5338 3554 5409 pontiﬁcalis

1910 5419 2231 5496 prabenda
2246 5417 2604 5490 sumptibus,
2618 5417 2676 5473 in
2690 5417 2828 5474 villa
2840 5436 2965 5491 qua
2980 5423 3186 5480 Portus
3199 5427 3400 5483 Suavis
3415 5428 3555 5483 dici-

1913 5517 2029 5567 tur.
2062 5511 2396 5566 construere
2427 5507 2683 5579 coeperit,
2708 5508 2806 5564 sed
2833 5508 2946 5564 {ine
2967 5518 3306 5586 prareptus,
3333 5517 3556 5575 bonum

1914 5619 2061 5679 opus
2110 5599 2181 5660 ad
2231 5597 2406 5656 finem
2457 5613 2646 5676 usque
2697 5596 2941 5660 minime
2987 5601 3349 5682 provexerit;
3382 5608 3557 5686 cuque
