3974 6206
401 369 520 431 615

1477 361 1541 421 S.
1590 357 1870 420 LEONIS
1916 357 1995 417 IX
2042 350 2267 417 PAP/E
2310 352 2736 417 OPUSCULA.

3678 314 3825 411 cm

402 505 666 559 sanctam
708 494 1092 553 intentionem
1125 491 1518 564 conspiciens,
1551 489 2049 563 ctaliquantulam
2080 491 2131 556 Α
2165 505 2277 562 lam
2313 506 2498 562 sancti
2529 504 2824 575 Βεηβάίοιί
2876 517 3127 576 praeesse
3183 504 3241 559 et
3295 502 3574 575 prodesse
3606 505 3816 574 queat.

405 590 728 664 portionem
788 586 846 640 in
880 583 1011 655 ejus
1054 580 1656 638 mercededevotionis
1678 579 2045 652 adipiscicu-

402 679 590 751 piens,
624 677 871 746 emptum
913 671 1172 727 laborem
1220 670 1450 726 Christo
1479 668 2047 741 faventeperexplere

402 764 958 833 studui,cmtumque
971 758 1505 815 sanctimonialium
1519 758 1861 814 Deoihidem
1876 756 2048 813 servi-

399 860 534 910 tura
554 869 680 908 rum
697 848 1327 921 congregavi,etlocum
1356 848 1414 903 in
1443 848 1811 903 veneratione
1832 845 2045 918 glorio-

400 937 1066 1014 szeVirginisGenitricis
1083 937 1299 1003 Mariae,
1320 941 1376 992 et
1390 941 1602 993 sancta:
1618 935 1860 1008 virginis
1884 934 2045 989 Men-

401 1051 487 1091 nm
500 1031 718 1087 ibidem
735 1044 974 1101 corpore
988 1026 1346 1098 quiescentis
1361 1024 1713 1091 consecravi;
1733 1028 2044 1095 postquam

400 1129 596 1177 autem
612 1119 682 1174 ad
706 1135 854 1173 onus
878 1115 1236 1189 apostolatus
1259 1117 1473 1169 sanctae
1497 1114 1769 1168 Romanae
1792 1112 1947 1167 sedis
1962 1110 2043 1165 fui

399 1213 670 1269 evocatus
700 1206 799 1262 Dei
821 1204 1274 1277 dispensatione,
1306 1202 1549 1275 contigit
1566 1218 1657 1256 me
1679 1201 1823 1256 lines
1839 1198 2046 1255 Gallia-

398 1317 529 1355 rum
564 1296 831 1361 revisere,
863 1309 965 1365 pro
983 1287 2041 1360 sanctaDeicorroborandareligione;

400 1391 660 1458 dumque
682 1384 736 1438 in
754 1388 965 1437 sanctae
982 1379 1388 1435 DeiTullensis
1406 1378 1664 1434 ecclesiae
1688 1378 1824 1433 sede
1856 1393 2043 1432 remo-

400 1495 579 1547 rarcr,
612 1490 785 1546 quam
812 1471 1005 1526 adhuc
1031 1468 1352 1525 retinebam
1372 1468 1429 1522 in
1456 1470 1664 1524 ηοειιοω
1690 1466 1930 1521 ditionis
1952 1481 2043 1520 or-

400 1566 720 1633 dinatione,
754 1561 897 1617 adiit
916 1564 1175 1615 nostram
1195 1557 1546 1630 presentiam
1572 1556 1833 1611 Berenna
1867 1554 2044 1609 abha-

401 1656 551 1712 tissa
576 1650 840 1725 ejusdem
871 1646 1141 1715 cmnohii,
1174 1662 1423 1718 poscens
1454 1662 1547 1702 res
1580 1661 1613 1699 a
1641 1643 1811 1699 nobis
1850 1642 1940 1698 vel
1971 1642 2044 1697 ah

400 1745 532 1802 aliis
544 1744 660 1799 Deo
680 1739 900 1796 devotis
912 1736 1174 1803 collatas,
1195 1739 1395 1790 nostra
1409 1731 1726 1806 apostolica
1742 1730 2046 1787 auctorita-

399 1841 455 1891 te
467 1827 996 1897 corroborariEjus
1009 1824 1347 1897 petitionem
1363 1822 1571 1878 utilem
1588 1820 1706 1877 fore
1718 1821 2043 1885 cernentes,

399 1917 877 1980 conﬁrmavimus
907 1914 1094 1969 eidem
1112 1912 1258 1979 loco,
1293 1910 1477 1966 sancti
1508 1908 1662 1965 Petri
1680 1907 2042 1975 auctoritate,

398 2014 607 2067 cuncta
624 2023 748 2078 quze
762 2004 984 2059 dudum
1000 2000 1418 2072 delegavimus,
1433 1998 1655 2055 scilicet
1673 1996 1879 2071 viginti
1898 1997 2045 2052 duos

399 2111 635 2154 mansos
667 2096 724 2150 et
752 2092 932 2149 semis
955 2091 1012 2146 in
1033 2089 1237 2145 eadem
1258 2086 1395 2144 villa
1415 2091 1625 2143 Portus
1652 2085 1882 2153 Suavis,
1908 2100 2043 2140 cum

396 2190 589 2243 hanno
614 2189 670 2240 et
700 2180 995 2245 districta,
1027 2181 1084 2234 et
1113 2176 1397 2249 quidquid
1426 2175 1641 2231 ibidem
1673 2174 2046 2247 possidemus

395 2278 452 2330 in
482 2274 649 2330 silvis
668 2276 723 2327 et
741 2269 950 2343 pratis,
974 2282 1263 2339 aquarum
1288 2265 1657 2332 decursibus,
1677 2263 1852 2318 terris
1871 2261 2045 2317 cultis

395 2368 452 2419 et
483 2360 762 2427 incultis;
794 2358 907 2413 tria
937 2356 1112 2411 etiam
1146 2352 1485 2409 molendina
1512 2352 1571 2406 in
1625 2351 1752 2423 ipsa
1799 2350 1956 2418 villa,
1990 2353 2048 2405 et

397 2451 704 2507 ecclesiam
734 2444 928 2501 Sancti
962 2442 1242 2505 Mauritii,
1277 2457 1408 2496 cum
1443 2438 1668 2512 capella
1697 2439 1893 2495 Sancti
1924 2439 2044 2492 An-

397 2542 566 2606 drem,
600 2538 669 2591 de
702 2534 918 2607 quibus
932 2531 1129 2587 nullus
1147 2547 1360 2586 census
1374 2528 1724 2600 nullumque
1742 2526 2044 2583 servitium

399 2628 573 2685 alicui
605 2625 775 2681 debet
805 2622 970 2679 solvi.
1004 2619 1320 2676 Ecclesiam
1355 2619 1424 2673 de
1455 2615 1817 2673 Babainvilla
1862 2617 2044 2688 (Bain-

397 2717 550 2789 ville)
582 2731 714 2772 eum
749 2709 1011 2785 cappella
1039 2709 1110 2764 de
1132 2707 1392 2780 Xuilleyo
1415 2706 1662 2778 (Xuilly),
1685 2708 1742 2761 et
1764 2704 2045 2777 capellam

399 2808 471 2862 de
501 2801 767 2861 Mazeriis
783 2799 1109 2873 (Mau’éres);
1131 2796 1495 2853 medietatem
1512 2794 1766 2851 ecclesiae
1788 2792 2045 2849 deSiavi-

401 2910 544 2951 naco
568 2889 925 2963 (Sepvigny),
958 2886 1330 2942 medietatem
1363 2882 1596 2957 capellae
1626 2883 1697 2938 de
1738 2881 2044 2953 Sanpinia—

401 3001 466 3039 co
516 2978 1022 3052 (Champougny);
1076 2973 1411 3031 mexitatem
1459 2970 1715 3027 ecclesias
1781 2971 1852 3026 de
1896 2971 2046 3025 Mor-

402 3070 717 3126 lain-curte
768 3062 1220 3135 (Morlaincourt),
1273 3060 1557 3133 capellam
1629 3060 1699 3115 de
1756 3058 2047 3130 Lagniaco

2160 596 2396 661 Quoties
2428 593 2698 666 quaelibet
2728 592 3026 649 abbatissa
3056 593 3128 648 ah
3159 591 3270 648 hac
3286 590 3417 648 luce
3446 587 3821 664 migraverit,

2158 684 2230 740 ab
2251 683 2495 750 eisdem,
2515 682 2685 737 laude
2696 681 2975 753 episcopi,
2997 680 3177 753 digna
3194 678 3449 752 eligatur
3471 676 3815 735 abbatissa:

2159 772 2250 830 sin
2280 789 2414 827 vero
2443 771 2595 827 inter
2623 787 2720 827 eas
2740 768 2940 826 electio
2971 771 3151 842 digna
3168 768 3320 825 effici
3365 767 3682 842 nequierit,
3746 783 3822 824 ex

2158 860 2273 916 alia
2302 859 2562 932 qualibet
2593 858 3038 931 congregatione
3060 859 3268 914 idonea
3297 857 3601 914 abbatissa
3631 872 3818 929 expe-

2151 947 3246 1019 tatur.1nha3ihemusigituretuniverso
3264 951 3411 1004 coetu
3432 946 3817 1018 praesentium

2156 1036 2416 1092 ﬁdelium
2430 1040 2723 1091 annuente
2739 1035 3203 1107 praecipimus,ac
3221 1034 3707 1091 subiuvocatione
3730 1034 3820 1091 di-

2170 1124 3456 1197 vininominiscontestamurunumquemque
3479 1123 3812 1179 antistitem

2160 1212 2348 1285 ipsius
2379 1213 2556 1278 sedis,
2590 1228 2995 1267 successorum
3028 1212 3296 1269 videlicet
3324 1216 3683 1277 nostrorum,
3733 1227 3813 1269 ne

2156 1319 2417 1374 unquam
2437 1303 2508 1357 de
2529 1300 2635 1356 hac
2662 1301 2997 1373 praescripta
3018 1301 3288 1357 facultate
3311 1300 3656 1356 ancillarum
3678 1301 3806 1370 Dei,

2159 1407 2333 1463 quam
2352 1391 2465 1445 illis
2479 1405 2582 1462 per
2596 1393 3015 1445 testamentum
3028 1387 3811 1461 concessimus,suhtrahere

2156 1479 2480 1551 quidquam
2511 1478 2598 1533 vel
2629 1477 2955 1533 diminuere
2972 1482 3310 1549 praesumat,
3362 1492 3552 1550 neque
3609 1477 3805 1551 ipsam

2155 1567 2469 1639 aliquando
2500 1565 3006 1639 congregationem
3049 1566 3392 1621 exordinare
3444 1565 3535 1621 vel
3582 1565 3808 1637 injuste

2158 1657 2498 1728 perturbare
2528 1656 2736 1709 audeat
2770 1679 2784 1721 ;
2817 1653 2918 1709 sed
2950 1653 3178 1725 quoties
3223 1654 3275 1710 ei
3334 1656 3406 1711 ad
3459 1671 3560 1712 eas
3603 1653 3806 1710 venire

2158 1743 2441 1817 placuerit
2471 1760 2647 1798 causa
2702 1742 3026 1810 charitatis,
3076 1748 3134 1798 et
3190 1744 3297 1816 piae
3354 1740 3801 1810 sollicitudinis,

2155 1833 2344 1889 veniat
2368 1852 2381 1901 ;
2413 1837 2469 1888 et
2493 1831 2542 1888 si
2577 1848 2693 1903 qua
2722 1830 2873 1886 inter
2900 1848 2999 1886 eas
3017 1830 3435 1889 ordinandavel
3459 1822 3808 1905 corrigenda

2155 1926 2313 1988 sunt,
2336 1921 2652 1977 clementer
2679 1936 2745 1975 ac
2775 1919 3099 1975 secundum
3148 1920 3328 1976 Deum
3386 1919 3657 1977 ordinare
3709 1910 3806 1975 vel

2157 2012 2445 2084 corrigere
2474 2009 2724 2065 studeat.
2780 2008 2840 2064 Si
2890 2008 3023 2080 quis
3075 2013 3293 2077 tamen,
3351 2022 3551 2063 eorum
3591 2008 3807 2079 iniqua

2158 2099 2478 2172 cupiditate
2508 2112 2848 2170 persuasus,
2870 2096 3019 2152 hanc
3033 2096 3449 2152 ordinationem
3473 2099 3740 2151 nostram
3765 2108 3804 2151 a

2157 2188 2325 2243 nobis
2356 2186 2732 2242 constitutam
2763 2183 3076 2257 infringere
3096 2187 3196 2239 aut
3222 2182 3435 2240 violare
3460 2176 3802 2249 tentaverit,

2155 2278 2304 2332 iram
2339 2275 2436 2331 Dei
2467 2274 2883 2347 omnipotentis
2913 2272 3189 2342 incurrat,
3217 2289 3280 2328 ac
3312 2280 3544 2346 poenam
3577 2270 3801 2343 sempi-

2155 2371 2330 2421 ternae
2353 2363 2748 2420 damnationis
2766 2360 3705 2434 irremediahiliterpersolvat,nec
3722 2360 3804 2417 sit

2158 2454 2240 2509 illi
2272 2471 2409 2527 pars
2441 2469 2574 2508 cum
2605 2452 2722 2509 Deo
2772 2452 2831 2507 in
2893 2452 3273 2507 retributione
3321 2451 3645 2522 justorum,
3695 2448 3799 2513 sed

2158 2543 2370 2598 habeat
2399 2545 2622 2615 partem
2656 2558 2787 2596 cum
2822 2540 3081 2614 principe
3111 2539 3505 2605 tenebrarum,
3538 2538 3800 2609 feratque

2150 2631 2444 2711 judicium
2476 2630 2681 2686 divinae
2732 2629 2996 2695 ultionis,
3056 2628 3372 2683 transfixus
3427 2616 3800 2682 anathemate

2155 2724 2444 2793 perpetuae
2471 2717 2918 2774 maledictionis.
2954 2717 3060 2782 Qui
3092 2733 3223 2772 vero
3252 2714 3345 2788 pio
3375 2713 3591 2770 intuitu
3616 2713 3799 2785 hujus

2156 2808 2440 2881 privilegii
2475 2807 2655 2863 nostri
2689 2810 2886 2862 custos
2917 2809 2973 2860 et
3002 2806 3338 2860 observator
3401 2796 3723 2871 exstiterit,
3760 2818 3803 2859 ‘a

2157 2897 2403 2953 Domino
2429 2895 2542 2952 Deo
2575 2895 2823 2968 gratiam
2848 2896 3257 2965 consequatur,
3280 2895 3575 2948 etaetarnze
3597 2890 3802 2965 gloria

2158 2984 2448 3059 particeps
2477 2984 2783 3040 efficiatur.
3548 2994 3553 2999 ‘
3692 2995 3698 2998 ‘

2226 3076 2285 3129 In
2317 3074 2470 3137 cuius
2500 3072 2668 3128 bulla?
2695 3072 2901 3126 circulo
2937 3072 3012 3126 est
3040 3070 3306 3141 scriptum
3328 3068 3804 3141 :3MISERIC0RDIA

401 3162 635 3232 (Lagny)
663 3176 676 3226 ;
711 3154 1043 3212 adFaveriis
1075 3151 1368 3224 (Faviéres)
1392 3149 1761 3205 medietatem
1793 3146 2047 3203 ecclesiae
2082 3221 2116 3232 Α
2156 3163 2370 3219 ΒοΜιΝι
2394 3177 2575 3217 pum
2604 3176 2702 3215 EST
2727 3176 2930 3215 μυεηλλ,
2956 3158 3021 3215 Et
3052 3160 3112 3214 ίη
3140 3157 3324 3213 media
3378 3156 3627 3213 circa”:
3680 3154 3798 3221 πλεο

404 3221 833 3305 ὲεῑῗάἱῖηὶάἱυῐῐ]
856 3257 1129 3298 mansum
1153 3239 1350 3296 allodii
1370 3254 1502 3293 cum
1518 3237 1703 3293 servis
1720 3240 1776 3291 et
1792 3234 2040 3290 ancillis.

2176 3252 2328 3306 ΡΑΡΑ.
2364 3252 2552 3306 Postea
2578 3265 2839 3321 magnum
2867 3248 2929 3302 B.
2964 3252 3025 3301 L.
3053 3263 3154 3319 pro
3182 3248 3566 3319 suscriptione.

404 3334 793 3393 Concedimus
816 3333 991 3389 etiam
1010 3329 1214 3385 altaria
1234 3328 1643 3400 praedictarum
1667 3325 2042 3381 ecclesiarum

405 3427 628 3498 absque
652 3422 827 3479 ullius
840 3419 1009 3494 pretii
1033 3416 1430 3490 redemptione
1448 3416 1506 3470 in
1532 3415 1745 3470 l‘uturis
1776 3418 1887 3468 tem
1899 3412 2047 3486 pori-

2224 3339 2437 3394 Datum
2472 3336 2740 3393 Kalendis
2761 3335 3026 3391 Octobris
3054 3352 3157 3408 per
3174 3352 3417 3391 manum
3433 3335 3585 3391 Petri
3609 3334 3803 3392 diaco-

2154 3427 2237 3495 ni,
2260 3425 2682 3481 hihliothecarii
2712 3429 2770 3480 et
2799 3423 3128 3481 cancellar‘ii
3162 3427 3373 3480 sancta:
3385 3424 3662 3479 Romane
3686 3424 3801 3485 Ec-

404 3515 516 3570 hus
542 3510 835 3585 perpetuis
862 3507 1158 3581 possidere
1187 3526 1199 3575 ;
1233 3505 1468 3562 tertiam
1520 3508 1746 3576 partem
1780 3507 1946 3557 terrea
1976 3502 2047 3556 de
2154 3514 2361 3582 desim,
2396 3530 2548 3569 anno
2578 3530 2621 3568 ιι
2652 3513 2798 3586 (124)
2828 3512 3048 3569 domini
3079 3512 3288 3568 Leonis
3310 3526 3468 3585 papa;
3489 3509 3582 3581 1x,
3616 3510 3807 3568 indic-

402 3602 650 3675 Cauleyo
680 3599 987 3672 (Chauloy),
1021 3613 1152 3652 cum
1179 3594 1424 3651 dimidio
1442 3593 1670 3658 hanno;
1695 3594 1947 3663 quatuor
1966 3590 2047 3644 vi-

402 3707 546 3748 neas
575 3690 648 3746 ad
676 3686 1400 3744 Domnum-Germannum
1461 3679 1952 3753 (Dom-Germain),
1993 3683 2050 3734 et

403 3782 607 3835 vinum
623 3777 826 3835 decani
855 3794 869 3843 ;
894 3775 963 3830 ad
983 3769 1810 3838 Straﬂede-villare,mansum
1832 3784 2046 3836 unum;

406 3870 477 3925 ad
509 3865 1078 3924 Grandem-Frasum
1114 3857 1708 3933 (Fresnel—la-Gramle)
1739 3856 2047 3911 dimidium

407 3972 702 4014 mansum.
735 3954 1167 4011 Confirmamus
1189 3965 1425 4020 quoque
1444 3948 1631 4003 eidem
1654 3946 1780 4001 loco
1805 3944 1903 4001 illa
1924 3962 2051 4016 quae

408 4050 540 4119 post
568 4041 1056 4101 constructionem
1090 4037 1279 4110 ipsius
1301 4036 1545 4091 coenohii
1571 4036 1847 4108 praedicta
1873 4035 2053 4089 abha-

404 4136 553 4191 tissa
582 4149 690 4189 suo
721 4130 984 4187 studioso
1015 4128 1212 4183 labore
1241 4124 1570 4197 acquisivit.
1602 4124 1687 4179 Ad
1720 4123 2052 4179 Humherti-

404 4219 1063 4291 curtem(Humbercourt
1076 4232 1149 4270 ou
1168 4213 1541 4284 Ambercourt)
1562 4218 1680 4267 tres
1704 4211 2054 4284 quartarios,

404 4315 467 4367 et
492 4306 803 4365 dimidium
825 4303 1249 4369 molendinum,
1274 4318 1447 4374 quem
1469 4302 1629 4356 dedit
1647 4300 1834 4373 ipsius
1853 4317 2056 4356 mona-

409 4396 585 4455 sterio
616 4395 777 4451 Dado
792 4393 981 4449 miles.
1002 4392 1086 4447 Ad
1109 4390 1326 4447 Bactris
1349 4390 1657 4444 dimidium
1682 4406 1979 4453 mansum,
2000 4393 2059 4445 et

409 4484 614 4541 silvam
649 4482 805 4555 apud
837 4480 1369 4537 Valdonis-curtem
1396 4478 1851 4550 (Vaulioncouril,
1882 4493 2057 4550 quem

409 4572 570 4631 dedit
599 4571 917 4629 Mamsedis
948 4587 1094 4625 uxor
1121 4569 1431 4637 Windrici,
1465 4568 1535 4622 ad
1568 4566 2057 4622 Bossevini-l‘ron-
2088 4585 2136 4652 Β

407 4668 536 4720 tum
568 4668 687 4718 tres
718 4661 1052 4734 quartarios
1082 4676 1215 4715 cum
1249 4657 1397 4713 silva
1426 4662 1481 4711 et
1516 4656 1720 4728 prulis,
1741 4672 1866 4727 quae
1898 4655 2057 4711 dedit

409 4752 599 4811 0dilla
614 4749 1030 4816 uxorElhonis,
1045 4746 1201 4804 inter
1220 4745 1859 4803 Domnum-Martinum
1877 4746 2058 4817 (Dom-

410 4842 632 4915 Martin)
664 4845 722 4897 et
768 4840 1153 4901 Merli-curte,
1214 4850 1611 4906 mansumque
1659 4850 1833 4905 quem
1898 4834 2059 4891 dedit

409 4930 799 4987 Vindistoldis
815 4946 960 4984 uxor
974 4926 1167 4982 Biralli
1182 4924 1627 4995 deVendopera;
1648 4923 1714 4978 ad
1743 4923 2060 4979 Domuum-

412 5021 729 5077 Martinum
780 5035 959 5090 super
1005 5030 1218 5087 aquam
1264 5013 1547 5068 arandum
1603 5012 1964 5084 quartarium
2004 5016 2062 5069 et

410 5108 616 5175 semis,
649 5112 706 5164 et
733 5112 852 5162 tres
884 5110 1077 5177 partes
1107 5100 1438 5158 medietatis
1465 5099 1719 5156 ecclesiae
1748 5101 2059 5166 ;medicta-

409 5203 531 5254 tem
560 5195 820 5254 ecclesiis
851 5196 924 5250 de
959 5191 1209 5250 Puteolis
1238 5190 1548 5262 (Puisieuzr)
1580 5195 1637 5245 et
1697 5190 1878 5246 altare
1908 5193 2060 5262 eius,

412 5293 469 5343 et
499 5286 865 5360 quartarium
897 5281 1050 5340 alodi
1068 5282 1139 5337 de
1157 5278 1434 5344 Puteolis,
1461 5292 1633 5350 quem
1658 5279 1819 5334 dedit
1841 5278 2064 5335 Radul-

412 5377 566 5448 phus
596 5392 699 5448 pro
733 5390 908 5431 uxore
937 5388 1065 5427 sua.
1094 5371 1377 5426 Praeterea
1396 5368 1767 5423 decernimus
1788 5371 1853 5421 ut
1873 5369 2063 5424 eidem

414 5464 673 5519 coenobio
706 5461 1061 5537 praeficiatur
1081 5457 1401 5528 abbatissa,
1418 5471 1545 5530 quae
1560 5456 1881 5513 secundum
1900 5472 2068 5530 regu-

489 5631 636 5709 (t24)
664 5632 805 5707 Leg.
838 5648 878 5690 ι.

2157 3605 2418 3673 tionem,
2452 3620 2586 3659 cum
2618 3602 2861 3676 plumbo
2889 3605 2948 3658 et
2974 3601 3194 3658 chorda
3223 3601 3283 3657 in
3316 3617 3695 3674 pergameno.

2896 3691 3065 3747 XVII.

2166 3784 2218 3839 S.
2270 3784 2371 3838 Leo
2427 3783 2493 3838 IX
2543 3782 2688 3837 diem
2745 3734 3307 3837 dedicdkemedcle'ﬂae
3362 3779 3417 3835 S.
3473 3774 3711 3850 Remigii
3758 3773 3811 3851 (1

2235 3854 2498 3924 Octobris)
2582 3853 2849 3909 celebrem
2902 3868 3020 3907 esse
3072 3853 3329 3924 pracipit
3384 3867 3486 3923 per
3536 3851 3819 3908 Romanis

2232 3928 2495 3997 episcopii
2528 3925 2788 3995 conﬁnia.
2948 3936 2953 3941 ‘

2782 4013 2970 4083 (Anno
3000 4012 3187 4083 4049.)

2164 4103 2407 4175 [Mahill.
2440 4105 2571 4158 Acta
2601 4102 2694 4157 SS.
2726 4101 2845 4159 ard.
2877 4101 2933 4157 S.
2969 4101 3165 4175 Bened.
3222 4101 3365 4157 Sasc.
3409 4099 3482 4155 Vl
3534 4101 3700 4172 parte
3745 4115 3813 4167 ιι,

2238 4263 2348 4318 Leo
2373 4262 2704 4335 episcopus,
2764 4190 2970 4318 sessugs
2984 4173 3316 4317 7:23vorum
3374 4260 3498 4326 Dei,
3524 4258 3816 4321 fratribus

2165 4356 2224 4408 et
2251 4351 2390 4406 ﬁliis
2419 4349 2722 4407 catholicis
2773 4366 2878 4422 per
2930 4350 3273 4406 universum
3327 4363 3571 4420 regnum
3628 4347 3819 4405 Fran-

2166 4456 2369 4496 corum
2398 4438 2753 4505 constitutis,
2774 4438 3023 4494 salutem
3054 4442 3112 4494 et
3130 4435 3510 4510 apostolicam
3565 4435 3816 4495 benedi-

2170 4529 2443 4585 ctionem.

2236 4618 2610 4690 Compertum
2641 4615 2912 4672 charitati
2944 4620 3147 4672 vestris
3178 4614 3473 4671 credimus
3502 4611 3662 4685 quod
3684 4614 3821 4684 post

2167 4705 2668 4764 consecrationem
2698 4708 2984 4773 nostram,
3014 4703 3178 4760 illam
3206 4701 3480 4758 videlicet
3507 4718 3625 4773 qua
3650 4700 3820 4757 heni-

2169 4798 2364 4871 gnitas
2395 4795 2495 4852 Dei
2526 4793 2917 4850 humilitatem
2949 4797 3212 4850 nostram
3269 4795 3484 4853 sancta
3527 4790 3820 4853 Romam

2168 4885 2436 4944 Ecclesiae
2493 4899 2740 4956 praeesse
2780 4882 2986 4948 voluit,
3030 4881 3407 4939 Germaniam
3444 4876 3824 4949 Galbamque

2167 4974 2554 5040 visitavimus,
2585 4988 2651 5027 ac
2684 4971 2998 5026 Remorum
3021 4970 3226 5026 urbem
3239 4969 3546 5035 adeuntes,
3563 4963 3822 5025 maxime

2167 5068 2300 5119 voto
2322 5066 2379 5117 et
2407 5076 2642 5116 summa
2671 5060 2975 5114 devotione
2995 5057 3303 5114 ecclesiam
3340 5054 3498 5113 beati
3545 5051 3821 5125 Remigii,

2172 5156 2237 5208 ut
2280 5150 2453 5221 longe
2508 5152 2643 5202 ante
2685 5146 3170 5213 desideravimus,
3223 5146 3339 5202 Deo
3397 5145 3717 5208 annuente,
3764 5142 3824 5196 et

2171 5238 2438 5312 ejusdem
2468 5233 2830 5291 sanctissimi
2859 5234 2965 5290 viri
3014 5232 3519 5307 patrocinantihus
3552 5228 3822 5303 meritis.

2173 5343 2308 5385 cum
2341 5340 2556 5396 magna
2584 5322 2771 5395 gloria
2799 5323 3220 5394 dedicavimus,
3252 5327 3428 5394 atque
3456 5322 3593 5392 post
3618 5333 3822 5377 conse-

2173 5412 2496 5473 crationem
2524 5410 2779 5467 ecclesiis
2808 5412 2867 5466 in
2897 5412 3102 5467 eadem
3131 5410 3425 5480 synodum
3455 5406 3820 5465 celebrantes

2173 5498 2439 5578 plurima
2467 5498 2541 5555 ad
2572 5496 2884 5557 utilitatem
2914 5498 3261 5557 Christianae
3288 5494 3591 5572 religionis
3623 5509 3824 5563 neces-
