3974 6206
176 313 304 389 617

1161 313 1570 381 EPISTOLE
1612 318 1713 378 ET
1754 316 2121 381 DECRETA
2164 321 2637 383 PONTIFICIA.

3477 322 3596 385 618

183 444 367 513 saria,
409 441 661 501 consilio
693 442 1172 517 coepiscoporum
1203 450 1560 518 nostrorum,
1593 466 1837 507 assensu
1868 447 1923 515 Α
1951 450 2073 505 sias
2100 450 2330 520 habeat,
2383 456 2672 525 quatenus
2729 452 2891 509 nulla
2947 452 3323 510 ecclesiastici
3376 452 3597 511 ordinis

170 534 366 591 etiam
401 536 459 589 et
486 531 667 590 laude
705 526 845 590 cle'ri
876 536 933 589 et
964 532 1184 606 populi,
1234 553 1485 608 quorum
1535 537 1847 593 innumera

173 621 507 691 multitudo
540 622 612 678 ad
645 624 824 678 tanta;
857 622 1181 679 devotionis
1213 624 1605 682 celebritatem
1629 628 1848 683 conﬂu-

184 717 377 783 xerat,
401 711 729 768 staduendo
760 709 1273 768 confirmavimus:
1300 729 1429 785 quae
1460 715 1655 771 omnia
1687 714 1844 787 capi-

184 801 330 857 tulis
361 800 587 875 digesta
616 800 771 855 inter
801 815 1056 855 canones
1105 799 1304 856 haberi
1351 803 1756 875 praecepimus,
1789 808 1846 859 et

185 889 478 965 postea,in
498 888 779 945 omnibus
800 887 1040 961 synodis
1059 905 1207 961 quas
1229 889 1569 958 habuimus,
1584 891 1661 945 idi
1670 908 1843 964 psum

184 976 536 1034 Conﬁrmare
560 975 921 1033 curavimus.
983 976 1053 1031 Et
1091 976 1369 1049 quoniam
1432 979 1842 1035 beatissimum

172 1067 526 1140 Remigium
557 1065 751 1139 gentis
780 1065 1137 1121 Francorum
1164 1066 1599 1139 praedicatorem
1630 1071 1687 1124 et
1706 1085 1843 1140 apo-

189 1154 411 1217 stolum
443 1155 685 1223 scimus,
716 1154 980 1211 venerari
1012 1157 1069 1211 et
1098 1154 1386 1212 honorare
1430 1155 1619 1225 illum,
1667 1174 1842 1229 quem

188 1230 477 1300 Cominus
506 1244 566 1297 in
596 1242 768 1298 terris
789 1246 847 1298 et
875 1243 935 1297 in
969 1242 1113 1298 oculo
1146 1243 1681 1316 miriﬁcavit,prout
1710 1262 1843 1317 pos-

187 1349 425 1400 sumus,
447 1331 753 1398 debemus,
778 1331 1103 1403 praaeertim
1136 1347 1269 1388 cum
1303 1333 1611 1405 semperin
1646 1339 1845 1389 nostro

181 1425 420 1500 pectore
453 1420 585 1477 inde
617 1419 807 1493 ipsius
839 1436 1006 1476 amor
1038 1419 1356 1476 ferventius
1415 1422 1637 1489 ardeat,
1687 1422 1839 1493 quod

183 1508 685 1587 pretiosissimum
717 1524 931 1579 corpus
966 1507 1154 1580 ipsius
1185 1509 1545 1565 sanctissimi
1579 1510 1680 1565 viri
1712 1527 1842 1583 pro-

185 1596 331 1672 priis
351 1597 632 1653 manibus
661 1597 1080 1652 transferentes
1112 1595 1172 1652 in
1194 1596 1397 1653 locum‘
1422 1598 1532 1654 sibi
1554 1615 1841 1671 prepara-

188 1689 341 1755 tum,
371 1686 639 1758 miraque
670 1684 1109 1758 pulchritudine
1139 1685 1415 1757 exquisiti
1449 1688 1643 1759 operis
1673 1688 1842 1744 deco-

191 1779 392 1833 ratum
421 1774 811 1849 reposuimus.
856 1773 1017 1830 Unde
1046 1778 1298 1832 vestram
1333 1776 1646 1834 admonere
1676 1776 1840 1833 volu-
1873 1812 1919 1879 Β

189 1880 335 1940 nius
356 1863 723 1920 dilectionem
756 1867 839 1929 ut,
872 1863 1028 1918 sicut
1086 1880 1194 1921 nos
1252 1864 1312 1920 in
1370 1866 1499 1936 ejus
1544 1866 1841 1939 obsequiis

193 1951 564 2026 perpenditis
611 1951 911 2026 gratulari,
937 1952 1017 2019 ita
1044 1957 1101 2008 et
1130 1970 1232 2009 vos
1251 1970 1432 2010 causa
1463 1955 1650 2011 nostri
1680 1972 1840 2012 amo-

191 2044 296 2107 ris,
334 2040 704 2114 maximeque
741 2055 809 2097 ex
839 2040 1034 2097 debito
1064 2041 1292 2113 paterni
1331 2041 1591 2110 honoris,
1623 2043 1842 2101 solem-

190 2130 435 2187 nitatem
467 2130 619 2202 ejus,
653 2146 781 2202 quaa
811 2134 900 2185 est
929 2129 1218 2186 Kalendas
1239 2130 1524 2202 Octobris,
1555 2131 1842 2188 celebrem

190 2217 460 2276 habeatis
486 2236 499 2286 ;
533 2217 673 2291 quia
701 2218 810 2274 etsi
842 2218 973 2275 aliis
1004 2236 1117 2274 non
1149 2224 1238 2275 est
1266 2219 1588 2292 apostolus,
1643 2225 1841 2277 tamen

187 2306 358 2387 vobis
388 2311 515 2364 est:
549 2323 688 2363 nam
714 2306 986 2380 primitias
1017 2307 1384 2380 apostolatus
1413 2310 1541 2380 ejus
1571 2327 1674 2366 vos
1702 2310 1844 2366 estis

188 2396 254 2467 in
281 2395 545 2453 Domino.
571 2395 736 2451 Hunc
764 2395 964 2468 itaque
996 2395 1276 2452 honorem
1310 2397 1458 2469 patri
1489 2402 1547 2454 et
1583 2396 1842 2471 apostolo

187 2488 393 2543 vestro
423 2483 709 2554 exhibete,
741 2486 808 2539 ut
826 2484 998 2556 juxta
1028 2485 1387 2557 promissum
1421 2485 1677 2552 Domini,
1712 2486 1843 2542 lon-

187 2573 339 2647 gravi
363 2588 543 2646 super
571 2576 786 2629 terram
817 2571 1028 2642 vivere,
1062 2577 1118 2630 et
1148 2575 1411 2645 ejusdem
1442 2575 1630 2632 Patris
1662 2576 1843 2647 preci-

190 2663 311 2718 bus
333 2664 560 2718 aaterms
583 2660 968 2719 beatitudinis
990 2662 1325 2720 felicitatem
1348 2664 1687 2721 mereamini
1710 2682 1842 2737 pos-

191 2751 410 2809 sidere.
442 2748 660 2807 Valete.

915 2857 1108 2915 XVIII.

192 2949 261 3006 S.
287 2952 393 3007 Leo
422 2949 492 3007 IX
516 2949 578 3004 in
606 2946 812 3020 synodo
839 2946 1297 3020 Marianis.
1323 2949 1560 3017 Remigii
1588 2950 1845 3005 Remense

761 3019 1072 3089 privilegiis
1100 3026 1283 3075 ornat.

821 3110 1011 3179 (Anno
1041 3107 1222 3177 1049.)

1956 556 2168 611 magna
2200 541 2285 597 vel
2324 560 2499 615 parva
2531 559 2778 615 persona
2806 542 2866 598 in
2912 542 3022 599 hoc
3053 542 3222 599 altari
3255 543 3409 616 quod
3461 560 3597 600 con-

1955 630 2334 699 secravimus,
2369 632 2611 687 missam
2643 631 2933 687 celebrare
2965 636 3301 704 praesumat,
3335 632 3450 688 nisi
3493 631 3601 689 Re-

1956 732 2188 773 morum
2222 719 2715 793 archiepiscopus,
2749 724 2805 775 et
2833 720 3012 792 hujus
3042 720 3151 776 loci
3183 720 3387 791 abbas,
3412 723 3470 776 et
3499 719 3595 776 cui

1953 803 2252 862 licentiam
2302 808 2611 877 concedet;
2671 808 2959 880 permissa
2986 810 3188 864 eadem
3231 808 3467 865 licentia
3496 826 3596 864 ca-

1955 893 2183 950 nonicis
2215 895 2519 951 Remensis
2548 895 2799 952 ecclesia:
2843 896 2934 952 bis
2979 896 3039 952 in
3074 913 3226 952 anno
3276 898 3335 952 in
3368 897 3591 954 Pascha

1956 981 2177 1038 scilicet
2207 986 2263 1037 et
2293 983 2351 1037 in
2385 983 2826 1055 Rogationibus,
2859 988 3078 1056 septem
3112 986 3467 1058 presbyteris
3511 985 3592 1042 le-

1952 1070 2177 1141 gitimis
2210 1072 2279 1126 ad
2313 1071 2420 1127 hoc
2445 1072 2703 1127 officium
2736 1073 3051 1144 deputatis,
3084 1090 3229 1146 quos
3267 1077 3323 1131 et
3351 1073 3596 1134 scientia

1953 1162 2139 1227 ornet,
2200 1177 2429 1215 morum
2498 1161 2752 1233 gravitas
2827 1165 2883 1215 et
2940 1160 3065 1216 vitm
3120 1163 3379 1234 probitas
3436 1180 3592 1219 com-

1955 1246 2209 1301 mendet.
2244 1247 2540 1313 Praeterea,
2574 1248 2712 1319 quia
2770 1248 2890 1303 hzec
2948 1248 3192 1305 ecclesia
3248 1251 3320 1305 ab
3374 1249 3595 1322 iniquis

1953 1334 2365 1404 pervaseribus
2395 1352 2596 1407 graves
2627 1340 2685 1391 et
2716 1336 3069 1408 multiplices
3108 1354 3349 1393 suarum
3398 1356 3595 1395 rerum

1954 1427 2041 1477 est
2072 1439 2249 1494 passa
2275 1422 2540 1494 injurias,
2577 1440 2648 1479 ne
2681 1424 2995 1496 quisquam
3018 1425 3226 1481 amodo
3258 1424 3413 1481 villis
3444 1426 3598 1481 beati

1955 1510 2229 1583 Remigii,
2263 1528 2411 1583 quas
2442 1512 2700 1584 possidet
2731 1511 2814 1568 vel
2863 1513 3207 1585 possidebit,
3259 1517 3361 1568 aut
3415 1512 3600 1569 homi-

1954 1599 2305 1655 nibusintra
2333 1600 2419 1656 vel
2472 1605 2634 1656 extra
2681 1602 2840 1673 ipsas
2886 1599 3055 1657 villas
3115 1600 3340 1674 positis,
3394 1616 3598 1675 graves

1955 1688 2408 1744 consuetudines
2439 1689 2703 1761 imponat
2722 1693 2778 1745 et
2800 1689 3052 1762 iniquas,
3068 1690 3412 1749 auctoritate
3441 1690 3598 1746 beati

1953 1775 2104 1832 Petri
2139 1776 2534 1848 apostolorum
2589 1777 2868 1850 principis
2913 1777 3314 1850 prohibemus,
3366 1782 3423 1834 et
3470 1793 3601 1850 qum

1951 1863 2235 1920 hactenus
2269 1865 2487 1936 injuste
2519 1865 2736 1921 fuerint
2768 1866 3079 1939 impositae,
3139 1867 3343 1923 eadem
3396 1869 3601 1922 sancta

1950 1956 2007 2009 et
2035 1952 2354 2008 inviolabili
2389 1955 2748 2020 auctoritate,
2783 1971 2855 2009 ne
2888 1953 3133 2010 ulterius
3173 1955 3319 2010 fiant
3364 1954 3600 2011 interdi-

1952 2042 2161 2108 cimus,
2223 2046 2449 2097 servata
2506 2041 2614 2096 hac
2660 2043 2717 2097 in
2776 2042 3050 2098 omnibus
3122 2042 3486 2111 auctoritate,
3533 2045 3600 2098 ut

1952 2130 2407 2186 consuetudines
2439 2130 2742 2202 quaajuste
2774 2130 2823 2186 ei
2856 2130 3183 2203 antiquitus
3214 2134 3353 2186 sunt
3381 2128 3596 2186 consti-

1951 2221 2111 2289 tuta),
2144 2222 2279 2274 rata
2324 2222 2704 2291 permaneant
2761 2222 2819 2274 et
2875 2218 3184 2276 inviolatae.
3246 2219 3363 2275 Hoc
3421 2218 3599 2275 etiam

1954 2312 2153 2363 nostra
2178 2307 2520 2363 auctoritate
2561 2307 3000 2374 confirmamus,
3052 2308 3209 2379 quod
3269 2308 3435 2366 Wido
3491 2308 3599 2363 Re-

1955 2412 2189 2473 morum
2219 2395 2694 2468 archiepiscopus
2729 2398 2953 2467 partem
3004 2412 3181 2467 quam
3220 2395 3289 2450 in
3346 2398 3601 2451 mercato

1955 2485 2225 2555 habebat,
2278 2485 2431 2557 quod
2478 2490 2602 2541 erat
2656 2502 2736 2539 ιιι
2797 2484 3035 2541 Kalend.
3092 2484 3372 2541 Novemb.
3433 2484 3601 2540 beato

1956 2574 2221 2647 Remigio
2254 2578 2452 2629 nostro
2482 2574 2721 2629 obtentu
2755 2572 3011 2644 donavit,
3044 2591 3112 2629 ea
3158 2571 3490 2629 conditione
3536 2575 3603 2628 ut

1954 2680 2124 2719 nemo
2146 2665 2205 2719 in
2233 2662 2361 2735 ipso
2384 2668 2637 2719 mercato
2660 2663 2920 2737 quinque
2941 2661 3315 2718 denariorum
3346 2661 3598 2735 pretium

1952 2768 2055 2825 per
2083 2750 2414 2808 violentiam
2448 2752 2692 2818 auferat,
2726 2752 2945 2819 nullus,
2978 2751 3092 2809 nisi
3125 2751 3304 2823 hujus
3348 2749 3460 2807 loci
3499 2749 3601 2806 ab-

1951 2841 2079 2910 bas,
2113 2845 2215 2896 aut
2242 2840 2333 2895 cui
2366 2840 2489 2912 ipse
2511 2840 2779 2912 jusserit,
2811 2840 2890 2897 ibi
2949 2841 3275 2913 quidquam
3333 2838 3598 2912 accipiat.

1950 2928 2161 2985 Nullus
2230 2929 2301 2983 ad
2359 2928 2513 2984 idem
2568 2933 2896 3005 mercatum
2955 2928 3386 2999 convenientes,
3445 2926 3600 3000 quod

1952 3036 2033 3073 x11
2065 3017 2304 3073 Kalend.
2329 3017 2606 3073 Novemb.
2640 3017 2957 3074 statuimus
3014 3021 3071 3074 et
3127 3015 3597 3091 promulgamus,

1954 3106 2239 3162 veniendo
2260 3110 2316 3161 et
2338 3105 2633 3161 redeundo
2666 3106 2865 3175 caedat,
2899 3106 3199 3179 impediat,
3232 3109 3333 3163 aut
3361 3121 3464 3178 per
3480 3104 3600 3160 vim

196 3196 448 3273 [MahilL
483 3197 615 3254 Acta
643 3195 737 3252 SS.
796 3173 913 3251 ard.
964 3194 1019 3251 S.
1075 3173 1304 3273 lienem,
1361 3196 1501 3251 Saac.
1551 3196 1623 3253 VI
1680 3200 1844 3269 parte
1874 3173 1916 3241 (ἶ
1957 3195 2040 3252 eis
2070 3194 2292 3267 aliquid
2326 3194 2567 3250 auferat.
2598 3173 2928 3251 Statuentes
2959 3173 3070 3252 sub
3117 3173 3297 3251 divini
3341 3173 3600 3251 obtesta-

818 3282 878 3335 ΙΙ,
911 3282 1044 3339 pag.
1075 3267 1227 3338 726.]

188 3374 195 3377 ’
275 3376 386 3431 Leo
416 3373 750 3447 episcopus,
783 3388 984 3429 servus
1016 3388 1319 3429 servorum
1374 3373 1497 3440 Dei,
1539 3374 1846 3430 Hsammno

201 3460 422 3534 abbati,
454 3466 512 3519 et
536 3462 696 3519 omni
727 3460 1159 3535 congregationi
1191 3462 1611 3519 monachorum
1649 3463 1846 3520 Sancti

188 3548 455 3626 Remigii
488 3554 828 3625 perpetuam
858 3550 1127 3611 salutem.

274 3641 498 3698 Divinis
527 3639 808 3697 bonitatis
836 3656 953 3695 non
984 3639 1297 3696 immemor
1326 3644 1385 3697 et
1416 3641 1703 3713 ingratus,
1722 3657 1850 3713 qua

184 3747 321 3802 ,sua
346 3728 538 3803 gratia
564 3727 953 3787 humilitatem
983 3745 1174 3785 meam
1230 3729 1290 3785 in
1346 3730 1481 3787 sede
1535 3729 1854 3803 apostolica

201 3823 427 3879 sanctae
456 3817 727 3875 Romanis
756 3817 1024 3875 Ecclesia
1055 3817 1414 3890 sublimavit,
1442 3837 1514 3875 ne
1572 3835 1701 3876 mea
1752 3835 1852 3877 ne-

202 3906 489 3983 gligentia
513 3905 656 3963 mihi
680 3905 1015 3976 discrimen,
1046 3906 1425 3965 ecclesiarum
1456 3913 1651 3965 autem
1683 3907 1858 3965 faciat

207 3995 750 4066 ruinam,ecclesias
780 4012 908 4068 quae
930 3998 1129 4052 nostro
1150 3995 1499 4069 apostolatui
1527 3997 1852 4068 subjacent,

206 4085 493 4143 catholica
523 4083 816 4152 ordinare,
847 4100 1045 4158 regere
1097 4088 1156 4141 et
1212 4086 1541 4154 emendare,
1577 4102 1682 4141 nec
1739 4102 1853 4141 non

206 4173 531 4248 apostolica
559 4172 902 4231 auctoritate
948 4172 1246 4230 immunes
1285 4177 1344 4229 et
1395 4172 1613 4230 liberas
1670 4174 1857 4231 facere

184 4263 509 4337 proposui,
543 4261 595 4319 si
626 4261 1112 4334 sanetiﬁSpiritus
1156 4262 1443 4334 benignus
1499 4262 1657 4319 favor
1712 4262 1858 4319 mihi

209 4352 506 4408 annuerit.
543 4350 732 4416 Unde,
762 4365 832 4406 ex
860 4349 1056 4407 debito
1088 4350 1271 4407 nostri
1310 4349 1693 4424 apostolatus,
1728 4354 1862 4424 post

210 4441 443 4513 aliquas
473 4438 753 4497 ecclesias
807 4455 956 4511 quas
1012 4438 1134 4496 zelo
1186 4455 1505 4496 succensus
1558 4439 1861 4496 charitatis

1954 3284 2111 3341 tione
2133 3282 2365 3354 judicii,
2398 3288 2464 3339 ut
2484 3283 2585 3355 qui
2617 3284 2722 3340 hoc
2752 3284 3122 3357 privilegium
3149 3286 3361 3341 sanctae
3382 3283 3594 3339 Roma-

1944 3392 2041 3445 nae
2072 3372 2225 3429 sedis
2250 3371 2465 3428 violare
2505 3373 2965 3445 praesumpserit,
3016 3377 3292 3430 aeternam
3350 3373 3596 3428 damna-

1956 3463 2173 3519 tionem
2208 3461 2487 3517 incurrat.
2521 3461 2642 3516 Sub
2694 3461 2896 3517 eadem
2950 3462 3360 3529 obtestatione,
3399 3465 3599 3517 nostro

1957 3554 2209 3617 precatu
2268 3553 2325 3604 et
2371 3550 2592 3621 praefati
2649 3548 3071 3621 archiepisCOpi
3125 3550 3450 3604 voluntario
3507 3564 3601 3603 as-

1961 3656 2159 3706 sensu,
2200 3638 2485 3694 remissus
2531 3641 2619 3693 est
2658 3636 2913 3693 ecclesiae
2973 3643 3249 3710 sumptus
3309 3651 3485 3709 quem
3540 3635 3603 3711 in

1964 3730 2111 3785 festo
2136 3726 2322 3783 sancti
2369 3725 2617 3798 Remigii
2676 3726 3001 3798 accipiebat
3059 3724 3366 3781 Remensis
3415 3722 3605 3781 archi-

1964 3818 2296 3891 episcopus.

2032 3907 2245 3963 Datum
2274 3921 2338 3959 m
2363 3903 2557 3959 Nonas
2579 3902 2843 3959 Octobris
2878 3918 2981 3975 per
3018 3919 3262 3959 manum
3293 3902 3447 3958 Petri
3480 3902 3606 3961 dia-

1964 3995 2115 4064 coni,
2140 3992 2564 4050 bibliothecarii
2588 3995 2643 4047 et
2672 3990 3000 4048 cancellarii
3030 3996 3241 4049 sanctae
3274 3989 3607 4064 apostolica

1964 4085 2145 4151 sedis,
2177 4098 2328 4139 anno
2360 4080 2558 4137 domui
2595 4081 2802 4138 Leonis
2834 4098 2995 4155 papae
3027 4081 3101 4137 IX
3132 4099 3170 4151 ι,
3205 4081 3407 4138 indict.
3443 4097 3527 4138 III.

2723 4206 2863 4263 XIX.

1969 4300 2126 4357 Bulla
2148 4299 2341 4356 Leonis
2370 4298 2436 4353 IX
2458 4295 2683 4367 Gedulfo
2710 4296 3050 4353 Stabulensis
3097 4298 3358 4355 Ecclesia
3403 4298 3616 4354 thesau-

2038 4373 2483 4454 rarioconcessa,
2527 4385 2634 4440 qua
2654 4384 2864 4454 'omnes
2914 4371 3271 4454 possessiones
3282 4368 3390 4454 "ad.
3440 4369 3615 4454 doleo:

2038 4443 2233 4498 altaris
2283 4457 2556 4499 concessas
2609 4440 2829 4512 aliaque
2894 4442 3197 4512 privilegia
3276 4440 3618 4500 Stabulensis

211 4527 472 4594 visitavi,
500 4531 578 4596 et,
610 4527 808 4584 divina
846 4527 1251 4584 misericordia
1306 4544 1400 4583 me
1456 4528 1865 4600 praeveniente,
1898 4538 1942 4604 D
2040 4514 2380 4570 ίῆεδαανανίί
2408 4516 2713 4587 conﬁrmat-

213 4622 285 4674 ut
311 4615 498 4689 potui,
525 4616 847 4685 emendavi,
879 4616 952 4672 ad
983 4616 1135 4672 hanc
1190 4616 1344 4672 beati
1375 4617 1623 4689 Remigii
1680 4616 1866 4674 eccle-

214 4706 370 4763 siam
403 4703 808 4774 dedicandam,
863 4704 935 4761 de
983 4703 1398 4762 ecclesiasticis
1450 4705 1626 4761 etiam
1675 4706 1871 4762 causis

213 4796 581 4863 tractaturus
611 4798 670 4849 et
698 4794 1074 4863 deﬁniturus,
1110 4793 1336 4862 adveni,
1371 4794 1671 4867 confidens
1703 4811 1871 4850 sanc-

212 4883 467 4939 tissimis
522 4882 751 4940 meritis
781 4882 971 4956 ipsius
1029 4882 1293 4953 adjuvari
1362 4882 1434 4951 ad
1493 4882 1871 4940 obtinendam

204 4970 317 5028 Dei
348 4971 839 5040 misericordiam,
883 4971 934 5030 si
983 4971 1206 5044 aliquid
1255 4972 1499 5045 dignum
1548 4976 1606 5027 et
1652 4989 1873 5029 memo-

215 5059 402 5117 rabile
432 5058 655 5133 egerim
688 5060 761 5116 ad
787 5060 977 5133 ipsius
1009 5060 1288 5116 honorem
1347 5065 1403 5116 et
1455 5059 1720 5132 gloriam.
1756 5061 1874 5118 Hac

215 5147 403 5221 igitur
441 5148 711 5206 dedicata
764 5147 1030 5219 ecclesia,
1086 5147 1307 5222 placuit
1360 5148 1498 5204 huic
1556 5149 1767 5207 idonea
1821 5154 1879 5206 et

208 5237 545 5294 laudabilia
575 5236 943 5295 auctoritatis
972 5242 1034 5294 et
1056 5241 1269 5294 nostra;
1298 5237 1649 5295 visitationis
1700 5238 1877 5295 relin-

210 5342 403 5400 quere
431 5328 838 5399 monumenta.
875 5326 1282 5384 Deliberamue
1313 5326 1533 5398 itaque,
1575 5332 1632 5384 et
1681 5344 1877 5385 coram

208 5415 331 5473 hac
380 5419 587 5473 sancta
643 5415 867 5490 synodo
924 5414 1394 5491 promulgamus,
1451 5415 1769 5472 statuimus
1821 5419 1879 5473 et

217 5504 670 5574 confirmamus,
724 5508 792 5562 ut
847 5504 972 5562 hzec
1037 5504 1286 5562 ecclesia
1345 5504 1455 5562 hoc
1505 5503 1877 5577 privilegium

220 5598 439 5665 nostrae
470 5593 837 5655 auctoritatis
869 5611 1050 5669 supra
1098 5598 1336 5669 ceteras
1393 5592 1647 5655 Francia
1699 5592 1878 5657 eccle-

544 5722 814 5789 Pa'raon.
858 5719 1123 5800 CXLIII.

2595 4604 2781 4672 (Anno
2814 4602 2997 4670 1049.)

2265 4690 2567 4762 [Martene,
2598 4690 2825 4762 Amplis.
2862 4688 3083 4745 Collect.
3119 4690 3186 4745 ΙΙ.
3219 4690 3335 4760 69.]

2053 4799 2166 4854 Leo
2198 4798 2530 4870 episcopus,
2565 4814 2768 4853 servus
2799 4811 3098 4853 servorum
3146 4794 3269 4861 Dei,
3331 4794 3622 4860 Granum-‘0,

1982 4886 2350 4944 Stabulensis
2380 4886 2634 4943 ecclesias
2665 4884 3052 4949 thesaurario,
3099 4881 3442 4954 cunctisque
3498 4880 3627 4936 suis

1981 4974 2418 5032 successoribus
2445 4965 2822 5046 apostolicam
2852 4970 3337 5029 benedictionem.

2056 5060 2546 5118 Pastoraliscurae
2594 5060 2898 5132 vigilantia
2952 5057 3187 5134 propria
3244 5073 3351 5113 nos
3404 5053 3629 5112 sollici—

1984 5150 2187 5207 tudine
2216 5150 2482 5205 hortatur
2512 5153 2577 5204 ut
2600 5149 2760 5204 omni
2805 5150 3001 5207 studio
3059 5144 3384 5205 commodis
3439 5143 3626 5201 eccle-

1985 5239 2208 5297 siarum
2232 5236 2331 5292 Dei
2364 5236 2757 5303 intendamus,
2779 5240 2836 5291 et
2864 5238 3149 5311 quidquid
3176 5236 3357 5309 quieti
3379 5236 3631 5291 fratrum

1987 5331 2044 5382 et
2090 5327 2460 5381 ﬁrmamento
2518 5324 2961 5396 possessionum
3016 5325 3378 5396 conduxerit,
3454 5317 3632 5380 hilari

1987 5414 2181 5470 animo
2212 5418 2268 5469 et
2290 5414 2567 5470 munifico
2598 5412 2851 5486 praebere
2880 5414 3217 5472 debeamus.
3253 5417 3401 5481 Quia
3449 5413 3634 5488 igitur

1990 5503 2166 5558 frater
2209 5501 2567 5570 Gendult‘us,
2613 5500 2978 5558 Stabulensis
3029 5501 3294 5560 Ecclesiae
3343 5504 3631 5564 aedituus.

1988 5590 2199 5653 notitia
2249 5590 2418 5653 nobis
2474 5595 2532 5652 et
2560 5610 2564 5613 ·
2596 5588 2991 5653 familiaritate
3038 5596 3312 5668 acceptus
3341 5635 3360 5667 ,
3441 5592 3639 5670 provi-

3236 5721 3318 5789 20
