3974 6206
418 366 536 429 619

1483 372 1546 429 S.
1595 368 1873 429 LEONIS
1920 370 1997 430 IX
2048 368 2275 430 ΡΑΡᾹΞ
2320 369 2755 435 OPUSCULA.

3701 370 3820 443 620

418 500 677 556 dentiam
700 504 960 555 nostram
994 498 1195 569 adivit,
1238 503 1442 569 petens
1475 503 1538 553 ut
1585 500 1775 553 ofﬁcio
1836 501 1926 554 cui
1960 502 2058 555 de-
2087 505 2141 568 Α
2243 504 2450 557 Datum
2475 522 2531 557 ιιι
2567 506 2760 559 Nonas
2792 504 3057 559 Octobris
3102 520 3206 576 per
3235 519 3479 559 manum
3510 503 3665 559 Petri
3699 503 3820 558 dia-

418 589 604 644 dervit
633 592 842 643 nostris
860 585 1468 642 auctoritatisdecreto
1495 588 1929 643 firmamentum
1959 591 2061 644 ad-

420 677 715 732 deremus.
776 676 913 740 Nos,
947 678 1003 730 et
1030 675 1300 746 aequitate
1332 675 1576 745 justitiaa
1610 681 1666 731 et
1696 677 1900 733 sedula
1947 679 2059 733 fra-

413 764 522 819 tris
551 762 833 835 petitione
864 763 1226 829 commoniti,
1262 765 1566 835 praesentis
1597 765 1784 819 edicto
1836 767 2058 838 paginae

415 868 620 909 omnes
649 852 1053 924 possessiones
1084 868 1210 923 quae
1242 852 1312 907 ad
1362 853 1555 907 dotem
1605 853 1803 909 altaris
1854 871 2059 926 supra-

415 941 582 996 dictae
610 940 865 997 ecclesiae
902 941 1186 1013 pertinere
1216 946 1560 1008 noscuntur,
1593 941 1897 997 inviolatae
1932 960 2059 1013 per-

418 1046 653 1086 manere
683 1029 1120 1086 constituimus.
1152 1030 1528 1101 Praecipimus
1558 1031 1735 1085 etiam
1792 1035 1875 1098 ut,
1910 1030 2063 1086 sicut

417 1117 703 1175 hactenus
738 1118 894 1173 idem
953 1118 1155 1183 frater,
1198 1134 1331 1172 cum
1392 1119 1516 1173 suis
1569 1118 2059 1181 antecessoribus.

416 1205 723 1263 ratiocinia
749 1223 858 1262 sua
877 1206 937 1261 in
954 1205 1038 1262 eis
1055 1205 1156 1277 qui
1176 1206 1377 1261 vinum
1405 1210 1504 1261 aut
1543 1205 1740 1278 plures
1789 1207 2061 1262 denarios

416 1295 489 1351 ad
519 1294 701 1351 altare
745 1311 850 1367 pro
881 1311 1059 1350 sensu
1087 1293 1294 1366 capitis
1329 1294 1684 1365 persolvunt,
1746 1295 1871 1350 sine
1923 1312 2058 1349 con-

414 1384 762 1440 tradictione
792 1382 1032 1454 accepit,
1056 1382 1137 1438 ita
1165 1382 1441 1454 deinceps
1462 1399 1596 1437 cum
1618 1382 2060 1437 successoribus

413 1473 540 1528 suis
559 1471 848 1529 immobili
872 1471 1149 1527 ﬁrmitate
1168 1471 1455 1539 obtineat;
1482 1472 1537 1526 id
1555 1476 1641 1526 est
1656 1472 1938 1543 quidquid
1957 1488 2059 1542 pro

413 1560 812 1617 interiectione
840 1560 951 1615 viri
982 1560 1095 1629 sui,
1127 1559 1215 1616 vel
1246 1577 1349 1632 pro
1400 1561 1680 1616 eilusionc
1732 1559 2056 1629 sanguinis,

409 1648 500 1705 vel
530 1666 634 1722 pro
662 1649 986 1723 imparibus
1018 1648 1241 1721 nuptiis
1284 1648 1549 1704 smculari
1602 1649 1735 1720 jure
1781 1646 2058 1722 persolvi-

410 1742 529 1809 tur,
564 1738 638 1794 ad
670 1737 1105 1794 thesaurarium
1136 1736 1389 1793 ecclesiae
1445 1736 1571 1792 sine
1627 1736 1746 1792 ulla
1803 1736 2058 1809 refraga-

410 1828 567 1883 tione
608 1827 923 1899 perveniat.
986 1828 1100 1882 Nec
1158 1826 1324 1880 liccat
1372 1825 1683 1881 abbatibus
1737 1829 1839 1879 aut
1885 1824 2055 1880 alicui

412 1915 878 1988 praepositorum,
912 1913 1000 1970 vel
1031 1931 1273 1969 censum
1332 1913 1550 1984 ipsum,
1608 1912 1696 1967 vel
1756 1913 2060 1968 ratiocinia

413 2020 540 2075 quae
573 2020 641 2059 ex
666 2003 1018 2075 supradictis
1047 2007 1104 2058 et
1160 2001 1292 2058 aliis
1345 2003 1521 2057 rebus
1576 2002 1945 2074 proveniunt,
1998 2003 2057 2057 in

413 2092 648 2148 feodum
679 2092 839 2160 dare,
869 2091 957 2147 vel
988 2090 1101 2148 alio
1134 2108 1485 2163 quocunque
1513 2092 1682 2146 modo
1734 2091 1879 2163 ipsis
1923 2092 2057 2145 .rdi-

411 2181 531 2237 tuis
561 2180 743 2237 ullam
774 2180 1223 2237 diminutionem
1254 2179 1341 2235 vel
1371 2180 1779 2235 alienationem
1813 2180 1944 2234 inde
1952 2181 2058 2245 ja-

414 2286 562 2326 cere.
595 2270 759 2337 Quod
808 2269 1146 2341 quicunque
1199 2269 1659 2341 praesumpserit,
1708 2268 1858 2322 beati
1908 2268 2058 2322 Petri

414 2363 473 2414 et
500 2362 701 2414 nostra
729 2358 1070 2413 auctoritate
1100 2357 1491 2412 anathematis
1520 2356 1751 2411 vinculo
1778 2356 2058 2412 irrevoca-

412 2445 611 2501 biliter
653 2445 929 2518 illigetur.
954 2447 1089 2512 Hoc,
1121 2446 1274 2517 quod
1299 2463 1401 2517 pro
1432 2445 1819 2517 amplitudine
1839 2462 2063 2517 posses-

414 2533 650 2591 sionum
682 2550 924 2590 suorum
954 2533 1041 2589 illi
1101 2532 1356 2589 ecclesiae
1415 2534 1916 2605 pernecessarium
1950 2538 2056 2598 cst,

412 2623 569 2679 beati
589 2622 741 2678 Petri
767 2623 1109 2679 auctoritate
1132 2621 1418 2677 immobili
1469 2623 1701 2677 decreto
1732 2624 2057 2689 ﬁrmamus,

414 2715 501 2781 ut,
535 2711 897 2784 quiabeatus
931 2710 1241 2766 Remaclus
1300 2710 1606 2783 utriusque
1665 2709 1774 2765 loci
1832 2711 2059 2782 primus

414 2801 708 2870 fundator,
742 2799 940 2856 relicto
973 2799 1301 2872 Tungrensi
1331 2800 1667 2872 episcopatu
1690 2816 1825 2855 cum
1858 2799 2059 2856 infulis

419 2888 877 2963 pontiﬁcalibus,
909 2889 1131 2945 eisdem
1161 2888 1304 2944 locis
1335 2887 1562 2961 primus
1596 2889 1777 2944 abbas
1808 2888 2058 2961 praefuit,

418 2978 694 3036 omnibus
723 2978 1062 3035 eorumdem
1092 2977 1354 3034 locorum
1401 2977 1715 3033 abbatibus
1776 2978 1947 3033 ﬁrma
2004 2981 2062 3033 et

415 3068 603 3124 libera
632 3067 851 3142 ligandi
881 3072 1055 3139 atque
1085 3067 1342 3122 solvendi
1390 3071 1647 3138 potestas
1700 3072 2059 3139 permaneat,

416 3161 476 3213 et
505 3172 702 3213 rerum
736 3172 981 3213 suarum
1010 3156 1306 3212 invasores
1334 3173 1368 3212 a
1424 3155 1860 3211 Christianitate
1927 3172 2059 3211 sus-

420 3245 675 3317 pendere
724 3245 1056 3317 iterumque
1110 3249 1171 3300 et
1207 3243 1605 3300 communioni
1662 3252 1875 3299 sanctae
1935 3260 2052 3300 res-

420 3334 633 3391 tituere
664 3332 1033 3407 praevaleant.

491 3420 637 3479 Data
662 3423 860 3480 Remis
880 3440 942 3479 ιιι
963 3422 1157 3478 Nonas
1178 3422 1513 3477 Decembris
1536 3423 1702 3492 (125),
1722 3438 1824 3493 per
1848 3438 2061 3478 manus

418 3511 569 3568 Petri
600 3510 850 3578 diaconi,
882 3510 1307 3567 bibliothecarii
1355 3514 1412 3566 et
1462 3510 1787 3567 caneellarii
1847 3515 2058 3566 sancta:

413 3606 472 3659 et
497 3600 830 3674 apostolicae
868 3600 1046 3668 sedis,
1091 3617 1244 3656 anno
1284 3598 1596 3656 Dominicis
1642 3599 2058 3655 incarnationis

413 3691 572 3761 1049,
595 3707 749 3747 anno
770 3690 971 3746 domni
990 3690 1196 3745 Leonis
1232 3689 1368 3745 noni
1400 3706 1559 3761 papa:
1598 3687 1874 3757 secundo,
1907 3689 2057 3744 indi-

412 3779 605 3836 ctione
636 3796 712 3835 IV.

1194 3867 1307 3922 XX.

396 3942 667 4020 'S.Leonis
688 3958 754 4013 IX
765 3957 1123 4028 privilegium
1137 3956 1201 4028 de
1216 3958 1563 4028 immunitate
1575 3958 1851 4026 prioratus
1869 3956 2058 4013 Sancti

481 4027 880 4098 Marculﬁ,’seu
907 4028 1150 4098 ecclesiae
1169 4027 1236 4081 de
1270 4027 1609 4094 Corbiniuco,
1658 4044 1692 4082 α
1719 4030 2053 4085 monasterio

481 4100 672 4156 Sancti
696 4097 937 4167 Remigii
963 4097 1330 4169 dependentis.

1031 4186 1223 4255 (Anno
1263 4186 1437 4256 1049.)

410 4274 681 4346 [Marlot;
710 4271 1049 4345 Metropolis
1098 4274 1402 4329 Bernensis
1450 4275 1723 4333 Historia.
1776 4277 1846 4343 Il,
1900 4277 2047 4349 408.]

479 4362 758 4435 Congruit
777 4359 1129 4433 apostolatui
1144 4366 1339 4418 nostro
1362 4379 1464 4435 pro
1479 4381 1511 4419 u
1523 4364 1763 4421 niversis
1776 4365 2049 4423 Ecclesiis

407 4450 611 4519 Dei,ne
631 4451 847 4506 damna
866 4467 1062 4506 rerum
1080 4467 1321 4507 suarum
1371 4454 1829 4522 sustineant,sed
1858 4454 2046 4528 magis

407 4543 466 4597 in
499 4539 712 4597 melius
743 4547 1066 4614 augeantur
1121 4545 1178 4596 et
1235 4547 1520 4610 crescant,
1550 4560 1748 4627 curam
1808 4543 2041 4601 habere.

404 4630 612 4704 Igitur,
646 4629 787 4703 quia
808 4629 1186 4686 fraternitatis
1202 4635 1313 4686 tum
1340 4632 1573 4688 dilectio
1597 4649 1704 4688 nos
1733 4633 2045 4704 postulavit

400 4724 693 4793 quatenus
716 4718 1135 4775 monasterium
1168 4722 1321 4793 quod
1348 4737 1584 4793 corpore
1606 4721 1756 4776 beati
1781 4722 2041 4777 Marculﬁ

399 4809 764 4876 nobilitatur,
789 4817 843 4865 et
863 4809 923 4864 in
961 4809 1296 4882 episcopatu
1322 4810 1695 4866 Laudunensi
1726 4810 1906 4865 situm
1934 4815 2041 4877 est,

396 4896 698 4971 privilegio
730 4901 946 4954 sanctae
978 4896 1134 4952 sedis
1165 4896 1491 4968 apostolicae
1525 4897 1911 4965 muniremus,
1927 4914 2041 4970 quo

395 4988 468 5044 ad
499 4987 600 5044 Dei
630 4985 1048 5058 omnipotentis
1073 4984 1307 5041 laudem
1364 4990 1421 5040 et
1469 4987 1734 5057 ejusdem
1777 4986 2038 5043 Marculﬁ

395 5075 901 5133 honoriﬁcentiam
935 5073 1157 5130 nullius
1183 5073 1440 5129 hominis
1462 5074 1701 5129 avaritia
1720 5079 1777 5130 et
1804 5076 2039 5131 temeri-

391 5169 512 5223 tate
539 5164 730 5221 valeat
758 5165 815 5220 in
849 5180 1148 5238 quoquam
1181 5163 1380 5219 minus
1418 5162 1639 5232 violari,
1691 5165 1787 5219 sed
1843 5165 2038 5234 potius

393 5259 678 5329 augeatur
706 5259 762 5310 et
787 5257 1046 5310 crescat:
1080 5257 1316 5325 propter
1353 5253 1741 5308 interventum
1791 5258 1902 5307 tua:
1949 5254 2038 5309 di-

390 5344 659 5402 lectionis
687 5344 1109 5399 conﬁrmamus
1140 5345 1197 5396 et
1221 5343 1667 5398 corroboramus
1694 5341 1803 5397 hoc
1838 5346 2036 5398 nostro

392 5432 758 5490 auctoritatis
812 5432 1113 5505 privilegio
1170 5428 1358 5485 eidem
1422 5431 1776 5486 monasterio
1830 5447 2034 5487 omnes

393 5520 813 5593 possessiones,
843 5523 961 5576 etc."

2171 591 2320 656 coni,
2342 591 2767 647 bibliothecarii
2797 597 2854 647 et
2878 591 3203 647 cancellarii
3236 596 3451 648 sanctae
3482 589 3816 664 apostolicae

2171 679 2348 745 sedis,
2383 697 2535 734 anno
2566 680 2766 735 domni
2797 697 2959 752 papa:
2981 680 3188 736 Leonis
3227 682 3364 736 noni
3418 680 3629 753 primo,
3661 680 3817 736 indi-

2171 768 2359 821 ctione
2390 769 2578 822 tertia.

2171 954 2225 1009 S.
2258 957 2359 1010 Leo
2389 956 2456 1009 IX
2479 955 2765 1024 conﬁrmat
2811 866 3108 1025 ρνίυξιξὲέα
3153 956 3393 1013 abbatis?
3419 960 3480 1014 ις.
3544 956 3815 1028 Dionysii.

2790 1060 2975 1131 (Anno
3010 1062 3192 1133 1049.)

2170 1166 2458 1235 [Doublet,
2512 1168 2747 1221 Histoire
2820 1166 3194 1293 ίέἷρϊίέιέιίαγθ
3260 1169 3325 1224 de
3404 1170 3561 1225 Saint
3611 1171 3815 1242 Denys,

2826 1254 2956 1309 pag.
2994 1254 3115 1293 401.

2240 1352 2370 1417 Leo,
2404 1369 2603 1407 servus
2638 1369 2935 1408 servorum
2974 1353 3073 1407 Dei
3107 1358 3162 1408 et
3218 1352 3484 1408 Ecclesiae
3539 1355 3812 1411 Romanis

2170 1441 2502 1511 episcopus,
2537 1442 2771 1513 regibus
2802 1446 2856 1495 et
2896 1442 3166 1507 ducibus,
3221 1442 3587 1514 principibus
3635 1448 3812 1516 atque

2171 1529 2657 1595 dominutoribus,
2691 1533 2744 1583 et
2776 1530 2859 1584 eis
2882 1530 2982 1601 qui
3008 1547 3163 1585 nunc
3182 1535 3393 1586 suntet
3422 1532 3652 1587 venturi
3674 1536 3812 1588 sunt

2172 1617 2385 1671 tuturis
2410 1616 2788 1688 temporibus.

2240 1704 2522 1769 Quoniam
2550 1705 2730 1774 justis
2763 1704 3143 1775 petitionibus
3184 1723 3491 1763 assensum
3542 1713 3809 1765 nostrum

2171 1793 2423 1863 prmbere
2454 1795 2512 1845 et
2540 1791 2807 1847 Ecclesiis
2862 1798 3075 1849 sanctae
3122 1794 3431 1867 vigilanter
3460 1796 3812 1853 utilitatibus

2167 1887 2392 1951 oportet
2419 1880 2715 1949 inservire,
2749 1886 2857 1936 Deo
2891 1887 3087 1937 nostro
3119 1884 3245 1938 sine
3300 1884 3479 1940 dubio
3537 1901 3643 1956 per
3702 1886 3813 1941 hoc

2169 1985 2474 2040 speramus
2497 1986 2605 2024 nos
2626 1968 2929 2040 placere,si
2950 1988 3040 2027 res
3066 1977 3123 2027 et
3142 1970 3561 2027 ecclesiasticas
3593 1972 3812 2028 consti-

2168 2059 2441 2123 tutiones,
2475 2074 2508 2112 a
2540 2058 2758 2113 sanctis
2781 2059 3049 2115 Patribus
3080 2060 3159 2115 ita
3190 2064 3252 2113 ut
3281 2059 3608 2114 constituta:
3642 2063 3809 2124 sunt,

2168 2164 2447 2217 cogamus
2479 2163 2839 2217 permanere,
2864 2152 2938 2214 et,
2966 2165 3032 2202 ne
3054 2147 3323 2218 deinceps
3344 2148 3415 2202 ab
3446 2146 3667 2218 iniquis
3690 2147 3811 2201 irn-

2169 2251 2321 2305 pune
2353 2240 2822 2305 rorrumpantur,
2859 2241 3055 2291 nostra
3110 2236 3450 2290 auctoritate
3508 2236 3809 2289 roborare.

2168 2324 2528 2393 Quapropter
2560 2330 2762 2377 notum
2795 2324 3041 2378 facimus
3072 2323 3455 2395 praesentibus
3484 2327 3542 2377 et
3570 2321 3809 2392 futuris,

2168 2411 2442 2466 omnibus
2458 2412 2722 2466 videlicet
2748 2412 2982 2483 regibus
3002 2416 3059 2467 et
3091 2410 3737 2483 ducibus,principibus
3755 2416 3813 2466 et

2169 2499 2657 2566 dominatoribus,
2690 2516 2791 2554 seu
2823 2499 3051 2555 cunctis
3082 2497 3413 2572 apostolica:
3446 2499 3602 2555 sedis
3633 2498 3813 2554 ﬁdeli-

2170 2589 2299 2651 bus,
2333 2589 2482 2659 quod
2519 2588 2867 2644 venerabilis
2926 2588 3108 2644 abbas
3156 2589 3317 2660 [iugo
3376 2592 3433 2643 et
3487 2587 3811 2643 monachus

2168 2676 2507 2732 monasterii
2536 2677 2684 2732 beati
2704 2677 2959 2750 Dionysii
2983 2676 3277 2749 martyris,
3310 2676 3411 2732 ubi
3432 2676 3558 2749 ipse
3574 2681 3813 2732 sanctus

2170 2766 2227 2819 in
2250 2782 2443 2835 Cul‘pm
2460 2788 2485 2818 r
2505 2767 2835 2837 requiescit,
2861 2770 3122 2822 nostram
3153 2765 3614 2822 benevolentiam
3634 2765 3814 2838 preci—

2168 2855 2278 2909 bus
2304 2854 2709 2926 imploravere,
2741 2860 3032 2926 quatenus
3054 2854 3355 2928 privilegia
3384 2855 3571 2913 eidem
3606 2871 3814 2911 mona-

2168 2942 2345 2998 sterio
2367 2960 2400 2998 a
2417 2943 2652 2999 domino
2675 2945 2997 3016 Dagoberto
3021 2944 3375 3000 Francorum
3419 2960 3573 3017 rege,
3621 2944 3815 3017 ipsius

2166 3031 2278 3087 loci
2299 3032 3036 3102 fundatore,concessa,sed
3061 3037 3118 3088 et
3137 3032 3445 3088 Clodovius
3468 3032 3623 3088 ﬁlius
3661 3034 3813 3105 ejus,

2169 3137 2489 3194 regumque
2507 3120 2683 3176 simul
2701 3138 2903 3177 eorum
2926 3122 3191 3177 omnium
3212 3121 3658 3177 immunitatum
3680 3138 3817 3178 con-

2089 3236 2132 3302 α
2171 3208 2551 3275 ﬁrmationes,
2577 3210 2913 3282 quicunque
2944 3227 3112 3266 suam
3148 3209 3229 3265 illi
3261 3211 3618 3267 monasterio
3660 3211 3817 3267 beati

2172 3298 2429 3371 Dionysii
2463 3298 2733 3369 martyris
2763 3299 3165 3355 auctoritatem
3198 3298 3641 3373 promulgantes
3671 3316 3816 3372 prae-

2170 3386 2469 3454 stiterunt,
2489 3388 2589 3443 sed
2612 3392 2668 3443 et
2688 3387 3057 3460 privilegium
3098 3389 3254 3459 quod
3279 3388 3414 3443 fecit
3440 3387 3728 3443 Dominus
3759 3391 3819 3444 et

2168 3475 2514 3532 venerabilis
2538 3476 2911 3546 Landericus,
2937 3476 3235 3548 parisiacaa
3267 3477 3431 3533 urbis
3476 3477 3815 3549 episcopus,

2168 3583 2285 3620 una
2308 3582 2441 3620 cum
2464 3582 2753 3621 consensu
2772 3582 3012 3621 suorum
3036 3565 3448 3622 canonicorum
3479 3566 3818 3639 pariterque

2135 3660 2139 3665 '
2169 3654 2421 3727 regionis
2436 3653 2595 3710 illius
2613 3654 3399 3726 episcoporum,delibertate
3419 3660 3476 3711 et
3497 3654 3815 3712 emissione

2166 3743 2509 3799 clericorum
2528 3744 2586 3798 in
2607 3744 2730 3799 suis
2747 3743 3050 3800 ordinibus
3062 3742 3522 3815 omnibus,quod
3545 3742 3817 3800 videlicet

2165 3849 2389 3899 omnes,
2415 3832 2740 3888 secundum
2769 3836 2953 3890 metas
2975 3849 3009 3887 a
3037 3849 3099 3887 se
3130 3832 3433 3900 discretas,
3467 3832 3524 3887 in
3557 3832 3815 3888 circum-

2165 3922 2385 3993 scripto
2416 3921 2539 3977 loco
2569 3920 2827 3977 ecclesiis
2859 3922 3177 3977 servientes
3225 3938 3260 3975 a
3301 3938 3408 3977 sua
3456 3924 3513 3976 et
3542 3922 3812 3977 omnium

2162 4027 2405 4066 suorum
2434 4027 2837 4066 successorum
2872 4014 3154 4083 potestate
3192 4009 3462 4077 absolvit,
3510 4014 3570 4066 et
3612 4010 3814 4066 abbati

2162 4104 2218 4155 et
2250 4099 2528 4155 fratribus
2561 4099 2866 4155 monachis
2899 4099 3219 4172 supradicti
3241 4099 3577 4155 monasterii
3598 4115 3812 4172 regen-

2160 4189 2301 4243 dum
2315 4188 2815 4260 etdisponendum
2830 4188 3182 4244 contradidit
3198 4192 3656 4259 sanctorumque
3670 4204 3814 4260 pra-

2160 4279 2531 4333 decessorum
2565 4280 2919 4346 nostrorum,
2974 4278 3372 4333 Romanorum
3438 4276 3811 4349 pontiﬁcum,

2155 4364 2785 4437 Zachariaa,Stephani,
2821 4366 3046 4433 Leonis,
3083 4366 3342 4436 Adriani,
3375 4363 3589 4421 Nicolai
3624 4365 3812 4436 privi-

2153 4454 2438 4526 legiorum
2472 4454 2704 4510 decreta
2733 4459 2935 4510 sancta
2985 4461 3044 4511 et
3088 4454 3408 4527 apostolica
3455 4453 3810 4511 auctoritate

2154 4544 2517 4611 conﬁrmata,
2553 4560 2656 4599 nec
2686 4560 2802 4599 non
2834 4543 3202 4616 privilegium
3235 4543 3432 4600 domui
3480 4543 3671 4598 Enea:
3699 4543 3807 4599 Pa-

2153 4632 2417 4687 risiensis
2434 4631 2596 4686 urbis
2615 4632 2872 4704 episcopi
2894 4635 2951 4687 et
2978 4632 3386 4704 episcoporum
3415 4630 3575 4687 illius
3606 4631 3807 4705 patria:

2155 4721 2225 4776 de
2257 4720 2517 4793 praedicti
2546 4719 2657 4775 loci
2689 4720 3183 4788 corroboratione,
3219 4720 3585 4793 temporibus
3614 4720 3805 4777 Caroli

2153 4811 2304 4881 regis
2338 4810 2580 4876 factum,
2642 4826 2747 4865 nos
2804 4810 3046 4865 demum
3103 4826 3347 4866 manum
3405 4810 3796 4882 imponentes,

2152 4903 2351 4954 nostra
2380 4899 2551 4955 etiam
2583 4899 2965 4972 dignaremur
2995 4899 3286 4955 roborare.

2222 4987 2597 5043 Providentes
2615 5004 2752 5059 ergo
2774 4988 2963 5043 eidem
2995 4987 3248 5044 ecclesiae
3270 4992 3327 5044 et
3349 4989 3420 5044 ad
3464 4987 3628 5043 muni
3639 5003 3801 5043 men-

2150 5082 2276 5131 tum
2301 5075 2520 5148 praelati
2548 5077 2626 5131 ibi
2653 5076 2904 5141 abbatis,
2938 5087 3114 5148 atque
3146 5077 3392 5132 fratrum
3418 5077 3801 5149 praesentium

2146 5168 2202 5219 et
2233 5164 2585 5231 futurorum,
2610 5165 2707 5236 qui
2734 5165 2792 5219 in
2818 5164 2944 5236 ipso
2965 5164 3281 5221 venerabili
3309 5165 3670 5222 monasterio
3687 5164 3802 5220 Deo

2148 5252 2401 5308 militare
2423 5253 2901 5321 videantur,utile
2920 5254 3063 5326 fore,
3086 5254 3428 5310 auctoritate
3450 5254 3606 5310 beati
3650 5253 3802 5310 Petri

2145 5340 2393 5413 apostoli
2443 5342 2636 5413 (cujus
2693 5359 2800 5398 nos
2858 5342 3138 5398 immeriti
3196 5343 3399 5400 vicarii
3459 5344 3696 5414 sumus)
3746 5346 3802 5399 et

2145 5432 2357 5484 nostrae
2389 5430 2688 5502 privilegio
2720 5432 2944 5504 paginae
2996 5432 3411 5503 praedictorum
3441 5444 3652 5504 regum
3696 5446 3800 5487 seu

2144 5517 2638 5590 praedecessorum
2672 5526 3007 5577 nostrorum
3038 5526 3095 5577 et
3118 5521 3530 5595 episcoporum
3561 5536 3800 5577 venera-

426 5624 613 5703 «(1Α25ὶ
639 5625 745 5681 Pro
776 5642 858 5682 ιιι.
891 5628 1029 5683 Non.
1061 5624 1366 5684 Decembris
1409 5625 1723 5701 legendum
1782 5641 1844 5682 ιιι
1893 5625 2030 5686 Νοη.
2090 5623 2370 5692 Octobris;
2430 5640 2534 5683 nec
2591 5624 2817 5700 reliqua
2873 5628 3157 5701 temporis
3216 5628 3388 5702 signa
3431 5626 3596 5686 vitiis
3650 5639 3799 5703 pura

426 5624 613 5753 (125}
639 5625 745 5681 Pro

390 5700 548 5757 sunt.
616 5710 773 5755 arra.
