3974 6206
127 396 244 463 62!

128 532 344 588 bilium
378 532 650 603 ejusdem
685 531 885 603 patriis
918 531 1149 586 decreta
1178 533 1545 599 roboramus,
1579 548 1780 603 regum
1813 541 1863 605 Α

130 621 399 678 omnium
432 609 761 693 potentiam
794 620 914 675 sive
945 636 1351 675 successorum
1395 627 1726 676 nostrorum
1758 638 1790 675 a

130 710 363 766 Christo
384 710 666 766 creditam
689 709 1095 764 auctoritatem
1141 710 1522 777 obtestantes,
1585 727 1655 764 ne
1712 709 1837 765 low

128 817 265 856 cum
287 800 476 855 sancti
499 798 782 871 Dionysii,
813 797 1029 853 Christi
1053 798 1487 870 martyris,suis
1537 800 1785 853 auctori-

129 889 351 945 tatibus
371 893 429 945 et
447 887 769 961 privilegiis
791 886 1245 957 roboratum,vel
1269 903 1369 958 per
1392 886 1564 953 se,vel
1588 904 1690 958 per
1706 886 1785 941 si-

128 977 188 1033 bi
218 976 487 1033 subditos
534 992 772 1049 quoquo
829 976 1004 1031 modo
1053 976 1322 1031 temerari
1378 975 1679 1047 patiantur
1722 974 1783 1029 in

129 1082 340 1121 savum.
364 1065 704 1121 Sancientes
729 1065 909 1137 igitur
926 1063 1379 1136 promulgamus
1402 1080 1472 1118 ne
1496 1063 1651 1119 ullus
1672 1062 1784 1118 ali-

132 1155 373 1226 quando
396 1154 694 1210 Parisiacm
718 1153 883 1209 urbis
905 1153 1239 1225 episcopus,
1281 1170 1517 1224 quaqua
1562 1152 1782 1207 ratione

129 1242 222 1299 vel
244 1259 593 1315 quacunque
618 1259 816 1310 causa,
838 1241 1039 1297 abbati
1065 1242 1151 1296 vel
1205 1242 1482 1296 tratribus
1519 1241 1781 1313 praedicti

127 1331 244 1387 loci
268 1333 338 1389 de
358 1331 725 1404 parochianis
749 1331 1053 1398 suis,faclo
1076 1331 1228 1401 apud
1252 1347 1387 1385 eum
1410 1329 1662 1385 clamore
1685 1347 1780 1385 su-

62 1488 68 1493 _
127 1438 234 1494 per
252 1421 346 1477 bis
366 1437 494 1492 quas
518 1418 1251 1489 malefacerint,justitiam
1292 1419 1570 1490 deneget:
1619 1419 1776 1490 quod

129 1511 179 1566 si
201 1510 418 1576 fecerit,
440 1508 594 1564 sicut
610 1506 895 1579 singulari
918 1506 1215 1579 privilegio
1237 1508 1491 1562 domnus
1530 1506 1775 1578 Stepha-

128 1615 266 1665 nus,
290 1602 625 1653 antecessor
643 1600 862 1660 noster,
885 1596 1172 1650 concessit
1189 1594 1273 1651 eis
1295 1600 1637 1666 potestatem
1670 1594 1772 1650 eli-

125 1688 306 1761 gendi
327 1703 396 1742 ex
415 1701 477 1741 se
496 1691 553 1740 et
572 1683 821 1739 habendi
840 1683 1202 1756 episcopum,
1227 1684 1307 1739 ita
1327 1688 1383 1739 et
1400 1701 1506 1739 nos
1522 1699 1625 1755 per
1654 1684 1700 1739 si
1710 1702 1771 1739 n-

124 1776 333 1849 gulare
349 1774 712 1847 privilegium
736 1778 1003 1829 nostrum
1023 1773 1108 1829 eis
1137 1774 1512 1832 concedimus
1540 1779 1622 1837 ut,
1646 1773 1768 1829 vice

127 1864 317 1920 nostri
342 1862 616 1929 nominis,
638 1863 886 1918 habeant
910 1866 1253 1935 potestatem
1286 1861 1646 1933 percutiendi
1669 1878 1766 1940 eos

123 1953 501 2009 anathemate
523 1957 580 2007 et
597 1951 892 2007 relaxandi
919 1956 1050 2023 post
1097 1950 1574 2015 satisfactionem,
1623 1951 1775 2006 sicut

120 2040 510 2098 constitutum
527 2040 783 2095 vidimus
799 2046 856 2094 et
868 2040 1304 2095 corroboratum
1320 2040 1772 2111 approbavimus

123 2132 183 2186 in
208 2128 509 2203 privilegio
519 2130 645 2200 jam
666 2128 804 2183 dicti
830 2129 1017 2184 [Encas
1043 2127 1388 2184 Parisiensis
1409 2128 1773 2201 episcopi,t‘a-

120 2225 217 2275 cto
238 2235 523 2275 consensu
547 2217 960 2273 canonicorum
986 2217 1586 2283 suorum,Suessionis
1608 2217 1664 2273 in
1688 2234 1771 2273 re-

115 2308 241 2381 gali
258 2307 479 2380 synodo
502 2306 794 2362 residente
815 2322 948 2377 rege
968 2307 1164 2361 Carols
1184 2310 1240 2360 et
1257 2307 1772 2378 concedente,prae-

114 2396 466 2452 sentibuset
499 2394 688 2449 eidem
734 2394 1132 2449 annuentibus
1181 2410 1359 2465 super
1397 2394 1770 2466 parochianis

112 2485 274 2553 suis,
296 2488 352 2539 et
373 2482 550 2553 hujus
567 2481 1003 2539 constitutionis
1025 2481 1330 2539 violatores
1378 2484 1770 2540 anathematis

109 2572 318 2647 gladio
342 2571 825 2645 percutientibus,
849 2576 967 2627 tam
985 2570 1448 2642 metropolitanis
1472 2571 1629 2627 illius
1668 2590 1766 2645 pa-

107 2665 268 2732 tria,
292 2661 512 2719 scilicet
524 2661 833 2716 Hincmaro
855 2660 1459 2725 Remensi,Wanilone
1474 2665 1767 2717 Senonen-

106 2755 179 2821 si,
216 2749 498 2808 Venilone
520 2749 1000 2822 Rothomagensi,
1016 2748 1261 2804 Rodult‘o
1283 2749 1766 2816 Bituricensi,He-

108 2842 289 2899 rat-do
311 2838 662 2905 Turonensi,
704 2837 961 2894 Frotario
1007 2837 1434 2910 Burdigalensi,
1484 2855 1662 2910 quam
1710 2844 1767 2894 et

108 2932 506 3003 sutl‘ragantes
523 2944 748 2994 eorum,
771 2926 870 2998 qui
894 2924 1126 2999 plenius
1156 2927 1214 2981 in
1239 2927 1438 2982 eodem
1464 2926 1764 3000 privilegio

106 3020 511 3078 inveniuntur.
535 3015 912 3089 Praecipimus
929 3032 1161 3088 quoque
1180 3033 1252 3071 ne
1273 3016 1405 3088 quis
1428 3033 1625 3072 eorum
1640 3016 1762 3089 epi-

108 3125 450 3183 scoporum,
475 3124 510 3163 a
537 3106 754 3179 quibus
771 3105 885 3161 ista
900 3104 1195 3177 postulare
1213 3105 1520 3173 voluerint,
1545 3105 1628 3161 eis
1650 3105 1765 3161 ole-

109 3217 230 3268 um,
257 3197 523 3254 chrisma
544 3192 798 3262 tabulas,
846 3193 1301 3258 benedictiones,
1350 3194 1587 3250 ordines
1635 3194 1759 3251 suis

1101 396 1511 461 EPISTOLE
1532 399 1656 469 .E'l‘
1699 396 2059 462 DECRETA
2106 401 2579 466 PONTIFICIA.

1803 1911 1851 1975 B

2527 540 2713 607 (Anno
2750 540 2928 611 1049.)
3519 530 3528 538 ’

1975 623 2086 677 Lso
2126 624 2452 696 episCOpiis,
2490 644 2692 682 servus
2724 644 3022 683 servorum
3084 629 3204 697 Dei,
3264 630 3541 687 omnibus

1902 716 2112 765 sancta:
2134 713 2395 768 Ecclesize
2416 714 2550 770 [iliis
2570 720 2685 770 tam
2707 718 3090 788 praesentibus
3108 736 3284 790 quam
3306 706 3539 776 futuris.

1969 800 2195 855 Gratias
2229 808 2465 873 agentes
2496 803 2610 859 Deo
2642 812 2699 859 et
2719 805 2965 860 Domino
2996 806 3135 862 Jesu
3166 807 3414 878 Christo,
3439 807 3540 881 qui

1897 888 2358 944 mediocritatem
2390 897 2649 946 nostram
2692 893 2867 949 nullis
2925 896 3150 950 meritis
3206 896 3413 952 fultam
3465 898 3539 953 ad

1894 976 2221 1045 apostolica:
2258 983 2445 1033 tamen
2480 980 2636 1034 sedis
2663 980 2893 1036 culmen
2924 985 3130 1053 evexit,
3163 991 3219 1039 et
3251 986 3539 1058 synodali-

1900 1063 2012 1117 bus
2034 1064 2280 1119 decretis
2311 1066 2381 1121 de
2420 1084 2657 1138 corpore
2695 1086 2870 1124 sacra:
2902 1071 3383 1142 Christianitatis,
3444 1075 3538 1130 cui

1897 1151 2020 1221 ipse
2046 1158 2223 1224 caput
2243 1155 2555 1225 est,aliqua
2573 1158 3104 1215 inconvenientiaet
3124 1162 3298 1217 etiam
3323 1179 3535 1220 nocen-

1890 1240 1963 1294 tis
1993 1247 2299 1312 amputare
2320 1244 2627 1311 concessit,
2652 1262 2754 1315 per
2775 1246 2923 1301 hanc
2946 1255 3159 1303 nostrae
3206 1252 3539 1323 praeceptio-

1893 1328 1985 1383 uis
2007 1329 2278 1402 paginam
2298 1330 2717 1387 innotescimus
2743 1351 2942 1388 eorum
2967 1336 3163 1407 aliqua
3184 1355 3308 1408 quae
3343 1341 3535 1410 gessi-

1895 1433 2029 1471 Inus
2055 1417 2111 1470 in
2133 1418 2353 1486 synodo
2399 1418 2839 1490 Moguntina,in
2888 1439 3005 1492 qua
3054 1424 3221 1477 nobis
3274 1427 3540 1482 consedit

1891 1507 2355 1576 prudentissima
2372 1508 2473 1562 filii
2494 1509 2675 1563 nostri
2690 1510 2919 1565 IIenrici
2938 1512 2979 1565 Il
2998 1510 3393 1568 Romanorum
3425 1513 3537 1569 im-

1889 1595 2175 1664 peratoris
2196 1598 2494 1665 majestas,
2513 1598 2953 1670 multorumque
2966 1602 3212 1655 fratrum
3224 1606 3281 1657 et
3310 1602 3535 1675 coepis-

1891 1699 2169 1754 00p01um
2189 1691 2521 1740 nostrorum
2538 1704 2641 1741 nec
2655 1704 2768 1742 non
2785 1688 2996 1743 abbatu
3008 1707 3061 1743 Ill
3079 1691 3537 1748 reverendasan-

1875 1773 2446 1839 ctitas,lionestorum
2462 1774 2806 1831 clericorum
2820 1777 3288 1848 atquelaicorum
3302 1780 3534 1854 religio-

1885 1878 2087 1916 sorum
2135 1870 2419 1933 praesente
2468 1881 2580 1919 non
2605 1881 2782 1935 parva
2814 1865 3211 1923 multitudine.
3247 1868 3538 1926 Damnata

1882 1951 2040 2004 enim
2073 1951 2393 2006 simoniaca
2434 1953 2642 2007 haeresi
2671 1970 2854 2024 eaque
2886 1954 3164 2010 radicitus
3194 1956 3530 2029 exstirpata,

1884 2056 2019 2094 cum
2046 2039 2115 2094 de
2146 2040 2356 2094 divinis
2389 2041 2597 2095 officiis
2629 2047 2685 2095 et
2716 2042 2899 2096 sacris
2943 2042 3249 2109 ordinibus
3305 2045 3533 2102 diversa

1882 2132 2320 2199 emergerentur
2352 2129 2599 2201 negotia,
2632 2146 2763 2184 ecce
2796 2129 3036 2201 quidam
3098 2132 3400 2209 Bertaldus
3431 2151 3531 2190 no-

1881 2215 2037 2271 mine
2066 2233 2261 2271 coram
2293 2234 2355 2272 se
2385 2217 2626 2289 protulit
2652 2235 2832 2289 seque
2858 2219 3362 2293 archiepiscopum
3420 2223 3529 2279 Ve-

1881 2304 2119 2360 sonticee
2151 2323 2279 2361 esse
2326 2305 2618 2374 clamavit,
2652 2324 2836 2378 eaque
2866 2308 2937 2363 de
2992 2326 3051 2363 ro
3098 2311 3527 2380 querimoniam

1881 2409 1944 2447 se
1976 2392 2119 2448 velle
2143 2395 2347 2460 facere,
2381 2396 2521 2466 quia
2552 2394 2757 2450 multis
2778 2396 2906 2466 jam
2938 2396 3109 2453 annis
3138 2402 3294 2454 esset
3330 2416 3529 2456 conse-

1879 2490 2072 2537 cratus
2107 2499 2209 2537 nec
2242 2490 2530 2555 receptus,
2566 2483 2747 2539 inimo
2776 2483 2929 2539 alius
2947 2485 3145 2540 sedem
3173 2502 3343 2541 suam
3372 2486 3528 2544 inva-

1878 2570 2040 2625 sione
2069 2572 2412 2641 possideret.
2447 2573 2569 2637 Quo
2596 2571 2747 2627 dicto
2778 2589 2993 2645 rogans
3021 2572 3134 2629 sibi
3166 2574 3317 2630 clam
3335 2575 3526 2631 causi-

1878 2658 2073 2713 dicum
2097 2660 2333 2713 fratrem
2370 2664 2635 2715 nostrum
2685 2660 3090 2717 Coloniensem
3138 2663 3525 2736 archiepisco-

1877 2764 2016 2819 pum
2036 2748 2464 2803 Lermoennum
2485 2749 2759 2805 laudante
2778 2751 2997 2823 synodo
3020 2751 3306 2823 nobisque
3331 2770 3524 2809 annu-

1875 2836 2110 2891 entibus
2123 2843 2429 2893 assecutus
2442 2838 2663 2903 est.Qui
2678 2856 2919 2894 sumens
2940 2856 3177 2896 causam
3191 2842 3318 2912 ejus
3332 2841 3527 2897 dicen-

1876 2928 2009 2980 dam
2032 2942 2065 2981 a
2087 2943 2219 2997 rege
2234 2927 2712 2998 Burgondionum
2745 2928 2995 2985 Rodulfo
3034 2946 3276 2987 exorsus
3292 2935 3405 3002 est,
3428 2930 3524 2987 cui

1870 3015 2023 3071 idem
2040 3014 2265 3070 Bertald
2277 3033 2343 3070 us
2360 3016 2750 3072 t'amulabatur
2762 3018 3198 3092 indebitamque
3210 3021 3343 3091 subj
3352 3020 3525 3077 ectio-

1872 3121 2003 3159 nem
2021 3103 2555 3176 impendebat,cum
2570 3106 2713 3162 forte
2725 3107 2969 3180 contigit
2984 3108 3285 3166 Hectorem
3299 3109 3522 3166 archie-

1869 3194 2173 3265 piscopum
2196 3193 2669 3250 Vesonticensem
2702 3214 2735 3252 a
2766 3199 3025 3269 corporis
3051 3199 3301 3256 vinculis
3331 3199 3521 3256 absol-

108 3286 502 3361 temporibus,
525 3284 837 3357 proutipse
857 3283 1041 3338 abbas
1061 3283 1147 3337 vel
1179 3284 1406 3349 fratres,
1426 3282 1515 3338 vel
1557 3299 1757 3340 suces-
1791 3276 1833 3340 ί)
1868 3282 1921 3336 vi
1945 3283 2188 3354 ejusque
2204 3282 2539 3339 cathedram
2575 3302 2873 3341 remanere
2912 3304 3175 3343 vacuam.
3210 3288 3517 3345 Bonefacio

110 3395 276 3435 sores
295 3392 499 3433 eorum
521 3372 886 3445 expetierint,
909 3378 1225 3444 praesumat
1248 3372 1561 3445 denegare:
1594 3379 1652 3429 et
1690 3390 1762 3429 ne

110 3466 245 3540 quis
260 3465 677 3537 episcoporum
711 3461 1014 3517 Parisiacae
1042 3461 1202 3515 urbis
1233 3460 1351 3516 haec
1368 3458 1455 3517 eis
1496 3462 1761 3534 deneget,

111 3556 196 3612 vel
214 3553 405 3611 alium
427 3553 563 3624 quis
582 3551 666 3607 eis
678 3549 1367 3621 contuleritinterpellare
1380 3568 1484 3623 pro
1502 3551 1609 3606 hoc
1622 3568 1765 3623 quo-

120 3661 240 3717 quo
265 3648 531 3713 tempore
554 3644 752 3708 tentet,
776 3639 1017 3696 omnino
1040 3638 1452 3695 interdicentes
1498 3640 1765 3712 prohibe-

114 3750 273 3790 mus.
303 3730 426 3785 Hoc
448 3729 625 3785 etiam
638 3729 918 3800 jubemus
941 3732 1005 3784 ut
1027 3746 1130 3801 pro
1152 3728 1347 3784 causis
1369 3733 1426 3784 et
1472 3729 1771 3802 responsis

115 3820 380 3878 ecclesia:
412 3836 532 3875 suae
555 3823 811 3874 nostram
838 3823 1017 3890 atque
1040 3823 1373 3874 nostrorum
1397 3835 1772 3875 sucessorum

118 3907 775 3967 audientiam-licenter
821 3906 1079 3963 habeant
1124 3906 1419 3979 appellare
1477 3912 1535 3963 et
1590 3907 1773 3974 adire,

122 3999 440 4071 nullusque
470 4014 570 4054 eos
595 3997 827 4052 interim
876 3996 1265 4052 condemnare
1320 4001 1377 4052 et
1431 4014 1524 4053 res
1574 4014 1776 4053 eorum

124 4088 396 4144 invadere
429 4089 689 4154 conetur,
725 4085 879 4157 quod
911 4102 946 4141 a
974 4086 1192 4141 nostris
1222 4085 1426 4157 utique
1456 4088 1778 4158 praedeces-

126 4177 380 4246 soribus,
410 4176 495 4233 eis
527 4181 665 4232 ante
695 4175 1085 4230 constitutum
1118 4179 1229 4231 est.
1292 4177 1453 4241 Quod
1513 4176 1561 4230 si
1620 4177 1780 4248 quis-

129 4282 302 4338 quam
335 4267 743 4336 cujuscunque
773 4264 1086 4336 potientiae,
1145 4264 1228 4319 vel
1292 4281 1541 4336 persona
1584 4268 1782 4337 cujus-

130 4371 357 4426 cunque
387 4353 613 4410 ordinis
648 4352 736 4409 vel
768 4352 956 4408 zetatis
984 4352 1095 4409 hoc
1151 4358 1384 4421 nostrae,
1420 4358 1777 4411 nostrorum-

129 4460 244 4514 que
276 4443 771 4514 praedecessorum
803 4440 1172 4497 auctoritatis
1219 4442 1588 4515 privilegium
1644 4460 1787 4515 quo-

130 4547 251 4603 quo
282 4532 455 4586 modo
487 4548 665 4587 ansus
696 4530 873 4587 fuerit
901 4530 1136 4601 violare,
1163 4531 1521 4603 sempiterno
1544 4533 1786 4588 damne-

1868 3388 2001 3426 vero
2016 3372 2168 3442 regis
2180 3371 2332 3426 idem
2352 3372 2937 3441 Bertaldus,dictante
2950 3378 3245 3433 causidico
3260 3396 3386 3447 suo,
3395 3395 3525 3450 pro-

1877 3459 2584 3515 fessusestinvestituram
2606 3480 2667 3517 se
2687 3465 2953 3534 ejusdem
2980 3465 3521 3537 archiepiscopatus

1876 3548 2189 3619 accepisse,
2224 3565 2407 3619 eoque
2458 3566 2592 3621 rege
2648 3553 3017 3623 praecipiente
3047 3571 3081 3608 a
3137 3552 3525 3625 sulfraganeis

1881 3636 2169 3707 episc0pis
2188 3642 2589 3692 consecratum
2614 3640 2794 3695 fuisse
2815 3645 2872 3695 et
2892 3642 2947 3695 in
2965 3642 3099 3697 sede
3113 3640 3427 3713 episcopali
3444 3656 3531 3696 se-

1884 3726 2041 3780 disse
2063 3729 2118 3779 et
2147 3725 2321 3779 etiam
2353 3726 2754 3785 ordinationes
2786 3729 2989 3785 fecisse
3015 3748 3027 3785 :
3087 3731 3187 3786 sed
3238 3728 3531 3786 contradi-

1886 3819 2049 3869 cente
2079 3813 2191 3868 sibi
2223 3814 2624 3886 episcopatum
2657 3819 2912 3888 quodam
2942 3819 3155 3873 comite
3212 3817 3533 3889 Willelmo,

1883 3908 2086 3974 postea
2114 3904 2421 3973 expulsum
2457 3919 2491 3958 a
2520 3902 2796 3962 Walterio
2857 3913 3218 3963 antecessore
3276 3907 3540 3980 Hugonis

1888 3992 2155 4061 ejusdem
2188 3990 2343 4046 sedis
2374 3992 2817 4068 archiepiscopi,
2853 3996 2955 4068 qui
2985 3997 3161 4052 etiam
3192 4002 3405 4053 nostra:
3450 4014 3543 4070 sy-

1892 4081 2044 4135 nodo
2070 4080 2365 4149 intererat,
2391 4086 2591 4138 contra
2610 4101 2786 4156 quem
2818 4085 2889 4141 de
2922 4103 3031 4141 sua
3060 4087 3196 4143 sede
3227 4086 3541 4143 clamabat.

1891 4169 2133 4225 Dicebat
2164 4170 2339 4225 etiam
2403 4172 2577 4242 qmd,
2639 4178 2772 4245 post
2828 4176 3227 4248 expulsionem
3285 4193 3548 4245 suam,a

1896 4260 2159 4315 Romano
2192 4260 2463 4332 pontifice
2492 4261 2734 4332 pallium
2768 4281 2901 4320 cum
2933 4265 3236 4338 privilegio
3260 4266 3549 4340 acceperit

1897 4364 1963 4404 ac
1993 4350 2250 4422 suscepti
2286 4349 2527 4406 honoris
2557 4354 3065 4411 confirmationem
3090 4374 3103 4424 ;
3132 4356 3223 4411 cui
3255 4356 3549 4428 querimo-

1901 4438 2009 4492 niae
2028 4438 2533 4510 ipsumllugonem
2556 4441 3058 4516 archiepisc0pum
3083 4445 3379 4517 jussimus
3427 4462 3547 4502 res-

1905 4528 2182 4598 pondere,
2204 4527 2303 4598 qui
2332 4528 2505 4584 etiam
2522 4534 2722 4586 nostra
2763 4532 3128 4605 indulgentia
3175 4535 3551 4593 Bremensem

132 4624 231 4675 tur
273 4618 661 4688 anathemate,
699 4619 918 4693 ligatus
944 4621 1114 4677 beato
1148 4624 1365 4688 -Petro,
1427 4621 1715 4693 nobisque
1758 4640 1793 4678 a
1825 4645 1871 4709 Β
1908 4615 2411 4709 arehiepiscopum
2445 4617 2743 4677 Albertum
2772 4624 2831 4676 in
2863 4639 3036 4678 suum
3070 4625 3318 4696 sescepit
3365 4624 3557 4682 causi-

133 4707 246 4763 Deo
278 4724 559 4764 concessa
588 4712 883 4781 potestate
915 4727 927 4778 ;
962 4714 1400 4766 conservatores
1450 4715 1645 4766 autem
1679 4712 1793 4767 fru-

136 4801 305 4853 antur
333 4797 763 4854 benedictione.

204 4885 415 4942 Datum
449 4886 623 4943 tertio
654 4887 800 4943 Non.
837 4887 1063 4957 Octob.,
1096 4904 1198 4959 per
1228 4905 1441 4944 manus
1470 4889 1621 4944 Petri
1665 4890 1790 4945 dia-

136 4973 286 5042 coni,
319 4975 748 5032 bibliothecarii
783 4981 841 5032 et
870 4976 1204 5032 cancellarii
1235 4982 1448 5032 sancta:
1481 4983 1537 5033 et
1563 4984 1793 5051 aposto-

134 5058 256 5116 licae
285 5064 463 5134 sedis,
496 5081 651 5120 anno
684 5065 885 5120 domni
915 5064 1124 5121 Leonis
1154 5083 1314 5138 papa:
1344 5066 1408 5121 IX
1441 5068 1648 5139 primo,
1701 5069 1789 5123 in-

136 5149 272 5206 dict.
306 5170 390 5208 ιιι.

875 5224 1046 5281 ΧΧΙΙ.

138 5307 192 5364 S.
224 5312 326 5368 Leo
358 5312 425 5368 1X
462 5314 523 5368 in
553 5313 760 5385 synodo
816 5315 1137 5389 Moguntina
1202 5316 1597 5387 quadringinta
1653 5320 1793 5389 epis-

205 5398 486 5459 coporum,
514 5389 791 5459 praesente
819 5388 1075 5442 Heinrico
1102 5389 1458 5459 imperatore,
1517 5388 1793 5444 Simoin'a-

203 5469 337 5531 cam,
358 5456 622 5531 Ιῑξνεζςίηι
645 5456 892 5520 damnat,
938 5456 1333 5531 repudiatoque
1386 5460 1658 5525 Bertaldo,
1709 5476 1791 5514 ec-

205 5527 383 5583 clesiae
413 5528 844 5603 Vesontionensz's
873 5527 1145 5603 invasere,
1181 5527 1457 5600 Hilgonem
1493 5531 1792 5603 archiepis-

177 5611 404 5670 copum
434 5602 634 5669 sancit,
658 5602 815 5674 eique
845 5602 1027 5656 crucis
1046 5603 1318 5673 palh‘z‘que
1341 5618 1505 5658 usum
1530 5602 1789 5659 concedit.

207 5684 506 5759 [Theiner,
540 5688 960 5765 Dz'squisitz’ones
981 5690 1202 5763 critica,
1237 5705 1367 5765 pag.
1400 5690 1553 5767 203.]

1906 4705 2123 4761 dicum.
2142 4709 2262 4771 Quo
2284 4708 2540 4763 dictante
2566 4709 2757 4765 taliter
2776 4712 3003 4783 objecta
3033 4713 3205 4784 ccepit
3235 4714 3513 4784 repellere
3536 4728 3551 4768 :

1902 4796 2059 4868 quod
2095 4796 2285 4852 eidem
2317 4796 2583 4851 Bertaldo
2641 4800 2838 4856 sedem
2871 4817 3048 4871 quam
3081 4799 3413 4872 requirebat
3442 4815 3550 4856 nec

1906 4886 2029 4958 ipse
2060 4884 2384 4951 abstulerit,
2419 4903 2521 4941 nec
2554 4891 3063 4955 autecessorsuus,
3089 4888 3545 4961 quianunquam

1904 4975 1960 5029 in
1996 4976 2193 5031 sedem
2227 4974 2607 5042 ascendisset,
2643 4994 2944 5049 nunquam
2972 4978 3049 5032 ibi
3075 4977 3399 5050 quidquam
3427 4976 3551 5049 epi-

1906 5063 2216 5135 scopaliter
2244 5062 2478 5134 egisset,
2505 5080 2608 5134 pro
2629 5082 2696 5120 eo
2722 5067 2876 5137 quod
2897 5083 3001 5121 nec
3023 5065 3214 5122 clerus
3235 5083 3341 5122 nec
3371 5081 3559 5139 popu-

1907 5151 2001 5208 lus
2030 5169 2164 5209 eum
2180 5151 2435 5223 elegerit,
2470 5169 2575 5207 nec
2606 5153 2679 5207 ab
2710 5154 2793 5209 eis
2820 5158 3085 5226 receptus
3116 5158 3225 5226 est,
3244 5155 3347 5211 sed
3390 5151 3552 5209 omni

1910 5240 2368 5298 contradictione
2396 5240 2687 5313 repulsus,
2713 5242 2850 5314 quia
2875 5259 3147 5314 magnam
3168 5242 3475 5317 pecuniam
3495 5243 3567 5299 ut

1909 5332 2221 5405 episcopus
2244 5331 2406 5385 fieret
2427 5330 2543 5403 regi
2570 5331 2849 5399 dedisset,
2873 5338 2927 5387 et
2955 5333 3093 5403 quia
3122 5330 3567 5404 contrajusloci

1909 5420 2160 5490 fecisset,
2188 5419 2287 5493 qui
2319 5437 2551 5492 semper
2582 5420 2925 5477 electionem
2981 5423 3071 5477 sui
3130 5423 3386 5496 episcopi
3439 5423 3571 5497 ipse

1907 5499 2235 5565 habuisset.
2302 5511 2373 5566 Se
2398 5528 2531 5566 vero
2566 5512 2623 5566 in
2660 5511 2862 5567 eadem
2896 5511 3140 5569 ecclesia
3193 5530 3326 5571 cum
3380 5513 3579 5571 ofﬁcio

1902 5599 2155 5656 cantoris
2194 5600 2557 5671 fungeretur,
2580 5607 2810 5658 mortuo
2855 5607 3220 5661 antecessore
3280 5620 3411 5673 suo,
3442 5620 3572 5661 me-

1904 5691 2151 5747 moravit
2181 5706 2213 5746 a
2244 5689 2396 5746 clero
2429 5696 2485 5747 et
2512 5693 2728 5767 populo
2759 5692 3005 5753 electum
3042 5700 3098 5753 et
3146 5696 3321 5757 etiam
3383 5693 3572 5754 invite
