3974 6206
376 425 498 491 623
1444 428 1509 487 S.
1556 426 1837 490 LEONIS
1881 424 1959 487 1X
2000 424 2228 488 PAPIE
2270 426 2707 491 OPUSCULA.
3662 418 3791 493 621

377 565 761 627 abstractum,
793 562 867 627 et,
900 557 1173 628 cumjam
1204 556 1264 612 in
1308 556 1645 629 episcopatu
1682 560 1745 611 t8
1794 576 2014 613 annum
2048 560 2099 625 Α
2132 559 2272 630 priis
2304 559 2832 629 subsm-iptionibus
2864 561 3201 619 confirmari
3224 562 3524 635 jussimus
3544 563 3617 620 ad
3654 564 3783 621 lau-

376 654 631 719 duceret,
656 663 957 720 nunquam
976 662 1039 702 se
1058 645 1315 718 amplius
1338 645 1661 718 quidquam
1711 646 2015 701 calumniae
2127 649 2260 703 dcm
2293 649 2391 703 Dei
2425 654 2479 702 ct
2510 649 2741 703 Domini
2774 650 2958 706 nostri
2987 653 3125 708 Jcsu
3156 651 3394 709 Christi.

372 741 443 796 ab
466 740 666 796 eodem
680 735 948 793 Bertaldo
967 751 1315 808 perpassum
1337 735 1395 789 in
1410 734 1611 806 aliqua
1631 736 2015 807 synodo,cum
2197 737 2480 792 Henricus
2512 737 2612 792 Dei
2644 739 2831 810 gratia
2862 742 3156 798 secundus
3209 741 3610 799 Romanorum
3669 741 3787 799 im‘

359 829 489 901 jam
510 825 713 884 multis
732 824 1112 890 interfuisset,
1134 824 1235 879 sed
1266 839 1369 879 nec
1393 824 1567 878 etiam
1593 822 1814 895 aliquid
1839 841 2017 894 super
2127 831 2356 896 perator
2384 827 2708 896 Augustus.

366 915 475 973 hac
507 931 567 971 re
591 914 834 970 verbum
868 910 1081 967 alicubi
1115 916 1318 966 contra
1357 928 1418 966 se
1454 911 1632 965 fuisse
1691 911 2007 983 prolatum,
2196 913 2453 968 Johanes
2484 914 2820 971 Portueusis
2851 917 3187 990 episcopus.

365 1018 500 1062 cum
531 1001 727 1076 quiete
757 1000 1046 1075 pastorale
1077 1000 1336 1055 officium
1370 1000 1723 1072 sumpsisset
1739 1004 1794 1054 et
1815 1001 2014 1071 quiete
2196 1002 2299 1057 Hic
2331 1003 2446 1057 duo
2481 1003 2748 1058 Romani.

366 1097 506 1150 tunc
528 1108 714 1165 usque
736 1091 1223 1148 administrasset.
1260 1088 1599 1160 Requisitus
1632 1094 1720 1143 est
1751 1093 1946 1145 autem
1978 1107 2012 1145 a
2197 1092 2382 1146 Bardo
2410 1091 2870 1163 Magontinensis
2903 1094 3160 1168 archiep.

367 1183 589 1256 synodo
611 1182 736 1255 ipse
757 1180 1062 1237 Bertaldus
1085 1180 1134 1236 si
1156 1178 1297 1251 quid
1348 1178 1749 1251 proposuisset
1781 1178 2010 1234 eviden-
2197 1182 2568 1237 Burchardus
2597 1182 3031 1241 Alvestedensis
3054 1203 3177 1259 eps.

366 1271 528 1329 tibus
552 1270 906 1328 testimoniis
927 1270 1171 1342 probare
1194 1266 1500 1340 potuisset,
1536 1268 1692 1339 quod
1713 1266 1934 1323 scilicet
1952 1266 2012 1323 in
2195 1269 2467 1325 Albertus
2497 1271 2842 1343 Spragensis
2875 1289 2997 1345 eps.

366 1361 503 1421 sede
523 1359 741 1418 sederit
758 1359 958 1431 ibique
992 1357 1389 1413 ordinationes
1437 1357 1653 1424 fecerit,
1701 1373 1876 1427 super
1905 1357 2013 1413 hoc
2196 1359 2359 1414 Ruod
2393 1360 2873 1417 Padebrunnens.
2901 1378 3026 1434 eps.

366 1449 717 1523 etiamquod
738 1448 959 1504 electus
980 1451 1136 1503 esset
1168 1462 1203 1501 a
1224 1444 1362 1501 filiis
1388 1444 1677 1515 Ecclesire,
1726 1446 1881 1516 quod
1914 1462 2012 1501 ca-
2194 1447 2385 1502 Sibico
2418 1447 2674 1519 Spirens.
2711 1466 2833 1520 eps.

366 1554 550 1595 nones
575 1534 1054 1610 pracipiunttieri
1089 1535 1318 1591 debere.
1342 1534 1490 1600 Quid
1540 1534 1708 1606 plura
1730 1536 1758 1589 ‘I
1806 1535 2011 1590 Consi-
2196 1536 2534 1590 Gebeardus
2556 1538 2844 1592 Astetens.
2878 1554 3002 1610 eps.

365 1627 513 1687 lium
529 1626 715 1701 petiit,
738 1624 1160 1683 concessimus.
1183 1624 1495 1689 Reversus,
1530 1640 1658 1695 quae
1709 1623 2014 1695 proposuit
2193 1623 2473 1678 Arnull‘us
2508 1626 2925 1680 Wormrciens.
2950 1642 3075 1698 eps.

366 1730 503 1773 cum
533 1717 780 1791 probare
808 1731 924 1771 non
955 1717 1173 1787 posset,
1204 1713 1690 1784 iuterrogavimus
1742 1729 1773 1765 a
1811 1716 2011 1766 sancta
2193 1710 2476 1766 A'lalbero
2506 1710 2935 1785 Wiziburgens.
2970 1731 3094 1788 eps.

366 1804 588 1878 synodo
615 1803 757 1878 quid
788 1819 965 1876 super
995 1802 1104 1857 hoc
1135 1801 1366 1857 decerni
1424 1800 1743 1855 debuisset.
1803 1800 2009 1871 Itaque
2192 1799 2586 1855 Theodoricus
2617 1801 3043 1860 Constannens.
3080 1821 3225 1878 eps..

364 1895 491 1967 pari
512 1906 802 1951 consensu
816 1895 872 1948 et
900 1889 1197 1990 communi
1227 1888 1520 1997 consulto,
1553 1888 1793 1997 prolatis
1842 1903 2007 1944 sanc-
2043 1931 2092 1997 B
2191 1887 2585 1997 Ilerimannus
2616 1890 2972 1997 (De‘Castello
2997 1893 3309 1996 Felicitatis
3333 1910 3457 1968 eps.

363 1986 559 2039 torum
586 1996 875 2037 canonum
910 1979 1241 2047 sententiis,
1286 1978 1539 2033 decrevit
1589 1981 1793 2034 sancta
1847 1992 2013 2050 syno-
2043 1975 2092 1997 ”
2191 1975 2583 2033 Herimannus
2614 1978 2943 2037 Coloniens.
2982 1982 3235 2056 archiep.

367 2072 478 2127 dtis
499 2070 774 2127 eumdem
789 2067 1148 2133 Bertaldum,
1171 2084 1206 2122 a
1224 2066 1360 2122 ﬁliis
1379 2066 1645 2122 Ecclesia
1695 2084 1808 2122 non
1858 2066 2010 2122 elcc-
2192 2066 2388 2121 Benno
2417 2067 2773 2138 Trajortens.
2805 2086 2928 2140 eps.

366 2164 515 2231 tum,
540 2176 658 2217 non
682 2161 1123 2231 receptum,non
1165 2172 1268 2228 pro
1291 2162 1524 2228 pastore
1571 2156 1860 2226 habitum’,
1910 2156 2011 2211 sed
2192 2159 2385 2211 Bruno
2418 2156 2703 2213 Mindeus.
2733 2174 2859 2231 eps.

368 2254 602 2324 semper
638 2247 1035 2327 repudiatum,
1074 2244 1642 2317 semperrepulsum,
1668 2244 1865 2300 imitis
1888 2245 2011 2300 dari
2196 2244 2496 2301 Albcricus
2527 2246 3024 2321 Osembrungens.
3060 2265 3180 2321 eps.

366 2356 485 2396 non
508 2337 769 2412 potuisse
791 2352 895 2393 nec
929 2335 1225 2399 debuisse,
1249 2334 1496 2405 ideoque
1544 2338 1823 2406 perpetua
1870 2337 2011 2390 taci-
2194 2334 2479 2391 Robectus
2511 2336 3157 2408 Munigardevordensis
3187 2353 3308 2410 eps.

366 2426 651 2483 turnitate
674 2425 747 2481 ab
768 2422 1112 2495 hujusmodi
1129 2422 1495 2494 querimonia
1516 2423 1722 2477 debere
1744 2438 1972 2477 cessare
1997 2441 2009 2489 ;
2193 2423 2481 2479 Tetuinus
2516 2424 2818 2481 Leodions.
2852 2443 2975 2498 eps.

368 2516 674 2588 Hugonem
698 2528 833 2569 vero
853 2510 1362 2584 archiepiscopum
1386 2527 1419 2566 a
1439 2511 1589 2565 clero
1607 2515 1663 2566 et
1682 2510 1897 2583 populo
1912 2528 2012 2566 ex-
2196 2513 2359 2585 Hugo
2390 2512 2774 2585 Crisopolitan
2784 2532 2852 2571 us
2882 2516 3169 2589 archieps.

366 2600 1143 2678 petitum,electum,sedem
1188 2603 1350 2655 tanto
1395 2604 1656 2671 tempore
1702 2600 2016 2672 tranquille
2192 2601 2586 2658 Tiieodoricus
2618 2603 2920 2660 Bisileens.
2955 2620 3079 2677 eps.

368 2690 793 2767 possidentem,
833 2688 997 2745 nulla
1036 2704 1297 2761 unquam
1342 2687 1639 2743 calumnia
1695 2689 1766 2743 ab
1810 2689 2012 2744 eodem
2196 2692 2561 2748 Hebreardus
2587 2692 2913 2749 Trevirens.
2948 2692 3236 2767 archieps.

366 2779 1564 2854 Bertaldoinquietandum,perpetuapacc
1604 2778 1812 2833 debere
1849 2795 2010 2834 eum-
2193 2781 2480 2838 Adalbero
2514 2781 2755 2838 Metens.
2789 2798 2913 2854 eps.

367 2872 502 2927 dem
524 2870 921 2942 episcopatum
935 2866 1400 2941 possidere,quia
1416 2866 1512 2922 ille
1524 2872 1723 2939 pastor
1742 2871 1899 2923 esset
1914 2867 2015 2939 qui
2195 2870 2434 2926 Iiescelo
2467 2872 2873 2943 Slrsburgens.
2916 2888 3040 2943 eps.

367 2976 473 3034 per
492 2957 1102 3028 ostiumintraret,qui
1148 2973 1282 3012 vero
1335 2954 1693 3019 aliunde,fur
1739 2960 1796 3011 et
1843 2955 2011 3012 latro.
2197 2959 2480 3014 HeniiCUS
2512 2966 2864 3029 Augustens.
2901 2976 3025 3032 eps.

367 3052 551 3117 Quam
576 3047 931 3106 sententiam
946 3048 1171 3117 justam
1189 3044 1532 3101 etcanonice
1557 3045 1839 3117 prolatam
1889 3062 2017 3102 nos-
2197 3047 2501 3103 Ascelinus
2528 3048 2991 3121 Bavenbergens.
3026 3064 3148 3119 eps.

367 3142 462 3194 tra
484 3142 541 3194 et
561 3135 878 3210 apostolica
897 3134 1218 3191 auctoritas
1255 3133 1843 3200 roboravit,laudante
1894 3134 2019 3190 dul-
2199 3135 2531 3208 Stephanus
2561 3136 2822 3208 Antiquae
2856 3136 3025 3193 Urbis
3053 3153 3176 3210 eps.

371 3228 610 3285 cissimo
636 3225 754 3282 lilio
773 3230 971 3283 nostro
994 3223 1404 3297 pronominato
1450 3223 1734 3293 Augusto,
1786 3229 2019 3278 cuncto-
2199 3225 2505 3281 Ascelinus
2538 3226 2941 3282 Eldmensens.
2976 3244 3099 3299 eps.

371 3316 612 3390 que,qui
633 3314 1011 3382 aderat,clero
1033 3319 1089 3368 et
1105 3310 1572 3385 populo.Placuit
1587 3311 1762 3366 etiam
1782 3310 2008 3367 univer-
2042 3300 2085 3366 C
2197 3314 2518 3369 Balduinus
2543 3313 2987 3389 Salseburgens.
3020 3315 3309 3388 archieps.

369 3423 448 3463 sae
474 3406 695 3479 synodo
714 3408 911 3461 uestro
934 3401 1248 3475 apostolico
1282 3402 1569 3456 tutamine
1613 3400 1883 3455 eumdem
1904 3400 2015 3455 IIu-
2194 3404 2526 3461 Gebeardns
2561 3403 2968 3476 Ratisponens.
3003 3420 3123 3477 eps.

369 3511 582 3568 gonem
601 3491 1104 3565 archiepiscopum
1129 3488 1342 3545 muniri
1363 3489 1873 3560 debere,imposito
1888 3505 2016 3544 nos-
2196 3494 2331 3548 Nizo
2366 3491 2701 3565 Frisigjens.
2736 3510 2859 3566 eps.

362 3588 469 3642 tris
490 3581 860 3641 auctoritatis
875 3580 1357 3645 anathemate,ne
1371 3594 1631 3649 unquam
1654 3576 2012 3650 deincepsli-
2197 3583 2319 3637 Duo
2350 3581 2606 3653 episcopi
2639 3582 3085 3638 Leuticicorum.

364 3670 802 3730 ceretBertaldo
824 3667 1452 3741 aliquamcalumniam
1480 3667 1691 3722 inferre
1734 3670 1861 3721 tum
1901 3667 2013 3739 ipsi
2193 3669 2585 3726 Theodoricus
2609 3671 2972 3728 Verdunens.
3009 3686 3133 3745 eps.

362 3761 953 3836 archiepiscopo,tum
975 3757 1151 3814 etiam
1174 3758 1302 3829 ejus
1318 3755 1715 3812 Vesonticensi
1734 3754 2010 3812 ecclesiae:
2195 3760 2527 3815 Hunl‘redus
2558 3760 3043 3834 Magdeburgens.
3075 3777 3194 3833 eps.

363 3851 519 3925 quod
531 3847 1105 3921 etfecimus,proprio
1118 3862 1216 3903 ore
1229 3845 1450 3918 synodo
1467 3846 1852 3916 respondente
1866 3845 2008 3902 Fiat.
2194 3850 2387 3904 Bruuo
2416 3854 2764 3905 Smannens.
2797 3866 2921 3922 eps.

360 3938 1108 4013 ﬂat.Quapropterdignum
1122 3936 1418 4002 duximus,
1439 3939 1560 3989 tam
1591 3935 1663 3989 ad
1705 3933 1883 4005 hujus
1907 3936 2011 4004 rei,
2194 3937 2459 3994 Unaldus
2491 3937 2958 4011 Meresburgens.
2990 3955 3113 4012 eps.

358 4029 703 4087 memoriam
718 4029 914 4084 futuro
928 4031 1187 4099 tempore
1201 4024 1528 4079 habendam
1552 4040 1727 4095 quam
1743 4025 1813 4079 ad
1827 4040 2012 4080 exem-
2187 4027 2565 4082 Tancoardus
2608 4027 3224 4102 Braudeneburgensis
3243 4044 3369 4102 eps.

358 4117 523 4192 plum
543 4117 794 4191 posteris
814 4116 1100 4181 dandum,
1122 4114 1319 4170 omnia
1340 4113 1494 4168 sicut
1532 4112 1823 4184 promissa
1870 4118 2010 4169 sunt
2199 4117 2357 4171 Ebbo
2387 4117 2832 4188 Nuenburgens.
2866 4134 2986 4189 eps.

359 4206 675 4263 scribenda
694 4222 842 4261 esse.
902 4203 1124 4268 Quibus
1182 4202 1266 4257 ita
1311 4202 1661 4268 terminatis,
1705 4219 1823 4257 una
1870 4219 2005 4257 cum
2187 4211 2463 4267 Albanus
2494 4208 2771 4262 Bremens
2803 4206 3090 4279 archieps.

358 4293 677 4368 episcopali
708 4292 921 4357 ofﬁcio,
944 4291 1122 4347 etiam
1181 4289 1697 4361 archiepiscOpalia
1753 4290 2009 4363 insignia
2185 4298 2350 4357 walo
2385 4297 2685 4367 lburgens.
2720 4295 3014 4350 Danorum
3044 4312 3167 4369 eps.

362 4383 553 4439 eidem
586 4381 812 4454 Hugoni
869 4379 1305 4450 archiepiscopo
1363 4395 1466 4449 per
1524 4378 1674 4433 hanc
1730 4379 2005 4451 paginam
2183 4386 2467 4444 Tetuinus
2499 4383 2910 4439 Concordiens.
2945 4401 3068 4457 eps.
3103 4386 3175 4440 de
3207 4383 3489 4457 Aquileia.

359 4472 738 4529 concedimus
784 4474 842 4526 et
882 4469 1339 4535 conﬁrmamus,
1372 4484 1603 4522 crucem
1658 4467 1923 4524 videlicet
1950 4476 2009 4527 et
2185 4479 2398 4533 Datum
2432 4491 2524 4528 xlv
2556 4472 2676 4527 Kal.
2713 4472 2988 4528 Novemb.
3042 4488 3145 4545 per
3198 4489 3407 4529 manus
3459 4470 3615 4527 Petri
3639 4471 3779 4529 diu-

360 4559 605 4633 pallium
627 4564 683 4616 et
713 4557 999 4632 quidquid
1023 4561 1420 4612 antecessores
1444 4558 1572 4628 ejus
1589 4557 1660 4613 ab
1678 4563 2007 4616 antecesso-
2113 4566 2264 4632 coni,
2297 4562 2723 4619 bibliothecarii
2758 4566 2815 4617 et
2843 4560 3173 4618 cancell’urii
3223 4566 3436 4619 sancta
3497 4560 3779 4634 apostoli-

357 4648 523 4706 ribus
550 4648 764 4707 nostris
785 4650 1020 4703 constat
1040 4645 1527 4719 promeruisse,ut
1548 4648 1645 4718 qui
1692 4648 2002 4720 polletme-
2033 4673 2079 4737 Β
2111 4672 2188 4712 οδε
2220 4654 2397 4718 sedis,
2432 4667 2583 4707 anno
2617 4650 2817 4705 domni
2851 4650 3059 4707 Leonis
3093 4668 3255 4724 papae
3306 4650 3521 4723 primo,
3570 4649 3779 4705 iudic-

355 4736 1362 4809 ritorumlaudabilidignitate,tam
1398 4736 1455 4790 in
1507 4736 1719 4792 virtute
1758 4738 2004 4794 scientia
2034 4736 2051 4737 ί
2111 4746 2267 4802 tione
2297 4744 2489 4799 tertia.
2924 4738 3122 4795 XXIII.

353 4832 606 4905 quamin
622 4844 850 4885 morum
870 4824 1410 4897 honeslale,polleat
1426 4825 1600 4879 etiam
1623 4832 1995 4882 ornamento-
2107 4836 2163 4892 s,
2198 4836 2297 4889 Leo
2328 4833 2393 4887 IX
2417 4830 2810 4886 monasterium
2840 4830 3321 4905 Laureshamenge,
3349 4831 3569 4905 petente
3608 4826 3775 4905 Hein-

354 4901 486 4977 rum
506 4916 1016 4994 pulchritudinein
1039 4916 1199 4971 omni
1221 4913 1740 4985 archiepiscopalis
1785 4915 1994 4969 culmi-
2178 4908 2290 4961 rica
2341 4906 2685 4973 imperatore,
2747 4901 3010 4956 tuendum
3055 4902 3303 4973 suscipit,
3348 4901 3596 4970 bonaque
3650 4901 3774 4971 ejus

354 5010 444 5046 nia
460 5008 822 5046 ninniinrlino
851 5003 1396 5046 anmnnmnminnrit
1416 5004 1471 5046 in
1490 5004 1770 5046 extim-inm:
1793 5004 1997 5046 ἠρηηιιρ
2176 4975 2485 5046 conﬁmt'

352 5010 446 5067 nis
458 5008 1051 5083 plenitudine,sempe
1064 5003 1396 5060 meminerit
1416 5004 1475 5058 in
1490 5004 1770 5058 exteriore
1793 5004 1998 5061 decore

350 5061 1621 5167 integio—remﬁdecorem‘procurare,ut,forma
1660 5093 1848 5148 factus
1903 5093 1998 5149 do-
2733 5061 2915 5133 (Anno
2949 5062 3134 5129 1059-)

347 5165 1119 5262 minicigregis,exemplum
1159 5182 1297 5238 boni
1342 5182 1532 5254 aperis
1550 5183 1697 5237 dese
1744 5184 1916 5251 praebt

1813 5184 1996 5237 about
2501 5166 2730 5234 [Mansi,
2767 5166 3008 5232 Concil.,
3041 5166 3185 5233 XIX,
3219 5165 3378 5237 691.]

346 5278 773 5346 suis,virtutem
792 5272 1506 5349 pontificatussimulcum
1523 5272 1993 5328 nominchabcns
2174 5278 2282 5332 Leo
2316 5276 2381 5331 IX
2412 5276 2743 5346 episcopus,
2777 5290 2979 5329 servus
3010 5289 3312 5330 servorum
3349 5270 3466 5339 Dei,
3501 5270 3766 5329 dilectis-

343 5372 585 5442 pontem
604 5385 665 5424 se
683 5368 901 5423 faciens
918 5369 974 5420 et
1001 5380 1102 5436 pro
1136 5380 1197 5418 se
1247 5364 1523 5434 populum
1582 5361 1680 5417 Dei
1725 5363 1793 5416 ad
1856 5379 1991 5415 eum
2103 5367 2252 5423 simo
2282 5364 2365 5419 eis
2396 5362 2633 5417 domino
2667 5362 2981 5428 UDALRICO,
3016 5360 3289 5434 religioso
3327 5359 3530 5417 abbati
3587 5376 3765 5418 vene-

343 5457 780 5514 transmittens.
806 5456 963 5511 Hanc
985 5470 1116 5509 vero
1163 5454 1456 5525 paginam,
1506 5458 1569 5506 ut
1614 5469 1791 5508 omne
1834 5453 1989 5523 quod
2104 5453 2303 5511 rabilis
2333 5450 2839 5507 Lauressamensis
2870 5449 3160 5516 Ecclesiae,
3193 5454 3250 5507 et
3299 5454 3484 5524 perte
3541 5449 3604 5505 in
3665 5466 3765 5506 eo-

343 5543 564 5615 legitur
583 5545 801 5601 certius
822 5544 1123 5607 habeatur,
1147 5541 1391 5613 propriae
1432 5557 1643 5597 manus
1692 5540 1988 5613 subscrip-
2099 5544 2234 5599 dem
2289 5537 2606 5596 venerabili
2630 5539 2986 5596 monasterio
3043 5540 3165 5597 tuis
3222 5536 3676 5603 successoribus
3709 5538 3765 5594 in

338 5626 505 5690 tione
529 5634 586 5685 et
607 5632 719 5703 ipsi
740 5630 1263 5698 corroboravimus,
1289 5634 1344 5685 et
1372 5634 1628 5703 augusta
1657 5646 1835 5685 manu
1865 5645 1991 5686 coe-
2098 5631 2470 5707 perpetuum.

343 5718 842 5804 piscoporumque
872 5722 1226 5789 nostrorum,
1259 5718 1361 5794 qui
1382 5719 1465 5777 ibi
1497 5718 1805 5791 ati’uerant,
1860 5736 1989 5795 pro-
2170 5714 2461 5788 Quoniam
2479 5715 2847 5777 concedenda
2869 5721 3163 5797 suntquae
3184 5714 3645 5778 rationabilibus
3665 5716 3763 5777 do-
3870 5790 3871 5803 χ
