3974 6206
1212 322 1619 395 EPISTOLAZ
1662 327 1762 393 ET
1805 326 2170 394 DECRETA
2211 328 2686 401 PONTIFICIA.

3532 330 3655 399 626

221 463 469 523 sideriis
488 464 788 540 pertinere
808 465 1155 535 noscuntur,
1177 466 1361 523 nostri
1382 468 1745 539 apostolatus
1765 481 1896 522 auc-
1922 464 1977 531 Α
2008 464 2231 533 datum,
2259 472 2315 523 et
2346 484 2479 524 cum
2512 467 2743 525 diabolo
2771 470 2829 526 et
2856 466 3131 525 omnibus
3162 464 3368 542 impiis
3396 483 3531 527 eum
3561 430 3653 528 in-

216 556 439 613 toritas
459 556 531 613 ad
558 556 951 613 roborandam
977 555 1133 629 piam
1157 556 1516 611 devotionem
1541 560 1745 611 sancta
1767 554 1895 610 loca

222 645 699 705 construentium
724 644 785 701 in
810 646 1159 718 praetendis
1191 646 1506 717 privilegiis
1528 646 1697 701 debet
1717 643 1891 698 mini-

222 752 322 792 me
345 734 649 807 abuegari.
672 735 876 806 Igitur,
902 734 1039 806 quia
1069 734 1408 791 excellentia
1440 733 1764 807 spiritualis
1789 731 1889 786 filii

221 825 413 881 nostri
433 823 656 880 domini
680 824 747 879 Η.
765 823 1016 897 piissimi
1041 823 1409 895 imperatoris
1428 822 1675 895 Augusti
1698 825 1893 894 postu-

218 913 369 970 lavit
401 931 435 970 a
460 912 632 970 nobis
661 917 952 985 quatenus
985 912 1407 968 monasterium
1441 912 1533 977 N.,
1566 911 1719 983 quod
1753 927 1889 965 con-

217 1006 516 1059 structum
544 1018 672 1059 esse
705 1005 935 1059 certum
959 1005 1048 1057 est
1068 1019 1102 1056 a
1125 1000 1407 1073 piissimis
1435 999 1512 1054 im
1522 999 1889 1072 pcratoribus

226 1090 440 1148 Carolo
468 1090 682 1163 Magno
713 1094 771 1146 et
801 1089 921 1145 ﬁlio
953 1090 1083 1161 ejus
1114 1089 1401 1145 Ludovico
1432 1088 1888 1159 eorumdemque

234 1181 703 1245 successoribus,
730 1178 830 1235 ubi
857 1179 1032 1235 modo
1049 1176 1397 1234 venerabilis
1418 1177 1600 1232 abbas
1623 1175 1690 1233 N.
1716 1191 1888 1247 regu-

228 1266 345 1324 lari
389 1268 736 1325 institutioni
781 1283 1031 1340 praesse
1058 1267 1309 1333 videtur,
1342 1264 1630 1338 privilegii
1672 1270 1884 1319 sancta

232 1355 510 1413 Romana
539 1361 595 1413 et
616 1356 950 1430 apostolica
974 1356 1131 1412 sedis
1153 1356 1342 1411 modis
1364 1355 1639 1410 omnibus
1661 1355 1888 1408 decore-

225 1449 347 1511 tur,
383 1434 607 1501 scilicet
635 1449 705 1501 ut
736 1444 957 1501 nullius
980 1444 1101 1515 juri
1135 1448 1191 1499 et
1219 1444 1420 1499 ditioni
1456 1442 1838 1498 submittatur
1870 1452 1882 1490 :

222 1532 356 1590 ideo
378 1533 490 1606 piis
503 1533 815 1590 desideriis
831 1532 1157 1605 spiritualis
1176 1532 1276 1587 filii
1297 1531 1479 1587 nostri
1495 1529 1886 1597 favontes,hac

223 1626 427 1678 nostra
456 1621 780 1696 apostolica
809 1622 1154 1678 auctoritate
1198 1621 1568 1677 decernimus
1600 1620 1655 1675 id
1688 1619 1884 1692 ipsum

226 1711 537 1783 prafatum
569 1712 991 1767 monasterium
1023 1715 1080 1766 et
1100 1711 1271 1767 modo
1301 1714 1358 1766 et
1386 1726 1574 1783 usque
1605 1709 1674 1765 ad
1709 1708 1885 1763 tinem

228 1799 431 1855 saculi
462 1801 572 1855 sub
594 1800 913 1871 patrocinio
938 1804 1155 1856 sancta
1186 1800 1460 1855 Romana
1482 1803 1538 1854 et
1555 1795 1884 1871 apostolica

231 1888 445 1944 matris
475 1888 762 1958 Ecclesia,
783 1905 916 1943 cum
961 1888 1238 1944 omnibus
1272 1905 1398 1961 qua
1430 1889 1500 1944 ad
1535 1886 1677 1942 illud
1709 1884 1885 1958 perti-

226 1981 388 2041 nent,
409 1977 895 2049 permanendum.
921 1977 1301 2033 Decernimus
1350 1976 1549 2049 igitur,
1574 1976 1683 2031 sub
1706 1971 1884 2030 divini

214 2064 430 2136 judicii
458 2065 850 2121 obtestatione
872 2071 929 2121 et
949 2064 1103 2121 beati
1128 2065 1277 2120 Petri
1305 2064 1701 2136 apostolorum
1731 2064 1886 2137 prin'

229 2152 394 2229 cipis,
410 2158 748 2226 nostraque
767 2153 1122 2209 humilitatis
1142 2152 1574 2219 interdictione,
1597 2157 1663 2209 ut
1688 2152 1888 2209 nullus

227 2244 285 2299 in
312 2242 514 2316 aliquo
536 2245 722 2316 gradu
750 2241 1229 2312 constitutus,vel
1249 2244 1305 2297 in
1332 2241 1592 2313 quolibet
1612 2242 1813 2297 ordine
1830 2245 1887 2297 et

222 2332 795 2397 ministerio,audeat
818 2332 1060 2390 moleste
1084 2332 1280 2389 causis
1302 2331 1570 2402 ejusdem
1588 2335 1884 2387 monaste-

228 2422 300 2478 rii
331 2422 693 2488 incumbere,
711 2424 814 2476 aut
835 2422 907 2477 de
933 2422 1107 2477 rebus
1130 2426 1228 2477 aut
1250 2420 1720 2493 possessionibus
1743 2435 1885 2491 quo-

228 2527 345 2583 quo
371 2511 552 2567 modo
575 2510 802 2566 auferre
831 2514 931 2565 aut
963 2509 1355 2567 alienare.seu
1380 2509 1538 2581 ipsos
1570 2508 1890 2564 monachos

220 2601 363 2656 inibi
378 2601 503 2656 Deo
528 2600 842 2656 servientes
866 2599 1195 2671 inquietare
1218 2604 1551 2670 prasumat,
1567 2616 1669 2653 nec
1688 2614 1889 2669 quam-

220 2686 362 2745 libet
382 2688 678 2744 malitiam
701 2692 760 2743 et
778 2688 1026 2759 jactura
1058 2686 1395 2743 molestiam
1426 2688 1641 2742 ibidem
1672 2686 1886 2741 inferre

225 2782 493 2844 conetur,
519 2778 660 2832 dum
684 2778 942 2849 profecto
965 2776 1205 2843 illud,ut
1228 2793 1380 2848 sape
1402 2776 1739 2849 pradictum
1774 2781 1880 2844 est,

222 2869 395 2923 ﬁrma
418 2865 746 2923 stabilitate
766 2870 823 2921 et
836 2864 1262 2936 jurisdictione,
1283 2867 1393 2919 sub
1416 2865 1733 2936 patrocinio
1756 2881 1885 2919 san-

225 2960 325 3011 cta
347 2960 570 3012 nostra
592 2956 864 3010 Romana
893 2955 1102 3009 matris
1126 2953 1394 3009 Ecclesia
1418 2954 1878 3026 permanendum

2002 554 2191 610 cendii
2233 557 2601 613 atrocissimo
2650 557 2937 631 supplicio
2985 557 3357 631 deputatum.
3391 561 3466 615 At
3512 574 3650 617 vero

2001 642 2099 714 qui
2133 643 2227 716 pio
2257 645 2468 701 intuitu
2503 650 2701 702 custos
2733 652 2790 703 et
2819 648 3158 703 observator
3185 663 3389 704 eorum
3419 650 3652 707 exstite-

2002 730 2094 794 rit,
2129 734 2478 789 omnimoda
2510 736 2930 792 benedictionis
2970 737 3241 808 gratiam,
3265 738 3649 811 omniumque

2000 826 2369 891 peccatorum
2396 841 2638 879 suorum
2664 824 3090 881 absolutionem
3118 829 3175 881 et
3198 825 3645 899 indulgentiam,

1999 912 2055 963 et
2084 910 2335 967 calcatis
2359 912 2486 966 vita
2517 914 2937 970 beatitudinem
2969 930 3101 969 cum
3128 916 3348 972 sanctis
3369 919 3426 971 et
3445 916 3647 975 electis

1999 1013 2031 1051 a
2064 998 2611 1057 misericordissimo
2663 1002 2905 1058 Domino
2955 1003 3070 1057 Deo
3119 1007 3317 1060 nostro
3365 1006 3643 1078 conseQui

1998 1092 2295 1143 mereatur
2322 1089 2377 1143 in
2412 1090 2625 1145 saecula
2653 1090 3020 1147 saeculorum.
3054 1093 3257 1148 Amen.

2069 1174 2215 1229 Data
2262 1194 2317 1230 x1
2372 1177 2493 1231 Kal.
2547 1179 2853 1234 Novembr.
2907 1196 3011 1250 per
3057 1194 3269 1236 manus
3317 1182 3467 1238 Petri
3519 1181 3645 1239 dia-

1997 1263 2125 1317 coni
2175 1267 2233 1317 et
2269 1264 2693 1321 bibliothecarii
2741 1271 2798 1321 et
2846 1266 3174 1322 cancellarii
3233 1274 3447 1325 sancta
3504 1286 3644 1342 apo-

1996 1350 2213 1407 stolica
2264 1352 2440 1421 sedis,
2473 1370 2626 1410 anno
2670 1354 2894 1411 domini
2943 1355 3152 1411 Leonis
3200 1360 3263 1414 P.
3304 1357 3517 1429 primo.
3548 1359 3644 1414 In-

1997 1439 2134 1494 dict.
2169 1458 2252 1495 Ill.

2722 1550 2912 1608 XXIV.

2148 1637 2201 1692 S.
2237 1638 2337 1694 Leo
2360 1640 2427 1695 IX
2449 1641 2805 1711 parthenonis
2836 1640 2888 1696 S.
2924 1641 3101 1696 Mauri
3136 1638 3489 1696 Virdunensis

2265 1714 2624 1782 possessiones
2653 1718 2703 1767 et
2731 1712 3028 1783 privilegia
3057 1713 3363 1783 conﬁrmat.

2615 1800 2801 1872 (Anno
2832 1802 3018 1873 1049.)

2067 1886 2233 1958 [Dom
2266 1887 2507 1959 Calmet,
2542 1891 2779 1946 Histoire
2802 1890 2869 1945 de
2912 1892 3199 1958 Lorraine,
3233 1890 3277 1956 I,
3309 1892 3570 1959 Preuves,

2658 1978 2789 2035 pag.
2824 1964 2970 2029 424.]

2069 2064 2183 2120 Leo
2211 2066 2540 2139 episcopus,
2570 2085 2773 2123 servus
2804 2083 3102 2123 servorum
3130 2067 3255 2136 Dei,
3278 2066 3443 2122 fratri
3463 2067 3644 2123 Tusc-

1994 2168 2201 2209 nomco
2230 2155 2616 2212 Virdunensis
2646 2156 2913 2212 Ecclesia
2944 2155 3199 2229 prasuli,
3231 2156 3474 2229 suisque
3506 2172 3643 2213 suc-

1993 2244 2323 2298 cessoribus
2355 2245 2410 2300 in
2447 2249 2816 2317 perpetuum.

2064 2332 2121 2386 Si
2165 2333 2385 2388 devotis
2433 2334 2531 2389 Dei
2583 2334 2845 2390 fidelium
2896 2334 3279 2406 petitionibus
3318 2349 3640 2391 assensum

1994 2420 2632 2487 dederimus,videlicet
2660 2426 2727 2478 ut
2756 2439 2850 2479 res
2882 2428 3220 2479 sanctarum
3246 2422 3643 2481 Ecclesiarum

1993 2526 2194 2565 eorum
2248 2512 2640 2583 procurationi
2675 2511 3045 2579 commissas,
3082 2513 3236 2567 unde
3282 2509 3504 2583 duplici
3551 2524 3643 2567 re-

1995 2599 2260 2654 fectionis
2295 2605 2462 2671 pastu
2504 2600 2823 2656 sustentari
2856 2601 3064 2657 debeat
3110 2617 3250 2673 grex
3279 2599 3644 2672 Dominicus,

1994 2690 2175 2743 nostri
2210 2688 2509 2759 apostolici
2546 2689 2831 2762 privilegii
2865 2690 3209 2745 auctoritate
3240 2690 3472 2745 firmare
3496 2686 3644 2745 veli-

1994 2794 2148 2841 mus,
2167 2777 2510 2833 universalis
2533 2783 2744 2833 sancta
2766 2778 3035 2835 Ecclesia
3065 2778 3243 2834 statui
3268 2778 3643 2851 profuturum

1992 2865 2235 2921 minime
2268 2867 2636 2933 dubitamus,
2668 2868 2787 2922 imo
2815 2867 2886 2921 ab
2917 2867 3046 2939 ipso
3078 2867 3282 2922 divina
3312 2865 3643 2923 misericor-

1989 2954 2098 3008 dia
2117 2955 2273 3010 fonte
2296 2954 2454 3027 large
2477 2956 2838 3011 remunerari
2860 2956 3177 3012 credimus.
3193 2954 3356 3011 Unde
3372 2954 3642 3011 omnium

222 3044 550 3101 sancimus.
580 3043 865 3098 Addimus
896 3047 1170 3115 praterea
1217 3048 1349 3115 post
1394 3043 1618 3098 obitum
1651 3042 1879 3097 abbatis
1989 3043 2409 3099 catholicorum
2436 3045 2667 3118 Deoque
2698 3044 3057 3117 placentium
3091 3044 3441 3101 universitas
3468 3055 3643 3101 nove-

220 3137 285 3190 ut
311 3150 493 3190 nemo
515 3132 734 3187 ibidem
760 3132 1027 3187 abbatem
1052 3131 1387 3197 constituat,
1411 3132 1521 3186 nisi
1555 3148 1726 3202 quem
1752 3148 1881 3185 con-

1987 3132 2065 3188 rit
2087 3133 2212 3203 jam
2247 3133 2382 3188 dicti
2412 3134 2750 3189 Theodorici
2782 3134 3152 3190 dilectissimi
3198 3132 3468 3206 prasulis
3500 3146 3640 3189 con-

225 3239 440 3279 sensus
475 3226 533 3277 et
564 3221 896 3277 communis
916 3220 1187 3277 voluntas
1210 3221 1455 3275 fratrum
1479 3220 1693 3275 ibidem
1719 3236 1883 3291 regu-
1912 3202 1956 3268 C
1995 3202 2194 3287 senisu,
2217 3227 2275 3278 et
2305 3225 2417 3279 Ave
2449 3223 2755 3279 abbatissa
2786 3223 2879 3295 pio
2909 3238 3146 3295 precum
3178 3202 3534 3290 interventu,
3555 3218 3641 3278 lo-

219 3310 424 3368 lariter
473 3310 801 3366 viventium
834 3327 903 3365 ex
944 3310 1073 3382 ipsa
1131 3310 1579 3381 congregatione
1634 3308 1891 3381 elegerit,

225 3400 584 3471 nullumque
613 3399 924 3472 pramium
948 3399 1067 3454 sive
1088 3399 1306 3453 donum
1336 3415 1437 3469 pro
1460 3398 1896 3453 consecratione

225 3489 385 3545 illius
408 3488 651 3545 abbatis
667 3530 680 3553 ,
699 3488 797 3559 qui
821 3492 961 3543 tunc
982 3487 1263 3558 temporis
1298 3487 1490 3552 fuerit,
1514 3486 1723 3559 prasul
1755 3486 1898 3542 acci.

225 3593 361 3651 pere
393 3577 754 3644 contendat;
795 3580 851 3631 et
882 3574 930 3631 si
963 3592 1093 3631 eum
1123 3577 1305 3647 gratis
1331 3575 1598 3631 ordinare
1627 3575 1896 3641 noluerit,

238 3665 330 3721 vel
362 3682 398 3720 θ.
427 3669 633 3720 nostra
663 3665 927 3719 Romana
948 3669 1133 3720 matre
1166 3664 1542 3727 Ecclesia,vel
1576 3682 1609 3719 a
1639 3664 1902 3736 quolibet
1950 3654 1953 3655 ν

234 3752 556 3809 venerabili
612 3752 881 3825 episcopo
928 3758 1133 3809 nostra
1184 3754 1533 3808 auctoritate
1580 3753 1898 3808 ordinetur.

234 3841 692 3913 Promulgantes
721 3858 951 3914 nempe,
976 3846 1034 3897 et
1057 3841 1168 3897 hoc
1196 3842 1549 3897 auctoritate
1579 3834 1902 3897 beatissimi

240 3931 392 3987 Petri
425 3929 826 4002 apostolorum
860 3930 1166 4003 principis,
1201 3946 1395 3985 coram
1431 3930 1545 3984 Deo
1575 3934 1632 3984 et
1660 3928 1904 3990 terribili

240 4023 368 4085 ejus
394 4021 595 4074 futuro
620 4017 905 4086 examine,
931 4036 1034 4091 per
1055 4019 1236 4090 hujus
1258 4019 1446 4074 nostri
1470 4016 1772 4089 apostolici
1796 4018 1908 4090 pri.

242 4108 435 4182 vilegii
470 4107 947 4164 constitutionem
982 4107 1283 4163 sancimus
1306 4111 1371 4162 ut
1394 4106 1665 4161 universa
1686 4123 1812 4178 qua
1833 4107 1907 4162 ab

246 4196 721 4253 antecessoribus
770 4196 1331 4267 succcssoribusque
1383 4195 1600 4250 nostris
1644 4196 1699 4249 in
1734 4196 1909 4251 rebus

248 4283 569 4342 mobilibus
592 4291 649 4341 et
666 4284 1073 4340 immobilibus
1095 4301 1376 4340 concessa
1405 4288 1565 4351 sunt,
1590 4302 1695 4340 nec
1717 4302 1833 4340 non
1855 4301 1913 4351 et

250 4374 656 4445 possessiones
687 4389 817 4445 qua
847 4389 881 4428 a
911 4373 1149 4447 regibus
1173 4378 1228 4427 et
1261 4372 1628 4445 principibus
1654 4391 1755 4429 seu
1784 4374 1911 4445 qui-

255 4461 510 4518 buslibet
542 4461 755 4518 Christi
788 4461 1060 4518 ﬁdelibus
1092 4462 1317 4517 collata
1349 4467 1507 4527 sunt,
1534 4463 1816 4518 fuerintve
1854 4463 1910 4516 in

1999 3326 2134 3365 cum
2158 3311 2213 3365 in
2242 3311 2524 3367 suburbio
2545 3311 2898 3367 Virdunensi
2922 3313 3093 3382 juxta
3114 3310 3366 3366 rivulum
3390 3310 3648 3367 Scancia

2002 3398 2182 3454 situm
2205 3404 2261 3454 et
2278 3401 2334 3454 in
2359 3401 2637 3456 honorem
2670 3401 2853 3457 sancti
2884 3399 3128 3457 Joannis
3148 3400 3420 3473 Baptista
3441 3403 3499 3455 et
3517 3414 3654 3455 san-

2004 3488 2078 3542 cti
2111 3489 2355 3544 Joannis
2394 3489 2762 3561 evangelista
2793 3489 3142 3557 confectum,
3166 3489 3267 3543 ubi
3313 3490 3654 3543 sanctorum

2006 3577 2214 3641 Mauri,
2242 3576 2456 3631 Salvini
2500 3583 2673 3649 atque
2722 3578 2981 3633 Aratoris
3010 3592 3254 3647 corpora
3284 3576 3357 3631 ab
3388 3575 3656 3646 ejusdem

2009 3665 2173 3719 urbis
2201 3671 2552 3720 venerantur
2594 3664 2958 3737 incolis,qua
2997 3663 3200 3719 Heimo
3229 3664 3542 3735 episcopus
3572 3676 3661 3720 re-

2016 3753 2640 3819 novavit,otinstruxit
2658 3759 2898 3825 prepter
2950 3769 3114 3825 aqua
3162 3746 3664 3819 commoditatem,

2012 3847 2078 3895 ut
2108 3840 2391 3895 moniales
2415 3857 2562 3911 quas
2594 3841 2675 3894 ibi
2708 3841 2817 3895 sub
2849 3840 3177 3896 monastica
3206 3836 3410 3911 regula
3438 3836 3675 3895 ordina-

2010 3928 2110 3989 vit,
2146 3926 2375 3981 usualis
2406 3927 2605 3981 omnia
2626 3944 2733 3982 sua
2754 3928 2907 3982 intra
2929 3927 3077 3982 ﬁnes
3098 3925 3207 3980 loci
3232 3924 3424 3997 ipsius
3453 3923 3669 3981 habere

2014 4016 2263 4089 possint,
2297 4032 2388 4071 me
2419 4015 2749 4087 apostolica
2790 4014 3158 4086 auctoritatis
3205 4010 3538 4069 munimine
3568 4012 3669 4067 ﬂr-

2015 4122 2196 4164 mare.
2230 4121 2300 4159 ne
2340 4104 2628 4176 quidquid
2670 4104 2824 4159 idem
2871 4104 3184 4177 episcopus
3209 4106 3671 4173 ceterorumque

2016 4193 2118 4249 Dei
2154 4192 2416 4248 ﬁdelium
2449 4192 2544 4263 pia
2573 4192 2799 4249 devotio
2839 4193 3057 4248 ibidem
3089 4191 3439 4256 contulerat,
3460 4189 3534 4246 ab
3563 4188 3670 4246 ali-

2020 4299 2135 4353 quo
2164 4286 2375 4337 sancta
2409 4281 2674 4337 Ecclesia
2706 4280 2943 4337 inimico
2976 4285 3109 4353 post
3149 4281 3270 4336 hac
3297 4278 3501 4335 violari
3533 4294 3672 4335 con-

2018 4373 2208 4443 tingat
2242 4388 2254 4426 :
2292 4388 2382 4426 res
2409 4377 2606 4426 autem
2640 4371 2897 4427 ecclesia
2929 4369 3117 4426 eidem
3141 4369 3502 4442 pertinentes
3523 4382 3674 4441 quas

2023 4461 2368 4515 confirmare
2399 4461 2736 4522 statuimus,
2763 4461 3067 4531 prasentis
3092 4460 3307 4533 pagina
3335 4456 3679 4530 descriptio-

251 4550 933 4638 posterum,inconcussa
971 4549 1289 4605 stabilitate
1307 4550 1497 4621 adjus
1514 4555 1570 4605 et
1585 4551 1907 4606 dominium
1944 4573 1989 4638 D
2024 4549 2117 4605 nis
2162 4550 2527 4604 demonstrat
2562 4567 2573 4603 :
2606 4548 2874 4605 videlicet
2901 4548 3101 4605 villam
3135 4548 3206 4603 ad
3238 4546 3677 4604 Calvum-Mon-

254 4637 439 4693 sancti
470 4638 694 4694 Nazarii
728 4639 1005 4712 martyris
1046 4638 1344 4710 perpetuis
1375 4639 1742 4710 temporibus
1774 4656 1908 4711 per-

254 4732 537 4796 caverent,
550 4743 660 4784 nec
680 4726 917 4783 licentia
938 4727 1038 4792 sit,
1064 4731 1131 4781 ut
1154 4729 1377 4781 dictum
1410 4730 1519 4792 est,
1543 4744 1609 4781 ex
1635 4728 1910 4784 omnibus

252 4815 517 4883 ejusdem
541 4816 885 4873 monasterii
916 4816 1351 4889 pertinentibus
1372 4815 1646 4886 cuiquam
1670 4815 1758 4871 vel
1793 4832 1912 4871 ma-

253 4918 374 4973 gna
404 4903 491 4960 vel
524 4921 714 4977 parva
748 4922 1012 4976 persona
1043 4903 1298 4975 diripere
1329 4904 1652 4976 quidquam
1684 4903 1770 4959 vel
1804 4921 1895 4959 au~

255 4991 420 5057 terre,
445 4999 513 5048 ut
541 4986 799 5065 profecto
831 4994 902 5049 ad
946 4994 1046 5050 Dei
1089 4993 1325 5048 laudem
1358 5009 1629 5048 securum
1661 4997 1718 5048 et
1747 4998 1911 5047 tran-

253 5080 501 5150 quillum
532 5082 689 5152 juste
721 5082 778 5136 id
808 5084 959 5149 quod
991 5083 1320 5152 subjectum
1347 5081 1468 5150 juri
1501 5086 1557 5136 et
1590 5081 1910 5153 patrocinio

247 5166 361 5224 fuit
389 5156 953 5238 decrevimus,bene
983 5171 1250 5225 dotatum
1285 5174 1343 5223 et
1374 5170 1431 5222 in
1467 5168 1675 5223 melius
1704 5170 1910 5225 dotau-

251 5256 392 5312 dum
421 5262 786 5330 permaneat.
810 5258 871 5313 Si
897 5258 1030 5330 quis
1052 5263 1272 5323 autem,
1296 5257 1449 5329 quod
1476 5274 1587 5312 non
1612 5263 1911 5328 optamus,

251 5347 475 5402 nefario
499 5362 648 5402 ausu
672 5346 1118 5418 prasumpserit
1138 5347 1261 5401 hac
1282 5363 1411 5417 qua
1433 5348 1502 5401 ad
1532 5347 1918 5402 honorificen-

250 5430 393 5489 tiam
425 5432 658 5490 Domini
690 5434 789 5491 Dei
811 5440 869 5491 et
891 5434 1209 5491 Salvatoris
1241 5434 1425 5489 nostri
1459 5451 1562 5506 pro
1594 5434 1917 5489 stabilitate

251 5518 441 5592 ipsius
483 5522 829 5579 monasterii
878 5529 940 5579 et
989 5523 1184 5595 quiete
1232 5523 1653 5577 monachorum
1702 5526 1922 5579 statuta

2020 4643 2161 4703 tem,
2194 4642 2251 4692 et
2282 4637 2331 4693 ei
2364 4638 2563 4693 omnia
2595 4637 2981 4709 pertinentia;
3012 4636 3212 4693 villam
3248 4636 3594 4702 Marseium,
3622 4639 3684 4691 et

2020 4727 2306 4799 quidquid
2339 4727 2409 4781 ad
2443 4743 2569 4781 eam
2600 4728 2892 4797 pertinere
2922 4727 3191 4793 videtur;
3224 4724 3497 4780 Hattonis
3524 4724 3682 4780 Mas-

2019 4814 2156 4882 nile,
2181 4814 2649 4879 Ceston—Villam,
2668 4814 2982 4886 Vilegium,
3002 4830 3140 4868 cum
3163 4812 3346 4867 vineis
3370 4816 3429 4867 et
3457 4810 3688 4870 familia

2017 4903 2330 4974 Amalgisi;
2363 4902 2560 4956 villam
2606 4903 2821 4969 Adase,
2862 4919 2994 4957 cum
3041 4900 3317 4957 omnibus
3346 4898 3458 4953 sibi
3504 4901 3686 4969 perti-

2019 4992 2326 5055 nentibus;
2360 4990 2905 5045 (iundrici-Curtem
2954 4987 3260 5052 similiter;
3306 4986 3377 5041 ad
3412 4984 3685 5044 Labriam

2021 5097 2259 5134 mansos
2292 5095 2413 5131 vnn
2448 5096 2580 5131 cum
2631 5077 2879 5141 familia,
2912 5075 3388 5140 Bcrlei-Curtem,
3413 5072 3486 5129 ad
3519 5071 3687 5130 Brio-

2006 5169 2228 5222 'dorum
2263 5182 2501 5220 mansos
2521 5182 2623 5218 vm
2651 5182 2783 5219 cum
2814 5164 3153 5219 molendino
3175 5164 3233 5235 et
3252 5163 3382 5233 ejus
3411 5162 3687 5232 appendi-

2024 5256 2149 5312 ciis.
2178 5256 2237 5308 In
2272 5252 2792 5323 Molcngeia-Curte
2822 5268 3067 5307 mansos
3096 5268 3176 5305 vn
3197 5266 3332 5305 cum
3362 5248 3641 5306 farinario
3665 5268 3679 5319 ;

2026 5346 2236 5399 subtus
2268 5342 2570 5407 Leodium,
2604 5341 2662 5393 in
2717 5339 2842 5395 loco
2873 5340 2975 5411 qui
3025 5339 3243 5394 dicitur
3285 5338 3359 5393 ad
3408 5340 3682 5394 sanctum

2028 5432 2475 5501 Remigium,vn
2502 5445 2741 5484 mansos
2772 5446 2906 5484 cum
2939 5427 3202 5484 ecclesia.
3222 5429 3281 5483 In
3309 5426 3681 5499 Samongeia,

2028 5537 2266 5577 mansos
2299 5538 2374 5575 vn
2404 5525 2463 5574 et
2491 5518 2827 5573 dimidium.
2851 5519 2934 5573 Ad
2959 5516 3502 5574 Grimaldi-Curtem
3523 5530 3687 5573 man-

254 5612 972 5685 Bunt,transgredi,sciat
991 5628 1055 5668 se
1076 5611 1469 5668 anathematis
1499 5610 1732 5666 vinculo
1762 5611 1924 5666 inno-
2031 5624 2129 5666 sos
2160 5626 2218 5663 χι
2268 5625 2403 5663 cum
2455 5607 2752 5665 farinario.
2787 5607 3009 5664 Subtus
3053 5605 3386 5665 Virdunum
3436 5607 3688 5665 Novam-
