3974 6206
394 300 511 369 627

1464 307 1528 367 ς.
1577 290 1977 371 LnoNIsZix
2031 302 2258 366 PAP/E
2302 305 2738 370 OPUSCULA.

3684 306 3813 373 628

362 444 589 505 ,villam
623 462 678 500 1x
704 460 941 499 mansos
984 446 1039 497 et
1085 441 1415 497 dimidium.
1446 442 1531 496 Ad
1581 441 1876 496 Tullidam
1910 458 2032 495 vuu
2065 445 2117 506 Α
2148 439 2513 507 innodatum,
2550 447 2610 497 ut
2641 459 2673 495 a
2707 458 2882 514 regno
2912 440 3013 497 Dei
3056 441 3158 498 ﬁat
3185 440 3433 510 alienus,
3456 446 3633 514 atque
3663 443 3810 501 inde

392 551 632 591 mansos
675 539 729 589 et
769 531 1099 587 dimidium.
1135 530 1528 586 Petri-Villam
1562 532 1618 585 in
1651 531 1943 597 Arduena,
1976 534 2035 585 et

389 623 589 679 villam
621 640 745 694 quae
777 622 990 675 dicitur
1012 620 1238 687 Nervis,
1268 638 1502 675 mansos
1526 639 1599 675 xx
1620 638 1754 676 cum
1788 619 2030 676 familia.

388 713 472 767 Ad
504 710 835 783 Parperiam
865 710 1143 776 decimas,
1168 727 1301 765 cum
1335 711 1609 766 omnibus
1646 711 2034 767 indominica—

387 800 559 855 turis.
598 800 658 854 In
688 798 1120 855 Tranculﬁvilla
1139 800 1442 855 ecclesiam
1467 818 1665 857 unam.
1700 802 1780 857 Ad
1813 801 2036 873 Sampi-

386 889 621 943 niacum
652 905 854 943 unam.
879 889 962 943 Ad
984 889 1263 944 Sanctum
1283 890 1583 945 Julianum
1621 907 1819 945 uuam.
1846 890 2032 946 Unarn

384 978 445 1032 in
477 978 757 1033 Mandris.
780 979 865 1033 Ad
892 977 1104 1033 Villam
1128 996 1327 1034 unam.
1350 981 1432 1034 Ad
1456 979 1664 1035 Caslon
1698 997 1875 1035 unam
1898 997 2031 1035 cum

381 1066 622 1138 capella.
665 1067 748 1121 Ad
807 1068 1086 1122 Imbeiam
1152 1085 1348 1123 unam.
1408 1069 1491 1123 Ad
1552 1068 1822 1141 Trogium
1874 1087 1911 1123 ι.
1944 1070 2029 1124 Ad

382 1155 694 1211 Ranserias
738 1173 937 1211 unam.
972 1156 1055 1210 Ad
1087 1151 1426 1211 Malamciafs
1474 1173 1671 1212 unam.
1702 1158 1785 1211 Ad
1819 1158 2030 1213 Proda-

378 1245 514 1318 gion
546 1263 745 1301 unam.
770 1246 854 1300 Ad
885 1245 1358 1312 Arberti-villam,
1383 1264 1559 1301 unam
1582 1251 1638 1301 et
1668 1247 2030 1319 quartarium

379 1351 514 1390 cum
532 1335 890 1407 piscaria.Ad
916 1337 1049 1390 Dom
1062 1352 1202 1390 num
1228 1336 1459 1392 Petrum
1480 1337 1772 1392 unam.Ad
1787 1337 2030 1392 Lovum-

379 1423 638 1480 Montem
670 1441 877 1492 unam;
910 1425 981 1479 ad
1013 1424 1249 1491 Ornam,
1278 1442 1486 1493 unam;
1517 1425 1590 1480 ad
1622 1426 1784 1491 Bras,
1810 1442 2025 1493 unam;

380 1513 454 1567 ad
484 1512 889 1578 Unili-villam,
924 1531 1121 1569 unam.
1159 1514 1244 1568 Ad
1288 1515 1579 1569 Romanas
1613 1531 1649 1568 Ι.
1678 1516 1762 1569 Ad
1795 1514 1956 1569 Pilon
1988 1533 2024 1569 ι.

380 1602 673 1675 Capellam
706 1604 764 1658 S.
800 1604 1093 1659 Lamberti
1125 1603 1180 1657 in
1219 1603 1470 1669 civitate,
1502 1608 1558 1657 et
1588 1604 1645 1659 S.
1683 1604 2025 1659 Medardum

378 1692 570 1765 ipsius
600 1691 855 1748 ecclesiae
880 1692 1123 1747 abbatis:
1154 1693 1635 1762 adjacentcm.Ad
1659 1692 1715 1747 S.
1740 1692 2022 1748 Hilarium

2145 528 2443 585 traditoris
2474 530 2701 585 Domini
2736 531 2915 586 nostri
2948 530 3088 587 Jesu
3119 530 3337 587 Christi
3387 531 3584 588 socius
3616 533 3676 588 in
3711 531 3804 589 in-

2148 617 2329 684 ferno,
2363 622 2419 673 et
2457 618 3045 673 excommunicationi
3078 619 3404 690 subjaceat,
3439 620 3624 676 donec
3656 621 3804 677 resi-

2145 708 2377 779 piscens
2406 707 2477 762 ad
2510 708 2967 763 satisfactionem
2999 711 3055 763 et
3084 724 3407 781 congruam
3438 709 3804 766 emendatio-

2144 813 2278 851 nem
2311 797 2547 851 venerit.
2572 796 2679 860 Qui
2709 814 2840 852 vero
2873 797 2965 869 pio
2998 796 3212 853 intuitu
3242 800 3480 853 curator
3507 802 3565 853 et
3594 799 3803 855 obser-

2144 890 2307 941 vator
2337 886 2515 957 hujus
2565 886 2746 942 nostri
2792 885 3095 958 apostolici
3146 886 3437 960 privilegii
3484 887 3801 955 exstiterit,

2141 974 2565 1031 benedictionis
2592 975 2839 1047 gratiam
2871 980 2927 1031 et
2957 973 3207 1031 caelestis
3251 976 3414 1048 regni
3444 977 3732 1049 gaudium
3767 995 3803 1033 a

2140 1063 2386 1120 Domino
2417 1064 2533 1120 Deo
2573 1068 2770 1120 nostro
2816 1065 3096 1136 consequi
3129 1071 3421 1120 mereatur
3469 1065 3527 1120 in
3579 1065 3801 1123 saecula

2141 1152 2507 1221 saeculorum,
2550 1159 2756 1208 Amen.

2211 1243 2420 1298 Datum
2454 1260 2607 1299 nono
2640 1243 2925 1299 Kalendas
2954 1242 3297 1299 Novembris
3319 1259 3423 1315 per
3451 1260 3665 1301 manus
3695 1243 3795 1300 Pe-

2140 1332 2213 1387 tri
2245 1332 2497 1399 diaconi,
2520 1331 2943 1388 bibliothecarii
2970 1337 3024 1387 et
3046 1331 3379 1387 cancellarii
3412 1336 3632 1388 sanctae
3661 1349 3797 1404 apo-

2139 1418 2353 1474 stolicae
2388 1420 2563 1485 sedis,
2590 1436 2741 1474 anno
2773 1419 2996 1475 domini
3030 1420 3240 1476 Leonis
3267 1437 3427 1493 papa)
3455 1420 3545 1487 IX,
3577 1421 3791 1494 primo,

2137 1507 2456 1565 indictione
2488 1527 2571 1564 III.

2876 1615 3043 1670 XXV.

2135 1725 2195 1778 S.
2255 1724 2451 1777 Leonis
2501 1725 2567 1778 IX
2617 1725 2975 1794 privilegium
3025 1737 3129 1794 quo
3185 1724 3466 1779 canonicis
3536 1723 3794 1780 Ecclesia?

378 1780 692 1853 Ρίεοθνίδπι
723 1798 857 1836 cum
888 1798 1093 1836 manso
1122 1799 1157 1834 ἶ·
1184 1783 1242 1835 In
1269 1781 1618 1852 samongeia
1650 1781 1957 1851 Piscm‘iam
1980 1800 2019 1836 ῐ-
2056 1815 2103 1879 Β
2212 1794 2563 1879 l’irdunensis
2609 1780 2791 1850 omnes
2819 1780 3014 1852 ‘corum
3034 1780 3415 1866 possessiones
3460 1796 3793 1865 conﬁrman-

377 1870 697 1925 Teloneum
730 1870 787 1923 in
819 1869 1067 1924 civitate.
1092 1870 1245 1924 Infra
1276 1887 1476 1924 muros
1510 1886 1747 1925 mansos
1770 1871 2021 1926 duarum

374 1957 689 2023 librarum;
715 1956 1050 2013 melendina
1069 1958 1185 2013 duo
1208 1959 1419 2014 subtus
1442 1976 1656 2014 novum
1680 1963 1935 2030 pontem.
1959 1960 2021 2015 In

374 2046 608 2102 Floraco
640 2063 817 2118 super
842 2047 1083 2102 fluvium
1104 2046 1322 2111 Airam,
1348 2065 1585 2104 mansos
1608 2066 1685 2103 Ix.
1710 2049 2025 2105 Comitissa

373 2136 545 2190 Auda
573 2136 762 2191 eidem
794 2135 1068 2200 ecclesiae,
1103 2136 1162 2193 in
1193 2153 1309 2208 qua
1338 2143 1393 2192 et
1422 2137 1653 2209 sepulta
1682 2143 1789 2207 est,
1818 2144 2021 2195 contu-

373 2223 461 2291 lit,
484 2228 540 2279 et
569 2225 639 2279 ad
668 2226 949 2280 domuum
971 2226 1301 2281 Johannem
1335 2244 1572 2283 mansos
1594 2246 1672 2283 x11
1696 2246 1829 2283 cum
1853 2228 2024 2284 eccle-

374 2313 464 2369 sia
493 2331 673 2385 supra
699 2314 1054 2382 Cosantiam,
1093 2320 1148 2371 et
1191 2316 1470 2387 praedium
1504 2318 1658 2387 quod
1692 2319 2020 2390 acquisivit.

377 2404 441 2458 In
470 2404 907 2470 Lovomontem,
933 2408 991 2459 et
1022 2405 1293 2471 Brabant,
1318 2406 1625 2461 ecclesiam
1652 2406 1710 2461 in
1744 2407 2023 2463 honorem

377 2492 602 2547 Sancta:
633 2491 856 2557 Crucis,
881 2510 1060 2563 quam
1093 2494 1295 2548 Heimo
1319 2495 1627 2567 episcOpus
1651 2496 1825 2552 rebus
1851 2498 2026 2552 unde-

376 2596 609 2652 quaque
641 2580 943 2652 acquisitis
987 2581 1270 2649 dilatavit,
1305 2584 1601 2640 canonicis
1634 2584 1777 2641 inibi
1810 2586 2023 2641 consti-

372 2669 540 2738 tutis,
564 2669 664 2742 qui
692 2669 1134 2726 hcbdomadarii
1159 2672 1216 2726 in
1248 2673 1366 2742 jam
1391 2674 1543 2730 dicto
1568 2676 1917 2731 monasterio
1945 2676 2027 2730 di-

374 2759 530 2816 vinis
560 2759 881 2816 inscrviant
910 2760 1138 2827 ofﬁciis,
1172 2779 1274 2817 nec
1304 2764 1645 2819 canonicam
1678 2764 1790 2820 nisi
1823 2766 1894 2819 ab
1925 2766 2025 2820 ab-

378 2848 603 2904 batissa
632 2848 936 2920 recipiant.
989 2850 1202 2905 Earum
1233 2855 1429 2906 autem
1479 2870 1672 2909 rerum
1722 2853 1842 2908 tunc
1890 2858 2029 2908 sunt

382 2937 642 2994 nomina.
693 2938 778 2992 Ad
827 2939 1121 2994 Romanas
1171 2957 1405 2996 mansos
1456 2960 1539 2996 mi
1586 2945 1642 2998 et
1691 2942 2028 3008 dimidium,

384 3043 520 3083 cum
563 3027 777 3083 hanno.
809 3028 894 3082 Ad
942 3030 1192 3084 Asenam
1238 3030 1518 3098 bannum,
1547 3048 1681 3085 cum
1731 3030 1908 3103 sylva.
1944 3031 2027 3084 Ad

382 3115 581 3171 villam
615 3133 886 3172 mansum
921 3135 935 3171 ι
969 3135 1103 3172 cum
1137 3118 1489 3174 molendino.
1512 3120 1595 3174 Ad
1635 3121 1874 3175 Crucem
1907 3118 2027 3174 alo-

2205 1868 2319 1919 tur.

2753 1958 2941 2023 (Anno
2977 1957 3161 2030 1049.)

2204 2042 2472 2112 [Mabill.,
2509 2048 2584 2118 De
2612 2060 2671 2099 rc
2704 2044 3310 2118 diplom.,Supplem.,
3345 2060 3479 2118 pag.
3515 2043 3605 2109 99,
3636 2058 3707 2098 ex

2424 2115 2735 2188 archetypo
2764 2115 3019 2173 ecclesiae
3054 2115 3481 2187 Vi'rdunensis’.]

2203 2222 2312 2276 Leo
2355 2221 2683 2293 episcopus,
2735 2239 2935 2279 servus
2982 2240 3282 2279 servorum
3331 2222 3456 2289 Dei,
3508 2221 3787 2276 Ro'rmao

2133 2310 2461 2381 primicerio
2494 2312 2784 2367 canonicis
2822 2317 3033 2369 sanctae
3064 2312 3258 2368 Mariae
3302 2308 3647 2384 principalis
3674 2310 3784 2363 Ec-

2133 2399 2319 2454 clesiae
2357 2399 2764 2469 Virdunensis,
2816 2407 2990 2474 atque
3044 2401 3404 2457 Warmundo
3452 2400 3694 2464 decano,
3729 2401 3788 2453 et

2136 2505 2236 2560 per
2264 2505 2361 2544 eos
2392 2490 2614 2546 emteris
2666 2491 2980 2557 canonicis,
3015 2496 3134 2547 tam
3184 2489 3574 2564 praesentibus
3605 2503 3785 2561 quam

2136 2578 2369 2644 futuris,
2406 2584 2744 2652 perpetuam
2784 2581 2841 2636 in
2875 2581 3122 2636 Domino
3153 2579 3429 2635 salutem.

2205 2668 2390 2722 Ofﬁcii
2427 2669 2606 2724 nostri
2640 2675 2728 2724 est
2773 2670 3027 2726 miseriis
3076 2674 3132 2725 et
3179 2667 3616 2724 calamitatibus
3647 2683 3787 2723 con-

2136 2758 2505 2824 descendere,
2530 2763 2585 2813 et
2616 2759 2899 2813 auxilium
2933 2759 3086 2831 quod
3119 2757 3384 2814 valemus
3414 2755 3786 2828 impendere;

2136 2847 2293 2918 quia,
2330 2847 2377 2903 si
2409 2847 2467 2901 in
2500 2848 2670 2904 nobis
2700 2850 2855 2904 unde
2898 2848 3205 2920 procedere
3236 2847 3408 2903 debet
3451 2844 3788 2917 exemplum

2137 2934 2389 3007 pietatis,
2426 2937 2609 3007 pietas
2640 2954 2753 2992 non
2804 2937 3116 3002 invenitur,
3150 2937 3207 2991 in
3241 2953 3355 3008 quo
3402 2933 3649 2990 inveniri
3682 2933 3792 2988 de-

2140 3023 2272 3078 beat
2301 3025 2575 3079 nescitur.
2602 3026 3002 3082 Redeuntibus
3031 3025 3212 3098 igitur
3242 3023 3410 3079 nobis
3440 3023 3791 3078 a~Remense

2140 3114 2381 3185 synodo,
2414 3113 2658 3187 contigit
2688 3114 2929 3169 Virduni
2977 3113 3259 3186 hospitari
3308 3117 3366 3169 et
3412 3129 3528 3167 non
3578 3110 3791 3178 laturi,

386 3206 519 3260 dem
552 3222 686 3260 cum
717 3205 1003 3278 sylva.Ad
1036 3209 1507 3263 Caston-Curtem
1558 3225 1829 3264 mansum
1862 3207 2032 3263 dimi-
2067 3184 2109 3250 (ἶ
2147 3184 2248 3257 sed
2298 3204 2491 3274 potius
2539 3184 2866 3276 lacrymari.
2913 3184 3296 3276 Respeximus
3350 3201 3507 3256 enim
3557 3191 3793 3257 crudele

392 3293 580 3349 dium.
623 3295 708 3349 Ad
740 3295 1191 3351 Aldom—Villam
1226 3297 1486 3365 alodem;
1531 3298 1703 3368 juxta
1744 3297 2034 3352 civitatem

391 3382 737 3439 Cumminas
767 3401 849 3440 III.
884 3386 966 3440 Ad
1006 3385 1294 3440 Aldeberti
1336 3390 1561 3457 portam
1594 3403 1630 3441 ι.
1663 3386 1746 3440 Ad
1781 3386 2036 3440 Dodam-

388 3470 612 3527 Vallem
646 3491 682 3527 ι.
715 3475 798 3528 Ad
855 3474 1271 3530 Dormavallem
1321 3493 1359 3530 1.
1410 3477 1495 3529 Ad
1546 3475 1749 3530 Elnam
1798 3479 2032 3547 quarta-

385 3559 503 3615 rios
532 3578 631 3627 vn,
660 3560 813 3617 infra
862 3580 1062 3618 muros
1111 3582 1149 3618 Il
1198 3564 1415 3619 vineas.
1450 3564 1530 3618 Ad
1579 3563 2061 3643 Ronnei-villam‘

383 3664 622 3705 mansos
656 3668 696 3704 II
727 3654 783 3706 et
812 3653 1139 3722 quartarios
1171 3658 1309 3708 tres.
1334 3653 1569 3709 Mansos
1600 3653 1657 3708 in
1680 3653 1906 3708 civitate
1927 3654 2027 3725 qui

379 3738 718 3810 persolvunt
764 3740 983 3795 solidos
1022 3759 1166 3807 vmi,
1202 3742 1499 3797 clibanum
1549 3760 1751 3797 unum.
1791 3744 1877 3797 Ad
1909 3744 2025 3798 No-

374 3827 744 3884 vam-Villam
776 3847 1014 3886 mansos
1040 3849 1055 3885 ι
1078 3835 1134 3886 et
1163 3831 1499 3887 dimidium.
1526 3832 1655 3887 Haec
1678 3833 1875 3887 omnia
1895 3849 2023 3903 quae

372 3917 735 3989 praescriptio
769 3923 964 3974 nostra
997 3920 1272 3986 continet,
1306 3925 1425 3974 tam
1459 3921 1685 3976 urbana
1714 3937 1891 3992 quam
1926 3939 2020 3976 ru-

371 4005 571 4073 ratica,
604 4005 665 4061 in
716 4006 995 4071 aediﬁciis,
1038 4008 1243 4075 vineis,
1297 4008 1501 4080 pratis,
1548 4008 1745 4081 sylvis,
1795 4009 2019 4080 campis

369 4093 542 4148 cultis
574 4098 631 4149 et
661 4094 917 4161 incultis,
944 4096 1252 4167 utriusque
1280 4113 1457 4152 sexus
1488 4096 1819 4169 mancipiis,
1848 4099 2016 4169 aquis

368 4198 774 4254 aquarumque
795 4184 934 4238 decu
946 4183 1821 4256 rsibus,molendinis,piscariis
1842 4186 2015 4241 cccle-

367 4269 770 4342 siis,capellis,
791 4272 959 4326 sicuti
987 4273 1120 4341 jure
1151 4275 1207 4325 et
1237 4271 1503 4343 legaliter
1533 4276 1708 4343 atque
1737 4273 2012 4330 canonice

366 4359 440 4414 ad
470 4358 580 4414 hoc
612 4359 1033 4414 monasterium
1066 4359 1376 4430 pertinent,
1409 4360 1487 4414 ita
1517 4361 1678 4416 vobis
1709 4377 2009 4418 successo-

364 4445 647 4518 ribusque
666 4447 874 4502 vestris
900 4448 1276 4503 concedimus
1297 4448 1607 4520 episcopis,
1630 4453 1686 4505 et
1707 4450 2009 4507 conﬁrma—

2147 3291 2309 3346 urbis
2339 3292 2650 3359 excidium,
2681 3292 2849 3365 quale
2879 3292 3078 3347 nullus
3105 3291 3292 3364 possit
3320 3306 3436 3347 non
3468 3288 3663 3345 dolere
3693 3288 3797 3344 ho-

2146 3380 2393 3436 minum.
2453 3382 2677 3437 Etenim
2735 3387 3116 3454 tyrannorum
3171 3380 3439 3453 ingressa
3494 3378 3793 3433 civitatem

2143 3470 2383 3537 saevitia,
2417 3475 2599 3526 totam
2633 3472 2814 3526 diruit
2861 3487 2964 3543 per
3000 3470 3127 3525 dira
3157 3468 3450 3534 incendia,
3480 3466 3582 3539 qui
3632 3466 3796 3538 ignis

2142 3575 2246 3614 nec
2275 3558 2387 3631 ipsi
2417 3560 2669 3615 ecclesias
2718 3564 2929 3616 sanctae
2973 3558 3166 3613 Mariae
3209 3557 3484 3631 pepercit,
3519 3556 3620 3613 sed
3652 3573 3796 3629 pas-

2140 3647 2250 3703 sim
2308 3652 2366 3703 et
2421 3649 2638 3721 ubique
2695 3649 3008 3704 dominans
3065 3645 3443 3720 conﬂagravit
3485 3664 3499 3702 :
3545 3662 3614 3702 ex
3670 3662 3819 3718 qua.

2136 3737 2617 3811 conflagratione,
2678 3738 2977 3810 inopinato
3036 3736 3511 3808 superveniente,
3563 3735 3790 3791 instru-

2135 3830 2332 3881 menta
2361 3827 2536 3882 etiam
2579 3827 2916 3883 chartarum
2964 3830 3291 3882 vestrarum
3338 3824 3788 3897 prabendarum

2132 3921 2481 3987 consumpta
2521 3921 2682 3979 sunt,
2712 3916 2814 3972 illa
2862 3920 2926 3971 ut
2973 3914 3201 3970 nullum
3248 3917 3593 3970 remaneret.
3629 3916 3786 3979 Qua-

2129 4009 2366 4074 propter
2410 4003 2862 4076 lacrymabiliter
2909 4019 3112 4059 omnes
3161 4002 3232 4058 ad
3278 4001 3524 4075 vestigia
3576 4006 3784 4057 nostra

2126 4094 2405 4162 prostrati
2431 4098 2637 4148 nostrae
2659 4092 2988 4164 apostolicae
3010 4092 3371 4148 auctoritatis
3402 4089 3779 4164 privilegium

2123 4180 2289 4237 vobis
2322 4182 2660 4253 postulastis
2692 4182 2816 4236 ﬁeri
2838 4182 2909 4237 de
2928 4181 3150 4238 eisdem
3182 4179 3529 4253 praebendis,
3562 4178 3779 4235 usibus

2122 4273 2178 4324 et
2207 4270 2438 4326 salariis
2469 4270 2694 4338 vestris,
2729 4271 2801 4327 ab
2833 4270 3093 4342 antiquis
3130 4268 3496 4342 temporibus
3526 4284 3777 4323 conces-

2120 4359 2224 4414 cis.
2260 4360 2440 4431 Igitur
2479 4359 2740 4414 inclinati
2772 4359 3042 4431 precibus
3089 4357 3319 4425 vestris,
3352 4374 3453 4429 per
3501 4355 3610 4412 hoc
3661 4373 3775 4412 no-

2118 4451 2250 4502 stra:
2291 4447 2620 4518 apostolicae
2668 4448 2987 4504 sanctionis
3038 4446 3406 4519 privilegium
3454 4444 3773 4501 conﬁrma-

360 4550 496 4589 mus
527 4533 584 4589 in
611 4539 989 4606 perpetuum;
1020 4536 1101 4591 ita
1121 4537 1273 4607 quod
1298 4537 1368 4591 ad
1391 4536 1599 4593 altaria
1628 4537 2005 4596 ecclesiarum
2038 4555 2085 4618 D
2121 4552 2250 4590 mus
2279 4540 2333 4591 et
2361 4536 2808 4616 corroboramus
2847 4536 3010 4591 vobis
3038 4535 3369 4606 vestrisque
3414 4534 3775 4589 successori-

357 4623 419 4679 in
451 4623 745 4696 episcopio
777 4628 967 4680 vestro
999 4626 1268 4691 sitarum,
1300 4626 1452 4682 sicut
1492 4628 1576 4682 eis
1607 4629 2003 4697 concessistis,

355 4712 503 4769 nulli
534 4712 705 4769 liceat
737 4713 911 4769 aliam
946 4715 1311 4770 introducere
1339 4733 1666 4787 personam,
1689 4716 1801 4771 nisi
1825 4735 2001 4789 quam

332 4818 419 4858 ex
449 4818 716 4858 sororum
750 4820 991 4858 suarum
1032 4802 1274 4859 consilio
1308 4804 1608 4859 abbatissa
1638 4806 1997 4863 conduxerit;

348 4890 611 4965 Eligendi
658 4908 789 4948 vero
834 4893 1193 4948 abbatissam
1226 4893 1551 4947 secundum
1594 4892 1695 4949 Dei
1727 4893 1997 4951 timorem

345 4985 403 5036 et
429 4997 722 5037 canonum
771 4981 1000 5037 decreta
1050 4981 1296 5036 liberam
1331 4981 1475 5052 ipsis
1506 4981 1881 5037 concedimus
1916 4983 1997 5038 fa-

351 5068 780 5125 cultatem.Sed
803 5071 852 5123 si
880 5070 1275 5125 controversia
1296 5075 1422 5125 orta
1454 5070 1645 5131 fuerit,
1670 5070 1741 5123 ad
1774 5070 1995 5141 cpisco'

341 5174 483 5230 pum
512 5158 824 5230 pertinebit
854 5163 939 5227 ut,
966 5159 1117 5215 sicut
1149 5160 1336 5214 bonus
1361 5163 1577 5229 pastor,
1604 5158 1873 5214 idoneam
1907 5176 1994 5215 ec~

342 5245 530 5302 clesize
560 5246 645 5302 illi
676 5247 979 5319 provideat
1011 5264 1343 5319 personam,
1367 5247 1453 5302 vel
1486 5248 1555 5301 de
1587 5264 1695 5302 sua
1715 5246 1797 5301 vel
1824 5248 1892 5303 de
1913 5248 1993 5304 al-

341 5335 525 5390 terius
555 5335 810 5391 dimcesi.
839 5337 897 5391 Si
942 5336 1075 5407 quis
1121 5341 1338 5400 autem,
1364 5336 1518 5406 quod
1552 5352 1665 5389 non
1697 5341 1988 5406 optamus,

338 5424 648 5479 temerario
681 5442 829 5480 ausu
861 5432 1065 5482 contra
1086 5425 1195 5479 hoc
1219 5429 1483 5480 nostrum
1513 5423 1878 5496 privilegium
1911 5431 1991 5480 at-

341 5507 605 5573 tentarit,
628 5512 772 5566 sciat
803 5530 863 5567 se
897 5512 1238 5568 auctoritate
1265 5512 1363 5567 Dei
1400 5511 1817 5583 omnipotentis
1848 5531 1989 5585 apo~

344 5590 748 5666 stolorumque
793 5600 1069 5671 principis
1102 5600 1276 5667 Petri,
1306 5606 1363 5655 et
1393 5606 1592 5655 nostra
1622 5600 1994 5658 anathemate

2114 4624 2225 4679 bus
2275 4625 2332 4680 in
2382 4611 2727 4697 perpetuum
2774 4624 3011 4681 easdem
3060 4623 3426 4695 prabendas,
3476 4621 3587 4676 sub
3631 4621 3776 4691 jure

2113 4712 2297 4785 ipsius
2331 4713 2681 4769 beatissimae
2710 4714 2809 4769 Dei
2841 4712 3149 4769 Genitricis
3180 4730 3214 4767 a
3245 4710 3515 4766 fidelibus
3548 4711 3772 4766 consti-

2112 4805 2271 4858 tutas
2302 4802 2377 4857 ad
2409 4801 2751 4874 quotidiana
2780 4801 3111 4857 divinorum
3146 4797 3475 4856 ofﬁciorum
3506 4796 3769 4854 servitia.

2112 4891 2324 4946 Iterum
2357 4907 2487 4945 vero
2520 4890 2860 4945 earumdem
2892 4889 3336 4962 praebendarum
3360 4887 3602 4943 nomina
3621 4888 3775 4959 peti-

2108 4980 2215 5035 stis
2246 4980 2419 5033 etiarn
2451 4977 2590 5032 huic
2621 4976 3144 5050 privilegioinseri,
3169 4993 3303 5031 cum
3326 4974 3559 5031 nullum
3594 4975 3774 5047 privi-

2104 5067 2322 5138 legium
2355 5070 2787 5121 antecessorum
2821 5070 3158 5122 nostrorum
3186 5064 3350 5120 vobis
3385 5064 3768 5133 remanserit,

2105 5158 2202 5212 ubi
2234 5157 2541 5211 videantur
2573 5155 2790 5210 haberi.
2816 5156 2964 5211 Sunt
2994 5158 3192 5210 autem
3234 5153 3349 5209 ista
3381 5169 3515 5208 cum
3547 5152 3770 5211 bannis

2101 5249 2158 5301 et
2187 5243 2449 5300 centauis
2482 5260 2495 5296 :
2529 5242 2769 5299 Lemnia
2818 5261 2952 5300 cum
3001 5243 3246 5300 ecclesia
3291 5243 3363 5298 ad
3413 5241 3675 5299 Oschera
3705 5250 3771 5300 et

2101 5334 2331 5388 duobus
2381 5330 2603 5386 mansis
2651 5337 2708 5387 et
2753 5333 3028 5390 omnibus
3060 5330 3421 5406 appendiciis
3454 5330 3611 5400 suis;
3666 5349 3770 5389 ec-

2100 5420 2279 5477 clesia
2308 5419 2379 5473 ad
2412 5418 3040 5494 Domnum—Agericum
3084 5439 3218 5477 cum
3260 5420 3464 5488 terris;
3498 5419 3770 5478 Nuville-

2100 5510 2336 5565 niacuin
2368 5521 2501 5559 cum
2546 5505 2807 5576 ecclesia,
2842 5510 3180 5567 molendino
3220 5514 3275 5566 et
3322 5509 3605 5565 omnibus
3659 5527 3766 5584 ap-

2099 5593 2415 5671 pendiciis;
2451 5591 2681 5679 Usionis
2730 5603 2954 5656 curtem
3005 5600 3077 5658 ad
3124 5599 3440 5659 Pusionem
3491 5598 3770 5673 quinque
