3974 6206
149 288 265 358 629

1112 286 1517 353 EPISTOLZE
1559 287 1659 353 ET
1702 287 2064 352 DECRETA
2117 289 2588 358 PONTIFICIA.

3433 292 3555 358 630

152 443 391 487 mansos
432 426 490 483 et
540 421 854 482 dimidium
903 420 1274 481 cum'banno
1328 429 1384 480 et
1440 423 1619 489 silva;
1681 425 1793 480 Su-
1827 423 1871 489 A
1908 424 2237 482 conditione
2264 443 2397 483 cum
2448 425 2744 484 communi
2797 423 3039 483 consilio
3097 424 3329 485 comitis
3361 425 3553 503 Baga-

154 516 776 593 periacum-minorem
808 530 941 569 cum
973 511 1217 569 ecclesia
1263 515 1320 570 et
1364 512 1525 570 silvis
1573 518 1629 569 et
1676 529 1798 568 om-

157 607 332 664 nibus
358 603 749 678 appendiciis;
783 601 1099 658 Bcllavvilla
1132 619 1264 656 rum
1295 603 1510 664 hanno,
1536 607 1798 667 centena,

158 694 508 753 molendinis
557 699 616 749 et
662 691 1191 759 Malberti-montc;
1243 693 1311 746 ad
1366 692 1461 746 Ex.
1520 692 1802 747 dimidius

160 801 397 842 mansus
427 799 563 839 cum
598 781 935 837 molendino
965 785 1023 835 et
1052 784 1250 852 prato;
1286 780 1453 835 Mons
1483 797 1614 835 cum
1656 780 1802 835 ban-

160 891 251 939 no,
276 869 816 937 centana,ecclesia,
836 868 1187 924 molendinis
1208 874 1265 923 et
1291 868 1565 923 omnibus
1586 885 1802 940 appen-

161 962 354 1029 diciis;
398 959 786 1033 Agerici-villa
834 975 968 1013 cum
1018 958 1211 1013 banno
1262 962 1539 1023 centana;
1570 956 1802 1011 Berthi-

162 1049 448 1115 neaovilla,
478 1047 734 1112 Porario,
764 1046 1092 1114 Pictavilla;
1124 1046 1571 1101 Profundo-rivo
1610 1049 1667 1100 et
1706 1063 1800 1100 ec-

164 1138 381 1203 clesiis,
426 1136 770 1193 molendinis
821 1136 1213 1207 omnibusque
1261 1135 1650 1208 appendiciis;
1684 1136 1802 1189 Mo-

164 1225 491 1284 naldi-villa
511 1242 641 1280 cum
659 1224 1397 1291 banno,centana.ecclcsia
1413 1223 1804 1294 omnibusque

164 1314 553 1388 appendiciis;
616 1314 687 1369 ad
745 1313 1219 1370 Monaldi-villam
1281 1330 1524 1367 mansus
1571 1312 1805 1371 Linter

161 1403 583 1460 Haldi-curtem
638 1407 696 1457 et
750 1401 968 1457 Villare
1025 1419 1268 1457 mansus
1321 1403 1378 1467 4;
1433 1402 1501 1455 ad
1544 1403 1801 1457 Maroam

165 1491 347 1547 mansi
371 1493 432 1557 2;
468 1491 537 1545 ad
564 1489 857 1562 Apletium
892 1490 1294 1546 molendinum
1322 1493 1380 1551 1:
1409 1491 1476 1545 ad
1502 1494 1806 1545 Grossum-

164 1580 404 1635 rubrum
437 1578 720 1634 medietas
768 1578 945 1633 unius
995 1578 1270 1635 ecclesiae.
1308 1580 1459 1634 Inter
1506 1579 1802 1650 Erpeiam-

169 1674 391 1723 curtem
422 1674 479 1723 et
507 1668 624 1723 Soli
651 1670 687 1721 7
717 1669 903 1723 mansi
937 1686 1069 1723 cum
1103 1670 1295 1724 banno
1326 1672 1382 1724 et
1421 1673 1699 1737 centena;
1734 1668 1803 1724 ad

169 1756 1000 1860 Gis‘laha-rdi-villam'rnansi‘2
1025 1774 1158 1812 cum
1208 1758 1421 1860 hanno,
1456 1762 1715 1860 centena.
1751 1762 1807 1858 et
1838 1796 1884 1860 B

165 1846 530 1911 molendino;
592 1846 661 1900 ad
726 1846 1069 1901 l’rasnidum
1127 1846 1372 1903 ecclesia
1417 1848 1475 1905 1:
1535 1848 1606 1901 ad
1653 1847 1810 1902 Alni-

161 1935 300 1990 dum
329 1936 384 2002 1;
418 1935 487 1988 ad
524 1934 1102 2007 Domnum-Eligium
1138 1937 1196 2002 1;
1238 1935 1599 1992 Udesvillare
1642 1952 1805 1990 man-

162 2040 261 2079 sus
294 2024 349 2090 1;
382 2040 516 2078 eum
540 2023 786 2078 dimidio
810 2023 1061 2079 molend.
1079 2025 1149 2080 ad
1174 2025 1622 2080 Ramisvachum
1648 2042 1808 2079 man-

164 2129 258 2168 sus
292 2112 348 2177 1;
381 2128 519 2167 cum
551 2112 769 2175 banno,
804 2116 1048 2168 ccntana
1076 2118 1132 2168 et
1161 2113 1291 2169 aliis
1324 2113 1515 2182 terris,
1546 2113 1732 2168 vineis
1754 2117 1811 2169 et

160 2200 315 2256 silvis
331 2201 781 2273 ;Laumerengie
802 2218 933 2256 cum
954 2200 1198 2261 ecclesia
1214 2206 1269 2257 et
1292 2202 1566 2258 omnibus
1597 2219 1809 2274 appen-

159 2288 354 2357 diciis;
385 2290 815 2361 Aquas-ductus
847 2307 982 2345 cum
1010 2290 1275 2353 ecclesia,
1318 2291 1479 2347 silvis
1527 2296 1584 2347 et
1618 2292 1807 2346 omni-

156 2379 263 2434 bus
295 2378 690 2451 appendiciis;
724 2379 996 2434 Stadonis
1019 2379 1371 2449 (Eston)villa
1396 2398 1529 2437 cum
1561 2380 1723 2448 silvis
1754 2383 1808 2435 et

157 2467 432 2523 omnibus
490 2468 878 2538 appendiciis;
928 2468 1295 2524 Miseriacum
1347 2486 1480 2524 cum
1542 2468 1807 2533 ecclesia,

154 2556 519 2623 molendino,
581 2556 965 2612 Sumomonte
1022 2574 1087 2613 ac
1146 2558 1579 2626 Losoni-curte;
1634 2562 1810 2614 Aren-

156 2649 338 2699 ceium
401 2660 545 2699 cum
617 2644 764 2700 silva
823 2649 881 2701 et
938 2650 1131 2718 prato;
1193 2646 1615 2701 Frumisiacnm
1675 2663 1807 2702 cum

154 2733 357 2789 Warcb
378 2736 436 2789 et
452 2732 706 2789 ecclesia
724 2722 1115 2806 omnibusque
1136 2735 1789 2807 appendiciis;Domnus

159 2823 353 2896 Lupus
404 2839 549 2877 cum
584 2821 828 2878 ecclesia
885 2828 942 2878 et
998 2823 1379 2892 molendinis;
1416 2825 1487 2881 ad
1520 2824 1808 2880 Sasleium

157 2929 340 2967 mens.
395 2914 455 2975 1;
514 2911 586 2966 ad
620 2911 955 2967 Todennam
1004 2914 1033 2968 ἀ
1086 2916 1278 2984 partes
1328 2913 1505 2968 unius
1556 2912 1809 2968 ecclesia:

154 3016 282 3055 cum
329 2999 539 3063 terris,
570 2999 713 3055 silva
743 3004 799 3055 et
825 3004 1023 3071 prato;
1057 3002 1127 3056 ad
1160 3005 1493 3057 Wammam
1542 3006 1808 3072 quartam

154 3094 374 3161 partem
410 3089 601 3143 unius
630 3087 881 3144 ecclesiae
912 3106 1046 3144 cum
1078 3090 1268 3146 tribus
1300 3090 1615 3162 quartariis
1645 3094 1808 3144 terrae

1912 515 2080 570 nonis
2112 514 2477 588 aliorumque
2523 533 2765 572 suorum
2815 514 3078 572 fidelium
3127 516 3409 574 fratribus
3448 517 3551 575 ha-

1909 604 2101 661 benda
2132 605 2312 672 dedit,
2344 610 2409 660 ut
2456 606 2789 678 quicunque
2837 604 3010 660 homo
3057 605 3178 661 sive
3226 605 3436 663 mulier
3483 608 3554 664 de

1910 692 2070 748 omni
2099 693 2451 749 Virdunensi
2482 695 2838 767 episcopatu,
2857 696 3258 768 cujuscunque
3286 695 3553 752 beneficii

1910 780 1995 836 vel
2047 782 2117 837 de
2164 800 2514 855 quacunque
2564 784 2690 853 lege
2738 788 2911 844 esset,
2946 785 3045 855 qui
3094 784 3153 839 in
3202 785 3404 841 eadem
3444 803 3551 859 po-

1910 873 2117 925 testate
2166 887 2506 941 permanere
2552 871 2741 940 vellet,
2802 872 3082 928 fratribus
3142 874 3555 946 perpetualiter

1911 962 2087 1024 esset,
2120 963 2177 1012 et
2204 961 2276 1014 de
2306 977 2412 1014 suo
2444 961 2634 1031 capite
2677 977 2860 1015 unum
2894 961 3154 1017 modium
3186 962 3301 1017 vini
3331 963 3552 1035 persol-

1911 1048 2108 1102 visset.
2143 1048 2200 1100 Si
2250 1064 2382 1102 vero
2431 1048 2534 1102 filii
2585 1052 2687 1103 aut
2736 1048 2864 1103 filia-3
2912 1065 2979 1104 ex
3033 1049 3115 1106 eis
3165 1052 3449 1122 procreati
3480 1053 3553 1108 ad

1913 1135 2058 1192 alias
2089 1137 2276 1192 redire
2306 1136 2628 1192 voluissent
2657 1140 3041 1209 potestates,a
3068 1138 3259 1195 villico
3288 1141 3553 1211 ejusdem

1913 1225 2215 1298 potestatis
2246 1225 2535 1297 prosecuti
2564 1242 2795 1298 semper
2823 1227 3237 1298 persolvissent
3258 1246 3553 1286 summam

1915 1330 2124 1369 census
2156 1314 2459 1386 praenotati
2496 1332 2508 1368 :
2540 1315 2695 1385 quod
2740 1318 2806 1369 ut
2855 1316 3085 1371 firmius
3116 1316 3176 1370 in
3207 1321 3554 1389 perpetuum

1914 1406 2069 1458 stare
2100 1402 2304 1474 possit,
2338 1402 2551 1473 precati
2586 1406 2725 1458 sunt
2748 1404 2951 1458 eadem
2983 1403 3109 1475 lege
3143 1405 3494 1462 conditionis
3524 1424 3559 1463 a

1914 1490 2083 1546 nobis
2114 1491 2224 1546 sibi
2272 1491 2571 1564 privilegio
2618 1492 2861 1555 ﬁrmari,
2895 1492 3049 1547 sicut
3098 1492 3413 1564 prmdictus
3437 1493 3558 1565 epi-

1914 1597 2149 1652 scopus,
2169 1582 2402 1653 quando
2433 1582 2688 1648 dederat,
2724 1581 2910 1637 facere
2942 1581 3331 1645 studuit.Qua=.
3361 1582 3560 1638 omnia

1915 1669 2185 1742 superius
2216 1670 2474 1725 seriatim
2508 1674 2707 1724 notata
2738 1688 2850 1724 non
2896 1669 3087 1725 solum
3135 1670 3301 1726 vobis
3349 1671 3559 1726 contir-

1916 1776 2149 1815 mamus
2179 1763 2235 1813 et
2263 1760 2742 1826 corroboramus;
2777 1760 2873 1812 sed
2910 1759 3080 1813 etiam
3136 1775 3498 1832 quaecunque
3529 1777 3563 1816 a

1918 1848 2188 1904 fidelibus
2219 1848 2567 1904 Christianis
2586 1848 2748 1904 vobis
2768 1849 3093 1920 vestrisque
3122 1849 3561 1905 successoribus

1917 1938 2126 1993 amodo
2176 1938 2390 1993 fuerint
2437 1938 2813 1993 contributa:
2862 1941 3187 1994 statuentes
3243 1937 3562 2008 apostolica

1918 2043 2184 2093 censura,
2237 2026 2346 2081 sub
2395 2026 2573 2080 divini
2611 2025 2825 2096 judicii
2869 2025 3274 2091 obtestatione,
3309 2028 3371 2080 ut
3402 2024 3562 2082 nulla

1915 2114 2221 2171 hominum
2254 2131 2523 2186 persona,
2558 2131 2772 2186 magna
2799 2114 2887 2168 vel
2919 2131 3114 2185 parva,
3154 2115 3562 2187 cujuscunque

1918 2204 1994 2259 sit
2025 2203 2324 2275 dignitatis
2354 2204 2438 2259 vel
2472 2203 2716 2270 ordinis,
2740 2203 3144 2274 cujuscunque
3174 2203 3252 2258 sit
3282 2220 3456 2259 sexus
3504 2208 3564 2259 et

1916 2292 2124 2355 aetatis,
2170 2297 2374 2347 contra
2429 2292 2539 2347 hoc
2597 2291 2781 2347 nostri
2837 2291 3140 2364 apostolici
3194 2290 3560 2364 privilegium

1916 2380 2111 2437 venire
2157 2384 2461 2452 pertentet.
2524 2381 2686 2446 Quod
2737 2380 2837 2452 qui
2899 2397 3079 2435 ausus
3128 2379 3323 2445 fuerit,
3376 2381 3561 2437 nostri

1918 2469 2309 2525 anathematis
2339 2469 2531 2540 gladio
2551 2485 2737 2539 usque
2751 2468 2822 2522 ad
2840 2468 3079 2540 dignam
3102 2467 3562 2525 satisfactionem

1919 2559 1995 2614 sit
2024 2574 2369 2629 percussus;
2405 2556 2505 2627 qui
2535 2573 2669 2612 vero
2710 2555 2853 2611 illud
2902 2555 3313 2628 observaverit,
3345 2556 3565 2614 illaesus

1919 2651 1974 2704 et
2005 2648 2061 2701 in
2091 2647 2248 2702 omni
2281 2649 2443 2719 parte
2467 2646 2877 2711 inconcussus,
2901 2644 3109 2700 divina:
3143 2645 3565 2703 benedictionis

1918 2736 2165 2809 gratiam
2198 2739 2492 2790 mereatur
2520 2739 2576 2789 et
2605 2738 2829 2789 aeterna;
2868 2734 2996 2789 vitae
3037 2734 3327 2806 particeps
3357 2734 3567 2791 efﬁcia-

1918 2828 2032 2878 tur.

1993 2912 2101 2966 Leo
2151 2927 2319 2982 papa.
2349 2910 2543 2965 Gloria
2569 2909 2798 2965 Domini
2831 2908 3001 2982 plena
3051 2912 3140 2964 est
3184 2913 3356 2965 terra.
3409 2909 3563 2967 Bene

1918 2999 2122 3055 valete.

1994 3089 2201 3154 J{Data
2229 3106 2309 3143 vn
2355 3087 2478 3143 Kal.
2530 3089 2670 3143 Nov.
2724 3105 2825 3160 per
2872 3105 3085 3144 manus
3130 3088 3282 3144 Petri
3333 3086 3563 3143 diaconi

151 3158 205 3233 et
257 3182 452 3249 prato;
527 3178 597 3231 ad
650 3176 930 3232 Milleium
980 3183 1200 3250 septem
1258 3158 1586 3250 quartarios
1642 3183 1808 3233 terrae
1840 3158 1882 3222 (ἶ
1921 3176 2344 3233 bibliothecarii
2379 3180 2435 3232 et
2465 3158 3008 3233 cancellarisanctaa
3032 3175 3361 3249 apostolica:
3384 3174 3562 3244 sedis,

152 3282 285 3322 cum
319 3265 471 3322 silva
525 3269 582 3319 et
628 3270 832 3336 prato;
883 3267 953 3322 ad
1005 3267 1391 3323 Salmoreium
1443 3267 1809 3322 medietatem

150 3354 326 3411 unius
357 3353 656 3421 ecclesia};
693 3354 959 3410 Lineium
1013 3372 1146 3411 cum
1197 3356 1441 3411 ecclesia
1474 3360 1531 3411 et
1572 3355 1815 3409 dimidio

154 3443 529 3509 molendino;
566 3442 824 3497 Fontane
880 3460 1013 3498 cum
1073 3444 1318 3500 ecclesia
1346 3449 1402 3499 et
1440 3444 1813 3509 molendino;

153 3530 604 3587 Heraldi-mons
625 3547 757 3585 cum
777 3530 1024 3587 ecclesia
1041 3537 1097 3588 et
1115 3533 1389 3589 omnibus
1418 3531 1776 3603 appendiciis
1801 3550 1813 3597 ;

154 3618 600 3675 Wandersaltis
632 3636 763 3674 eum
795 3620 1038 3676 ecclesia
1054 3625 1111 3677 et
1128 3622 1403 3677 omnibus
1425 3621 1815 3693 appendiciis;

153 3706 343 3764 Merla
374 3723 511 3761 cum
547 3706 805 3775 ecclesia,
839 3708 1174 3765 molendino
1202 3715 1258 3765 et
1287 3711 1563 3765 omnibus
1597 3725 1816 3780 appen-

157 3795 362 3862 diciis;
400 3794 1018 3868 Superiacum-majus
1069 3802 1126 3852 et
1174 3796 1638 3853 Subterior-villa
1685 3812 1818 3851 cum

157 3884 427 3951 ecclesia,
464 3882 822 3941 molendinis
854 3889 910 3941 et
939 3886 1216 3942 omnibus
1247 3886 1641 3959 appendiciis;
1673 3886 1818 3940 Con-

159 3974 484 4028 sauradum
541 3989 677 4027 cum
726 3974 993 4045 ecclesia,
1035 3975 1392 4030 molendinis
1443 3980 1499 4029 et
1546 3974 1821 4030 omnibus

160 4060 570 4134 appendiciis;
632 4061 705 4116 ad
758 4062 1153 4119 Braibannum
1219 4069 1443 4136 septem
1495 4062 1823 4137 quartarios

160 4153 325 4205 terra:
358 4167 500 4205 cum
535 4151 706 4205 vinea
739 4155 795 4206 et
825 4152 998 4219 silva;
1032 4152 1353 4209 Moslavilla
1385 4170 1518 4207 cum
1558 4152 1822 4217 ecclesia,

164 4238 510 4294 molendino
593 4243 651 4293 et
710 4240 985 4296 omnibus
1024 4241 1418 4314 appendiciis;
1489 4240 1821 4297 Flabasium

164 4342 298 4382 cum
352 4327 639 4392 ecclesia;
692 4329 1058 4385 Haudimons
1114 4346 1245 4385 cum
1309 4331 1498 4395 silvis;
1551 4330 1620 4383 ad
1679 4333 1822 4383 Jun-

164 4414 470 4470 chereium
506 4417 759 4482 mansJ,
794 4433 926 4472 cum
961 4419 1155 4473 banno
1187 4423 1243 4473 et
1273 4423 1549 4485 centena;
1584 4416 1827 4474 Anselli-

1924 3282 2077 3321 anno
2110 3265 2310 3320 domni
2341 3265 2547 3319 Leonis
2574 3265 2710 3321 noni
2744 3281 2903 3337 papa
2938 3267 2979 3332 Ι,
3010 3265 3213 3321 indict.
3249 3281 3332 3320 ιη.

1995 3356 2243 3426 Appensa
2299 3357 2379 3408 est
2407 3354 2662 3425 plumbea
2695 3352 2851 3409 bulla
2881 3370 3006 3408 cum
3031 3355 3132 3409 hac
3163 3355 3520 3424 inscriptione
3551 3366 3570 3405 :

1926 3444 2139 3499 LEONIS
2171 3459 2348 3497 ΡΑρίε.

2646 3547 2840 3602 XXVI.

1927 3637 1981 3692 S.
2018 3639 2119 3692 Leo
2153 3637 2222 3690 IX
2251 3635 2448 3688 Veteris
2478 3635 2786 3690 Monasterz’i
2816 3635 2869 3689 S.
2905 3634 3097 3691 Maria:
3140 3632 3510 3698 Virdunensis,
3541 3647 3573 3685 a

2166 3721 2281 3762 sese
2308 3721 2487 3759 conm
2498 3708 2629 3771 rati,
2661 3707 3022 3777 possessiones
3051 3705 3358 3776 conﬁrmat.

2549 3796 2736 3859 (Anno
2767 3794 2951 3867 4049.)

2013 3885 2181 3954 [Dom
2212 3879 2456 3949 Calmet,
2492 3883 2736 3937 Histoire
2763 3882 2828 3937 de
2859 3883 3137 3948 Lorraz’ne,
3171 3882 3215 3950 Ι,
3245 3881 3502 3947 Preuves,

2599 3970 2731 4026 pag.
2766 3954 2914 4024 423.]

2005 4062 2113 4116 Leo
2143 4060 2476 4131 episcopus,
2503 4077 2704 4116 servus
2735 4076 3038 4116 servorum
3068 4058 3191 4128 Dei,
3206 4058 3370 4114 fratri
3399 4059 3579 4114 THEO-

1934 4167 2142 4206 noamo
2172 4148 2524 4205 Virdunensi
2559 4149 2814 4221 praesuli,
2856 4153 2915 4205 et
2965 4148 3089 4205 suis
3136 4146 3578 4206 successoribus

1933 4242 1991 4295 in
2018 4242 2390 4311 perpetuum.

2006 4328 2065 4383 Si
2114 4327 2337 4383 devotis
2389 4328 2484 4383 Dei
2536 4327 2795 4383 ﬁdelium
2842 4327 3223 4399 petitionibus
3268 4341 3581 4384 assensum

1937 4417 2291 4482 dederimus,
2325 4417 2592 4472 videlicet
2624 4422 2686 4473 ut
2719 4434 2810 4473 res
2837 4420 3172 4473 sanctarum
3203 4416 3585 4473 ecclesiarum

162 4508 401 4557 sartum
436 4519 575 4558 cum
609 4504 851 4560 ecclesia
883 4510 940 4561 et
972 4508 1248 4564 omnibus
1271 4506 1827 4578 appendiciis;Post-
1864 4522 1907 4586 ι)
1939 4523 2139 4562 eorum
2185 4505 2580 4577 procurationi
2626 4506 2995 4570 commissas,
3028 4506 3183 4561 unde
3228 4502 3450 4578 duplici
3497 4518 3586 4558 re-

161 4589 376 4646 villare
429 4606 566 4645 cum
613 4591 877 4661 ecclesia,
914 4594 1168 4651 molend.
1203 4601 1261 4651 et
1291 4596 1566 4651 omnibus
1615 4611 1826 4667 appen-

162 4678 375 4747 diciis;
438 4679 731 4736 Morcium
794 4699 925 4738 cum
993 4684 1241 4739 ecclesia
1292 4689 1348 4739 et
1400 4684 1673 4739 omnibus
1732 4701 1831 4755 ap-

161 4767 497 4838 pendiciis;
553 4768 624 4823 ad
679 4770 914 4826 Areium
979 4778 1267 4843 quantum
1328 4772 1407 4826 ibi
1468 4772 1641 4827 habet
1699 4789 1833 4826 cum

161 4861 334 4928 portu
369 4859 430 4911 et
462 4856 771 4928 piscaria};
806 4858 1059 4914 Bcslaric
1092 4876 1225 4914 cum
1277 4846 1832 4927 duabus'ccclesiis;

162 4945 233 4999 ad
268 4944 708 5000 IIaudicurtem
743 4947 932 5003 mansi
965 4950 1031 5015 3;
1076 4949 1145 5003 ad
1203 4948 1492 5004 Balareias
1541 4966 1729 5005 mans.
1775 4951 1833 5015 1;

165 5033 461 5089 medietas
486 5032 651 5087 silva;
675 5037 859 5090 sancti
886 5036 1119 5091 Martini
1146 5041 1202 5091 et
1224 5038 1541 5108 prmhcndaz
1568 5039 1835 5105 fratrum,

163 5123 595 5177 advocationes
649 5128 704 5175 et
753 5124 960 5179 altaria
1002 5127 1073 5180 de
1125 5123 1384 5181 ecclesiis
1433 5126 1677 5193 nostris;
1714 5144 1834 5181 mo-

160 5210 482 5266 lendinum
548 5227 729 5281 super
788 5213 1130 5269 Braceolum
1192 5213 1249 5268 in
1316 5215 1509 5269 media
1567 5214 1835 5281 civitate;

158 5298 609 5354 Junchcrcium
643 5304 775 5355 ante
806 5301 1113 5357 castellum
1166 5303 1546 5367 Ramerudis;
1603 5303 1674 5357 ad
1726 5309 1837 5359 Ars

155 5404 295 5444 vero
363 5388 595 5442 mansi.
656 5388 688 5441 4
737 5406 872 5444 cum
932 5391 954 5445 1
1024 5391 1337 5462 quartario,
1398 5391 1565 5457 silva,
1626 5393 1838 5456 hanno,

159 5482 449 5543 centena,
485 5475 677 5530 vineis
722 5483 778 5532 et
828 5478 1166 5535 molendino
1220 5497 1233 5533 :
1283 5496 1407 5551 qua:
1440 5478 1637 5537 omnia
1684 5479 1842 5534 llado

159 5565 273 5641 pias
320 5563 639 5621 memoria:
698 5565 1005 5639 episcopus
1052 5566 1438 5622 Virdunensis
1485 5565 1747 5621 Ecclesiae
1778 5583 1846 5621 ea

1944 4594 2207 4650 fectionis
2236 4598 2407 4666 pastu
2439 4595 2757 4650 sustentari
2798 4595 3005 4651 debeat
3041 4611 3179 4667 grex
3221 4592 3586 4657 Dominicus,

1943 4683 2123 4739 nostri
2144 4682 2445 4754 apostolici
2462 4682 2742 4755 privilegii
2764 4683 3107 4738 auctoritate
3133 4680 3586 4743 firmaverimus,

1944 4771 2290 4828 universalis
2322 4770 2584 4826 Ecclesiae
2615 4771 2789 4827 statui
2825 4771 3199 4842 profuturum
3221 4768 3466 4824 minime
3487 4767 3592 4821 du-

1943 4861 2222 4924 bitamus,
2254 4858 2373 4913 imo
2423 4859 2494 4913 ab
2543 4859 2670 4929 ipso
2723 4859 2930 4913 divinae
2980 4855 3392 4913 misericordia;
3432 4853 3591 4908 fonte

1944 4947 2301 5005 remunerari
2336 4946 2651 5001 credimus.
2677 4946 2842 5001 Unde
2873 4947 3137 5003 omnium
3168 4942 3591 5000 catholicorum

1946 5039 2177 5108 Deoque
2210 5034 2565 5105 placentium
2615 5033 2965 5088 universitas
3014 5032 3413 5104 noverit,jam
3451 5028 3593 5085 dicti

1944 5126 2024 5181 Th
2035 5122 2280 5179 eodorici
2299 5120 2661 5176 dilectissimi
2685 5121 2948 5193 praesulis
2967 5124 3341 5186 consensu,et
3358 5119 3597 5175 Ermen-
3672 5108 3679 5113 ’

1949 5214 2090 5270 fredi
2126 5210 2511 5266 Virdunensis
2551 5209 2946 5265 archidiaconi
2995 5210 3340 5281 interventu,
3373 5206 3590 5274 locum,

1946 5303 2128 5358 Vetus
2183 5298 2601 5356 Monasterium
2663 5296 2987 5368 antiquitus
3039 5298 3284 5361 dictum,
3335 5296 3408 5352 ab
3465 5294 3597 5370 ipso

1950 5389 2324 5445 Ermcni'redo
2358 5387 2624 5442 funditus
2647 5389 3017 5454 renovatum;
3050 5385 3168 5441 imo
3194 5403 3227 5441 a
3256 5402 3349 5441 me
3376 5385 3504 5456 ipso
3534 5384 3599 5440 in

1952 5479 2167 5533 honore
2199 5481 2377 5535 suntne
2414 5476 2604 5530 Marim
2636 5473 2989 5546 Magdalenae
3037 5466 3239 5532 devote
3264 5474 3601 5531 dedicatum

1953 5571 2010 5624 et
2040 5570 2465 5633 consecratum,
2498 5582 2590 5622 me
2620 5563 2950 5638 apostolica:
3000 5564 3360 5624 auctoritatis
3398 5565 3605 5622 muni-
