3974 6206
184 358 344 422 633

1213 354 1619 419 EPI‘STOLIE
1662 355 1762 417 ET
1807 351 2168 416 DECRETA
2209 349 2678 416 PONTlFlClA.

3529 354 3644 415 63‘!

192 491 348 551 Deo
392 489 630 566 preprio
679 486 879 547 labore
924 485 1137 546 addere
1183 487 1497 562 potuerint,
1546 488 1756 546 amodo
1788 503 1886 544 eas
1915 487 1970 554 Α
2070 486 2366 544 Prmclaris
2435 486 2582 544 votis
2645 485 2843 544 divina
2910 485 3287 545 miseratione
3341 492 3648 562 praestatur

201 581 562 640 oblationes
611 581 819 637 fratres
849 579 906 634 in
939 595 1250 636 commune
1278 579 1550 636 habeant.
1585 580 1669 646 Et,
1705 595 1888 651 quan-

202 672 549 742 docunque
595 668 873 742 praelatus
904 669 1171 739 ejusdem
1205 666 1470 724 Ecclesia:
1504 685 1538 723 a
1572 667 1686 722 Deo
1721 666 1893 722 fuerit

200 764 502 826 vocatus,
535 776 712 831 quem
744 757 846 813 illa
876 757 1247 830 congregatio
1273 773 1341 812 ex
1369 773 1496 812 sese
1537 755 1894 811 unanimiter

204 848 497 922 elegerit,
523 846 871 921 praepositus
903 846 1276 917 subrogetur,
1310 849 1364 901 et
1384 846 1455 901 ad
1489 845 1696 901 altaria
1724 845 1895 900 bene-

209 937 508 1005 dicenda,
559 936 648 992 vel
696 953 893 992 sacros
937 935 1173 991 ordines
1231 934 1666 1007 principiendos
1716 950 1891 1005 quem

208 1026 529 1083 voluerint
577 1025 920 1098 episcopum
967 1028 1257 1095 expetant,
1307 1023 1583 1094 nullaque
1634 1021 1893 1077 Ecclesia

219 1115 569 1188 quidquam
601 1131 871 1187 separare
901 1113 988 1168 vel
1012 1113 1237 1168 auferre
1270 1111 1341 1168 ab
1362 1111 1445 1167 eis
1467 1115 1806 1184 praesumat,
1836 1114 1893 1166 et

225 1204 496 1271 nemini,
531 1203 640 1259 nisi
663 1202 1003 1258 invitatione
1026 1205 1126 1257 aut
1145 1200 1530 1274 permissione
1554 1200 1735 1256 totius
1763 1216 1893 1254 con-

222 1292 626 1366 gregationis,
657 1291 827 1348 liceat
867 1290 1206 1346 monasterii
1237 1289 1424 1362 ipsius
1463 1294 1626 1360 septa
1654 1290 1890 1344 intrare.

223 1382 411 1448 Quod
459 1381 509 1436 si
561 1380 804 1452 quilibet
849 1379 1218 1452 pontificum,
1265 1379 1336 1434 ab
1380 1377 1463 1434 eis
1505 1377 1895 1434 communiter

223 1468 598 1542 postulatus,
649 1486 752 1541 pro
784 1468 1046 1541 ipsorum
1078 1467 1330 1524 utilitate
1374 1467 1704 1535 accesserit,
1738 1483 1891 1534 mox,

225 1559 573 1617 secundum
619 1559 974 1615 voluntatem
1018 1557 1485 1631 congregationis
1534 1557 1758 1629 expleto
1790 1572 1895 1612 suo

233 1648 600 1718 ministerio,
616 1649 797 1720 prand
808 1649 898 1719 ioq
909 1664 977 1703 ue
990 1651 1224 1719 sumpto
1239 1647 1407 1702 abeat
1423 1647 1645 1717 absque
1659 1645 1899 1716 requisi-

233 1736 411 1793 tions
441 1735 618 1792 ullius
649 1735 930 1803 muneris,
962 1739 1254 1808 quatenus
1285 1735 1494 1791 fratres
1527 1735 1598 1790 de
1629 1737 1899 1806 percepta

234 1825 472 1898 quiete,
496 1827 736 1897 juvante
763 1826 1166 1922 Domi‘noiper
1195 1828 1475 1922 tempora‘
1499 1823 1812 1892 exsultent,
1844 1827 1901 1878 et
1931 1857 1976 1922 Β

233 1930 354 1987 pro
375 1917 538 1972 statu
561 1914 824 1970 Ecclesia
847 1909 1136 1968 catholicae
1162 1913 1415 1984 quietius
1437 1913 1622 1969 Deum
1637 1916 1893 1968 exorent.

236 2001 305 2060 Si
341 2005 540 2058 autem
573 2002 832 2075 aliquam
865 2002 1390 2074 transgressionem
1423 2018 1540 2058 sure
1572 2000 1783 2073 regulae
1817 2000 1896 2056 fe-

239 2091 453 2159 cerint,
483 2096 542 2148 et
571 2109 606 2147 a
627 2091 862 2164 proprio
884 2097 1116 2163 pastore
1135 2089 1430 2162 objurgari
1455 2089 1766 2157 noluerint,
1792 2106 1897 2145 nec

243 2197 366 2238 non
389 2179 690 2254 praelatus,
712 2180 812 2252 qui
832 2184 887 2236 et
914 2181 1067 2235 idem
1085 2196 1286 2236 eorum
1309 2179 1639 2252 episcopus,
1665 2179 1899 2235 seditio-

246 2287 389 2327 nem
418 2269 891 2342 congregationis
921 2269 1124 2324 sedare
1151 2284 1255 2340 per
1288 2284 1350 2324 se
1381 2267 1726 2341 nequiverit,
1758 2273 1900 2324 tunc

249 2359 405 2416 alios
437 2359 545 2415 sub
579 2359 781 2415 eadem
815 2357 1015 2431 regula
1033 2357 1350 2414 servientes
1374 2359 1444 2413 ad
1475 2357 1671 2429 ipsum
1698 2375 1899 2413 mona-

250 2449 509 2506 sterium
539 2452 831 2513 convocet,
851 2447 950 2519 qui
972 2447 1262 2504 sententia
1284 2447 1534 2520 regulari
1556 2447 1900 2503 scandalum

248 2537 582 2609 deprimere
594 2539 819 2604 curent,
834 2537 1004 2607 cujus
1019 2536 1095 2591 rei
1117 2537 1551 2592 concessionem
1573 2536 1666 2592 his
1684 2535 1904 2591 nostris

250 2625 524 2698 apicibus
573 2625 1020 2681 corroboramus
1070 2630 1126 2680 et
1168 2625 1607 2692 confirmamus,
1639 2630 1696 2680 et
1726 2623 1901 2680 etiam

251 2718 461 2771 caetera
490 2715 665 2781 bona,
689 2717 810 2770 tam
837 2713 1075 2770 mobilia
1093 2731 1269 2786 quam
1291 2713 1636 2782 immobilia,
1660 2714 1905 2769 ubicun«

171 2804 174 2807 ’
252 2810 372 2876 que
394 2803 710 2871 manentia,
737 2820 862 2875 qua:
886 2803 1058 2859 modo
1077 2802 1256 2859 habet
1276 2807 1331 2858 et
1353 2801 1613 2875 possidet
1633 2802 1761 2874 ipsa
1781 2807 1902 2870 tua,

251 2893 313 2948 S.
350 2893 624 2959 Deodate,
659 2892 921 2960 ecclesia,
945 2896 1002 2949 et
1023 2908 1210 2964 usque
1233 2891 1291 2947 in
1316 2895 1663 2964 perpetuum
1691 2890 1904 2947 habere

252 2981 492 3056 poterit,
524 2980 614 3037 vel
638 2998 741 3054 per
762 2998 1141 3053 quoscunque
1161 2980 1373 3036 Christi
1399 2979 1620 3047 ﬁdeles,
1648 2981 1904 3051 majores

251 3070 342 3128 vel
375 3069 630 3126 minores
659 3071 965 3142 utriusque
981 3086 1154 3126 sexus
1183 3068 1811 3141 cujuscunquezetatis,
1845 3073 1907 3124 ut

257 3158 481 3216 nemini
512 3157 682 3215 liceat
714 3159 938 3215 auferre
961 3159 1283 3231 quidquam
1306 3158 1392 3215 vel
1415 3157 1740 3215 diminuerc
1761 3175 1903 3230 quo-

2002 577 2261 633 eflectus.
2298 579 2436 634 Inde
2467 583 2554 634 est
2585 579 2736 651 quod
2763 578 2953 646 nobis,
2986 597 3019 635 a
3051 579 3269 652 synodo
3303 596 3480 652 quam
3524 580 3644 636 Ma-

2001 667 2216 739 guntia:
2237 666 2556 723 habuimus
2581 669 2980 737 redeuntibus,
3001 669 3241 742 conligit
3258 686 3359 741 per
3385 673 3643 726 vestrum

2002 756 2423 811 monasterium
2467 757 2680 821 venire,
2732 762 2788 812 et
2823 758 3124 814 ecclesiam
3184 759 3522 815 benedicere
3581 776 3646 814 ac

2003 844 2268 899 dedicare
2298 845 2493 900 divino
2517 846 2742 900 numini
2777 864 2951 918 quam
2986 848 3207 903 noviter
3246 852 3647 904 construxera-

2001 933 2096 1001 tis,
2132 934 2230 988 sed
2266 935 2545 989 mendum
2575 935 2945 1006 perfeceratis
2980 937 3049 992 ad
3084 937 3343 1009 plenum,
3377 942 3434 993 et
3471 939 3646 994 etiam

2001 1022 2208 1076 vestris
2256 1021 2526 1093 precibus
2556 1021 2693 1077 illuc
2745 1026 3054 1080 transferre
3095 1043 3307 1099 corpus
3337 1027 3514 1082 beatre
3546 1028 3648 1082 Ri-

2003 1110 2227 1165 chardai
2275 1111 2474 1182 primae
2517 1112 2959 1169 constructricis
3005 1115 3268 1186 ejusdem
3301 1114 3649 1172 venerabilis

2001 1197 2133 1264 loci,
2154 1215 2329 1269 quem
2353 1216 2454 1270 per
2475 1199 2805 1256 donationis
2824 1201 3096 1273 paginam
3120 1221 3234 1258 una
3251 1221 3385 1259 cum
3402 1206 3649 1277 conjuge

2004 1303 2109 1342 suo
2129 1286 2327 1342 Carolo
2363 1288 2710 1360 imperatore
2740 1295 2987 1361 augusto
3020 1293 3390 1348 contradidit.
3427 1295 3648 1365 itaque,

2002 1375 2266 1431 inclinati
2318 1377 2528 1433 vestris
2590 1378 3130 1446 intercessionibus,
3189 1383 3256 1435 ad
3321 1383 3647 1454 exemplum

2005 1465 2494 1537 praedecessorum
2521 1471 2876 1534 nostrorum,
2901 1485 3003 1540 pro
3025 1468 3201 1524 futuri
3221 1471 3501 1541 temporis
3525 1488 3653 1526 cau-

2005 1553 2122 1610 tela
2155 1570 2256 1609 nec
2288 1571 2403 1610 non
2433 1554 2750 1611 stabilitate
2780 1557 3045 1625 ejusdem
3089 1556 3221 1626 loci,
3274 1557 3653 1613 concedimus

2005 1649 2062 1699 et
2092 1644 2510 1699 confirmamus
2531 1644 2693 1700 vobis
2717 1645 2871 1700 idem
2904 1647 3346 1712 monasterium,
3372 1647 3526 1718 quod
3555 1663 3657 1718 per

2007 1731 2114 1786 hoc
2138 1735 2346 1786 nostrae
2371 1731 2696 1801 apostolicm
2722 1731 3089 1788 auctoritatis
3113 1733 3500 1806 privilegium,
3521 1749 3656 1788 cum

2011 1820 2285 1876 omnibus
2311 1821 2484 1876 rebus
2510 1825 2566 1876 et
2599 1820 2972 1876 facultatibus
2995 1822 3139 1889 suis,
3175 1840 3322 1894 quas
3353 1824 3527 1880 modo
3556 1823 3658 1880 ba-

2009 1910 2142 1966 bere
2172 1911 2421 1978 videtur,
2444 1915 2500 1966 et
2537 1911 2830 1983 deinceps,
2855 1911 3172 1967 auxiliante
3194 1913 3456 1978 Domino,
3485 1912 3604 1970 sive
3626 1931 3660 1970 a

2009 1997 2264 2071 regibus,
2307 1999 2426 2054 sive
2459 2017 2492 2054 a
2541 2000 2945 2072 cujuscunque
2985 2000 3283 2070 dignitatis
3322 2005 3379 2057 et
3434 2001 3659 2058 ordinis

2008 2087 2372 2154 hominibus,
2405 2105 2640 2160 quoquo
2673 2091 2839 2160 pacto
2871 2090 3170 2160 acquirere
3192 2089 3436 2162 poterit;
3471 2091 3571 2145 sed
3604 2093 3660 2146 et

2010 2175 2068 2231 in
2101 2177 2225 2248 ipso
2260 2179 2480 2247 majore
2511 2175 2692 2232 altare
2725 2193 2881 2232 novre
2912 2178 3168 2234 ecclesiae
3201 2196 3235 2233 a
3265 2179 3434 2235 nobis
3455 2195 3657 2236 conse-

2010 2269 2188 2333 crato,
2206 2263 2584 2336 prohibemus
2599 2265 2770 2319 alicui
2791 2267 3073 2322 sacerdoti
3090 2267 3332 2323 missam
3346 2267 3657 2335 celebrare,

2012 2352 2122 2409 nisi
2183 2369 2358 2426 quem
2415 2369 2517 2409 vos
2566 2355 2865 2426 vestrique
2923 2373 3290 2412 successores
3347 2348 3655 2414 volueri'nt.

2009 2445 2207 2514 Ipsum
2237 2459 2370 2498 vero
2405 2443 2824 2498 monasterium
2852 2444 3166 2516 integrum,
3189 2445 3340 2501 sicut
3356 2448 3483 2518 jam
3514 2463 3656 2519 prae-

2011 2531 2680 2597 diximus,concedimus
2711 2533 2872 2588 vobis
2905 2536 2961 2588 et
2991 2535 3446 2604 confirmamus;
3481 2552 3546 2590 ea
3573 2553 3662 2592 ra-

2011 2621 2168 2676 tione
2213 2625 2277 2675 ut
2325 2621 2598 2676 omnibus
2647 2620 2856 2676 diebus
2904 2623 3031 2677 vita
3080 2628 3285 2679 vestrze
3329 2625 3439 2680 sub
3471 2629 3662 2682 vestra

2013 2709 2230 2766 ditione
2261 2711 2351 2765 vel
2382 2711 2688 2783 regimine,
2723 2711 2892 2767 sicuti
2917 2711 3083 2767 vobis
3116 2713 3439 2768 secundum
3475 2714 3658 2771 Deum

2011 2799 2203 2854 visum
2221 2799 2413 2868 fuerit,
2437 2801 2746 2871 disponere
2763 2801 3000 2856 omnino
3015 2808 3373 2873 permaneat.
3394 2803 3536 2858 Cum
3564 2822 3664 2859 au-

2013 2891 2131 2942 tern
2163 2888 2363 2943 divina
2408 2889 2707 2944 vocatione
2741 2889 2809 2945 de
2841 2890 3108 2962 praesenti
3143 2890 3251 2946 hac
3283 2891 3412 2948 luce
3445 2894 3513 2948 ad
3546 2892 3662 2948 Do-

2015 2976 2243 3032 minum
2277 2977 2686 3048 migraveritis,
2712 2979 3030 3035 statuimus
3061 2980 3130 3035 de
3155 2981 3389 3053 propria
3421 2997 3660 3054 congre-

2015 3065 2266 3138 gatione,
2303 3082 2479 3138 quam
2523 3067 2632 3122 sibi
2669 3067 3030 3123 unanimitas
3065 3069 3289 3141 praefati
3322 3071 3663 3127 monasterii

2016 3155 2366 3210 ancillarum
2401 3155 2495 3210 Dci
2527 3156 2891 3213 concorditer
2917 3157 3174 3230 elegerit,
3209 3159 3432 3232 absque
3463 3161 3659 3232 cujus-

257 3247 407 3304 libet
435 3247 604 3304 modo
636 3264 705 3303 ex
733 3246 901 3304 bonis
931 3226 1094 3320 ipsis,
1124 3226 1249 3302 tam
1288 3247 1677 3319 praesentibus
1727 3226 1903 3320 quam
1937 3226 1978 3293 C
2017 3259 2248 3316 cunque
2296 3243 2552 3299 hominis
2592 3226 3120 3302 contrarietate—vel
3167 3226 3490 3316 obstaculo,
3531 3226 3660 3305 heri

261 3336 510 3405 futuris;
543 3339 865 3392 statuentes
905 3335 1223 3409 apostolica
1266 3353 1531 3405 censura,
1582 3336 1692 3392 sub
1725 3336 1906 3392 divini

255 3424 465 3498 judicii
484 3425 887 3491 obtestatione,
910 3430 974 3480 ut
995 3424 1157 3480 nulla
1169 3425 1472 3481 hominum
1492 3442 1759 3497 persona,
1785 3443 1906 3481 ma-

261 3527 380 3587 gna
405 3513 494 3570 vel
538 3529 733 3586 parva,
779 3517 982 3569 contra
1018 3512 1170 3569 hanc
1212 3517 1474 3570 nostram
1526 3514 1904 3586 apostolicam

264 3602 698 3658 concessionem
732 3607 790 3658 et
819 3603 1320 3658 confirmationem
1343 3602 1573 3659 obviare
1597 3607 1902 3676 pertentet.

266 3690 427 3756 Quod
444 3689 773 3762 quicunque
787 3707 966 3746 ausus
983 3690 1151 3746 fuerit
1165 3708 1348 3763 usque
1361 3693 1430 3746 ad
1453 3691 1797 3764 condignam
1818 3709 1906 3747 sa-

262 3775 652 3834 tisfactionem
677 3779 856 3834 nostri
881 3779 1273 3836 anathematis
1296 3781 1594 3852 subjaceat
1604 3781 1900 3852 periculis.

261 3867 368 3932 Qui
395 3881 529 3922 vero
552 3871 748 3923 custos
777 3872 832 3923 et
857 3870 1194 3924 observator
1213 3869 1392 3941 hujus
1422 3875 1631 3925 nostrae
1664 3887 1903 3926 conces-

261 3955 443 4012 sionis
487 3959 544 4011 et
583 3957 1070 4013 corroborationis
1107 3957 1302 4028 fuerit,
1337 3975 1370 4013 a
1401 3958 1747 4014 retributore
1778 3976 1899 4015 om-

261 4043 420 4101 nium
453 4045 738 4102 bonorum
759 4045 1160 4117 benedicatur,
1183 4051 1238 4103 et
1257 4050 1533 4103 aeternam
1564 4047 1742 4103 vitam
1766 4065 1899 4104 con-

259 4133 422 4206 Sequi
457 4138 769 4190 mereatur.

327 4221 538 4279 Datum
566 4240 662 4279 xvx
693 4222 821 4278 Kal.
858 4224 1188 4280 Decembris
1218 4241 1321 4297 per
1351 4241 1561 4280 manus
1592 4223 1740 4280 Petri
1771 4225 1900 4281 dia-

261 4312 385 4367 coni
419 4309 845 4369 bibiiothecarii
876 4318 932 4370 et
953 4313 1282 4370 cancellarii
1314 4318 1526 4370 sanctae
1568 4314 1897 4387 apostolicae

263 4399 436 4470 sedis,
470 4417 621 4458 anno
655 4401 878 4459 domini
925 4402 1134 4460 Leonis
1164 4402 1238 4458 IX
1266 4419 1427 4476 papae
1457 4402 1670 4476 primo,
1709 4403 1898 4460 indic-

264 4488 413 4544 tione
441 4491 631 4547 tertia.
1035 4553 1037 4556 .

977 4555 1169 4620 XXIX.

191 4719 196 4724 ‘
263 4647 420 4702 Bulla
449 4649 733 4724 ‘S_.ALecnis
773 4653 855 4722 IX,
888 4651 957 4708 ad
985 4651 1300 4708 Mathildcm
1329 4652 1661 4724 abbatissam
1700 4668 1890 4708 mona-

324 4720 481 4774 sterii
505 4719 560 4776 S.
592 4722 827 4778 Fabiani
843 4719 906 4778 et
945 4724 1274 4791 Felicitatis,
1315 4739 1424 4793 qua
1454 4723 1745 4792 conﬁrmat
1776 4740 1895 4780 mo-

324 4795 556 4848 nastcn'i
584 4795 758 4865 ipsius
782 4795 1105 4865 privilegia,
1137 4797 1291 4866 cujus
1308 4795 1594 4866 ecclesiam
1619 4811 1897 4851 consecra-

323 4871 491 4932 uerat,
523 4866 786 4921 translato
818 4868 878 4922 in
906 4866 1046 4922 illud
1066 4865 1285 4938 corpore
1314 4865 1370 4921 S.
1403 4865 1714 4923 Richardis.

873 4956 1064 5026 (Anno
1096 4956 1279 5027 1049.)

260 5031 553 5113 [Martene,
579 5043 836 5099 Thesaur.
893 5043 1091 5100 Anecd.
1128 5045 1170 5110 Ι,
1199 5044 1322 5112 470,
1356 5060 1426 5100 ex
1456 5044 1668 5101 schedia
1708 5044 1896 5100 Stiua-

771 5117 974 5184 giensz's
1000 5117 1366 5183 monasterii]

321 5200 433 5258 LEO
481 5201 812 5274 episcopus,
862 5221 1066 5259 servus
1098 5215 1395 5260 servorum
1429 5203 1547 5270 Dei,
1579 5203 1800 5259 dilectae
1834 5203 1892 5258 in

260 5287 474 5346 Christo
498 5289 631 5346 filiae
661 5289 947 5350 MATHILDI
969 5293 1277 5350 abbatissae
1309 5291 1656 5348 venerabilis
1690 5309 1892 5347 mona-

260 5378 410 5434 sterii
457 5380 657 5436 Sancti
697 5381 935 5437 Fabiani
976 5386 1310 5454 sanctasque
1354 5381 1688 5449 Felicitatis,
1737 5381 1890 5453 quod

260 5467 570 5541 appellatur
597 5469 879 5540 Helionis,
915 5471 1093 5528 situm
1127 5472 1185 5526 in
1217 5488 1365 5544 pago
1396 5469 1710 5538 Helisatize,
1743 5469 1890 5525 tuis-

260 5571 359 5629 que
387 5559 834 5616 successoribus
855 5561 1169 5618 abbatissis
1200 5567 1541 5634 perpetuam
1564 5558 1623 5615 in
1646 5558 1891 5615 Domino

260 5645 516 5704 salutem.

2018 3332 2401 3398 abbatissam,
2433 3339 2746 3405 praestante
2776 3334 3042 3390 videlicet
3075 3336 3244 3392 nobis
3275 3341 3330 3392 et
3361 3355 3660 3395 successo-

2017 3421 2180 3476 ribus
2214 3422 2428 3478 nostris
2459 3422 2791 3477 annualiter
2819 3427 2935 3479 tres
2967 3441 3192 3496 pannos
3215 3425 3399 3482 lineos
3430 3429 3660 3498 pontiﬁ-

2016 3510 2125 3566 cali
2156 3511 2288 3565 usui
2321 3515 2508 3583 aptos.
2542 3512 2704 3577 Quod
2738 3512 2784 3567 si
2816 3512 2873 3567 in
2914 3513 3152 3568 biennio
3185 3519 3285 3569 aut
3323 3515 3380 3568 in
3412 3515 3661 3573 triennio

2016 3599 2379 3671 persolutum
2404 3615 2518 3654 non
2543 3599 3119 3665 fuerit,solumniodo
3141 3602 3532 3674 persolvatur;
3560 3623 3662 3661 nec

2014 3705 2049 3742 a
2078 3688 2516 3743 successoribus
2549 3688 2766 3744 nostris
2794 3689 3014 3762 aliquid
3041 3690 3295 3763 amplius
3315 3693 3486 3747 modo
3518 3711 3661 3765 quo-

2013 3776 2154 3831 libet
2184 3775 2533 3848 requiratur.
2567 3777 2931 3848 Quapropter
2956 3780 3224 3851 przesenti
3249 3781 3660 3854 decretojube-

2013 3881 2146 3919 mus
2178 3869 2242 3920 ut
2275 3864 2927 3937 nullusimperatorum,
2959 3867 3045 3922 vel
3077 3884 3300 3940 regum,
3336 3875 3436 3924 aut
3465 3871 3660 3943 cujus-

2012 3971 2241 4025 cunque
2267 3953 2567 4027 dignitatis
2589 3953 2670 4008 vel
2696 3954 2919 4009 ordinis
2943 3955 3116 4011 l‘iomo
3139 3956 3370 4028 audeat,
3394 3958 3504 4014 sub
3522 3977 3661 4032 quo-

2011 4043 2152 4098 libet
2169 4043 2411 4098 obtentu
2428 4042 2514 4097 vel
2540 4042 2866 4107 occasione,
2887 4045 3190 4116 przefatum
3214 4049 3656 4118 monasterium,

2012 4132 2163 4204 quod
2193 4147 2294 4203 pro
2313 4146 2509 4186 amore
2527 4131 2830 4187 beatorum
2846 4132 3243 4204 apostolorum
3261 4135 3409 4190 Petri
3426 4141 3480 4191 et
3494 4137 3657 4195 Pauli

2010 4238 2076 4277 ac
2113 4219 2470 4293 sempiterna
2517 4219 2738 4277 scilicet
2785 4221 2993 4277 animm
3027 4240 3145 4278 suae
3190 4227 3659 4284 remuneratione

2009 4309 2308 4383 praelibata
2358 4309 2786 4383 gloriosissima
2825 4310 3164 4382 imperatrix
3198 4313 3505 4384 Ricliarda,
3542 4333 3660 4374 una

2008 4417 2143 4456 cum
2184 4399 2533 4456 charissimo
2582 4402 2830 4474 conjuge
2871 4417 2978 4456 suo
3028 4401 3230 4458 Carolo
3280 4405 3658 4465 serenissimo

2005 4488 2355 4562 imperatore
2385 4493 2672 4562 Augusto,
2705 4494 2760 4545 et
2790 4490 2944 4561 quod
2976 4490 3145 4546 beato
3195 4497 3361 4548 Petro
3411 4492 3660 4568 principi

1927 4599 1974 4666 Ι)
2007 4578 2402 4652 apostolorum
2453 4594 2565 4666 per
2600 4578 2933 4634 donationis
2972 4581 3250 4653 paginam
3296 4581 3656 4655 obtulerunt,

2005 4668 2334 4740 inquietare
2380 4667 2469 4723 vel
2519 4665 2891 4740 aliquatenus
2945 4669 3276 4741 molestare,
3328 4675 3431 4726 aut
3460 4673 3532 4728 ad
3558 4675 3660 4745 jus

2006 4773 2182 4812 suum
2214 4756 2301 4812 vel
2325 4756 2579 4812 alienum
2604 4758 2939 4824 transferre,
2963 4759 3064 4813 sed
3100 4775 3287 4831 neque
3317 4760 3376 4814 in
3407 4759 3661 4818 homini-

2006 4845 2116 4901 bus
2156 4861 2221 4900 ac
2255 4845 2632 4900 facultatibus
2665 4846 2792 4916 ejus
2825 4845 3024 4917 aliqua
3055 4848 3519 4904 contradictione
3559 4856 3661 4907 aut

2007 4934 2303 4990 invasione
2335 4950 2571 5005 quoquo
2594 4939 2855 5006 tempore
2883 4935 3068 4989 facere
3088 4939 3430 5006 praesumat,
3454 4939 3555 4994 sed
3589 4939 3657 4996 li-

2006 5025 2268 5093 ceatjam
2291 5021 2462 5076 dictis
2487 5021 2713 5076 ancillis
2740 5023 2834 5077 Dei
2859 5039 2990 5076 cum
3019 5023 3316 5079 abbatissa
3337 5025 3575 5096 propria
3595 5028 3655 5083 in

2005 5111 2103 5167 Dei
2137 5110 2555 5182 omnipotentis
2587 5110 2820 5166 servitio
2852 5111 3042 5182 quiete
3082 5113 3272 5168 vivere
3303 5128 3368 5167 ac
3411 5112 3520 5168 sub
3553 5115 3657 5172 de-

2005 5201 2265 5256 fensione
2298 5204 2510 5254 sanctae
2543 5198 2874 5270 apostolicae
2899 5199 3185 5270 Ecclesia,
3211 5201 3303 5256 cui
3327 5205 3440 5256 Deo
3463 5210 3657 5260 aucto-

2003 5307 2063 5345 re
2111 5287 2496 5355 deservimus,
2531 5288 2739 5359 degere
2770 5287 3168 5362 securiterque
3200 5307 3559 5362 permanere.
3593 5293 3652 5349 Si

2004 5383 2198 5436 autem
2231 5377 2385 5451 quod
2427 5376 2601 5432 absit!
2645 5382 2703 5432 et
2751 5377 2874 5431 fieri
2917 5395 3029 5433 non
3077 5380 3392 5448 credimus,
3441 5382 3656 5456 aliquis

2003 5471 2203 5524 contra
2222 5467 2330 5521 hoc
2354 5470 2618 5520 nostrum
2641 5463 3024 5536 apostolicum
3041 5468 3410 5541 privilegium
3436 5473 3652 5539 venire,

2003 5557 2212 5623 facere,
2243 5554 2330 5610 vel
2367 5572 2510 5611 ausu
2537 5555 2844 5610 temerario
2871 5557 3195 5629 tentaverit,
3221 5561 3482 5633 perpetui
3514 5578 3653 5618 ana-

2003 5645 2279 5702 thematis
2312 5644 2544 5702 vinculo
2563 5643 2896 5716 innodatus,
2913 5663 2979 5702 ac
2992 5651 3274 5721 perpetua
3287 5650 3658 5710 ultioneeum
