3974 6206
325 335 444 401 635

1392 337 1455 404 S.
1502 339 1784 404 LEONIS
1827 340 1911 405 1X
1955 343 2182 407 PAPJE
2222 344 2656 413 OPUSGULA.

3617 352 3756 424 636

325 467 788 539 Judatraditore,
804 471 917 528 nisi
934 471 1260 544 resipuerit,
1281 473 1968 532 maneatcondemnatus.
1999 476 2054 544 Α
2084 483 2293 536 nostra:
2317 479 2625 553 parentelae
2648 482 2971 549 recurrant,
2993 478 3249 557 indeque
3273 484 3384 543 sibi
3412 502 3751 560 quemcun-

326 561 434 627 Qui
465 568 657 619 autem
689 579 860 617 verus
890 567 1087 617 custos
1117 580 1181 617 ac
1203 564 1538 619 observator
1564 563 1972 632 exstiterit,be-

326 651 674 706 nedictionis
697 651 943 721 gratiam
963 668 1029 706 ac
1044 652 1503 707 misericordiam
1533 669 1565 707 a
1589 652 1835 708 Domino
1863 658 1971 709 Deo

325 744 524 796 nostro
555 740 829 813 consequi
861 745 1171 797 mereatur.

1058 869 1224 923 XXX.

323 952 377 1008 S.
412 955 623 1030 LeoﬁlX
646 956 1041 1026 parthenonem
1083 958 1138 1013 S.
1195 958 1383 1013 Crucis
1433 957 1972 1030 ii’o/fenheimensem

392 1026 460 1079 ab
498 1029 738 1097 Ilugonc,
779 1044 877 1082 suo
915 1033 1092 1093 patre,
1146 1026 1548 1100 Heliwz'qdique
1581 1038 1753 1084 matre
1780 1030 1969 1085 condi-

391 1102 529 1165 tum,
562 1100 678 1154 sedi
706 1101 1010 1170 apostolicae
1030 1102 1247 1167 subiicit
1277 1103 1689 1172 privilcgz'z'sque
1715 1110 1895 1156 ornat.

937 1198 1128 1267 (Anno
1169 1198 1341 1270 1409.)

394 1284 561 1356 [Dom
595 1284 836 1353 Calmet,
868 1288 1107 1351 Histoire
1135 1287 1199 1342 de
1244 1290 1523 1355 Lorraz'nc,
1560 1289 1601 1360 I,
1661 1292 1890 1343 Prcuves

993 1375 1124 1431 pag.
1160 1361 1305 1427 425.]

394 1464 513 1519 LEX
543 1463 876 1536 episcopus,
902 1482 1104 1521 servus
1135 1483 1432 1522 servorum
1463 1467 1581 1523 Dei.

394 1552 438 1608 Ο
472 1558 671 1609 sancta
693 1557 749 1607 et
770 1554 1134 1609 admirabilis
1165 1573 1321 1617 crux.
1347 1562 1371 1619 τι
1400 1556 1454 1610 in
1481 1572 1595 1627 qua
1620 1557 1792 1615 Jesus
1814 1559 1972 1615 Chri-

322 1645 452 1698 stus
473 1641 757 1697 Dominus
776 1648 974 1697 noster
988 1644 1262 1715 pependit
1284 1645 1294 1698 !
1325 1645 1591 1699 Devictus
1613 1663 1828 1709 amore,
1853 1649 1966 1705 imo

323 1731 673 1787 constrictus
698 1732 912 1794 debito,
940 1732 1241 1787 ecclesiam
1262 1734 1444 1805 patris
1470 1734 1578 1789 mei
1604 1734 1883 1803 Hugonis,
1910 1742 1967 1793 et

2082 585 2196 641 que
2226 570 2704 643 propinquiorem
2724 570 2905 628 velint
2924 572 2993 628 ad
3006 577 3273 631 vocatum
3299 577 3646 653 suscipiant,
3672 584 3751 637 ut

2083 676 2312 731 semper
2352 658 2483 732 ipsa
2531 660 2831 716 advocatia
2879 666 3115 718 maneat
3156 663 3216 719 in
3252 670 3451 723 nostro
3500 685 3744 740 genere.

2082 752 2364 805 Praeterea
2396 750 2515 806 sive
2536 750 2646 805 sub
2674 750 2784 805 hoc
2810 750 3057 807 Henrico
3079 759 3290 825 nepote
3314 771 3466 822 meo,
3499 758 3584 813 vel
3617 760 3743 814 sub

2082 837 2342 909 quolibet
2388 839 2797 894 advocatorum
2831 839 3189 906 futurorum,
3233 842 3431 915 ipsum
3466 846 3524 901 in
3556 830 3747 905 rebus

2080 944 2171 982 am
2182 927 2337 999 plius
2351 928 2591 983 creverit
2607 927 3053 999 monasterium,
3068 931 3406 1007 quicunque
3417 936 3744 994 advocatus

2080 1016 2271 1083 fuerit,
2324 1021 2558 1089 excepto
2600 1015 2976 1074 villicationis
3034 1017 3196 1076 lucro
3226 1021 3376 1077 villae
3418 1025 3741 1096 praedictae,

2079 1122 2194 1161 non
2226 1104 2359 1178 plus
2389 1105 2765 1161 emolumenti
2797 1122 2867 1161 ex
2900 1106 3029 1179 ipso
3059 1107 3417 1167 incremento
3449 1113 3559 1168 sibi
3592 1130 3740 1169 ven-

2079 1194 2274 1249 dicare
2303 1195 2514 1249 audeat
2539 1211 2715 1266 quam
2739 1195 3146 1252 duodecimam
3182 1204 3406 1269 partem
3430 1218 3444 1267 ;
3467 1200 3548 1258 ita
3569 1206 3652 1270 ut,
3678 1202 3739 1259 si

2080 1283 2276 1338 minus
2309 1298 2487 1354 quam
2518 1282 2826 1338 duodecim
2857 1286 3047 1340 mansi
3074 1286 3214 1356 sint,
3247 1292 3366 1343 tam
3399 1289 3501 1344 diu
3549 1293 3736 1347 susti-

2078 1376 2212 1428 neat
2250 1373 2565 1427 advocatus
2612 1372 2793 1427 donec
2840 1372 3159 1445 impleatur
3189 1392 3474 1433 numerus
3505 1380 3733 1435 duode-

2078 1460 2290 1526 cimus,
2322 1464 2378 1517 et
2397 1464 2536 1516 tunc
2560 1460 2738 1516 talem
2771 1478 3044 1518 mansum
3078 1464 3323 1536 accipiat
3350 1467 3584 1537 qualem
3617 1469 3727 1524 ab-

2080 1551 2306 1605 batissa
2354 1550 2403 1605 ei
2446 1550 2692 1620 dederit,
2736 1550 2857 1605 sive
2904 1550 2963 1605 in
3013 1551 3143 1624 ipso
3176 1552 3298 1608 loco
3330 1554 3448 1610 sive
3483 1555 3543 1609 in
3573 1556 3715 1624 alio,

2076 1640 2338 1710 ejusdem
2388 1638 2680 1694 utilitatis.
2722 1642 2841 1694 Hoc
2891 1639 3067 1696 etiam
3118 1641 3197 1697 sit
3240 1659 3253 1698 :
3288 1642 3336 1697 si
3368 1641 3500 1716 plus
3538 1660 3719 1716 quam

2076 1729 2383 1784 duodecim
2407 1727 2621 1783 fuerint
2644 1727 2702 1782 in
2728 1727 2801 1784 iis
2823 1745 2951 1801 quae
2979 1735 3297 1802 supersunt
3318 1732 3388 1788 ad
3412 1732 3726 1788 duodecim

323 1819 532 1876 matris
601 1836 740 1875 mea:
802 1819 1173 1891 ilﬁlwilgdis,
1230 1822 1652 1893 amborumque
1718 1824 1962 1881 fratrum
1996 1849 2044 1914 B
2076 1834 2319 1889 quaeque
2366 1833 2457 1871 1‘68
2497 1817 2634 1882 Sint,
2683 1816 2802 1873 Βίνϐ
2850 1817 2909 1872 in
2955 1817 3130 1884 Villis.
3179 1821 3297 1875 Sive
3344 1821 3400 1875 in
3454 1821 3626 1876 terris
3662 1838 3729 1878 ac

322 1924 588 1964 meorum
610 1907 845 1963 Gerardi
884 1911 939 1961 ct
961 1908 1222 1979 Hugonis
1242 1908 1642 1980 videlicetjam
1667 1912 1963 1967 defuncto-

321 2012 475 2062 rum,
527 1995 757 2066 meique
788 2012 1014 2051 memor
1044 1997 1235 2052 adhuc
1265 1998 1528 2063 viventis,
1563 2004 1619 2053 et
1648 2001 1967 2076 apostolica

320 2084 478 2149 sede,
511 2083 647 2140 licet
667 2084 1098 2157 indignissime,
1124 2089 1317 2141 tamen
1346 2088 1622 2153 sedentis,
1651 2090 1723 2143 ab
1743 2090 1964 2146 eisdem

319 2173 466 2229 meis
489 2174 1170 2246 parentibusfundatam,
1196 2180 1252 2231 et
1270 2193 1375 2233 suo
1397 2178 1591 2233 studio
1614 2179 1965 2249 dedicatam,

318 2261 720 2335 mihiquejure
733 2263 1098 2320 haereditario
1113 2264 1747 2337 delegatam,prmditus
1764 2268 1968 2338 legalis

319 2352 710 2408 successionis
734 2353 887 2423 jure,
912 2358 1122 2408 nostrae
1154 2353 1481 2425 apostolicae
1514 2354 1637 2410 sedi
1672 2357 1966 2413 substituo

318 2444 376 2497 et
397 2441 866 2497 substituendam
890 2441 1222 2511 perenniter
1236 2442 1305 2497 ad
1323 2443 1746 2500 defendendam
1768 2452 1970 2501 contra

319 2544 526 2585 omnes
558 2528 827 2583 homines
849 2529 897 2584 ei
932 2530 1341 2586 adversatur-os
1366 2531 1453 2586 vel
1476 2533 1772 2589 adversari
1805 2551 1969 2591 cona-

320 2621 504 2686 turos,
530 2621 594 2672 ut
623 2616 844 2672 scilicet
872 2616 1035 2672 nulla
1069 2617 1468 2689 quorumlibet
1498 2619 1804 2677 hominum
1838 2638 1967 2694 per-

320 2723 467 2762 sona
496 2706 818 2778 quidquam
850 2706 935 2760 vel
970 2708 1301 2761 exercendae
1334 2710 1644 2779 potestatis
1675 2711 1730 2765 in
1765 2713 1964 2768 eodem

319 2794 445 2851 loco
489 2796 659 2867 eique
709 2795 1175 2866 appendentibus
1224 2796 1366 2852 locis
1415 2798 1525 2852 sibi
1563 2804 1829 2871 usurpet,
1863 2802 1963 2856 sed

320 2884 515 2956 quiete
544 2888 601 2938 et
620 2884 800 2939 libere
824 2889 940 2939 tam
973 2885 1044 2939 ab
1067 2885 1226 2939 omni
1245 2886 1379 2956 jure
1408 2886 1667 2943 humano
1693 2906 1867 2960 quam
1893 2891 1964 2945 ab

320 2972 478 3029 omni
503 2972 874 3028 infestatione
895 2990 1127 3045 semper
1142 2978 1373 3030 maneat
1399 2992 1517 3029 sua)
1540 2977 1774 3048 integrae
1797 2978 1966 3034 liber-

319 3061 731 3125 tati'donatus,
762 3061 1024 3133 nullique
1054 3062 1165 3118 nisi
1202 3068 1413 3119 nostrae
1467 3065 1793 3136 apostolica:
1840 3069 1963 3122 sedi

322 3151 647 3222 subjectus.
678 3152 737 3205 Si
767 3154 961 3207 autem
980 3151 1309 3223 episcopus,
1334 3152 1389 3207 in
1411 3154 1581 3225 cujus
1602 3155 1833 3211 dicecesi
1853 3160 1959 3223 est,

320 3230 787 3295 conse'crationes
812 3239 1082 3294 altarium
1101 3257 1204 3295 seu
1235 3242 1749 3297 sanctimonalium
1782 3245 1962 3316 gratis
1994 3216 2037 3281 Ο

319 3328 508 3384 facere
551 3328 817 3391 voluerit,
855 3329 1064 3391 faciat;
1098 3328 1357 3401 alioquin
1398 3348 1431 3385 a
1463 3348 1815 3404 quocunque
1844 3332 1963 3405 epi-

318 3434 494 3490 scopo
522 3417 659 3474 velit
689 3417 1005 3487 abbatissa,
1038 3418 1335 3484 ecclesias,
1380 3423 1437 3475 et
1487 3421 1964 3478 sanctimoniales

318 3521 461 3562 suas
490 3506 749 3563 benedici
783 3507 975 3574 faciat,
1001 3524 1066 3563 eo
1089 3512 1284 3563 tamen
1310 3509 1521 3564 fmdere
1542 3512 1626 3576 ut,
1650 3526 1755 3566 nec
1785 3510 1964 3583 hujus

314 3594 601 3651 libertatis
633 3612 739 3651 nec
770 3595 1023 3663 alicujus
1047 3595 1291 3652 alterius
1323 3597 1403 3652 rei
1438 3598 1766 3665 occasione,
1795 3598 1965 3655 liceat

317 3682 459 3755 regi,
490 3683 579 3739 vel
627 3683 987 3756 imperatori,
1040 3683 1334 3757 episcopo,
1380 3685 1467 3741 vel
1505 3686 1962 3759 archiepiscopo,

319 3777 420 3828 aut
439 3771 687 3844 alicujus
718 3772 871 3829 alius
893 3773 1198 3845 dignitatis
1228 3773 1313 3828 vel
1332 3774 1685 3830 conditionis
1710 3775 1965 3844 homini,

318 3861 538 3934 aliquid
584 3862 828 3917 dominii
881 3863 939 3917 in
989 3864 1191 3918 eodem
1234 3862 1378 3927 loco,
1426 3863 1603 3936 inque
1634 3865 1807 3920 rebus
1835 3865 1966 3935 ejus

318 3967 597 4015 exercere,
639 3967 741 4006 seu
793 3944 1228 4007 advocationem
1279 3951 1537 4024 aliquam
1586 3952 1827 4019 habere;
1863 3954 1963 4009 sed

315 4039 444 4112 ipsa
473 4041 793 4105 advocatia,
814 4040 968 4095 sicut
989 4057 1143 4095 nunc
1167 4056 1294 4095 eam
1321 4039 1591 4096 commisi
1616 4041 1810 4113 nepoti
1836 4058 1964 4097 meo

312 4129 560 4185 Henrico
591 4132 850 4185 castrum
897 4127 1284 4199 Hegcnsheim
1318 4128 1575 4191 habenti,
1620 4129 1705 4184 ita
1734 4146 1968 4203 semper

317 4218 457 4272 dum
478 4216 684 4273 vixerit
707 4219 763 4271 in
781 4234 847 4271 eo
870 4217 1174 4279 consistat,
1199 4233 1303 4271 nec
1319 4233 1420 4287 pro
1445 4217 1572 4287 ipsa
1595 4218 1968 4274 advocatione

317 4305 454 4376 plus
484 4304 597 4360 nisi
646 4304 801 4375 quod
834 4304 904 4358 de
944 4302 1295 4358 villicatione
1324 4320 1449 4374 quae
1481 4304 1695 4361 dicitur
1740 4306 1963 4375 Orbeis,

309 4394 475 4463 juste
505 4392 818 4463 suscipiat;
849 4391 933 4446 ita
961 4397 1156 4447 tamen
1189 4396 1254 4445 ut
1283 4409 1437 4448 unus
1457 4392 1708 4450 villanus
1738 4412 1969 4466 semper

318 4484 619 4537 remaneat
657 4481 906 4536 idoneus
937 4497 1068 4535 cum
1103 4481 1383 4536 beneficio
1416 4498 1543 4548 suo,
1579 4482 1679 4555 qui
1710 4482 1969 4540 decimas

2076 1906 2281 1971 vincis,
2300 1905 2531 1960 interim
2554 1908 2846 1977 exspectet
2866 1922 3053 1978 usque
3072 1908 3212 1963 dum
3236 1909 3604 1981 compleatur
3621 1927 3727 1965 uu-

2076 2011 2292 2050 merus.
2318 1993 2378 2048 Si
2400 1997 2594 2048 autem
2619 1994 2689 2048 de
2712 1994 2990 2050 omnibus
3007 1997 3341 2051 monasterii
3365 1997 3563 2063 rebus,
3598 1997 3723 2053 sive

2076 2083 2394 2140 mobilibus
2408 2083 2527 2137 sive
2548 2082 2971 2151 immobilibus,
2988 2083 3117 2156 plus
3130 2101 3304 2156 quam
3327 2085 3713 2141 constitutum

2076 2176 2166 2229 est
2194 2172 2305 2228 sibi
2348 2188 2632 2243 usurpare
2654 2172 3107 2245 praesumpserit,
3141 2175 3196 2227 et
3224 2172 3375 2228 infra
3400 2173 3717 2229 duodecim

2075 2259 2475 2316 hebdomadas
2506 2265 2596 2316 est
2625 2260 2978 2329 admonitus,
3011 2265 3111 2317 aut
3149 2263 3413 2318 eamdem
3457 2279 3581 2319 rem
3625 2261 3719 2316 vel

2077 2348 2276 2415 aliam,
2304 2348 2754 2405 existimationis
2783 2350 3049 2420 ejusdem
3078 2350 3192 2422 ipsi
3219 2349 3537 2406 venerabili
3567 2349 3720 2415 loco,

2077 2436 2478 2492 sacratissima
2525 2453 2666 2492 crux
2717 2442 2773 2505 τι,
2820 2454 2937 2493 non
2995 2437 3330 2504 reddiderit,
3376 2442 3519 2492 tunc
3547 2436 3723 2493 liceat

2076 2526 2386 2582 abbatissae
2411 2528 2671 2582 nostram
2698 2527 2892 2582 sedem
2919 2526 3230 2598 appellare,
3254 2529 3311 2581 et
3331 2527 3485 2598 apud
3512 2526 3723 2581 Roma-

2076 2631 2218 2670 num
2233 2631 2443 2686 papam
2467 2616 2755 2687 deponere
2768 2614 3197 2687 querimoniam
3224 2614 3720 2688 superinjustitiis

2076 2703 2429 2759 monasterio
2461 2720 2568 2760 suo
2599 2704 2669 2759 ab
2700 2704 2977 2759 advocato
3014 2703 3214 2759 illatis.
3265 2705 3425 2769 Quod
3461 2703 3509 2760 si
3541 2704 3719 2760 advo-

2074 2796 2241 2848 catus
2289 2809 2450 2865 papae
2482 2792 2707 2863 judicio
2747 2793 2906 2864 juste
2949 2809 3069 2848 rem
3113 2792 3453 2849 inclinantis
3484 2792 3715 2864 culpam

2074 2881 2405 2945 correxerit,
2437 2881 2739 2937 advocatia
2767 2879 2825 2936 in
2858 2897 2924 2937 eo
2956 2884 3283 2948 remaneat;
3319 2881 3367 2936 si
3402 2897 3538 2937 vero
3570 2881 3723 2936 refu-

2073 2969 2299 3035 taverit,
2325 2969 2511 3040 {liceat
2550 2969 2859 3025 abbatissa
2899 2970 3145 3041 ejusque
3184 2969 3616 3043 congregationi
3649 2969 3721 3024 de

2075 3062 2274 3113 nostro
2320 3073 2532 3130 genere
2563 3057 3063 3131 propinquiorem,
3099 3057 3200 3130 qui
3232 3060 3424 3131 magis
3469 3058 3716 3115 idoneus

2075 3146 2259 3219 possit
2279 3146 2547 3216 inveniri,
2571 3147 2913 3203 advocatum
2935 3146 3237 3219 acquirere
3258 3146 3440 3202 alium
3472 3146 3607 3202 sibi.
3641 3152 3717 3202 De

2074 3236 2354 3293 electione
2366 3252 2499 3292 vero
2512 3235 2820 3291 abbatissae
2835 3240 2966 3308 post
2979 3241 3225 3292 mortem
3244 3235 3431 3308 ipsius
3446 3240 3717 3291 Kuentzae

2074 3341 2251 3397 quam
2284 3340 2385 3396 per
2415 3341 2522 3380 nos
2545 3324 2657 3397 ipsi
2679 3324 3108 3392 benediximus,
3135 3324 3246 3381 ista
3276 3324 3717 3393 constituimus,

2074 3418 2139 3469 ut
2167 3415 2244 3471 sit
2274 3414 2332 3469 in
2369 3414 2633 3487 ipsarum
2663 3430 2929 3469 sororum
2974 3413 3213 3470 arbitrio
3246 3430 3423 3485 quam
3455 3413 3610 3468 inter
3656 3430 3717 3469 se

2073 3502 2305 3576 eligere,
2338 3503 2569 3574 sibique
2595 3502 2917 3559 secundum
2940 3503 3122 3559 Deum
3154 3517 3488 3574 praeponere
3515 3502 3715 3571 velint,

2075 3591 2122 3647 si
2156 3591 2308 3647 inter
2326 3608 2425 3647 eas
2445 3591 2655 3647 idonea
2674 3589 2860 3662 possit
2881 3590 3164 3658 inveniri;
3198 3590 3457 3663 alioquin
3481 3590 3715 3646 aliunde

2074 3680 2185 3735 sibi
2216 3684 2488 3753 expetant
2515 3694 2929 3751 quamcunque
2979 3678 3277 3735 meliorem
3326 3679 3585 3736 invenire
3616 3697 3715 3735 va-

2073 3768 2248 3825 leant.
2275 3768 2741 3825 Benedictionem
2758 3785 2892 3825 vero
2918 3768 3225 3824 abbatissae
3242 3773 3299 3824 et
3318 3769 3539 3825 donum
3571 3768 3713 3824 nulli

2074 3857 2173 3915 alii
2204 3858 2317 3913 nisi
2346 3856 2677 3930 apostolicae
2708 3861 2918 3913 nostra;
2949 3857 3073 3913 sedi
3121 3857 3528 3927 concedimus;
3571 3862 3629 3913 et
3656 3857 3715 3913 in

2075 3946 2511 4003 consecratione
2540 3945 2871 4013 abbatissa,
2922 3946 2971 4001 si
3015 3945 3211 4017 aliqua
3244 3945 3601 4019 negligentia
3647 3947 3715 4002 de

2073 4052 2257 4108 penso
2290 4036 2499 4092 subtus
2530 4035 2830 4091 nominato
2861 4033 3055 4096 fuerit,
3085 4034 3347 4090 districte
3372 4035 3716 4090 determine-

2073 4129 2190 4180 tur.
2253 4125 2361 4179 Pro
2419 4122 2730 4179 donatione
2798 4122 2979 4195 igitur
3052 4122 3341 4179 libertatis
3415 4123 3612 4194 istius,
3687 4140 3718 4179 ο

2076 4230 2218 4269 crux
2249 4218 2279 4279 Τ
2324 4212 2453 4284 ipso
2496 4210 2615 4267 sole
2661 4211 2920 4279 nitidior,
2970 4210 3315 4282 cunctisque
3358 4212 3569 4268 creatis
3600 4229 3719 4285 pre-

2075 4301 2296 4368 tiosior,
2349 4305 2516 4357 Petro
2564 4300 2825 4372 apostolo
2867 4300 2995 4372 ipso
3046 4305 3145 4355 tuo
3191 4301 3546 4356 monasterio
3587 4319 3718 4357 con-

2076 4407 2239 4446 cesso
2271 4407 2374 4462 pro
2414 4391 2603 4446 salute
2634 4389 2842 4444 animae
2875 4404 3037 4454 meae,
3083 4405 3468 4461 meorumque
3513 4406 3719 4462 paren-

2074 4483 2223 4545 tum,
2272 4477 2491 4534 ibidem
2539 4477 2599 4533 in
2647 4477 2879 4533 Christo
2927 4482 3028 4533 tuo
3074 4477 3317 4533 Domino
3358 4483 3560 4534 nostro
3593 4480 3719 4534 dor-

317 4569 574 4626 ecclcsiae
603 4568 753 4624 villae
784 4568 971 4640 ipsius
1001 4569 1310 4642 ipsamque
1326 4569 1631 4626 ecclesiam
1657 4571 1965 4640 custodiat,
1998 4584 2044 4648 D
2079 4568 2409 4636 mientium,
2468 4583 2650 4639 penso
2706 4567 3011 4622 annuatim
3083 4566 3399 4622 constituto
3463 4570 3721 4639 tempore

316 4659 430 4730 ipsi
482 4661 584 4714 tuo
631 4657 949 4714 venerabili
992 4657 1118 4713 loco
1153 4663 1355 4715 sancta
1385 4676 1449 4714 ac
1484 4659 1705 4714 viviﬁca
1742 4675 1881 4714 crux
1913 4665 1968 4730 τι,

316 4746 420 4821 qui
447 4747 637 4803 etiam
670 4746 743 4803 ab
773 4747 933 4802 omni
967 4748 1229 4803 advocati
1261 4748 1483 4804 ditione
1522 4749 1599 4804 sit
1640 4748 1968 4817 absolutus,

314 4839 379 4892 ut
413 4852 588 4892 suum
632 4852 835 4891 secure
866 4836 1157 4908 persolvat
1179 4836 1458 4891 ofﬁcium.
1490 4840 1805 4907 Postquam
1838 4854 1969 4893 vero

318 4925 603 4981 Henricus
620 4942 801 4996 nepos
825 4942 992 4981 meus
1018 4925 1169 4979 diem
1189 4924 1464 4980 clauserit
1489 4927 1833 4985 extremum.
1857 4924 1970 4997 ipsi

316 5014 414 5087 qui
432 5015 719 5086 majorest
733 5018 871 5069 natu
889 5014 1039 5069 inter
1052 5030 1419 5086 possessores
1437 5012 1611 5069 castri
1625 5014 1943 5085 supradicti
1957 5060 1971 5084 ,

315 5104 363 5159 si
388 5103 584 5175 plures
609 5102 1276 5170 cxstiterint,advocatia
1305 5102 1605 5173 debeatur,
1637 5107 1693 5157 et
1722 5106 1861 5157 tunc
1893 5103 1971 5159 sit

315 5192 375 5247 in
407 5192 693 5247 electione
725 5190 1034 5245 abbatissa:
1069 5191 1256 5262 ipsius
1296 5189 1379 5243 tui
1415 5190 1521 5244 loci
1564 5208 1712 5261 saepe
1745 5208 1963 5246 memo-

314 5281 499 5335 randa
527 5279 952 5350 gloriosissima
973 5296 1114 5335 crux
1150 5284 1202 5346 f,
1234 5281 1464 5350 tuaeque
1496 5280 1965 5352 congregationis

315 5384 490 5439 quem
524 5368 635 5422 sibi
669 5384 869 5423 eorum
893 5367 1199 5423 instituere
1222 5364 1417 5422 velint.
1451 5367 1550 5423 Cui
1576 5385 1689 5423 non
1722 5367 1856 5439 plus
1886 5371 1966 5422 at-

313 5455 496 5510 tineat
517 5472 619 5526 pro
637 5457 944 5512 advocatis;
969 5455 1254 5517 mercede,
1275 5469 1450 5524 quam
1472 5457 1625 5528 quod
1658 5457 1963 5526 praefatum

311 5547 402 5598 est
445 5545 503 5595 et
538 5545 923 5600 constitutum
958 5548 1040 5598 est
1077 5560 1178 5613 pro
1212 5542 1476 5599 Henrico.
1510 5546 1670 5610 Quod
1706 5545 1753 5599 si
1788 5559 1961 5598 nemo

314 5629 614 5699 superstes
644 5631 813 5685 fuerit
843 5632 1044 5699 haeres,
1068 5637 1208 5684 tunc
1241 5644 1355 5683 non
1380 5630 1514 5700 alio,
1549 5633 1648 5689 sed
1682 5633 1749 5687 ad
1775 5646 1963 5705 genus

2079 4660 2291 4713 nostra:
2321 4655 2655 4728 apostolicae
2684 4654 2807 4711 sedi
2831 4655 2903 4710 ab
2936 4654 3237 4710 abbatissa
3258 4654 3447 4726 ipsius
3475 4654 3588 4711 loci
3613 4656 3720 4711 sot-

2074 4745 2346 4810 vendam,
2378 4744 2594 4800 Rosam
2622 4742 2894 4800 videlicet
2937 4759 3198 4809 auream,
3242 4759 3424 4815 penso
3470 4744 3718 4799 duarum

2079 4835 2473 4890 Romanarum
2497 4833 2826 4902 unciarum,
2849 4835 2952 4886 aut
2980 4831 3194 4887 factam
3222 4832 3375 4887 sicut
3403 4831 3524 4887 ﬁeri
3551 4828 3713 4885 solet.

2079 4927 2181 4979 aut
2218 4922 2586 4977 tantumdem
2619 4920 2690 4975 ad
2740 4919 3067 4975 faciendam
3098 4923 3357 4990 tempore
3387 4918 3720 4990 Quadrage-

2080 5012 2264 5077 simae,
2295 5010 2642 5067 mittendam
2685 5012 2886 5065 octavo
2917 5006 3010 5063 die
3040 5011 3358 5079 antequam
3405 5024 3439 5062 a
3470 5007 3640 5062 nobis
3670 5012 3723 5061 et

2080 5099 2521 5157 successoribus
2569 5096 2784 5154 nostris
2826 5100 3104 5152 consuete
3151 5095 3365 5167 portari
3415 5095 3476 5149 in
3518 5100 3726 5167 quarta

2075 5188 2376 5245 Dominica
2403 5188 2781 5260 praecedente,
2813 5184 3076 5240 videlicet
3108 5185 3198 5238 die
3230 5183 3559 5254 Dominico,
3592 5199 3721 5239 cum

2075 5282 2344 5334 cantatur
2371 5276 2656 5331 Introitus
2681 5293 2694 5344 ;
2730 5275 2886 5331 Oculi
2913 5275 3025 5329 mei
3053 5288 3261 5344 semper
3299 5271 3368 5327 ad
3398 5274 3719 5328 Dominum.

2073 5367 2192 5422 Hoc
2246 5369 2440 5420 autem
2500 5378 2732 5435 semper
2801 5361 3140 5419 memoriale
3194 5360 3487 5416 libertatis
3550 5362 3721 5417 istius

2072 5454 2320 5510 existere
2376 5451 2621 5519 decrevi,
2687 5456 2772 5521 ut,
2851 5452 2989 5524 quia
3043 5468 3110 5505 eo
3165 5454 3427 5521 tempore
3483 5450 3722 5506 victoria

2072 5544 2409 5599 recensetur
2457 5538 2687 5594 Domini
2735 5541 2923 5597 nostri
2970 5524 3108 5596 Jesu
3140 5537 3377 5605 Christi,
3412 5538 3516 5609 qui
3566 5539 3621 5593 in
3673 5543 3720 5593 te

2071 5643 2286 5704 passus
2330 5629 2439 5693 est,
2482 5642 2516 5681 o
2555 5641 2697 5681 crux
2736 5632 2767 5695 τ
2821 5627 3236 5697 sacratissima,
3260 5630 3402 5683 tunc
3442 5627 3718 5696 timenda,
