3974 6206
201 316 330 383 637

1194 313 1593 379 EPISTOLE
1634 314 1736 376 ET
1778 311 2143 376 DECRETA
2187 313 2669 379 PONTIFICIA.

3515 317 3638 382 638

204 469 373 509 nunc
399 449 727 525 appelenda
756 455 812 507 et
841 448 1104 507 colenda.
1138 450 1244 505 Tui
1276 468 1508 524 quoque
1531 449 1864 508 monasterii
1895 448 1953 513 Α
1980 462 2122 505 nera
2146 471 2165 501 ι
2198 464 2210 503 :
2245 464 2350 505 nos
2386 449 2781 524 aMaguntina
2801 448 3022 525 synodo
3053 449 3277 508 Roman
3317 468 3521 510 versus
3543 471 3631 511 re-

204 544 273 599 in
296 559 428 599 meo
448 540 803 615 patrimonio
825 540 945 607 siti,
968 543 1024 596 et
1047 557 1081 596 a
1102 557 1195 597 me
1215 541 1556 599 omnimoda
1578 540 1862 609 libertate,

204 635 280 688 ut
300 630 572 704 superius
592 630 817 686 dictum
840 634 948 696 est,
982 630 1204 698 donati,
1230 630 1424 687 Romae
1470 648 1583 687 non
1605 632 1705 688 fiat
1726 631 1866 687 obli-

204 720 324 787 vio,
357 719 457 776 ubi
486 722 665 792 caput
712 718 827 775 sibi
871 719 1131 775 vindicat
1178 720 1372 777 omnis
1423 720 1643 793 religio,
1677 725 1735 777 et
1768 720 1865 776 ubi

204 808 546 866 immeritus
576 808 759 864 vicem
794 808 1022 880 sumpsi
1070 807 1451 880 apostolatus.
1502 810 1575 865 Ut
1604 828 1735 866 vero
1769 811 1865 865 fir-

208 916 377 956 mum
410 902 466 955 et
485 898 904 954 inconcussum
928 901 1139 953 nostrae
1158 898 1541 954 ordinationis
1564 900 1864 955 decretum

207 990 561 1062 perseveret,
595 991 808 1043 nostra:
854 986 1183 1059 apostolica:
1227 987 1589 1043 auctoritatis
1618 1005 1866 1045 censura

207 1076 531 1134 statuimus
549 1092 621 1133 ne
642 1076 777 1148 quis
801 1092 1068 1148 unquam
1090 1077 1304 1133 audeat
1330 1077 1687 1150 pretergredi
1714 1077 1866 1133 ultra

211 1183 397 1239 quam
423 1165 521 1221 hic
549 1164 836 1237 scriptum
866 1164 1135 1230 habetur,
1160 1170 1309 1222 etne
1332 1182 1593 1238 unquam
1606 1182 1738 1238 quis
1761 1166 1865 1221 im-

213 1255 354 1329 pius
384 1258 693 1311 temerator
726 1255 1031 1327 tyrannico
1080 1272 1228 1311 ausu
1287 1255 1613 1327 quidquam
1664 1272 1865 1327 rapere

211 1344 449 1417 sibique
480 1359 761 1417 usurpare
791 1344 862 1399 de
893 1344 1069 1399 rebus
1099 1345 1365 1416 ejusdem
1408 1343 1685 1412 ecclesiae,
1717 1361 1865 1416 quas

211 1435 265 1489 ei
297 1433 384 1490 vel
416 1431 529 1489 mei
559 1436 832 1505 parentes
881 1432 1276 1503 contulerunt,
1325 1433 1413 1490 vel
1460 1434 1588 1507 ipse
1618 1433 1862 1500 contuli,

208 1526 311 1579 aut
342 1521 591 1595 quilibet
621 1521 1090 1578 Christianorum
1118 1522 1198 1578 ibi
1229 1521 1550 1580 collaturus
1576 1527 1682 1590 est,
1721 1541 1863 1596 prae-

211 1615 428 1670 sumat.
445 1611 609 1678 Quod
623 1610 981 1684 quicumque
1022 1612 1423 1681 tentaverit,ad
1436 1613 1657 1684 usqued
1669 1612 1680 1667 i
1688 1629 1865 1685 gnam

212 1699 695 1764 satisfactionem,
715 1700 897 1756 nostri
917 1700 1220 1773 apostolici
1237 1701 1626 1759 anathematis
1643 1701 1862 1774 obliga-

1976 537 2241 605 deantes,
2277 538 2346 593 ad
2384 539 2577 612 ipsum
2624 539 2718 594 Dei
2768 538 3055 613 templum
3102 540 3296 597 venire
3343 541 3630 609 invitavit,

1976 626 2130 699 quod
2164 644 2197 681 a
2231 627 2399 684 nobis
2430 647 2491 684 ιιι
2518 628 2664 684 Non.
2689 628 2960 685 Decemb.
2986 630 3193 685 merito
3217 630 3438 687 honore
3460 631 3628 687 dedi-

1975 719 2192 781 catum,
2234 715 2281 769 si
2316 717 2549 772 tandem
2591 717 2720 772 Juri
2764 718 2963 774 S.R.E.
3008 722 3064 774 et
3096 718 3436 775 beatissimo
3459 724 3629 776 Petro

1975 803 2236 876 apostolo
2268 810 2537 878 prompto
2583 807 2818 861 donavit
2865 811 2922 862 ct
2952 807 3164 863 obtulit
3211 809 3426 879 animo,
3460 814 3629 881 teque

1977 893 2156 948 filiam
2180 911 2370 961 suam,
2400 896 2718 967 quamjam
2746 900 2857 952 Deo
2886 898 2942 952 in
2968 899 3290 953 monastica
3314 915 3625 956 conversa-

1972 982 2129 1037 tione
2159 988 2215 1036 et
2236 983 2440 1039 habitu
2475 990 2823 1054 sacraverat,
2850 986 3113 1057 ejusdem
3157 989 3379 1060 rogavit
3405 1006 3438 1044 a
3460 989 3630 1045 nobis

1973 1071 2097 1125 fieri
2174 1072 2532 1128 abbatissam
2596 1072 2724 1128 loci.
2780 1074 2839 1127 Id
2892 1073 3128 1146 auspice
3177 1076 3314 1144 Deo,
3358 1076 3625 1145 fecimus,

1974 1159 2336 1215 attendentes
2369 1160 2427 1215 in
2460 1166 2536 1227 te,
2573 1164 2861 1233 quantum
2913 1162 3136 1218 homini
3189 1169 3278 1220 est
3327 1165 3627 1237 possibile,

1973 1250 2243 1303 timorem
2270 1249 2391 1315 Dei,
2426 1249 2615 1304 cordis
2639 1250 3173 1321 compunctioncm,
3197 1254 3411 1309 mentis
3433 1254 3627 1310 humi-

1970 1337 2217 1405 litatem,
2245 1353 2475 1393 morum
2492 1336 2861 1409 gravitatem,
2880 1338 2937 1393 in
2964 1339 3629 1397 adolns~entibnsmem-

1972 1426 2095 1482 bris
2108 1426 2696 1498 praetendentemjam
2713 1431 3095 1482 senectutem.
3114 1428 3183 1481 Et
3206 1431 3631 1486 constituentes

1974 1516 2248 1572 eumdem
2280 1514 2473 1571 locum
2505 1533 2632 1571 esse
2667 1516 2719 1570 in
2759 1520 3107 1588 perpetuum
3156 1517 3502 1574 ancillarum
3536 1520 3631 1574 Dei

1976 1606 2421 1670 monasterium,
2457 1604 2552 1659 ubi
2587 1609 2643 1660 tu
2679 1606 2749 1660 de
2781 1609 2835 1661 te
2866 1608 2919 1660 et
2941 1606 3242 1661 sororibus
3264 1605 3382 1661 tuis
3403 1607 3625 1679 primas

1974 1694 2089 1750 Deo
2119 1693 2409 1767 primitias
2454 1694 2661 1750 offeras
2703 1694 3022 1767 religionis,
3074 1695 3285 1751 merita
3316 1696 3627 1766 castitatis,

214 1789 437 1846 tionem
458 1790 736 1854 incurrat,
768 1793 825 1845 et
857 1807 890 1845 a
919 1793 993 1855 te,
1026 1808 1057 1847 o
1090 1808 1232 1847 crux
1262 1796 1289 1858 ’ί
1316 1791 1651 1857 metuenda,
1686 1791 1862 1848 male-
1896 1818 1941 1883 Β
1976 1783 2289 1854 omnisque
2323 1782 2626 1839 bonitatis.

213 1879 573 1936 dictionem:
609 1879 706 1951 qui
732 1894 864 1936 vero
894 1880 965 1935 ab
998 1880 1105 1936 hac
1140 1881 1464 1937 temeritate
1490 1879 1735 1936 consilio
1767 1899 1864 1937 sa~

214 1968 367 2025 niori
397 1985 460 2025 se
492 1968 820 2036 servaverit,
855 1968 948 2025 hic
980 1974 1189 2025 nostra:
1226 1969 1646 2026 benedictionis
1676 1970 1861 2026 abun-

210 2057 416 2114 dantia
443 2058 660 2131 dignus
690 2057 818 2126 erit,
841 2064 899 2114 et
936 2059 1353 2131 omnipotentis
1400 2059 1500 2115 Dei
1530 2059 1716 2132 gratia
1748 2078 1863 2115 non

212 2146 450 2204 carebit.

281 2236 496 2293 Datum
528 2236 756 2292 decimo
786 2240 992 2308 quarto
1038 2235 1329 2293 Kalendas
1374 2237 1730 2303 Decembris,
1765 2256 1865 2311 per

211 2344 427 2383 manus
451 2325 607 2383 Petri
656 2325 904 2391 diaconi,
953 2326 1378 2382 bibliothecarii
1426 2332 1483 2385 et
1532 2327 1862 2385 cancellarii

210 2419 432 2473 sanctae
459 2414 785 2486 apostolica
825 2414 1003 2482 sedis,
1041 2432 1193 2475 anno
1227 2416 1449 2472 domini
1473 2416 1677 2473 Leonis
1700 2435 1861 2490 papa:

209 2504 429 2578 primo,
459 2502 776 2559 indictione
806 2504 998 2560 tertia.

962 2611 1149 2667 XXXI.

205 2702 265 2759 S.
299 2701 401 2756 Leo
424 2701 492 2755 IX
516 2703 839 2757 monasterii
866 2701 1202 2770 Altorﬁensis
1235 2703 1295 2756 in
1323 2702 1537 2757 Alsatia
1584 2703 1860 2772 in/eriori,

283 2789 318 2827 a
345 2773 462 2826 suis
487 2789 581 2842 pm
595 2773 814 2844 entious
842 2772 1069 2837 conditi,
1096 2773 1233 2828 bona
1253 2773 1496 2844 juraque
1524 2774 1859 2839 corroborat,

285 2844 473 2913 ibique
499 2844 683 2898 altare
712 2843 768 2900 S.
802 2844 1063 2915 Stephani
1106 2852 1368 2900 memorat
1405 2843 1443 2899 7a
1492 2861 1604 2900 sese
1643 2845 1861 2900 dedim-

285 2923 403 2971 tum
429 2930 562 2971 8388.

851 2986 1038 3057 (Anno
1070 2986 1251 3056 1049.)

209 3074 604 3143 [Grandidier.
647 3076 880 3131 Hislon'e
909 3074 1168 3131 rl’Alsace.
1203 3075 1245 3140 Ι,
1276 3077 1403 3138 255,
1435 3080 1491 3131 et
1532 3076 1863 3145 Schmpﬂin,

284 3148 496 3203 Alsatia
526 3146 877 3217 diplomatica
908 3148 949 3202 Ι.
985 3147 1108 3211 164,
1142 3151 1291 3203 teste
1318 3147 1485 3203 JatI'e.
1520 3180 1586 3187 —
1618 3170 1645 3199 ‹‹
1677 3150 1868 3204 Sacrae

285 3216 628 3274 devotionis.
664 3218 716 3288 ››]

938 3306 1155 3363 XXXII.

209 3397 269 3453 S.
302 3397 408 3455 Leo
435 3396 513 3452 IX.
526 3394 813 3465 conﬁrmat
836 3395 1216 3465 fundationem
1237 3399 1287 3451 et
1306 3396 1645 3454 advocatiam
1672 3414 1867 3455 mona-

626 3469 784 3522 sterii
815 3467 867 3522 S.
907 3467 1095 3522 Crucis
1124 3469 1185 3522 in
1218 3467 1457 3524 Werdea.

846 3556 1029 3627 (Anno
1063 3557 1241 3628 1049.)

322 3643 743 3717 [Cocquelines,
774 3646 991 3715 Bullar,
1022 3645 1191 3717 ampl.
1226 3644 1464 3714 Colice!”
1499 3646 1542 3713 Ι,
1573 3647 1724 3717 366.]

290 3734 409 3788 Leo
424 3733 754 3805 episcopus,
776 3750 980 3807 servus
997 3750 1297 3790 servorum
1317 3734 1438 3800 Dei,
1455 3735 1869 3792 GUNDERARDE

210 3821 446 3879 dilectae
477 3821 536 3876 in
568 3822 794 3878 Christo
826 3822 955 3878 filiis
986 3840 1020 3878 a
1050 3823 1220 3879 nobis
1263 3823 1542 3879 ordinatae
1573 3828 1631 3879 et
1658 3841 1866 3881 conse-

211 3916 388 3969 crata
409 3911 655 3979 noviter,
680 3912 827 3968 facto
850 3929 883 3967 a
907 3916 1069 3986 patre
1087 3916 1189 3968 tuo
1212 3914 1377 3969 Mane
1388 3912 1554 3983 goldo
1581 3915 1639 3970 S.
1665 3915 1866 3972 Crucis

214 4000 592 4069 monasterio,
614 3999 836 4073 tibique
861 4001 1221 4058 successoris
1243 4003 1573 4075 perenniter
1601 4003 1863 4060 abbatis-

205 4090 312 4159 sis,
347 4093 690 4162 perpetuam
720 4088 781 4145 in
835 4090 1081 4147 Domino
1113 4089 1385 4147 salutem.

276 4179 465 4235 Sacra:
496 4178 821 4235 devotionis
843 4177 1026 4248 labor,
1052 4179 1191 4251 quia
1208 4180 1652 4253 semperdivino
1672 4181 1864 4239 favore

193 4268 459 4340 juvatur,
494 4283 729 4340 semper
753 4270 951 4340 optata
980 4267 1092 4325 fine
1120 4268 1493 4341 terminatur.
1532 4270 1688 4340 Ideo,
1720 4269 1857 4339 tilia,

200 4357 287 4412 tui
313 4356 499 4429 patris
519 4355 719 4428 ampla
741 4356 799 4411 in
822 4356 938 4412 Deo
956 4357 1182 4413 devotio
1208 4357 1564 4414 laudabilem
1602 4359 1860 4415 fructum

200 4445 505 4519 produxit;
530 4462 665 4501 cum
683 4446 1056 4519 proportione
1080 4450 1294 4503 sancta:
1314 4451 1370 4503 et
1391 4448 1629 4506 vivificaa
1644 4449 1855 4518 crucis,

2045 1873 2078 1925 3
2092 1872 2209 1927 Hoc
2224 1876 2417 1927 tamen
2434 1872 2670 1927 nomine
2688 1876 2897 1927 nostrze
2915 1872 3249 1944 apostolica:
3268 1874 3391 1930 sedi
3421 1891 3632 1947 parens

1974 1965 2114 2017 tuus
2143 1961 2407 2017 eamdem
2435 1960 2566 2015 fecit
2591 1960 2971 2031 oblationem,
3013 1967 3098 2030 ut,
3130 1963 3271 2017 dum
3314 1964 3439 2036 ipse
3470 1965 3629 2033 vivit,

1974 2050 2161 2123 ipsius
2192 2049 2301 2106 loci
2345 2050 2707 2106 advecatiam
2752 2050 3006 2119 habeat;
3060 2050 3335 2107 similiter
3383 2056 3460 2121 et,
3496 2058 3630 2124 post

1975 2143 2223 2195 mortem
2255 2139 2463 2211 ipsius,
2497 2156 2669 2212 quem
2703 2155 2859 2194 nunc
2890 2139 3067 2194 habet
3094 2138 3273 2195 filius.
3327 2141 3435 2206 Qui
3469 2141 3626 2197 filius

1974 2228 2023 2283 si
2055 2228 2340 2284 haeredem
2372 2228 2661 2293 habuerit,
2690 2228 2813 2300 ipse
2836 2245 3068 2300 quoque
3106 2229 3421 2285 advocatus
3442 2230 3541 2286 sit.
3568 2231 3626 2287 Si

1970 2334 2104 2373 vero
2135 2316 2218 2373 vel
2253 2316 2365 2389 ipsi
2399 2316 2761 2388 Mancgoldo,
2791 2316 2874 2373 vel
2910 2318 3038 2387 ejus
3070 2317 3247 2373 filiolo
3272 2334 3441 2375 nemo
3466 2318 3624 2375 filius

1974 2410 2270 2477 superstes
2302 2405 2608 2471 exstiterit,
2651 2409 2790 2460 tunc
2834 2405 3005 2460 liceat
3050 2406 3359 2461 abbatissae
3394 2407 3625 2479 ipsique

1972 2494 2407 2567 congregationi
2440 2494 2785 2549 advocatum
2817 2493 2926 2549 sibi
2962 2495 3287 2549 secundum
3311 2495 3493 2551 Deum
3527 2496 3627 2551 eli-

1971 2601 2124 2657 gere,
2162 2584 2476 2656 petendum
2508 2586 2702 2638 tamen
2735 2583 2808 2638 ab
2841 2582 3158 2655 apostolica
3188 2584 3343 2639 sede.

2046 2675 2096 2728 4.
2134 2674 2248 2729 Lex
2276 2690 2407 2729 vero
2441 2690 2534 2728 om
2551 2672 2712 2727 nium
2747 2672 3161 2727 advocatorum
3189 2676 3319 2745 post
3340 2672 3630 2747 Manegol-

1979 2762 2120 2818 dum
2144 2762 2277 2819 talis
2297 2764 2405 2819 erit
2428 2780 2440 2817 :
2469 2765 2533 2817 ut
2554 2761 2829 2834 quisquis
2851 2778 3052 2817 eorum
3069 2761 3243 2834 digne
3257 2779 3370 2817 non
3385 2763 3635 2818 admini-

1974 2851 2241 2908 straverit
2258 2850 2655 2907 advocationis
2674 2849 2954 2920 ot‘ticium,
2978 2849 3151 2906 liceat
3164 2850 3473 2906 abbatissae
3496 2848 3635 2924 ipsi;

1976 2955 2088 3011 que
2111 2936 2540 3012 congregationi
2571 2938 2641 2993 de
2662 2954 2727 2992 eo
2742 2938 2893 3010 apud
2920 2954 3127 3010 papam
3145 2937 3443 3010 conqueri.
3461 2938 3567 3003 Qui
3584 2938 3633 2994 si

1975 3032 2213 3084 vocatus
2237 3028 2309 3084 ab
2331 3045 2396 3083 eo
2419 3027 2593 3083 fuerit
2612 3030 2668 3083 et
2694 3027 3045 3082 monasterio
3066 3026 3433 3096 satisfecerit,
3456 3028 3632 3084 advo-

1979 3116 2267 3172 cationem
2294 3134 2465 3172 suam
2498 3116 2762 3173 retineat.
2797 3116 2959 3180 Quod
2995 3115 3043 3171 si
3092 3115 3286 3171 venire
3315 3115 3631 3185 distulerit,

1900 3185 1944 3255 C
1989 3209 2092 3263 aut
2121 3205 2169 3262 si
2202 3205 2421 3262 venerit
2451 3209 2508 3262 et
2540 3222 2652 3262 non
2686 3205 3054 3274 satisfecerit,
3087 3208 3226 3260 tunc
3264 3203 3436 3260 liceat
3465 3206 3639 3262 abba-

1976 3296 2134 3352 tissm
2156 3295 2385 3368 ipsique
2415 3295 2848 3368 congregationi
2871 3312 2938 3350 ex
2959 3311 3250 3350 consensu
3274 3310 3434 3367 papas
3460 3293 3634 3351 talem

1979 3384 2092 3441 sibi
2140 3385 2485 3441 advocatum
2538 3383 2751 3457 eligere
2800 3384 2900 3455 qui
2947 3384 3271 3439 secundum
3322 3381 3504 3439 Deum
3537 3382 3631 3439 sit.

1978 3478 2116 3530 Post
2145 3472 2368 3530 obitum
2391 3489 2523 3529 vero
2546 3476 2738 3538 tuum,
2762 3472 2832 3527 de.
2854 3471 2985 3544 ipsa
3004 3470 3478 3543 congregatione,
3506 3488 3633 3543 qua:

1978 3562 2186 3619 melior
2216 3563 2310 3631 sit,
2345 3560 2615 3634 eligatur,
2648 3561 2697 3617 si
2729 3560 2939 3615 idonea
2968 3560 3203 3615 inventa
3228 3558 3422 3621 fuerit,
3446 3575 3633 3630 eoque

1976 3652 2198 3706 donum
2228 3654 2285 3705 et
2312 3649 2808 3705 consecrationem
2841 3648 3085 3703 abbatis:
3109 3665 3140 3702 a
3174 3663 3320 3718 pape
3346 3645 3589 3718 recipiat
3614 3665 3626 3703 :

1976 3738 2206 3811 alioque
2224 3739 2294 3794 de
2312 3737 2423 3793 alia
2440 3737 2887 3811 congregatione
2902 3737 3110 3790 idonea
3130 3734 3398 3807 eligatur,
3425 3752 3457 3789 a
3476 3752 3626 3809 papa

1976 3827 2246 3884 similiter
2275 3826 2546 3881 donanda
2577 3830 2634 3881 et
2662 3825 3083 3881 consecranda.

2043 3918 2079 3971 5
2123 3915 2525 3981 Decernimus,
2586 3918 2883 3987 praeterea,
2948 3918 3014 3968 ut
3065 3913 3122 3968 in
3176 3911 3343 3967 altari
3394 3914 3626 3984 majori,

1974 4006 2127 4077 quod
2148 4022 2255 4060 nos
2276 4003 2381 4077 ipsi
2401 4004 2894 4070 consecravimus,
2924 4000 3120 4057 nullus
3144 4001 3358 4056 audeat
3380 4000 3623 4057 missam

1972 4092 2284 4163 celebrare,
2337 4092 2449 4147 nisi
2501 4092 2578 4148 sit
2625 4092 2934 4164 episcopus
2991 4090 3078 4147 vel
3129 4090 3331 4158 abbas,
3387 4093 3623 4163 tresque

1972 4183 2301 4239 sacerdotes
2335 4180 2778 4238 hebdomadarii
2815 4181 2882 4237 ad
2919 4180 3027 4236 hoc
3059 4180 3317 4236 officium
3342 4178 3627 4252 deputati,

1970 4288 2291 4343 eorumque
2322 4287 2714 4327 successores.
2752 4270 3075 4343 Episcopus
3099 4286 3351 4342 quoque,
3377 4268 3433 4323 in
3459 4269 3630 4340 cujus

1971 4359 2245 4434 parochia
2276 4359 2439 4416 locus
2468 4364 2575 4428 est,
2603 4358 2749 4414 nihil
2771 4358 2878 4415 sibi
2908 4358 2964 4413 in
2988 4376 3054 4415 eo
3077 4358 3370 4414 vindicare
3396 4358 3628 4422 audeat,

1968 4448 2610 4523 prmterordinationem
2632 4448 2815 4506 facere
2830 4438 3173 4505 clericorum
3195 4445 3625 4514 etmonialium,

200 4534 264 4589 in
296 4550 417 4605 qua
438 4534 715 4591 Dominus
747 4538 944 4592 noster
971 4536 1145 4593 Jesus
1173 4536 1442 4593 Christus
1473 4537 1635 4595 salus
1658 4542 1858 4595 nostra
1889 4557 1936 4623 ο
1969 4538 2018 4594 si
2062 4542 2257 4593 tamen
2305 4537 2488 4610 gratis
2532 4537 2751 4593 fecerit.
2804 4537 2906 4593 Sin
2956 4540 3173 4605 autem,
3229 4534 3626 4592 ordinationes

196 4621 501 4695 pependit,
535 4624 804 4681 decenter
831 4641 974 4680 auro
1004 4628 1061 4680 et
1089 4624 1339 4698 gemmis
1370 4629 1596 4695 ornata,
1618 4629 1760 4682 tunc
1783 4627 1856 4683 ab
1893 4621 1920 4623 ἡ
1967 4631 2237 4699 expetent
2266 4627 2337 4682 ab
2369 4626 2483 4682 alio
2514 4642 2865 4700 quocunque
2898 4626 3077 4682 velint
3117 4626 3407 4698 episcopo.

194 4713 597 4768 auctocratore
643 4712 1227 4785 Constantinopoleos
1284 4712 1520 4769 nomine
1588 4713 1847 4772 Romano

2026 4715 2159 4771 6.Ut
2182 4713 2492 4771 verolocus
2514 4714 2707 4788 ipsein
2734 4715 2883 4787 quad
2895 4714 3222 4788 ragcsimali
3241 4719 3500 4786 tempore
3516 4709 3628 4767 sol-

193 4799 350 4855 dono
367 4798 523 4855 data.
546 4800 689 4856 Cum
714 4801 785 4857 ad
810 4818 945 4857 eum
964 4801 1212 4858 missum
1231 4806 1387 4858 esset
1405 4803 1477 4858 ab
1500 4802 1847 4875 imperatore
1956 4808 2054 4861 vat
2074 4821 2235 4877 papae
2262 4821 2520 4861 annuam
2543 4804 2911 4877 pensionem,
2935 4802 3141 4858 statuit
3159 4803 3313 4857 idem
3333 4799 3628 4873 Manegol-

193 4886 547 4944 Chuonrado
577 4893 644 4943 ut
688 4888 867 4944 tiliam
920 4907 1086 4946 suam
1140 4894 1390 4963 nuptum
1438 4891 1693 4946 traderet
1722 4892 1848 4963 ejus

191 4975 339 5045 filio,
358 4977 624 5033 fundavit
640 4978 945 5035 ecclesiam
968 4979 1026 5035 in
1048 4983 1230 5052 petra,
1255 4979 1392 5052 quia
1407 4996 1523 5035 non
1542 4980 1853 5037 aadificavit

191 5080 620 5138 superarenam
638 5084 650 5122 :
670 5067 1223 5125 utincumbentibus
1246 5068 1452 5136 ventis,
1481 5068 1849 5127 venientibus

191 5154 406 5224 ﬂuviis,
449 5156 944 5213 descendentibus
984 5156 1222 5229 pluviis,
1279 5158 1432 5230 quod
1486 5158 1849 5227 aedificasset,

189 5243 355 5316 [non]
389 5249 605 5315 rueret,
640 5246 743 5301 sed
769 5246 1011 5302 firmiret
1032 5246 1340 5301 fundatum
1370 5246 1703 5320 perenniter
1721 5265 1850 5321 per-

189 5337 479 5389 maneret.

259 5425 314 5477 2.
348 5422 421 5478 Ut
448 5438 585 5479 vero
614 5426 818 5480 votum
849 5441 966 5480 sua:
994 5423 1444 5481 constructionis
1467 5424 1581 5481 Deo
1604 5424 1853 5482 solveret

185 5513 521 5568 secundum
536 5512 707 5568 illum
722 5513 822 5585 qui
838 5513 1001 5569 dixit:
1014 5537 1034 5563 α
1054 5513 1284 5585 Vovete,
1300 5517 1355 5569 et
1368 5513 1590 5570 reddite
1603 5514 1849 5571 Domino

185 5598 306 5657 Deo
337 5605 532 5658 vestro
566 5619 796 5672 omnes,
830 5603 931 5673 qui
964 5603 1022 5659 in
1054 5602 1279 5660 circuiti
1311 5603 1439 5675 ejus
1464 5603 1683 5659 atl‘ertis
1718 5621 1845 5660 mu-

1959 4894 2071 4949 dus
2089 4893 2427 4966 pensionem
2448 4893 2633 4965 ipsam
2656 4909 2784 4948 esse
2803 4891 3237 4964 anabolagium,
3265 4890 3318 4944 id
3341 4894 3430 4945 est
3470 4891 3630 4946 fano-

1959 4999 2117 5047 nem,
2138 4981 2350 5036 stolam
2375 4998 2506 5036 cum
2531 4980 3072 5053 auro,manipulum
3095 4983 3153 5034 et
3182 4976 3625 5050 cingulum.Nos

1960 5087 2114 5136 vero,
2131 5069 2270 5142 quia
2295 5069 2459 5125 locus
2487 5068 2613 5141 ipse
2648 5069 2921 5124 conditus
2954 5072 3041 5123 est
3064 5070 3301 5139 propter
3321 5081 3474 5130 eam,
3497 5082 3626 5136 qua

1964 5176 2142 5231 supra
2164 5157 2318 5211 dicta
2342 5162 2448 5223 est,
2469 5162 2682 5211 sancta:
2707 5156 3013 5211 etviviﬁcze
3030 5153 3234 5211 Crucis
3261 5151 3625 5225 portionem;

1962 5247 2226 5304 eamdem
2263 5244 2409 5300 inibi
2435 5261 2668 5316 semper
2693 5260 2931 5300 manere
2958 5245 3248 5309 volumus,
3277 5240 3548 5314 cupimus
3570 5245 3628 5297 et.

1962 5340 2258 5408 optamus,
2283 5338 2339 5388 et
2368 5351 2400 5389 a
2426 5334 2659 5390 nemine
2683 5332 2899 5389 auferri
2926 5350 2937 5387 :
2964 5334 3287 5387 statuentes
3309 5330 3628 5402 apostolica

1960 5440 2209 5482 censura
2231 5422 2341 5479 sub
2364 5422 2544 5478 divini
2562 5422 2773 5495 judicii
2790 5420 3202 5485 obtestatione,
3222 5423 3287 5475 ut
3306 5418 3626 5477 nullusim-

1960 5516 2212 5588 perator,
2228 5510 2428 5568 nullus
2448 5528 2565 5579 rex,
2584 5510 2781 5567 nullus
2800 5511 3132 5584 episc0pus,
3162 5506 3323 5564 nulla
3341 5514 3625 5582 potestas,

1960 5602 2123 5679 nulla
2153 5604 2431 5675 prieterea
2479 5618 2692 5676 magna
2742 5618 3035 5675 parvaque
3088 5615 3338 5674 persona
3366 5603 3615 5660 eandem
