3974 6206
415 333 534 400 639

1502 322 1568 387 S.
1615 323 1898 389 LEONIS
1941 323 2021 387 IX
2065 322 2293 388 PAPIE
2335 318 2765 393 OPUSCULA.

3711 329 3853 398 640

411 473 620 531 viviﬁci
651 470 793 546 ligni
827 467 1148 541 portionem
1180 462 1252 519 ab
1283 461 1408 534 ipso
1441 459 1793 517 monasterio
1843 460 2054 516 audeat
2081 465 2136 536 Α
2165 460 2478 516 concedere
2507 465 2565 517 et
2583 459 2904 534 petentium
2922 460 3230 521 desideriis
3255 479 3586 539 congruum
3611 465 3856 542 imper-

419 566 647 621 auferre
679 558 936 632 quolibet
979 555 1173 620 modo,
1216 553 1301 607 vel
1354 550 1574 623 aliquid
1633 551 1817 605 facere
1859 554 2060 604 contra

415 655 613 709 omnia
637 667 762 721 quae
795 645 1065 718 superius
1103 643 1321 713 scripta
1351 644 1529 708 sunt;
1577 641 1674 696 sed
1728 656 1830 694 nec
1884 639 2060 694 etiam

413 741 629 812 aliquid
651 737 975 793 diminuere
1002 733 1252 787 debonis
1274 732 1536 802 ejusdem
1557 727 1916 792 monasterii,
1933 746 2059 800 quae

414 831 586 885 modo
617 827 811 888 habet,
834 829 890 878 et
917 839 1103 894 usque
1128 823 1182 877 in
1207 825 1491 875 zeternum
1516 818 1773 884 habebit,
1800 817 2061 889 quolibet

412 921 588 986 furto,
622 915 881 989 quolibet
931 918 1121 983 raptu,
1172 911 1430 983 quolibet
1464 907 1829 964 alienationis
1863 903 2054 962 modo.

413 1008 472 1063 Id
507 1007 605 1080 qui
637 1001 1296 1078 praesumpseritﬁonec
1329 999 1501 1066 digne
1535 997 1901 1060 satisfecerit,
1923 1014 2060 1051 ana-

410 1097 610 1152 thema
639 1096 732 1149 sit.
769 1093 877 1158 Qui
910 1109 1042 1146 vero
1068 1091 1159 1162 pio
1185 1089 1400 1144 intuitu
1423 1090 1621 1142 custos
1648 1089 1704 1140 et
1724 1087 2060 1142 observator

409 1188 591 1260 hujus
642 1184 823 1242 nostri
877 1179 1160 1255 privilegii
1225 1177 1525 1240 exstiterit,
1572 1194 1603 1230 a
1650 1176 1897 1230 Domino
1948 1179 2057 1229 Deo

410 1275 880 1333 Benedictionem
895 1271 1368 1340 consequatur,et
1384 1269 1610 1321 aeterna:
1626 1265 1752 1318 vitae
1769 1263 2056 1335 particeps

407 1367 712 1424 efﬁciatur.
746 1370 826 1434 ᾧ.
2039 1370 2049 1393 ι

479 1462 622 1512 Data
653 1473 712 1509 ιιι
746 1454 870 1509 Non
905 1448 1206 1506 Decembr.
1240 1461 1342 1517 per
1374 1461 1585 1499 manus
1618 1441 1769 1496 Petri
1803 1439 2052 1507 diaconi,

410 1541 832 1603 bibliothecarii
869 1545 926 1595 et
946 1535 1273 1593 cancellarii
1298 1537 1508 1589 sanctae
1529 1529 1852 1602 apostolica:
1877 1529 2050 1586 sedis.

409 1641 579 1692 Anno
611 1631 831 1689 domini
864 1628 1072 1685 Leonis
1098 1626 1185 1691 IX,
1219 1641 1381 1696 papae
1413 1640 1430 1676 I
1463 1623 1631 1693 (126).

1115 1733 1349 1787 XXXIII.

407 1833 466 1892 S.
499 1831 693 1889 Leonis
723 1830 785 1884 IX
813 1825 1041 1898 epistola
1073 1823 1148 1900 ad,
1172 1819 1496 1900 Edwqrdum
1534 1815 1834 1900 Anglorum
1865 1831 2046 1884 vegem
2077 1835 2126 1900 Β

828 1891 928 1970 pro
945 1895 1270 1951 monasterio
1301 1891 1617 1945 Exonzcnsi.

1029 2005 1219 2076 (Anno
1252 1998 1430 2070 10.59.)

510 2117 853 2191 [Monasticon
887 2112 1252 2181 Anglicanam
1286 2152 1301 2175 ,
1342 2111 1486 2163 tom.
1526 2107 1566 2171 Ι,
1615 2120 1744 2176 pag.
1796 2102 1946 2170 221.]

477 2229 586 2280 Leo
616 2222 945 2295 episcopus,
980 2234 1182 2273 servus
1231 2231 1528 2271 servorum
1581 2213 1703 2280 Dei,
1756 2213 2054 2267 Enwmno

403 2313 724 2386 Anglorum
779 2309 921 2381 regi,
971 2306 1220 2363 salutem
1269 2303 1654 2360 charissimon
1709 2317 1842 2355 cum
1878 2301 2051 2355 bene-

403 2403 659 2460 dictione
691 2396 1026 2471 apostolica.

475 2491 533 2547 Si
565 2491 712 2545 bene
744 2487 924 2542 habes
955 2489 1012 2540 et
1041 2485 1188 2540 bene
1217 2480 1398 2544 vales,
1447 2479 1581 2534 inde
1629 2495 1742 2533 non
1794 2479 2052 2532 modicas

403 2579 650 2636 Domino
679 2576 814 2631 Jesu
843 2572 1070 2629 Christo
1093 2570 1399 2625 referimus
1422 2569 1661 2640 gratias,
1683 2573 1739 2621 et
1759 2567 1867 2622 hoc
1884 2571 2052 2638 opta-

403 2685 537 2724 mus
566 2672 631 2721 ut
662 2667 743 2720 ita
775 2662 1103 2719 luculenter
1129 2660 1430 2732 possideas
1463 2657 1625 2728 regni
1656 2656 2054 2728 gubernacula

399 2763 468 2813 ut
495 2757 556 2812 in
588 2760 802 2810 aeterna
833 2767 1074 2806 maneas
1105 2745 1503 2804 tabernacula.
1537 2747 1624 2813 Et,
1658 2745 1796 2816 quia
1828 2743 2051 2799 audivi-

403 2862 539 2902 mus
571 2850 626 2899 te
665 2844 818 2898 circa
849 2841 946 2897 Dei
992 2838 1281 2894 Ecclesiae
1329 2840 1385 2890 et
1433 2833 1858 2890 ecclesiasticos
1896 2832 2050 2889 viros

405 2935 735 2991 studiosum
768 2937 825 2986 et
855 2928 1191 3002 religiosum
1224 2942 1372 2991 esse,
1397 2924 1532 2978 inde
1553 2923 1802 2978 multum
1834 2923 2050 2994 gaude-

410 3040 565 3087 mus,
597 3026 654 3077 et
682 3020 791 3076 hoc
814 3019 1201 3085 admonemus
1222 3020 1397 3085 atque
1417 3012 1667 3084 benigne
1689 3028 1965 3082 rogamus
1989 3014 2052 3066 ut

403 3113 487 3169 ita
515 3112 573 3166 in
607 3109 704 3166 Dei
732 3125 901 3180 opere
924 3121 1289 3178 perseverare
1312 3103 1566 3167 studeas,
1592 3105 1880 3172 quatenus
1909 3099 2048 3169 Regi

404 3217 608 3273 regum
632 3199 747 3254 Deo
779 3197 1008 3269 placere
1037 3193 1250 3256 valeas,
1273 3196 1446 3262 atque
1471 3206 1605 3244 cum
1628 3188 1726 3243 illo
1750 3189 1808 3242 in
1831 3186 2050 3242 caelesti
2081 3202 2122 3268 ρ

402 3304 581 3362 regno
613 3301 975 3360 permaneas.
1009 3283 1222 3338 Notum
1253 3281 1450 3352 itaque
1479 3283 1568 3334 est
1606 3280 1815 3333 nostrae
1852 3275 2048 3348 pietati

405 3378 656 3452 qualiter
703 3374 997 3431 Leofricus
1046 3372 1356 3443 episc0pus
1405 3368 1532 3422 sine
1581 3366 1812 3421 civitate
1851 3365 2048 3421 sedem

404 3465 797 3540 pontificalem
831 3467 1005 3528 tenet,
1039 3461 1194 3515 unde
1225 3458 1480 3514 multum
1511 3456 1818 3520 miramur,
1843 3471 1957 3509 non
1980 3454 2050 3509 de

404 3557 505 3612 illo
537 3555 684 3622 solo,
715 3554 816 3607 sed
849 3558 904 3606 et
936 3551 1004 3605 de
1035 3549 1310 3605 omnibus
1332 3547 1448 3601 illis
1478 3543 1766 3616 episcopis
1791 3543 1890 3614 qui
1913 3542 2051 3598 talia

405 3663 513 3718 agu
525 3648 604 3700 nt.
623 3650 762 3698 Cum
777 3659 910 3696 vero
925 3642 993 3695 ad
1015 3657 1116 3695 vos
1134 3644 1401 3693 nostrum
1416 3634 1611 3690 miseri
1623 3650 1753 3688 mus
1767 3633 2048 3704 legatum,

404 3737 475 3790 de
509 3733 639 3789 aliis
669 3732 890 3792 dicens,
923 3745 1079 3784 nunc
1122 3732 1320 3796 autem
1366 3726 1435 3780 de
1483 3728 1680 3778 nostro
1723 3723 1900 3777 fratre
1923 3723 2048 3792 jam

403 3824 556 3878 dicto
590 3820 846 3876 Leofrico
875 3817 1246 3889 praecipimus
1278 3819 1452 3885 atque
1499 3827 1775 3883 rogamus
1805 3815 1890 3875 ut,
1923 3827 2052 3881 pro-

405 3917 534 3984 pter
564 3907 792 3965 Domini
824 3912 881 3962 et
910 3906 1091 3960 nostri
1125 3903 1344 3959 amoris
1392 3917 1653 3967 causam,
1689 3899 2049 3968 adjutorium

403 4000 682 4073 praebeas,
715 4002 779 4052 ut
809 4013 842 4049 a
871 3992 1235 4051 Gridionensi
1266 3989 1466 4044 villula
1496 3989 1567 4044 ad
1591 3988 1886 4044 civitatem
1915 3991 2051 4042 Exo-

403 4090 562 4144 niam
585 4087 782 4142 sedem
806 4081 1195 4155 episcopalem
1221 4079 1406 4150 possit
1425 4083 1674 4133 mutare.
1701 4082 1831 4132 Haec
1854 4080 1910 4131 et
1935 4075 2052 4131 alia

404 4179 558 4232 bona
586 4190 760 4245 opera
790 4172 874 4226 ita
901 4186 1071 4240 agere
1101 4167 1360 4232 studeas,
1396 4171 1460 4220 ut
1490 4183 1523 4221 a
1553 4165 1782 4221 Christo
1805 4165 2052 4220 Domino

407 4272 688 4322 aeternum
705 4274 952 4329 regnum
968 4256 1267 4328 acquirere
1279 4254 1493 4310 valeas.
1512 4253 1671 4322 Vale,
1687 4253 2052 4321 charissime,

406 4367 640 4423 semper
668 4350 728 4403 in
763 4346 1026 4402 Domino.

1315 4454 1336 4484 Τ

1315 4454 1336 4484 γ

601 4543 765 4599 Bulla
797 4541 850 4596 S.
883 4541 1076 4596 Leonis
1104 4449 1538 4610 ἄὶξῖᾇὸὸαίίδ
1571 4537 1857 4591 Electcnsi.
2062 4584 2064 4586 ,

1029 4631 1217 4700 (Anno
1258 4627 1441 4698 1050.)

693 4721 860 4794 [GaIL
899 4717 1248 4786 Christ.,‘Vl,
1295 4719 1595 4783 Instrum.,
1625 4715 1771 4783 406.]

482 4833 594 4888 Leo
621 4830 950 4902 episcopus,
979 4843 1181 4883 servus
1208 4825 1506 4879 servorum
1533 4820 1648 4889 Dei,
1674 4818 2057 4875 dilectissimo

410 4921 529 4977 ﬁlio
561 4921 627 4977 G.
660 4916 975 4975 venerabili
1020 4913 1216 4970 abbati
1269 4908 1606 4967 monasterii
1653 4910 1832 4965 beata
1865 4908 2059 4963 Mariae

408 5009 674 5083 virginis,
707 5007 862 5080 quod
895 5001 1396 5065 vucaturEtelsus,
1427 5005 1482 5055 et
1497 5015 1597 5070 per
1614 5003 1666 5053 te
1680 4996 1908 5052 cunctis
1928 5013 2059 5054 suu-

409 5097 742 5154 cessoribus
773 5092 1086 5147 abbatibus
1118 5089 1176 5142 in
1210 5093 1578 5160 perpetuum.

481 5189 719 5251 Quoties
750 5182 851 5237 illa
868 5199 900 5236 a
921 5180 1090 5235 nobis
1110 5177 1288 5234 tribui
1308 5174 1680 5249 postulantur
1702 5192 1831 5246 quae
1851 5175 2058 5228 incun-

411 5281 646 5332 ctanter
665 5271 874 5327 rationi
907 5267 1281 5336 conveniunt,
1312 5263 1507 5320 animo
1531 5281 1636 5319 nos
1664 5265 1828 5318 decet
1856 5262 2062 5318 libenti

483 5417 629 5484 (12(3)
665 5415 991 5474 Gretserus,
1024 5411 1082 5464 in
1117 5411 1232 5464 fine
1264 5411 1532 5484 notarum
1556 5406 1614 5461 in
1639 5406 1792 5484 hanc
1813 5403 2059 5484 bullam,

411 5476 805 5554 etsubjecta.n
825 5484 1026 5539 asseri.
1045 5495 1276 5554 crucem
1293 5476 1579 5554 inclusam
1597 5477 1832 5554 gemino
1845 5476 2062 5554 circulo

410 5547 960 5639 qujus'peeipheria
1004 5553 1358 5639 inscriptum
1403 5547 1624 5620 legitur
1645 5566 1656 5603 :
1683 5547 2065 5639 ριὶδθςὶσονιίία

415 5618 640 5682 υοῖηἱηῖ
667 5618 836 5697 plena.
880 5634 957 5681 est
999 5629 1166 5680 terra.
1191 5618 1294 5674 ‘1n
1344 5618 1487 5690 ipso‘
1523 5619 1778 5676 olrculo:
1825 5618 1927 5672 Leo
1969 5625 2064 5686 P.;

2171 549 2265 603 tiri
2291 550 2656 623 suffragium.
2681 551 2749 606 Et
2771 551 2898 607 ideo
2924 553 3268 624 postulastis
3293 572 3326 609 a
3344 556 3514 614 nobis
3543 561 3609 613 ut
3629 558 3851 630 praefa-

2170 643 2294 694 tum
2327 640 3102 712 monasterium'apostolicze
3125 645 3499 701 auctoritatis
3522 647 3675 703 serie
3698 665 3847 704 mu-

2170 728 2452 794 niremus,
2487 733 2543 782 et
2594 730 2802 806 omnia,
2843 731 2972 800 ejus
3022 733 3372 802 pertinentia
3421 736 3660 806 perenni
3698 738 3847 806 jure

2170 815 2385 872 ibidem
2401 795 2813 874 inviolabilitei'
2826 821 3222 891 permanendo
3241 823 3652 879 conﬁrmarem
3663 842 3762 892 us,
3787 829 3846 880 et

2169 909 2235 960 ut
2265 907 2484 978 absque
2516 908 2671 962 omni
2700 909 2842 980 jugo
2873 926 2974 964 seu
3010 910 3232 965 ditiono
3267 913 3674 985 cujuscunque
3698 931 3836 985 per-

2170 1011 2324 1049 sonae
2357 995 3223 1070 constabilirenostriprivilegii
3246 1001 3458 1070 pagina
3483 1004 3840 1057 corrobora-

2169 1099 2386 1139 remus.
2421 1085 2752 1157 Propterea,
2799 1085 2919 1142 tuis
2966 1087 3095 1142 flexi
3147 1089 3457 1158 praecibus,
3509 1105 3612 1161 per
3643 1089 3837 1160 hujus

2168 1178 2380 1227 nostrae
2397 1174 2759 1229 auctoritatis
2793 1174 3162 1247 privilegium
3202 1178 3836 1245 statuentes,decerni-

2167 1278 2300 1317 mus
2334 1267 2396 1317 ut
2426 1268 2629 1317 cuncta
2663 1261 2788 1319 loca
2821 1263 3048 1318 urbana
3078 1265 3160 1318 vel
3199 1265 3440 1331 rustica,
3464 1266 3522 1321 id
3545 1270 3652 1333 est,
3690 1283 3833 1321 cur-

2163 1353 2272 1416 tes,
2309 1369 2568 1416 mansos,
2601 1351 2778 1419 salas,
2813 1352 3070 1418 castella,
3104 1353 3344 1420 casales,
3378 1355 3600 1419 vineas,
3633 1359 3835 1411 terras

2164 1440 2508 1512 diversaque
2527 1441 2760 1512 praedia,
2781 1441 2938 1495 culta
2956 1440 3041 1496 vel
3068 1442 3310 1505 inculta,
3331 1459 3460 1498 cum
3485 1443 3708 1498 colonis
3735 1442 3832 1498 vel

2163 1527 2505 1596 colonabus,
2530 1530 2708 1586 Servis
2724 1535 2781 1585 et
2807 1529 3058 1600 ancillis,
3084 1549 3214 1603 quae
3240 1533 3312 1588 ab
3335 1531 3629 1604 aliquibus
3653 1521 3832 1586 Chri-

2161 1616 2370 1672 stianis
2401 1618 2589 1674 eidem
2615 1619 2968 1674 monasterio
2991 1635 3268 1675 concessa
3303 1625 3463 1686 sunt,
3497 1620 3584 1676 vel
3607 1637 3734 1691 quae
3765 1623 3830 1674 et

2160 1720 2262 1774 per
2285 1706 2481 1778 aliqua
2509 1707 2841 1762 munimina
2871 1707 2942 1763 ad
2973 1709 3243 1763 eumdem
3277 1708 3652 1780 piumlocum
3685 1725 3829 1779 per--

2155 1791 2337 1849 tinere
2351 1795 2779 1859 videntur,cum
2794 1813 3005 1868 magna
3018 1797 3328 1852 securitate
3341 1797 3536 1868 quiete
3561 1796 3824 1853 debeatis

2167 1884 2484 1956 possidere,
2517 1888 2573 1940 et
2594 1902 2696 1958 per
2716 1889 2770 1942 te
2793 1885 3047 1940 universi
3073 1902 3440 1942 successores
3463 1887 3549 1941 tui
3574 1888 3822 1943 abbates

2163 1973 2220 2027 in
2256 1978 2626 2045 perpetuum,
2670 1973 2890 2029 scilicet
2940 1975 3354 2029 monasterium
3408 1976 3594 2029 sancti
3649 1974 3821 2029 Pauli

2160 2062 2549 2129 Vallonensis,
2582 2066 2638 2118 et
2669 2063 2725 2117 S.
2765 2061 2955 2117 Mariae
2987 2062 3256 2117 Urbionis
3276 2067 3331 2116 et
3360 2066 3531 2129 terra,
3566 2061 3821 2133 Coplata

2159 2153 2429 2218 vocitata,
2464 2156 2520 2207 et
2541 2151 2874 2223 ubicunque
2928 2150 3163 2221 reperiri
3190 2154 3597 2222 poteruntquaz
3614 2151 3818 2206 eidem

2162 2244 2362 2296 sancto
2379 2240 2504 2296 loco
2509 2241 2642 2311 jure
2659 2241 2960 2306 debentur,
2976 2239 3194 2310 absque
3208 2238 3325 2294 ulla
3337 2238 3815 2294 contradictione

2160 2330 2466 2385 hominum
2488 2347 2586 2385 seu
2613 2330 2986 2395 feminarum,
3016 2327 3332 2399 apostolica
3352 2327 3700 2382 auctoritate
3721 2328 3816 2382 in-

2160 2419 2504 2474 terdicimus
2537 2423 2601 2474 ut
2630 2435 2862 2489 semper
2891 2421 3084 2472 teneat
3114 2415 3210 2471 ille
3260 2415 3425 2471 locus
3459 2415 3818 2488 gloriosissi-

2162 2525 2293 2563 mus
2323 2507 2403 2562 ita
2436 2512 2499 2562 ut
2528 2507 2727 2562 nullus
2769 2505 3262 2578 archiepiscopus,
3304 2504 3640 2576 episcopus,
3672 2505 3817 2573 dux,

2161 2597 2443 2663 marchio,
2497 2613 2713 2663 comes,
2765 2595 3075 2661 viccomes,
3127 2611 3226 2649 seu
3276 2592 3548 2665 quaslibet
3594 2610 3814 2665 magna

2162 2702 2450 2757 parvaque
2482 2699 2730 2757 persona
2760 2684 2973 2740 abhinc
3005 2687 3062 2738 et
3089 2682 3147 2736 in
3179 2687 3350 2737 antea
3391 2681 3601 2737 habeat
3631 2682 3813 2738 licen-

2159 2775 2302 2830 tiam
2334 2773 2756 2830 monasterium
2784 2773 2929 2828 illud
2979 2772 3245 2838 vendere,
3299 2787 3406 2826 nec
3456 2770 3813 2844 adpreciari,

2161 2864 2261 2920 sed
2297 2881 2482 2935 neque
2513 2881 2579 2918 ex
2623 2862 2881 2935 praefaris
2933 2861 3208 2916 omnibus
3257 2860 3453 2925 rebus,
3507 2877 3631 2932 qua
3663 2860 3816 2916 inibi

2159 2952 2447 3024 pertinere
2487 2952 2776 3018 videntur,
2829 2951 3042 3006 audeat
3084 2949 3377 3015 invadere,
3430 2947 3814 3004 molestare...

2159 3041 2657 3097 consecrationem
2681 3040 2928 3095 libenter
2943 3039 3256 3109 impertiat.
3278 3038 3535 3093 Abbates
3552 3054 3816 3109 quoque,

2161 3132 2261 3204 qui
2284 3131 2341 3186 in
2366 3132 2566 3187 eodem
2590 3131 2714 3186 loco
2740 3129 3118 3185 consecrandi
3147 3133 3304 3197 sunt,
3329 3128 3400 3182 de
3424 3128 3552 3199 ipsa
3573 3143 3821 3199 congre-

2161 3220 2393 3292 gatione
2413 3219 2710 3275 communi
2729 3217 2971 3274 consilio
2988 3215 3302 3287 eligantur,
3327 3220 3383 3270 et
3406 3232 3523 3270 non
3548 3216 3814 3286 aliunde,

2159 3309 2272 3364 nisi
2295 3311 2530 3380 propter
2555 3306 2941 3381 indigentiam
2970 3305 3257 3360 bonarum
3289 3321 3676 3376 personarum
3711 3323 3818 3378 pe-

2160 3401 2382 3452 tantur.

2229 3488 2319 3550 Et,
2335 3481 2393 3541 ‘si
2417 3485 2707 3541 discordia
2727 3481 2975 3555 eligendi
3000 3483 3149 3538 inter
3165 3498 3263 3536 eos
3285 3481 3610 3551 emerserit,
3633 3499 3817 3556 quem

2161 3577 2348 3647 major
2368 3592 2501 3647 pars
2524 3591 2765 3629 numero
2783 3589 2847 3628 ac
2869 3571 3176 3626 sanctitate
3199 3570 3438 3644 elegerit
3477 3571 3582 3626 ﬁat
3605 3572 3815 3627 abbas.

2160 3665 2320 3730 Quod
2355 3665 2401 3719 si
2431 3663 2738 3734 episco;)us
2769 3659 2982 3732 aliquis
3013 3661 3386 3715 donationem
3417 3675 3487 3713 ex
3508 3676 3820 3717 consecra-

2158 3753 2316 3809 tione
2363 3751 2718 3824 requisierit,
2785 3767 2850 3806 ac
2898 3767 3086 3820 neque
3146 3765 3484 3805 consecrare
3540 3748 3814 3816 voluerit,

2159 3841 2331 3896 liceat
2349 3840 2530 3896 electo
2553 3839 2747 3895 abbati
2772 3838 2931 3894 adire
2954 3839 3025 3893 ad
3052 3854 3233 3892 unum
3248 3837 3589 3908 episcopum
3605 3855 3808 3909 quem-

2160 3946 2411 4002 cumque
2439 3927 2688 3983 voluerit
2716 3927 2994 3992 vicinum,
3029 3930 3084 3982 et
3106 3925 3601 3981 consecrationem
3624 3927 3809 3998 gratis

2159 4019 2440 4089 accipere.
2476 4019 2720 4088 Insuper
2749 4014 3089 4072 auctoritate
3119 4013 3438 4084 apostolica
3474 4014 3816 4083 judicamus

2160 4112 2229 4163 ut
2258 4106 2403 4162 nulli
2430 4105 2926 4177 archiepiscorum
2958 4103 3044 4158 vel
3076 4104 3483 4176 episcoporum
3517 4108 3814 4160 monaste-

2164 4197 2317 4252 rium
2350 4197 2569 4266 ipsum,
2596 4193 2684 4249 vel
2716 4194 2985 4249 abbatem
3019 4193 3118 4264 qui
3165 4192 3383 4248 ibidem
3435 4191 3566 4258 fuit,
3602 4193 3813 4248 abhinc

2165 4286 2418 4350 inantea,
2453 4299 2556 4339 seu
2589 4281 2843 4354 aliquem
2866 4299 2933 4337 ex
2954 4280 3419 4354 congregatione,
3442 4280 3531 4335 vel
3559 4279 3812 4353 aliquem

2167 4373 2550 4446 pertinentem
2572 4371 2643 4427 ad
2658 4372 2851 4444 ipsum
2871 4370 3297 4426 monasterium
3310 4371 3816 4425 excommunicare

2165 4461 2252 4518 vel
2275 4458 2666 4517 anathematis
2686 4457 2917 4514 vinculo
2937 4458 3239 4525 innodare,
3277 4475 3403 4524 seu,
3423 4458 3662 4530 aliquod
3679 4458 3815 4515 alta-

2087 4573 2135 4636 D
2167 4553 2321 4606 rium
2352 4549 2615 4622 ejusdem
2649 4547 2759 4603 loci
2789 4546 2876 4603 vel
2930 4546 3185 4618 aliquam
3219 4546 3524 4602 ecclesiam
3557 4548 3814 4606 exconci-

2169 4639 2312 4695 liare
2348 4638 2540 4693 liceat.
2595 4636 2757 4700 Quod
2809 4635 2857 4691 si
2912 4633 3126 4706 aliquis
3184 4636 3643 4708 praesumpserit,
3696 4637 3816 4709 ipse
3849 4661 3876 4680 ο

2166 4725 2765 4785 excommunicatione
2795 4731 2990 4779 nostra
3021 4724 3442 4797 contringatur,
3492 4728 3548 4778 et
3594 4724 3816 4780 dictum

2167 4816 2587 4873 monasterium
2621 4829 2755 4868 cum
2788 4813 2997 4867 abbate
3026 4817 3084 4868 et
3115 4814 3393 4870 omnibus
3423 4811 3544 4868 suis
3575 4811 3818 4867 absolu-

2167 4911 2294 4962 tum
2327 4906 2398 4960 ab
2427 4901 2706 4976 imposita
2727 4900 2836 4957 sibi
2861 4901 3465 4956 excommunicatione
3502 4898 3819 4971 apostolica

2169 4995 2513 5052 auctoritate
2546 4993 2797 5046 maneat.
2831 4991 3186 5057 Statuentes,
3219 4989 3538 5060 apostolica
3575 5005 3818 5044 censura

2171 5085 2282 5139 sub
2311 5081 2492 5137 divini
2516 5079 2726 5152 judicii
2749 5078 3134 5133 obtestatione
3156 5083 3211 5133 et
3233 5077 3632 5134 anathematis
3649 5078 3817 5133 inter-

2168 5171 2442 5236 dictione,
2458 5173 2524 5224 ut
2539 5167 2684 5223 nulli
2703 5183 2966 5239 unquam
2985 5183 3354 5222 summorum
3370 5165 3717 5238 pontiﬁcum
3735 5165 3815 5221 vel

2171 5261 2298 5316 alia
2330 5259 2571 5314 cuilibet
2611 5273 2837 5328 magnae
2859 5271 3163 5328 parvaeque
3186 5272 3446 5327 personaa
3482 5261 3690 5310 contra
3717 5255 3816 5309 hoc

2172 5405 2378 5457 caetera
2405 5415 2536 5452 vero
2568 5398 2913 5469 antiquitate
2944 5401 3294 5468 consumpta
3340 5413 3491 5452 reor.
3544 5397 3640 5452 Sic
3670 5396 3816 5469 enim

2173 5469 2597 5550 restituendam
2620 5467 2760 5550 puto
2792 5467 3254 5550 inscriptionem,
3288 5471 3391 5524 Leo
3420 5470 3532 5536 PP,
3565 5470 3656 5534 IX,
3682 5470 3742 5522 ut
3761 5467 3816 5522 in

2178 5541 2312 5600 aliis
2342 5538 2556 5611 sigillis
2586 5538 2854 5597 notatum
2884 5538 3022 5597 vidi.
