3974 6206
199 335 324 398 641

1182 335 1590 404 EPISTOLIE
1631 336 1732 402 ET
1776 335 2138 404 DECRETA
2183 338 2654 407 PONTIFICIA.

3499 340 3616 431 642

203 469 886 544 nostrumapostolicum
917 471 1285 544 privilegium
1325 473 1520 532 venire
1558 473 1643 527 vel
1679 491 1850 527 usur-
1885 485 1933 550 Α
1967 472 2883 533 dilferrenendebebit.Similiter
2898 462 3614 535 altariumetbasilicarum

205 555 355 632 pars
385 560 574 616 liceat.
608 560 667 616 Si
703 560 836 632 quis
871 565 1067 617 autem
1099 561 1408 618 temerario
1441 580 1609 628 ausu,
1641 568 1748 617 etc.

281 648 496 704 Datum
526 667 585 704 v1
617 648 758 706 Idus
785 650 1026 722 Aprilis,
1059 667 1163 722 per
1192 667 1403 707 manus
1445 651 1592 706 Petri
1630 649 1854 706 diaconi

197 736 632 794 bibliothecarii
657 741 716 794 et
737 737 1045 794 cancellari
1068 742 1279 794 sancta:
1302 739 1631 811 apostolicae
1676 739 1854 806 sedis,

201 843 360 882 anno
390 826 594 882 domni
628 827 835 883 Leonis
858 827 995 882 noni
1019 827 1123 882 PP.
1151 845 1212 894 II,
1264 827 1581 883 indictione
1601 845 1656 882 ιν
1685 828 1854 898 (127).

923 933 1144 988 XXXV.

205 1023 262 1090 S,
299 1024 402 1079 Leo
442 1024 509 1078 IX
562 1024 829 1094 approbat
879 1023 1342 1094 praedecessorum
1402 1023 1695 1093 privilegia
1749 1037 1860 1077 mo-

600 1095 856 1149 mastm’o
889 1094 1201 1149 Corbeiensi
1219 1109 1483 1150 concessa.

838 1183 1028 1253 (Anno
1059 1183 1241 1251 1050.)

599 1271 931 1344 [D’Achery,
965 1271 1154 1343 sz'cil.
1189 1271 1282 1339 III,
1324 1271 1477 1341 349.]

286 1361 404 1416 Leo
432 1360 760 1433 episcopus,
788 1377 992 1416 servus
1015 1377 1315 1416 servorum
1338 1360 1460 1428 Dei,
1491 1362 1743 1416 FULcom
1765 1361 1862 1415 ab-

210 1448 331 1503 bati
369 1448 701 1504 Corbeiensi
735 1447 1185 1503 monasteriisiti
1206 1448 1263 1502 in
1285 1463 1431 1520 pago
1457 1447 1856 1515 Ambianensi,

208 1540 556 1609 perpetuam
587 1537 649 1592 in
681 1536 927 1592 Domino
960 1535 1236 1592 salutem.

283 1625 563 1681 Convenit
583 1625 898 1697 apostolico
916 1625 1297 1681 moderamini
1330 1625 1383 1698 pi
1393 1625 1716 1699 areligione
1738 1625 1859 1697 pol-

209 1713 473 1770 lentibus
499 1714 777 1770 benevola
807 1713 1211 1786 compassione
1237 1731 1597 1780 succurrere,
1659 1719 1714 1770 et
1758 1731 1859 1786 pe-

208 1803 468 1857 tentium
502 1801 804 1858 desideriis
829 1818 1151 1874 congruum
1176 1802 1462 1874 impertiri
1488 1803 1858 1873 suffragium.

207 1881 283 1945 Et
298 1890 598 1962 ideo,quia
610 1891 918 1962 postulasti
933 1909 965 1946 a
980 1891 1149 1948 nobis
1162 1892 1745 1964 quatenus,exempla
1763 1909 1858 1946 an-

209 1983 575 2035 tecessorum
610 1983 941 2035 nostrorum
977 1979 1614 2052 sequentes,privilegio
1649 1985 1858 2036 nostrai

212 2067 553 2140 apostolicae
573 2069 940 2124 auctoritatis
963 2069 1382 2124 monasterium
1398 2073 1657 2124 vestrum
1704 2071 1861 2140 ejus-

208 2171 322 2227 que
334 2156 494 2212 bona
523 2157 696 2230 [tam)
720 2158 1029 2228 praesentia
1048 2174 1227 2230 quam
1250 2158 1447 2213 futura
1467 2157 1856 2227 muniremus,

209 2249 266 2300 et
295 2245 476 2302 etiam
497 2246 1084 2319 praerogativamﬁpsi
1109 2245 1464 2302 monasterio
1483 2245 1756 2303 collatam
1787 2247 1858 2303 ab

210 2334 504 2406 episcopis
524 2335 1018 2391 Ambianensibus
1050 2338 1109 2391 et
1138 2333 1591 2406 archiepiscOpis
1616 2335 1860 2392 Remen-

209 2422 382 2478 sibus
393 2439 498 2478 nec
513 2439 624 2478 non
643 2421 981 2494 apostolicis
993 2421 1135 2478 viris
1152 2421 1589 2477 anteeessoribu
1602 2439 1630 2477 s
1642 2421 1860 2479 nostris

209 2511 662 2568 corroboramus
685 2528 698 2566 :
725 2510 986 2567 inclinati
1004 2511 1276 2583 precibus
1291 2510 1539 2582 tuis,per
1559 2511 1710 2566 hanc
1730 2528 1859 2566 nos-

213 2604 320 2655 tres
343 2600 671 2673 apostolicae
702 2600 1070 2656 auctoritatis
1093 2616 1399 2656 censuram
1438 2601 1858 2656 conﬁrmamus

212 2695 274 2746 et
297 2691 749 2746 corroboramus
781 2689 1067 2762 quidquid
1099 2689 1395 2746 invenitur
1435 2690 1496 2744 in
1535 2689 1857 2762 privilegiis

206 2782 647 2835 antecessorum
659 2777 1594 2847 nostrorum,Benedicti,Nicolai,
1610 2777 1859 2834 Christo-

203 2867 473 2940 phori,ut
502 2867 726 2924 scilicet
759 2868 1063 2940 przefatum
1093 2870 1355 2923 vestrum
1407 2867 1853 2935 monasterium,

203 2973 406 3012 rerum
439 2974 682 3012 suarum
711 2957 955 3012 liberam
988 2956 1249 3012 obtineat
1278 2955 1765 3026 dominationem,
1799 2961 1856 3012 et

205 3062 577 3118 quwcunque
607 3047 792 3101 eidem
829 3044 1186 3100 monasterio
1218 3045 1276 3100 in
1309 3062 1472 3110 auro,
1498 3045 1556 3099 in
1590 3050 1850 3117 argento,

202 3136 270 3190 in
313 3136 491 3208 agris,
525 3134 584 3190 in
608 3135 864 3200 famulis,
894 3135 951 3189 in
985 3133 1345 3206 quibuslibet
1366 3133 1497 3189 aliis
1525 3134 1698 3190 rebus
1730 3135 1851 3191 fue-

1893 1852 1940 1916 B

1971 567 2468 619 consecrationem
2496 572 2615 621 tam
2649 567 2707 622 in
2740 566 2867 640 ipso
2909 567 3270 623 monasterio
3329 584 3505 639 quam
3556 571 3615 624 in

1973 652 2450 719 possessionibus
2469 655 2733 724 ejusdem
2761 673 2772 710 :
2797 655 3056 711 chrisma
3085 673 3319 728 qwque
3344 663 3401 711 et
3422 656 3615 714 oleum

1970 745 2376 796 consecratum
2409 743 2662 815 singulis
2693 745 2884 811 annis,
2911 761 3017 800 nec
3055 745 3294 817 aliquod
3316 750 3619 818 propterea

1967 841 2184 882 munus
2204 846 2532 900 exposcere.

2041 915 2470 974 Coustituentes
2501 919 2676 974 etiam
2710 928 2775 975 ut
2796 919 2996 975 nullus
3025 938 3125 992 per
3146 922 3464 979 Galliarum
3483 923 3618 980 Ger-

1966 1003 2417 1076 maniarumque
2431 1008 2905 1078 provincias,sive
2924 1007 3108 1064 laicus
3121 1012 3195 1065 sit
3209 1011 3325 1066 sive
3347 1011 3616 1080 clericus,

1968 1089 2026 1143 in
2061 1090 2342 1160 ecclesiis,
2378 1097 2533 1165 agris
2563 1095 2651 1150 vel
2680 1097 2919 1151 famulis
2941 1097 3199 1168 aliquam
3230 1117 3396 1154 suam
3422 1101 3618 1156 volun-

1966 1180 2145 1233 tatem
2179 1189 2472 1250 exerceat,
2504 1190 2712 1254 praeter
2741 1185 3100 1241 voluntatem
3135 1189 3360 1243 abbatis
3394 1195 3451 1245 et
3501 1191 3614 1245 fra-

1969 1268 2382 1332 trum,etiainsi
2419 1288 2514 1326 rex
2547 1275 2640 1338 sit,
2675 1274 2810 1340 dux,
2835 1275 3117 1341 mai-chio,
3141 1277 3618 1350 archiepiscopus

1967 1353 2054 1410 vel
2087 1356 2416 1427 episc0pus.

2041 1443 2350 1500 Sancimns
2383 1451 2660 1517 prmterea
2693 1451 2844 1504 inter
2872 1467 2933 1504 se
2967 1451 3238 1506 abbatem
3261 1451 3474 1522 eligere
3503 1453 3618 1508 fra-

1968 1536 2087 1588 tres
2113 1534 2434 1590 secundum
2476 1537 2681 1605 Deum,
2715 1554 2819 1593 nec
2851 1539 3105 1609 aliquem
3138 1539 3462 1610 principem
3512 1540 3621 1595 hoc

1971 1622 2184 1677 audere
2207 1641 2395 1698 agere,
2425 1627 2735 1698 necipsum
2763 1628 3033 1683 abbatem
3060 1632 3374 1700 postquam
3400 1626 3620 1685 electus

1973 1710 2164 1782 fuerit,
2198 1715 2310 1768 nisi
2336 1714 2395 1768 in
2427 1715 2712 1786 probabili
2740 1716 2982 1771 crimine
3006 1715 3502 1788 deprehendatur,
3526 1717 3622 1772 de-

1963 1799 2065 1868 jici
2093 1818 2104 1865 ;
2137 1802 2236 1856 sed
2263 1803 2539 1858 canonice
2557 1804 2924 1858 examinetur
2944 1809 3000 1858 et
3020 1803 3397 1874 dijudicetur.
3433 1807 3621 1872 Quam

1975 1893 2233 1944 nostram
2266 1892 2627 1946 sanctionem
2658 1892 2710 1947 si
2735 1894 2868 1963 quis
2886 1891 3204 1960 violaverit,
3235 1893 3624 1950 admoneatur

1971 1977 2389 2034 satisfactionis
2422 1979 2492 2033 ab
2523 1980 2902 2034 Ambianensi
2928 1979 3238 2052 episcopo;
3274 1982 3322 2036 si
3352 1998 3488 2037 vero
3504 1997 3621 2038 non

1971 2066 2276 2131 obedierit,
2308 2068 2483 2122 etiam
2515 2085 2549 2122 a
2606 2069 2876 2122 Rcmensi
2935 2067 3408 2141 archiepiscopo:
3463 2070 3619 2141 quod

1971 2153 2020 2209 si
2052 2171 2156 2210 nec
2186 2155 2343 2210 hunc
2366 2157 2636 2222 audierit,
2663 2156 2838 2212 liceat
2860 2157 3492 2213 fratribusmonasterii
3517 2159 3624 2214 Ro-

1971 2260 2205 2298 manam
2233 2246 2429 2299 sedem
2465 2243 2779 2317 appellare,
2814 2250 2868 2301 et
2901 2245 3204 2302 Romanus
3219 2246 3479 2318 pontifex
3499 2263 3616 2302 non

1967 2332 2197 2389 differat
2229 2334 2501 2390 eumdem
2531 2334 2870 2391 violatorem
2903 2351 2998 2390 ore
3021 2335 3620 2407 proprioanathema-

1968 2422 2162 2478 tiz'are.

2039 2509 2274 2578 Ultimo,
2308 2510 2446 2582 quia
2469 2512 2540 2567 ad
2570 2510 2948 2582 apostalicam
2983 2511 3181 2567 sedem
3203 2515 3325 2567 tam
3348 2513 3615 2579 devotus,
3668 2566 3670 2568 ,

1967 2599 2049 2652 ﬁli
2074 2599 2444 2668 cbarissime,
2467 2600 2696 2668 venisti,
2723 2599 2943 2672 placuit
2964 2599 3384 2656 munificentiae
3403 2604 3613 2656 nostra

1967 2704 2140 2742 usum
2173 2687 2275 2742 tibi
2309 2687 2634 2744 dalmaticze
2665 2695 2721 2745 et
2751 2688 3154 2745 sandaliorum
3178 2689 3520 2756 concedere,
3551 2704 3620 2744 ea

1964 2780 2158 2831 tamen
2193 2779 2414 2833 ratione
2447 2782 2512 2832 ut
2541 2794 2657 2832 non
2689 2777 2951 2850 negligas
2983 2778 3153 2832 annis
3187 2776 3439 2849 singulis
3461 2793 3614 2832 nun-

1967 2864 2112 2919 tium
2147 2866 2214 2919 ad
2251 2865 2630 2938 apostolicam
2664 2867 2861 2922 sedem
2895 2866 3146 2938 dirigere
3167 2865 3372 2937 tuique
3402 2882 3614 2921 conve-

1967 2954 2135 3009 niens
2159 2955 2498 3011 monasterii
2530 2956 2855 3022 notiﬁcare,
2890 2959 2954 3010 ut
2981 2971 3082 3010 vos
3113 2954 3417 3010 valeamus
3437 2954 3486 3009 si
3517 2969 3617 3010 ne-

1961 3059 2122 3097 cesse
2155 3044 2326 3098 fuerit
2355 3045 2647 3114 adjuvare.
2681 3047 3010 3099 statuentes
3043 3042 3358 3114 apostolica
3372 3059 3622 3098 censura

1964 3149 2034 3186 ne
2068 3134 2200 3204 quis
2235 3150 2493 3205 unquam
2530 3131 2889 3201 mortalium,
2924 3132 3042 3186 sive
3084 3133 3160 3185 sit
3198 3149 3295 3185 rex
3351 3133 3471 3186 sive
3521 3148 3618 3186 eo-

200 3223 622 3289 rintoblata,in
654 3229 752 3279 tua
779 3228 1132 3294 tuorumque
1151 3223 1848 3280 successorumabbatum
1896 3216 1938 3283 C
1979 3239 2123 3290 mes,
2157 3223 2631 3295 archiepiscopus
2689 3221 2776 3276 vel
2825 3222 3154 3294 episcopus,
3209 3221 3390 3276 aliave
3443 3237 3618 3292 parva

201 3313 578 3384 fratrumque
608 3311 1300 3384 maneantdispositione
1353 3316 1411 3367 et
1464 3311 1648 3368 libera
1698 3317 1856 3384 pote-

209 3405 400 3457 state:
435 3417 539 3456 nec
567 3399 741 3456 liceat
772 3401 1047 3473 episcopo
1104 3401 1479 3456 Ambianensi
1536 3401 1864 3473 quidquam

208 3490 495 3562 portionis
527 3506 596 3545 ex
625 3489 709 3545 eis
740 3489 1006 3560 accipere
1029 3489 1114 3545 vel
1148 3505 1494 3561 exposcere;
1532 3506 1637 3545 nec
1671 3491 1727 3544 in
1762 3492 1861 3546 ab-

204 3579 344 3634 bate
370 3578 460 3634 vel
489 3578 548 3633 in
582 3579 864 3634 fratribus
885 3579 968 3633 vel
1001 3579 1057 3634 in
1081 3578 1207 3651 ipso
1230 3579 1490 3634 coenobio
1515 3585 1858 3650 potestatem

205 3683 497 3736 exercere,
520 3667 641 3722 sive
669 3667 726 3720 in
761 3665 921 3722 cellis
969 3667 1234 3732 ejusdem
1289 3667 1650 3732 monasterii,
1701 3669 1856 3722 vide-

201 3755 342 3810 licet
373 3755 820 3822 Busco,Braczo,
845 3757 1088 3821 Taneta,
1125 3755 1364 3824 Naurdi,
1400 3757 1590 3822 Uscia,
1615 3757 1853 3824 Tbenis,

205 3845 330 3900 sive
362 3844 419 3898 in
453 3843 679 3899 clericis
699 3844 786 3899 vel
807 3845 865 3898 in
892 3844 1078 3909 laicis,
1109 3844 1196 3900 vel
1214 3846 1271 3899 in
1288 3846 1528 3901 famulis
1558 3847 1858 3902 omnibus-

205 3949 318 4004 que
335 3932 786 4004 possessionbus
801 3935 869 3987 ad
888 3938 1214 4004 respectum
1229 3934 1493 4000 ejusdem
1513 3936 1853 3991 monasterii

207 4021 454 4092 ejusque
471 4020 751 4076 cellarum
774 4021 1223 4092 pertinentibus,
1257 4023 1536 4095 sicutipsi
1559 4030 1852 4084 monaste-

207 4108 290 4164 rio
314 4111 439 4180 jam
462 4110 690 4164 dudum
723 4110 1543 4182 concessumcognovimus,et
1564 4112 1855 4171 collauda-

207 4201 331 4252 tum
365 4199 438 4253 ab
465 4199 758 4271 episcopis
789 4200 1282 4256 Ambianensibus
1312 4204 1369 4255 et
1397 4201 1852 4275 archiepiscopis

205 4286 598 4343 Remensibus
629 4288 966 4359 caeterisque
997 4288 1289 4344 universis
1311 4289 1602 4361 episcopis
1635 4291 1848 4348 Gallia-

205 4391 360 4430 rum.

278 4464 653 4520 Probibentes
685 4483 756 4520 ne
778 4467 1175 4538 quisunquam
1199 4467 1612 4524 Ambianensis
1633 4470 1848 4542 episco-

206 4567 320 4645 pus
353 4557 693 4645 potestatem
728 4555 944 4645 habeat
970 4556 1114 4627 ipse,
1147 4556 1235 4610 vel
1267 4559 1731 4624 oeconomus,vel
1755 4577 1844 4615 ar-
1876 4581 1922 4645 υ

202 4639 624 4712 chipresbyter,
658 4649 760 4698 aut
790 4644 1242 4700 archidiaconus
1271 4645 1740 4716 ejus,accedendi
1773 4651 1843 4705 ad

196 4734 462 4784 vestrum
493 4732 915 4787 monasterium
939 4734 1186 4804 ejusque
1217 4734 1422 4800 cellas,
1454 4735 1568 4790 nisi
1595 4736 1742 4792 forte
1757 4737 1846 4793 vel

197 4818 546 4874 necessitate
573 4819 658 4874 vel
691 4820 1000 4876 dilectione
1033 4821 1104 4877 ab
1123 4823 1329 4878 abbate
1361 4825 1698 4880 monasterii
1718 4827 1845 4882 fue-

199 4907 271 4960 rit
299 4913 542 4963 vocatus
572 4925 584 4963 :
620 4925 688 4964 ea
717 4915 913 4965 tamen
947 4911 1169 4967 ratione
1200 4916 1265 4966 ut
1311 4927 1417 4967 nec
1474 4913 1532 4967 in
1585 4914 1845 4972 ecclesiis

196 4994 384 5050 eidem
413 4998 770 5054 monasterio
789 4999 1184 5067 subjectis,vel
1207 5000 1262 5054 in
1285 5003 1624 5057 earumdem
1664 5003 1843 5059 eccle-

196 5082 418 5140 siarum
451 5083 1159 5144 clericismolestationem
1204 5089 1291 5143 vel
1341 5090 1840 5160 perturbationem

194 5187 363 5242 agere
381 5174 618 5242 audeat;
642 5175 728 5230 vel
755 5193 963 5231 novam
983 5178 1470 5233 consuetudinem
1517 5181 1714 5234 abbati
1754 5181 1842 5236 vel

193 5259 477 5317 fratribus
493 5265 1065 5338 statuat,disponens
1087 5265 1308 5337 aliquid
1332 5272 1536 5323 contra
1569 5267 1843 5324 volunta-

194 5351 308 5404 tem
326 5365 552 5408 eorum:
570 5353 669 5424 qui
684 5355 877 5409 tamen
896 5354 1316 5411 monachorum
1328 5354 1414 5410 vel
1427 5355 1842 5413 canonicorum

193 5440 248 5493 et
268 5453 419 5510 quas
441 5439 624 5498 abbas
658 5458 792 5498 cum
843 5443 1126 5501 fratribus
1174 5444 1405 5517 petierit
1442 5445 1842 5504 ordinationes

261 5615 412 5693 (128)
447 5617 582 5694 Leg.
614 5619 737 5680 ind.
771 5637 856 5679 ιιι.
880 5621 1053 5681 ιῙΑΞῬΒ

1977 3327 2307 3383 magnaque
2337 3327 2585 3383 persona
2602 3315 2804 3366 contra
2831 3311 2939 3366 hoc
2953 3315 3217 3365 nostrum
3251 3309 3618 3382 privilegium

1973 3400 2167 3455 venire
2205 3404 2466 3456 attentet.
2522 3399 2683 3462 Quod
2716 3399 2816 3470 qui
2876 3399 3096 3465 fecerit,
3157 3399 3229 3453 ad
3289 3414 3476 3470 usque
3529 3398 3616 3454 di-

1971 3505 2146 3560 gnam
2180 3489 2638 3544 satisfactionem
2671 3487 2901 3542 vinculo
2933 3487 3327 3542 anathematis
3369 3487 3616 3542 innoda-

1968 3581 2064 3631 tus
2096 3577 2193 3632 sit.
2228 3577 2333 3642 Qui
2367 3595 2497 3632 vero
2551 3576 2844 3630 illibatum
2904 3576 3268 3642 custodierit,
3303 3592 3335 3628 a
3367 3575 3615 3630 Domino

1968 3664 2084 3720 Deo
2113 3665 2495 3720 benedicatur
2521 3670 2576 3720 et
2605 3672 2829 3720 aeternae
2846 3665 2970 3718 vitae
2993 3663 3283 3734 particeps
3301 3663 3608 3720 efﬁciatur.

1966 3759 2174 3809 Amen.

2036 3844 2180 3897 Data
2208 3860 2303 3898 xxv
2327 3842 2448 3898 Kal.
2481 3841 2660 3898 Maias
2693 3858 2792 3914 per
2825 3857 3037 3896 manus
3067 3840 3218 3895 Petri
3241 3841 3495 3909 diaconi,
3531 3841 3614 3896 bi-

1963 3931 2322 3987 bliothecarii
2355 3936 2411 3987 et
2441 3929 2772 3986 cance'llarii
2804 3934 3018 3985 sanctae
3049 3929 3387 4000 apostolica:
3418 3929 3598 3997 sedis,

1963 4038 2116 4076 anno
2147 4022 2369 4076 domini
2400 4021 2606 4076 Leonis
2638 4019 2709 4074 IX
2740 4036 2901 4091 papae
2952 4019 3230 4085 secundo,
3293 4017 3610 4075 indictione

1962 4116 2170 4183 quarta
2190 4111 2357 4182 (128).

2659 4197 2902 4253 XXXVI.

1959 4290 2320 4360 Prz'vilegz'um
2351 4289 2402 4344 S.
2440 4290 2632 4344 Leonis
2648 4289 2713 4342 IX
2738 4303 2838 4359 pro
2859 4287 3189 4342 monasterio
3227 4286 3605 4342 Vizeliacensi.

2032 4379 2140 4432 Leo
2160 4378 2467 4450 episcopus
2498 4393 2702 4432 servus
2725 4392 3027 4430 servorum
3050 4375 3481 4444 Dei,GAUFRIDO
3504 4375 3604 4432 ab-

1958 4467 2076 4522 bati
2107 4467 2515 4523 Vizeliacensis
2538 4465 2968 4537 coenobii,quod
3001 4470 3092 4520 est
3122 4465 3179 4520 in
3210 4467 3429 4520 honore
3487 4465 3606 4521 Do-

1961 4556 2103 4611 mini
2136 4555 2484 4612 nosiriJesu
2539 4553 2755 4609 Christi
2811 4561 2868 4608 et
2924 4554 3295 4609 veneratione
3338 4553 3603 4622 ejusdem

1957 4645 2265 4701 Genitricis
2295 4651 2352 4700 et
2382 4646 2687 4699 beatorum
2711 4643 3117 4714 apostolorum
3144 4642 3293 4697 Petri
3327 4649 3384 4696 et
3414 4640 3601 4709 Pauli,

1953 4740 2011 4789 et
2032 4736 2209 4789 beatae
2243 4735 2435 4788 Mariae
2467 4731 2820 4805 Magdalenaa
2853 4735 3100 4801 ejusque
3158 4729 3610 4786 successoribus

1957 4825 2013 4878 in
2051 4827 2416 4895 perpetuum.

2024 4912 2308 4978 Quoniam
2339 4911 2681 4982 postulastis
2713 4927 2747 4963 a
2778 4911 3042 4965 Romana
3066 4907 3222 4973 sede,
3257 4904 3349 4960 cui
3369 4905 3483 4960 Deo
3503 4922 3602 4961 au-

1953 5006 2109 5057 ctore
2140 4999 2694 5059 deservimus.vobis
2726 4997 3057 5053 confirmari
3093 4993 3391 5064 privilegia
3413 4993 3483 5047 ab
3504 5011 3602 5050 an-

1954 5089 2347 5145 tecessoribus
2363 5087 2580 5141 nostris
2597 5092 2797 5141 vestrae
2813 5085 3068 5140 ecclesia:
3099 5082 3326 5148 collata,
3351 5081 3599 5153 dignum

1957 5180 1989 5232 d
2002 5179 2232 5233 uximus
2245 5183 2493 5231 vestram
2512 5175 2846 5245 petitionem
2867 5170 3467 5245 adimplere.Proinde
3482 5187 3601 5225 mo-

1952 5269 2276 5322 nasterium
2311 5262 2653 5335 praedictum
2685 5262 2745 5315 in
2779 5279 2924 5332 pago
2956 5261 3228 5317 Avalensi
3260 5261 3317 5315 in
3378 5259 3598 5315 finibus

1953 5355 2302 5427 Burgundire
2315 5355 2717 5407 constructum
2732 5350 3061 5420 Opibusque
3074 5350 3327 5404 ditatum
3347 5361 3600 5422 quorum

1951 5446 2087 5502 dam
2118 5446 2334 5500 sanctae
2363 5435 3044 5510 Ecclesiae...,privilegio
3096 5444 3309 5497 nostrae
3366 5440 3600 5514 aposto-

2016 5623 2164 5703 (128)
2195 5622 2330 5699 Leg.
2359 5619 2544 5680 tertia.
2575 5617 2769 5679 Jun.
