3974 6206
332 391 452 451 643

1342 373 1352 385 ’
1402 389 1465 448 s.
1515 382 1793 449 LEONlS
1839 385 1918 448 Ix
1964 382 2193 447 ΡΑριΕ
2235 385 2672 449 OPUSCULA.

3630 353 3761 457 ὠ

331 522 455 579 lica:
478 520 837 578 auctoritatis
858 520 1085 574 decreto
1106 518 1495 591 indulgentes,
1520 520 1683 575 vobis
1707 519 1968 575 concedi-
1998 522 2052 587 Α
2082 524 2368 575 turntnec
2380 518 2689 591 pluralitas
2702 520 3141 592 pennriam,nec
3156 523 3759 595 paucitasinhabian-

334 629 487 679 mus,
521 611 965 673 conﬁrmamus,
997 608 1470 676 corroboramus,
1500 607 1723 662 utnulli
1752 624 1976 680 regum,

332 698 479 754 nulli
510 697 860 763 antistitum,
897 695 1043 751 nulli
1076 714 1437 770 quaecunque
1487 694 1726 769 praedito
1788 696 1981 770 digni-

327 791 463 855 tate,
496 785 667 840 liceat
694 785 894 857 ipsum
933 786 1363 841 monasterium
1393 787 1753 859 perturbare,
1786 785 1872 840 vel
1912 802 1981 841 ea

328 892 454 947 quae
487 873 567 930 ibi
593 891 627 929 a
648 874 773 945 jam
808 874 981 929 dictis
1014 875 1449 941 l’undatoribus,
1479 874 1567 930 vel
1594 874 1665 929 ab
1689 873 1819 930 aliis
1844 874 1981 930 tide-

325 964 480 1019 libus
503 962 699 1019 oblata
722 968 882 1031 sunt,
916 963 1004 1019 vel
1030 964 1087 1018 in
1125 966 1392 1019 futurum
1423 963 1617 1019 otl‘erri
1649 963 1974 1035 contigerit,

326 1053 438 1109 sub
459 1051 776 1123 cujuslibet
806 1069 1019 1119 causas,
1051 1052 1449 1109 occasionisve
1479 1053 1689 1124 specie,
1714 1052 1979 1108 minuere

325 1143 413 1198 vel
445 1142 674 1197 auferre
708 1141 828 1196 sive
859 1141 984 1197 suis
1017 1142 1223 1196 usibus
1257 1140 1570 1214 applicare,
1606 1141 1707 1196 sed
1741 1139 1974 1196 sinein-

326 1230 672 1302 quietudine
705 1229 761 1284 in
797 1230 1224 1285 sustentatione
1255 1230 1519 1301 ejusdem
1555 1230 1979 1296 monasterii,et

327 1318 534 1374 usibus
550 1318 831 1373 abbatum
865 1321 924 1373 et
953 1318 1385 1373 monachorum
1417 1319 1527 1374 sub
1559 1317 1762 1390 regula
1789 1318 1977 1374 sancti

329 1407 517 1463 Patris
547 1407 847 1462 Benedicti
881 1407 956 1461 ibi
990 1407 1106 1463 Deo
1138 1405 1519 1462 militantium
1547 1406 1817 1463 volumus
1834 1424 1901 1462 ea
1920 1412 1978 1462 et

327 1495 703 1568 praecipimus
739 1496 1062 1567 possideri:
1093 1512 1161 1551 ea
1214 1494 1484 1551 videlicet
1538 1496 1867 1551 conditione
1913 1500 1976 1550 ut

327 1584 527 1640 nullus
569 1601 976 1640 successorum
1011 1588 1345 1656 nostrorum
1375 1584 1717 1656 pontiﬁcum
1749 1584 1804 1639 in
1864 1584 1972 1640 hac

326 1677 532 1731 sancta
561 1673 717 1741 sede,
752 1672 845 1728 cui
875 1677 1107 1729 auctore
1128 1654 1243 1729 Deo
1262 1674 1569 1738 servimus,
1591 1689 1853 1745 unquam
1883 1672 1969 1728 vel

329 1778 579 1833 usquam
611 1761 891 1833 quiddam
921 1778 990 1816 cx
1019 1759 1238 1816 eisdem
1262 1762 1436 1816 rebus
1457 1760 1730 1832 cuiquam
1754 1761 1970 1817 benefi-

324 1850 885 1918 ciaro,commutare,
908 1854 1009 1904 aut
1039 1849 1152 1904 sub
1166 1866 1343 1904 censu
1376 1849 1637 1921 quolibet
1659 1851 1971 1906 concedere

321 1956 424 2012 per
454 1938 650 1992 futura
683 1943 945 2008 tempora
974 1937 1249 2009 patiatur,
1284 1938 1384 1993 sed
1418 1954 1660 1994 censum
1704 1942 1965 1994 tantum-

319 2026 492 2081 modo
506 2026 559 2079 in
578 2030 923 2081 testamento
946 2025 1280 2081 traditionis
1297 2042 1331 2081 a
1353 2026 1765 2081 fundatoribus
1788 2025 1968 2098 quiex

317 2116 521 2171 eodem
553 2114 907 2169 monasterio
938 2114 1087 2169 hanc
1119 2119 1387 2171 sanctam
1422 2116 1705 2171 haeredem
1751 2116 1965 2170 Roma-

318 2220 454 2261 nam
486 2205 747 2259 feccrunt
776 2202 1115 2268 Ecclesiam,
1140 2202 1313 2259 etiam
1375 2203 1734 2275 delegatum,
1787 2220 1965 2259 unam

316 2291 595 2350 videlicet
622 2292 834 2347 libram
866 2293 1088 2363 argenti
1122 2292 1295 2347 annis
1327 2292 1577 2364 singulis
1598 2309 1965 2348 successores

317 2381 499 2436 n0stri
534 2380 1012 2452 accipientes,per
1026 2380 1392 2451 paternitatis
1406 2381 1750 2451 suffragium
1774 2381 1964 2436 eidem

318 2469 674 2525 monasterio
697 2468 1088 2524 sollicitudine
1120 2469 1398 2540 pastorali
1428 2469 1735 2541 vigilanter
1764 2474 1966 2525 contra

317 2574 522 2613 omnes
544 2556 887 2612 infestantes
907 2556 1244 2628 impendere
1266 2558 1561 2613 studeant.
1588 2560 1729 2614 Item
1752 2559 1965 2615 consti-

316 2646 544 2702 tuimus
576 2650 658 2711 ut,
691 2645 941 2701 obeunte
964 2646 1172 2701 abbate
1192 2645 1828 2717 praedictimonasterii,
1847 2665 1961 2704 non

317 2734 471 2791 alius
502 2734 583 2790 ibi
617 2751 970 2806 quacunque
1003 2735 1359 2807 obreptionis
1390 2735 1609 2791 astutia
1638 2736 1959 2803 ordinetur,

318 2824 428 2879 nisi
462 2839 637 2894 quem
657 2840 979 2879 consensus
1001 2822 1421 2878 monachorum
1447 2825 1767 2879 secundum
1791 2825 1958 2880 timo-

318 2928 441 2967 rem
474 2910 575 2967 Dei
604 2914 662 2966 et
691 2910 1119 2966 institutionem
1145 2911 1375 2985 Regulae
1424 2912 1609 2968 sancti
1665 2913 1959 2969 Benedicti

317 3000 639 3073 elegerit,et
668 2999 768 3069 huj
781 3018 848 3056 us
879 3000 1206 3072 apostolicae
1233 3002 1388 3057 sedis
1410 3001 1665 3073 pontifex
1683 3004 1959 3075 praevide-

316 3089 392 3144 rit
422 3089 840 3157 ordinandum,
867 3093 968 3144 aut
989 3090 1362 3163 suggestione
1379 3090 1798 3151 monachorum
1823 3108 1958 3147 con-

321 3177 577 3232 senserit
604 3177 961 3233 ordinatum.

2088 609 2237 664 tium
2252 609 2691 665 destitutionem
2704 608 2815 665 loci
2828 610 3105 668 inducere
3117 612 3755 691 valeant.Privilegium

2090 712 2323 768 quoque
2344 713 2376 751 a
2415 697 2837 767 praedecessore
2869 702 3069 754 nostro
3101 700 3209 772 pia
3244 703 3538 759 memorias
3594 721 3756 778 papa

2084 783 2318 839 Nicolao
2339 785 2528 840 eidem
2559 786 2914 841 monasterio
2944 786 3228 845 collatum
3261 797 3462 849 nostra
3491 794 3752 850 auctori-

2084 877 2202 928 tate
2232 876 2914 946 contirmamus,excepto
2939 874 3227 933 duntaxat
3260 881 3414 951 quod
3468 880 3592 954 ipse
3630 883 3748 939 sub

2088 960 2324 1017 nomine
2354 961 2698 1017 ancillarum
2725 962 2824 1018 Dei
2883 980 3012 1035 quis
3070 965 3287 1022 ibidem
3356 985 3462 1042 pro
3519 972 3747 1029 crebris

2086 1049 2566 1106 infestationibus
2586 1049 2781 1106 saeculi
2802 1068 2957 1107 nunc
2969 1054 3373 1113 ordinabiliter
3387 1075 3628 1117 manere
3640 1077 3746 1118 ne-

2088 1145 2339 1210 queunt,
2362 1138 2505 1194 illud
2523 1137 2812 1210 delegavit
2836 1158 2848 1195 :
2875 1158 2981 1197 nos
3010 1159 3164 1211 vero,
3197 1146 3435 1216 aptioris
3457 1147 3736 1205 utilitatis

2086 1228 2294 1300 gratia,
2329 1228 2439 1283 sub
2469 1227 2673 1283 habitu
2707 1229 3130 1286 monachorum
3163 1249 3292 1289 esse
3350 1241 3744 1308 congruentrr

2087 1316 2476 1372 decernimus.
2530 1316 2587 1370 Si
2646 1316 2780 1388 quis
2827 1334 2961 1373 vero
3014 1335 3240 1392 regum,
3298 1322 3737 1397 episcoporum,

2082 1406 2477 1473 sacerdotum,
2534 1405 2834 1473 abbatum,
2891 1407 3186 1481 judicum,
3243 1412 3545 1480 comitum,
3625 1419 3738 1470 aut

2083 1494 2449 1549 saecularium
2482 1510 2886 1566 personarum,
2921 1502 3126 1552 contra
3155 1498 3306 1554 hanc
3328 1506 3531 1556 nostra:
3561 1502 3735 1557 insti-

2084 1582 2325 1639 tutionis
2348 1583 2622 1655 paginam
2652 1584 2847 1638 venire
2878 1586 3206 1653 teutaverit,
3233 1604 3542 1657 percussus
3579 1606 3721 1661 apo-

2081 1671 2286 1727 stolico
2300 1688 2369 1725 an
2378 1671 3002 1743 athemate,potestatis
3018 1673 3329 1732 honorisve
3341 1677 3432 1732 sui
3447 1677 3732 1750 dignitate

2080 1766 2291 1829 careat,
2325 1776 2607 1831 reumque
2626 1777 2686 1816 se
2706 1776 2899 1817 coram
2924 1763 3120 1818 divino
3138 1764 3364 1835 judicio
3394 1770 3730 1839 cognoscat,

2079 1855 2135 1904 et
2166 1848 2277 1904 nisi
2309 1865 2527 1920 eaquae
2559 1866 2592 1904 a
2623 1866 2685 1904 se
2734 1849 2886 1905 male
2938 1856 3066 1907 acta
3121 1857 3258 1908 sunt
3316 1854 3634 1924 deﬂeverit,
3693 1873 3733 1912 ει

2077 1937 2474 1994 sacratissimo
2503 1954 2744 2009 corpore
2790 1938 3022 1995 Domini
3082 1942 3263 1996 nostri
3309 1941 3454 1997 Jesu
3505 1943 3727 1999 Christi

2076 2026 2300 2082 alienus
2331 2028 2632 2098 liat,atque
2654 2030 2870 2082 interno
2891 2026 3141 2083 examini
3170 2026 3448 2084 districta:
3475 2028 3719 2085 ultionis

2075 2116 2393 2186 subjaceat.
2428 2115 2668 2171 Cunctis
2697 2120 2891 2171 autem
2921 2116 3107 2171 eidem
3140 2114 3263 2171 loco
3289 2115 3453 2185 justa
3475 2133 3719 2173 servan-

2075 2206 2231 2260 tibus
2264 2204 2339 2259 sit
2369 2221 2478 2276 pax
2508 2202 2738 2259 Domini
2769 2204 2949 2259 nostri
2976 2204 3115 2259 Jesu
3135 2204 3370 2271 Christi,
3418 2209 3719 2276 quatenus

2074 2300 2130 2350 et
2159 2294 2254 2350 hic
2303 2294 2558 2348 fructum
2605 2292 2772 2348 bonis
2821 2292 3062 2348 actionis
3110 2292 3417 2366 recipiant,
3449 2298 3509 2349 et
3560 2293 3720 2365 apud

2074 2384 2408 2439 districtum
2423 2382 2690 2438 Judicem
2706 2383 2941 2453 praemia
2964 2386 3190 2437 cateruis
3211 2381 3371 2453 pacis
3392 2382 3715 2438 inveniant.

2144 2472 2290 2528 Data
2316 2489 2351 2526 v
2372 2470 2661 2527 Kalendas
2692 2470 2825 2526 Maii
2858 2488 2957 2542 per
2989 2488 3199 2526 manus
3230 2470 3376 2527 Petri
3402 2470 3629 2526 diaconi
3659 2474 3721 2526 et

2073 2560 2498 2617 bibliothecarii
2528 2566 2742 2614 sanctas
2772 2559 2930 2615 sedis
2960 2558 3310 2631 apostolicae,
3342 2576 3495 2615 anno
3528 2576 3569 2614 II
3617 2559 3722 2615 do-

2073 2651 2217 2706 mini
2239 2649 2449 2707 Leonis
2479 2649 2549 2706 lX
2579 2665 2765 2721 papas,
2795 2647 3001 2703 indict.
3036 2666 3118 2703 ιιι.

2754 2755 3031 2810 XXXVII.

2075 2848 2129 2905 S.
2160 2848 2264 2902 Leo
2294 2846 2365 2901 IX
2420 2846 2687 2900 Wiltclmo
2739 2845 2929 2899 comiti
2983 2843 3307 2899 Nivernensi
3350 2843 3451 2898 sub
3496 2859 3713 2899 excom-

2137 2918 2532 2973 municuuom's
2561 2930 2724 2986 paena
2753 2916 3006 2986 pra’cipit
3034 2919 3096 2970 ut
3138 2915 3469 2971 mtmaslerio
3493 2914 3548 2972 S.
3584 2915 3716 2971 Ber-

2141 2992 2283 3044 cariz'
2313 2989 2570 3043 Dervensz‘
2597 2988 2781 3041 ablata
2808 2988 3079 3042 restituat.

2697 3075 2883 3144 (Anno
2906 3072 3088 3139 1050.)

2240 3161 2506 3236 [Mabill.,
2538 3162 2739 3217 Annal.
2771 3160 2888 3217 0rd.
2921 3161 2975 3217 S.
3001 3160 3224 3229 Bened.,
3261 3161 3357 3229 IV,
3389 3160 3541 3231 357.]

387 3266 505 3321 Hoc
537 3280 772 3338 quoque
803 3266 1057 3338 capitulo
1087 3266 1360 3338 presenti
1392 3267 1831 3341 snbjnngimus,
1892 3273 1957 3323 ut
1987 3259 2029 3324 C
2143 3271 2255 3326 Leo
2285 3270 2615 3342 cpiscopus,
2650 3285 2854 3325 servus
2879 3283 3179 3324 servorum
3212 3266 3334 3333 Dei,
3384 3266 3710 3324 WiLLaLMo

312 3354 505 3411 locum
533 3355 783 3411 avaritiae
802 3354 1435 3423 secludamus,nullum
1458 3357 1529 3411 de
1554 3356 1954 3429 regibus,nul-

311 3443 433 3499 lum
466 3444 536 3500 de
566 3443 856 3516 episcopis
887 3443 973 3500 vel
1007 3445 1431 3511 sacerdotibus,
1464 3444 1551 3501 vel
1585 3447 1654 3502 de
1713 3446 1956 3517 quibus-

309 3549 561 3604 cumque
593 3530 885 3600 tidelibus,
921 3549 1024 3605 per
1053 3551 1136 3602 se,
1161 3534 1596 3605 suppositamve
1621 3551 1953 3607 personam,

308 3622 379 3677 de
409 3621 777 3677 ordinatione
797 3622 1063 3693 ejusdem
1097 3620 1442 3689 abbatis,vel
1472 3621 1958 3684 clericorum,aut

308 3711 803 3783 presbyterorum,
837 3710 924 3765 vel
955 3711 1027 3767 de
1076 3710 1385 3783 largitione
1443 3711 1797 3775 chrismatis,
1858 3716 1959 3766 aut

311 3799 746 3855 consecratione
780 3798 1058 3865 basilicas,
1078 3799 1165 3854 vel
1200 3801 1271 3854 de
1300 3799 1747 3872 quibuscumque
1765 3802 1957 3855 causis

317 3887 388 3941 ad
409 3888 564 3943 idem
589 3887 1012 3943 monasterium
1038 3888 1488 3960 pertinentibus,
1506 3889 1717 3944 audere
1743 3891 1796 3943 in
1814 3906 1957 3961 qua-

310 3974 452 4031 libet
482 3976 675 4048 specie
706 3975 859 4031 xenii
887 3975 1012 4031 loco
1043 3976 1369 4048 quidquam
1429 3977 1709 4048 accipere,
1772 3993 1960 4050 neque

309 4065 584 4120 eumdem
617 4064 887 4119 abbatem
921 4080 1025 4135 pro
1057 4064 1422 4120 ordinatione
1443 4082 1550 4121 sua
1580 4065 1799 4137 aliquid
1822 4067 1960 4122 dare

317 4168 691 4223 praesumere,
725 4168 820 4219 ne,
852 4151 960 4207 hac
990 4152 1310 4219 occasione,
1343 4169 1412 4208 ea
1468 4171 1594 4225 quae
1624 4172 1659 4209 a
1688 4153 1962 4210 ﬁdelibus

317 4241 412 4313 pio
444 4239 569 4295 loco
592 4239 917 4295 oll‘eruntur
947 4246 1392 4296 cousumantur.
1424 4241 1621 4312 Neque
1651 4242 1962 4313 episcopus

313 4328 567 4385 civitatis
599 4327 786 4399 ipsius
816 4326 1123 4399 parochiaz,
1158 4330 1269 4385 nisi
1306 4329 1376 4383 ab
1396 4330 1604 4387 abbate
1635 4330 1819 4402 ipsius
1838 4348 1961 4386 mo-

312 4415 558 4472 nasterii
595 4415 893 4484 invitatus,
954 4415 1170 4477 ibidem
1229 4417 1496 4490 publicas
1545 4420 1760 4476 missas
1807 4423 1962 4492 agat,

314 4521 509 4577 neque
540 4504 900 4561 stationesin
934 4505 1138 4563 eodem
1170 4508 1432 4563 coenobio
1464 4507 1702 4575 indicat,
1739 4524 1811 4563 ne
1836 4524 1964 4563 ser-

314 4608 527 4649 vorum
588 4595 686 4649 Dei
745 4594 912 4666 quies
984 4596 1276 4667 quomodo
1336 4598 1601 4668 pepulai-i
1679 4600 1959 4652 conventu
1994 4624 2041 4688 D

313 4683 644 4755 perturbari
673 4683 1079 4756 valeat,neque
1109 4689 1476 4757 paratas,aut
1510 4684 1964 4742 niansionaticos

311 4772 519 4829 exinde
541 4777 858 4847 praesumat
880 4773 1577 4846 exigere.Susceptionem
1601 4778 1799 4829 autem
1824 4775 1960 4830 ﬁde-

311 4861 457 4918 lium
488 4867 546 4919 et
574 4862 983 4935 religiosorum
1007 4863 1265 4919 virorum
1300 4866 1475 4934 atque
1492 4863 1958 4935 beneficentiam,

312 4952 677 5023 quamjubet
691 4951 1009 5024 Apostolus
1034 4951 1261 5006 cunctis
1284 4950 1805 5023 exhibendam,pro
1829 4969 1959 5025 pos-

313 5039 591 5095 sibilitate
621 5039 728 5096 loci
763 5044 821 5095 et
853 5038 1218 5106 facultatum,
1252 5056 1365 5094 non
1400 5039 1803 5095 modoibidem
1840 5042 1964 5098 ﬁeri

314 5129 477 5201 [non]
497 5129 881 5202 denegamus,
904 5145 1105 5185 verum
1125 5129 1298 5184 etiam
1316 5128 1632 5184 suademus
1659 5134 1751 5184 :ut
1773 5134 1964 5186 tamen

313 5223 367 5274 et
385 5218 598 5275 modus
623 5217 683 5274 in
705 5234 951 5274 numero
973 5217 1441 5290 congregationis
1477 5218 1620 5274 adeo
1668 5234 1964 5275 conserve-

384 5378 534 5455 (129)
569 5379 901 5455 Brunonem
924 5382 1376 5455 anteavocatum
1414 5378 1595 5455 fuisse
1617 5379 1963 5455 Wandelge-

314 5450 445 5524 rum
460 5450 841 5524 discimusex
880 5452 1065 5523 ipsius
1094 5451 1550 5524 litteris,quibus
1564 5522 1571 5524 Α
1584 5450 1963 5524 concordiam

316 5521 505 5595 initc_u
517 5536 569 5571 m
586 5520 831 5595 Rodult'o
849 5520 1058 5578 comite
1072 5539 1247 5595 super
1261 5540 1334 5595 qu
1343 5520 1512 5579 adam
1527 5521 1854 5595 silva,apud
1867 5524 1967 5579 vil-

317 5587 670 5677 lae}???
689 5591 1003 5677 βίεξιιοεξηέεξε
1027 5587 1459 5677 redemissem
1480 5587 1715 5677 mare
1737 5587 1963 5677 δοιηθεε

316 5659 711 5721 Dervensibus
740 5659 1003 5737 dimittit,
1027 5659 1121 5719 ‘uti
1151 5669 1210 5722 et
1239 5659 1343 5721 ﬁlii
1390 5664 1519 5741 ejus
1560 5662 1853 5722 WalterUs
1912 5659 1968 5727 et

2066 3358 2407 3415 Nivernensi
2441 3357 2639 3414 comiti
2671 3355 3049 3429 apostolicam
3077 3354 3562 3411 benedictionem.

2137 3448 2487 3503 Mandamus
2533 3450 2590 3501 et
2637 3444 3010 3518 praecipimus
3028 3444 3134 3500 tibi
3184 3447 3249 3499 ut
3277 3447 3502 3500 rectum
3525 3443 3712 3501 facias

2066 3538 2203 3605 Deo,
2227 3541 2283 3592 et
2312 3535 2532 3591 sanctis
2562 3534 2844 3607 apostolis
2871 3533 3040 3589 Petro
3068 3537 3125 3589 et
3168 3531 3366 3600 Paulo,
3398 3536 3455 3589 et
3502 3537 3709 3589 sancto

2067 3625 2398 3693 Berchario,
2435 3627 2492 3680 et
2510 3622 2815 3679 monachis
2838 3622 2983 3678 inibi
3005 3622 3549 3689 considentibus,de
3570 3639 3716 3695 prae-

2068 3715 2178 3769 diis
2202 3713 2458 3785 illorum,
2483 3713 2636 3769 sicut
2643 3712 2771 3784 jam
2791 3711 2898 3766 tibi
2919 3711 3397 3785 praecepimus,et
3424 3714 3489 3767 tu
3511 3710 3718 3767 abbati

2072 3804 2304 3857 illorum
2336 3801 2677 3857 convenisti.
2711 3800 2873 3866 Quod
2904 3800 3021 3855 nisi
3051 3799 3276 3867 feceris,
3334 3800 3407 3871 si,
3458 3803 3721 3872 quatuor

2068 3890 2626 3964 proclamationibus
2658 3889 2842 3958 factis,
2867 3889 2939 3945 ad
2972 3906 3065 3945 me
3114 3891 3186 3945 de
3243 3888 3351 3945 hac
3408 3906 3470 3945 re
3509 3888 3720 3962 quinta

2072 3982 2224 4037 facta
2254 3980 2449 4045 fuerit,
2483 3979 2739 4051 profecto
2768 3977 3391 4034 excommunicaberis.
3424 3976 3586 4034 Vale.

2140 4070 2285 4125 Data
2314 4067 2554 4123 Kalend.
2589 4066 2722 4122 Maii
2754 4082 2857 4139 per
2876 4083 3087 4122 manus
3106 4066 3257 4122 Petri
3281 4064 3723 4122 bibliothecarii

2070 4163 2284 4213 sancta:
2315 4157 2472 4213 sedis
2504 4154 2854 4228 apostolicis,
2887 4173 3041 4212 anno
3071 4155 3274 4211 domni
3310 4154 3519 4211 Leonis
3567 4155 3709 4211 noni

2073 4264 2234 4319 papas
2266 4244 2543 4312 secundo,
2578 4243 2896 4300 indictione
2915 4244 3106 4313 tertia,
3139 4243 3336 4299 abbati
3363 4242 3553 4299 sancti
3584 4243 3728 4299 Ber-

2073 4334 2279 4402 charii,
2312 4349 2487 4407 quem
2520 4333 2721 4388 eodem
2755 4332 2849 4388 die
2881 4333 2954 4388 ad
2986 4332 3258 4388 abbatem
3281 4332 3342 4387 in
3371 4331 3599 4404 capella
3619 4349 3730 4388 sua

2081 4420 2458 4479 Lateranensi
2490 4420 2883 4489 benedixerat,
2918 4424 2974 4476 et
3001 4420 3052 4476 ei
3085 4437 3296 4477 nomen
3328 4436 3529 4489 suum,
3563 4420 3729 4494 quod

2077 4511 2191 4567 fuit
2220 4511 2434 4578 Bruno,
2466 4509 2827 4583 imposuerat
2856 4508 3027 4581 (129).

2737 4632 3040 4688 XXXVIII.

2073 4726 2129 4781 S.
2165 4729 2266 4781 Leo
2297 4726 2382 4788 IX,
2417 4726 2479 4780 in
2504 4722 2707 4796 synodo
2732 4723 3135 4805 quinquaginta
3162 4723 3403 4793 quinque

2141 4814 2291 4846 rum.
2325 4795 2648 4846 Gerardum.
2707 4794 2982 4846 auondam
3026 4810 3342 4846 emscozmm
3396 4794 3469 4846 Tu
3515 4807 3719 4846 ensem.

2141 4814 2291 4863 rum,
2325 4794 2648 4860 Gerardiim,
2707 4794 2982 4866 quondam
3026 4795 3342 4865 episcopum
3396 4794 3719 4866 Tullenseni,

2140 4868 2469 4995 {inguinibus
2496 4862 2748 4935 ascribit,
2776 4864 2970 4937 dieque
2997 4862 3068 4921 23
3097 4862 3297 4920 mensis
3365 4863 3570 4937 Aprilis
3616 4862 3730 4920 coli

2143 4957 2203 4995 m
2241 4956 2270 4995 e
2299 4983 2310 4994 .

2135 4957 2310 5012 Juoez.

2702 5026 2885 5095 (Anno
2921 5025 3102 5096 1050.)

2269 5114 2486 5188 [MabiL
2511 5120 2641 5172 Acta
2670 5114 2764 5171 SS.
2795 5115 2910 5170 ord.
2938 5114 2991 5169 S.
3026 5112 3250 5182 Bcned.,
3282 5113 3352 5181 V,
3382 5112 3535 5185 895.]

2073 5224 2185 5279 Lso
2241 5222 2575 5294 cpiscopus,
2635 5236 2840 5277 servus
2896 5236 3199 5277 servorum
3284 5218 3408 5286 Dei,
3492 5217 3725 5275 cunctis

2073 5385 2299 5449 Simon,
2333 5381 2636 5449 casterique
2664 5379 2947 5446 hacredes,
2978 5395 3047 5435 ea
3071 5377 3403 5435 conditione
3462 5381 3531 5449 ut
3575 5393 3725 5449 qua-

2076 5456 2218 5510 libet
2247 5448 2506 5507 secunda
2534 5448 2678 5524 feria
2698 5451 3014 5524 cujusbilet
3035 5451 3374 5524 septimanae
3397 5448 3728 5505 celebretur

2076 5527 2259 5581 missa
2281 5538 2384 5594 pro
2412 5538 2520 5594 sua
2546 5520 2960 5594 haeredumque
2977 5520 3219 5578 suorum
3246 5520 3456 5587 salute,
3472 5525 3542 5594 Aet
3566 5536 3721 5594 unus

2118 5592 2300 5666 auper
2328 5592 2393 5657 in,
2419 5592 2623 5650 eodem
2646 5592 3000 5652 monasterio
3033 5594 3249 5652 victum
3272 5596 3329 5649 et
3343 5592 3722 5666 prmbendam

2075 5616 2292 5727 habent
2319 5661 2382 5725 in
2412 5666 2781 5727 perpetuum.
3370 5668 3373 5671 ‘

2120 5661 2292 5725 abeat
2319 5661 2382 5725 in
2412 5666 2781 5741 perpetuum.
