3974 6206
394 319 511 382 617

396 533 1871 614 cbiepiscopus,JoannesSenensis,episcopus,Vido
1887 532 2049 587 Vola-

392 629 692 697 terrensis,
707 628 1035 700 episcopus,
1055 622 1911 681 Crescentius-Silvaa-candidae
1924 622 2047 694 epi-

394 734 632 792 scopus,
661 716 916 772 Joannes
938 713 1293 771 Veletrensis
1313 713 1643 786 episcopus,
1666 711 1921 768 Joannes
1942 709 2047 766 Os-

390 805 621 875 tiensis,
653 804 987 875 episcopus,
1030 803 1288 858 Joannes
1325 800 1667 858 Sabinensis
1713 799 2046 873 episcopus,

391 895 648 952 Joannes
660 891 888 948 Tiburti
898 909 928 945 n
940 908 1008 946 us
1027 890 1358 965 episcopus,
1378 890 1491 946 Ben
1499 891 1564 946 ed
1574 891 1723 945 ictus
1739 887 1960 945 Salerni
1970 893 2048 943 ta-

391 999 505 1040 nus
522 982 855 1055 episcopus,
877 981 988 1035 Leo
1013 980 1454 1053 Gageranus[/.,
1472 977 1809 1048 Gaietanus]
1826 975 2045 1048 episco-

391 1089 525 1153 pus,
540 1075 664 1126 Atto
677 1069 1017 1125 Camerinan
1027 1068 1109 1125 sis
1121 1065 2049 1140 episcopus,JoannesSiscionen-

393 1151 474 1218 sis
487 1157 1116 1232 episcopus,Adalbero
1136 1156 1414 1211 Metensis
1427 1154 1757 1226 episcopus,
1772 1153 1947 1209 Obiso
1961 1151 2048 1206 Pi-

392 1248 586 1305 sensis
599 1247 932 1320 episcopus.
949 1244 1233 1300 Henricus
1248 1242 1551 1318 Populonii
1566 1242 1899 1315 episcopus.
1917 1242 2046 1296 Ate-

397 1336 600 1394 nult’us
613 1335 927 1393 Caesenatis
942 1334 1273 1406 episcopus,
1289 1332 1657 1388 Crescentius
1674 1328 1940 1387 Cerensis
1970 1328 2050 1400 [id

394 1430 494 1497 est,
518 1424 861 1493 Cerctanus]
879 1423 1210 1495 episcopus,
1238 1427 1354 1476 Azo
1375 1418 1895 1477 Centumcellensis
1926 1417 2048 1490 epi-

395 1528 631 1586 scopus,
653 1512 955 1568 Grrardus
980 1510 1351 1567 Rcatinensis
1373 1509 1704 1581 episcopus,
1739 1506 2049 1562 Bonizotus

394 1600 765 1658 Cariellensis
781 1598 1368 1672 episcopus,Joannes
1381 1595 2044 1667 Suanensisepiscopus,

393 1689 689 1746 Gerardus
706 1687 894 1745 Bosel]
905 1704 1051 1743 anus
1065 1687 1155 1760 cpi
1163 1684 1801 1759 scopus,Tbeodericus
1815 1682 2049 1739 Orbien-

395 1779 478 1836 sis
495 1777 827 1872 episcopus,
851 1775 1111 1872 Aldedns
1130 1773 1558 1872 “litigi-adenis
1578 1773 1911 1872 episcopus,
1935 1770 2045 1826 Leo
2074 1806 2123 1872 Β

396 1864 687 1924 Murensis
699 1865 1031 1937 episcopus,
1057 1862 1240 1918 Mazio
1254 1860 1694 1917 Montis-viridis
1710 1859 2041 1931 episcopus,

393 1954 513 2009 Bon
525 1971 589 2009 us
609 1957 915 2008 Petroraus
934 1951 1022 2022 [f.,
1048 1949 1388 2020 Perusinus]
1411 1949 1742 2022 episcopus,
1762 1947 2046 2003 Henricus

394 2040 745 2114 Spolotanus
773 2040 1103 2112 episcopus,
1138 2038 1470 2093 Bernardus
1501 2037 1858 2094 Pataviensis
1888 2036 2045 2109 epis-

392 2146 595 2203 copus.
643 2128 941 2184 Walterns
976 2127 1325 2183 Veronensis
1357 2127 1686 2199 episcopus,
1731 2124 2043 2181 Ysembar-

392 2220 505 2275 dus
534 2216 853 2275 Tcanensis
887 2216 1219 2290 episcopus,
1256 2215 1463 2271 Petrus
1495 2214 1875 2271 Bituricensis
1905 2213 2045 2284 [Bit-

389 2306 695 2378 tcrrensis]
741 2305 1073 2378 episcOpus,
1123 2308 1263 2359 Arto
1305 2303 1669 2359 Marsicanus
1713 2302 2044 2376 episcopus,

394 2396 508 2452 Leo
538 2396 795 2451 Somnus
814 2393 1153 2465 episcopus,
1179 2392 1528 2447 Benedictus
1561 2390 1893 2448 Berulensis
1923 2392 2046 2463 epi-

395 2500 627 2556 scopus,
659 2484 772 2538 Asc
801 2481 1127 2537 Solinensis
1169 2481 1503 2553 episcopus,
1534 2480 1864 2553 Attigrinus
1894 2481 2045 2536 lmo-

395 2571 576 2628 lensis
615 2570 944 2643 episcopus,
982 2569 1272 2626 Gerardus
1314 2568 1682 2624 Florentinus
1710 2568 2043 2641 episcOpus,

396 2659 725 2717 Fridericus
746 2658 1072 2715 Genuensis
1094 2657 1424 2730 episcopus,
1447 2658 1752 2713 Gosfridus
1764 2656 2045 2713 Constan-

393 2749 605 2805 tiensis
651 2748 984 2821 episcopus,
1031 2746 1261 2802 Mannis
1302 2746 1666 2803 Redonensis
1712 2746 2042 2818 episcopus,

395 2837 560 2911 Hugo
573 2835 949 2892 Nivernensis
962 2833 2046 2907 episcopus,IsembaldusPictaviensis

396 2925 728 3000 episcopus,
760 2924 1035 2980 Arnolfus
1056 2923 1441 2980 Santonensis
1472 2924 1801 2996 episcopus,
1835 2922 2044 2979 Ardui-

397 3030 512 3071 nus
523 3014 868 3071 Tuderanus
890 3013 1393 3085 episcopus,Hugo
1406 3011 1849 3068 archidiaconus
1862 3010 2047 3067 Eccle-

398 3104 498 3160 sise
529 3105 824 3168 Romanis,
872 3102 1076 3157 Petrus
1117 3102 1382 3172 ejusdem
1423 3101 1690 3157 Ecclesia
1740 3101 2042 3167 diaconus,

395 3193 574 3248 etiam
601 3190 981 3247 cancellarius
1012 3195 1069 3246 et
1098 3189 1738 3256 bibliothecarius,Sico
1771 3190 2040 3261 primice-
2071 3173 2114 3238 C

396 3279 515 3336 riae
535 3278 723 3351 ipsius
742 3279 1064 3348 Eccclesize,
1089 3278 1415 3335 Ricbardus
1444 3279 1624 3335 abbas
1645 3278 1839 3333 Sancti
1860 3277 2040 3333 Bene-

397 3368 559 3434 dicti,
609 3367 773 3440 Hugo
822 3368 1003 3423 abbas
1050 3367 1467 3435 Cluniacensis,
1513 3368 1815 3434 Airardus,
1862 3368 2042 3423 abbas

394 3456 595 3514 Sancti
625 3455 811 3522 Pauli,
831 3456 1087 3512 Joannes
1107 3457 1290 3513 abbas
1320 3457 1518 3513 Sancti
1542 3456 1724 3524 Sabae,
1760 3457 2043 3511 Reinerus

395 3547 579 3604 abbas
610 3546 809 3603 Sancti
830 3545 1286 3616 Cosmaa,Petrus
1317 3546 1498 3601 abbas
1518 3546 1712 3601 Sancti
1740 3544 2042 3609 Bonifacii,

392 3635 649 3692 Joannes
679 3634 863 3690 abbas
884 3633 1081 3689 Sancti
1102 3633 1332 3700 Vitalis,
1351 3634 1608 3690 Joannes
1638 3634 1819 3689 abbas
1847 3631 2045 3688 Sancti

395 3723 715 3794 Laurentii,
740 3723 1030 3779 Bonactus
1053 3722 1233 3777 abbas
1255 3722 1449 3777 Sancti
1471 3721 1738 3791 Joannis,
1761 3721 2045 3777 Ricberus

395 3813 578 3869 abbas
609 3810 802 3867 Sancti
833 3811 1077 3877 Juliani,
1108 3810 1406 3867 Liufridus
1453 3811 1637 3866 abbas
1679 3809 1875 3866 Sancti
1906 3810 2041 3864 Vin-

393 3901 592 3967 centii,
624 3900 931 3958 Gosfridus
963 3900 1145 3955 abbas
1183 3900 1252 3953 dc
1280 3898 1650 3972 Reigelliaco,
1682 3897 2048 3954 Valerandus

398 3991 598 4047 Abbas
627 3988 826 4047 Sancti
851 3989 909 4044 S.
943 3989 1161 4058 Vitoni,
1185 3987 1470 4043 Gervinus
1501 3988 1680 4043 abbas
1711 3987 1910 4043 Sancti
1946 3987 2048 4042 Ri-

394 4078 599 4144 charii,
623 4077 969 4134 Vincentius
990 4077 1174 4132 abbas
1200 4076 1394 4131 Sancti
1417 4076 1705 4143 Januarii,
1733 4076 1843 4131 Leo
1866 4075 2048 4130 abbas

397 4168 594 4225 Sancti
626 4166 899 4232 Cornelii,
924 4166 1213 4222 Martinus
1238 4166 1419 4221 abbas
1440 4165 1633 4220 Sancti
1666 4164 1858 4231 Blasii,
1894 4164 2051 4220 Felix

398 4257 582 4312 abbas
611 4254 811 4311 Sancti
854 4255 1118 4322 Andreae,
1151 4252 1477 4309 Richardus
1508 4253 1688 4308 abbas
1718 4253 1905 4308 sancti
1937 4253 2050 4308 Ra-

398 4344 685 4417 gneberti,
730 4344 890 4398 Dudo
938 4344 1120 4398 abbas
1180 4343 1404 4398 Sanctae
1452 4342 1671 4408 Mariae,
1709 4342 2052 4397 Peneresius

400 4433 585 4488 abbas
615 4432 812 4487 Sancti
831 4430 1174 4500 Salvatoris,
1194 4430 1376 4503 Agino
1407 4430 1588 4486 abbas
1611 4430 1809 4486 Sancti
1834 4430 2050 4486 Silves-

402 4521 499 4585 tri,
531 4521 716 4576 Adam
748 4520 931 4576 abbas
957 4519 1153 4575 Sancti
1178 4520 1360 4587 Isaac,
1385 4519 1616 4575 Theuso
1648 4520 1828 4575 abbas
1857 4519 2052 4575 Sancti

407 4609 583 4678 Petri,
614 4608 825 4665 Bonizo
856 4608 1038 4664 abbas
1069 4609 1265 4665 Sancti
1297 4608 1469 4675 Petri,
1502 4608 1844 4663 Vincentius
1875 4609 2057 4664 abbas

403 4699 604 4755 Sancti
633 4697 920 4763 Januarii,
954 4697 1194 4754 Urlinus
1223 4698 1405 4753 abbas
1454 4699 1646 4753 Sancti
1679 4700 1745 4769 At
1768 4697 2052 4764 ollinaris,

327 4850 338 4858 ἡ
405 4788 579 4844 Wido
612 4788 796 4844 abbas
818 4787 1014 4843 Sancti
1036 4788 1250 4853 Severi,
1275 4788 1461 4843 Leuzo
1480 4788 1659 4842 abbas
1688 4786 1912 4842 Sancta:
1934 4786 2054 4841 Ma-

406 4878 526 4946 riaa,
558 4877 834 4933 Albricus
863 4877 1047 4933 abbas
1068 4874 1270 4933 Sancti
1288 4877 1554 4945 Zenonis,
1586 4877 1841 4931 Joannes
1875 4877 2057 4931 abbas

405 4966 605 5023 Sancti
627 4965 966 5034 Salvatoris,
999 4970 1290 5023 Bonactus
1315 4967 1496 5022 abbas
1517 4964 1711 5022 Sancti
1743 4963 2058 5021 Salvatoris

407 5060 600 5111 Laetus
630 5055 827 5110 Sancti
856 5053 1082 5129 Angeli,
1116 5055 1448 5127 Stephanus
1480 5055 1658 5109 abbas
1679 5054 1871 5108 Sancti
1903 5053 2056 5108 Tho-

409 5159 539 5216 mas,
573 5142 861 5200 Rodulfus
908 5144 1091 5200 abbas
1122 5144 1316 5200 Sancti
1352 5143 1521 5199 Petri.

485 5445 631 5524 (l_31)
663 5448 999 5524 Legendum
1016 5448 1243 5524 videtur
1261 5451 1457 5519 Alano,
1490 5448 1608 5524 tilio
1631 5447 1853 5524 scilicet
1875 5446 2063 5524 Hoelli

414 5516 939 5597 du‘cis,'quiie_tiam
973 5523 1177 5597 postea
1204 5523 1323 5578 dux
1352 5516 1534 5580 evasit
1562 5519 1877 5580 Britanniae
1906 5519 2062 5579 scili-

414 5589 507 5646 cet
534 5589 685 5647 anno
716 5592 874 5652 4084.

1460 315 1528 376 S.
1576 313 1852 375 LEONIS
1898 312 1976 373 IX
2022 307 2248 371 PAPE
2290 311 2729 378 OPUSCULA.

395 450 809 511 Comsanensis
827 447 1321 521 archiepiscopus,
1332 447 1589 504 Joannes
1602 443 1939 501 Pertuensis
1953 459 2040 499 ar-
2070 444 2121 510 Α

3699 313 3837 401 βέδ

2279 532 2643 602 I’rivilcgium
2669 442 3102 606 ιεοπίεξξέχιξνῖ.
3116 532 3345 590 ecclesia
3374 532 3705 607 Gem/ensi
3798 561 3805 565 -

2777 620 2963 692 (Anno
2997 621 3184 693 1050.)

2412 708 2655 781 [Labbe,
2686 709 2946 766 Bibliolh.
2979 727 3105 767 nov.
3131 727 3263 769 mss.
3297 710 3368 780 ΙΙ,
3398 712 3559 787 757.]

2156 797 2375 865 Hugoni
2419 796 2672 867 religioso
2709 798 2903 854 abbati
2940 813 3011 853 ex
3037 801 3367 856 monasterio
3410 801 3468 857 S.
3510 802 3829 860 Saluatori:

2227 868 2586 938 Karroffensis
2632 868 2881 933 cwnobii,
2928 869 3225 940 conﬁrmat
3280 873 3423 927 bona
3485 876 3828 939 meum

2228 954 2349 1065 ius:
2375 945 2681 1023 enumerat.
2703 942 2838 1022 Item
2865 941 2970 1024 illa
2988 955 3113 1023 qua
3132 943 3196 999 in
3219 958 3361 1014 pago
3386 944 3685 1003 Arvcmica
3714 945 3819 1007 lus-

2263 1019 2445 1065 enlur.
2496 1011 2580 1065 vel
2611 1028 2669 1065 ιη
2697 1021 2932 1065 circuitu
2960 1028 3097 1065 eius.
3130 1029 3250 1065 ause
3280 1014 3558 1065 auandam
3588 1019 3819 1065 fuerant

2263 1019 2445 1087 catur,
2496 1011 2580 1087 pel
2611 1013 2932 1087 incircuim
2960 1013 3097 1087 eius.
3130 1011 3250 1085 quae
3280 1011 3558 1087 Quondam
3582 1019 3821 1087 fuerant

2227 1081 2409 1158 ablata
2457 1080 2629 1158 eidem
2649 1082 2804 1158 joco,
2829 1086 2889 1158 el
2917 1080 3175 1158 modern?)
3198 1080 3444 1158 tempore
3487 1080 3621 1144 sarit
3647 1089 3821 1144 restio

2229 1156 2348 1207 tuta
2370 1153 2485 1227 ipsi
2508 1169 2608 1227 per
2638 1151 2992 1227 Gaillelmum
3016 1151 3327 1227 principem
3355 1158 3733 1216 Arvernorum
3761 1168 3820 1217 et

2222 1240 2324 1303 per
2341 1224 2493 1303 ﬁlios
2522 1224 2747 1303 ejus._id
2766 1229 2848 1303 est
2866 1224 3149 1303 castellum
3171 1224 3224 1282 Si.
3256 1226 3446 1303 [veuii
3459 1233 3517 1285 et
3540 1230 3818 1303 quidquid

2227 1295 2297 1350 ad
2328 1295 2510 1365 ipsum
2536 1296 2825 1365 pertinuit,
2855 1302 2910 1351 et
2947 1298 3231 1357 ecclesiam
3262 1295 3620 1367 Cadilocofet
3647 1295 3819 1367 eccle-

2226 1367 2367 1421 siam
2389 1367 2691 1436 Molangia,
2711 1371 2765 1422 et
2783 1367 3069 1424 ecclesiam
3087 1369 3429 1437 Nobilium,
3450 1376 3502 1427 et
3518 1371 3819 1431 ecclesiam

2231 1438 2560 1508 Chresogilo,
2595 1446 2648 1493 et
2673 1438 2867 1493 villam
2903 1439 3212 1502 Perusiam,
3251 1444 3304 1495 el
3338 1444 3617 1498 ecclesiam
3655 1438 3815 1505 Gau-

2227 1506 2501 1576 diniacas,
2533 1512 2583 1564 et
2613 1510 2801 1565 omnia
2822 1524 2946 1581 quae
2975 1509 3062 1565 his
3091 1511 3337 1568 ecclesiis
3354 1515 3644 1585 pertinent.

2230 1596 2371 1651 Data
2394 1612 2430 1651 ν
2460 1599 2654 1653 Nonas
2690 1596 2825 1652 Maii
2856 1613 2959 1669 per
2992 1613 3209 1655 manus
3240 1599 3391 1656 Petri
3420 1600 3665 1681 diaconi,
3694 1600 3803 1656 Bi-

2157 1682 2515 1740 bliothecarii
2549 1688 2606 1741 et
2630 1684 2981 1753 cancellarii,
3003 1689 3059 1741 8.
3092 1690 3160 1741 Α.
3196 1689 3374 1757 sedis,
3398 1706 3548 1747 anno
3577 1688 3812 1747 domini

2158 1771 2364 1829 Leonis
2394 1773 2465 1829 IX
2489 1790 2650 1847 papae
2682 1791 2741 1839 ιι,
2760 1773 3078 1832 indictione
3107 1792 3192 1832 ιιι.

2928 1891 3023 1947 XI.

2154 1977 2210 2034 S.
2234 1978 2471 2063 "Leonis.
2504 1978 2571 2034 IX
2614 1979 2849 2063 epistola
2904 1979 2977 2034 ad
3010 1982 3298 2063 pii?!qu
3342 1983 3702 2063 Bn‘tannzaf._
3736 2012 3814 2023 —

2226 2048 2561 2105 Sententiam
2591 2048 2687 2110 pro
2718 2048 3281 2107 Turonensi'Ecclc-sia
3315 2052 3571 2110 adversus
3598 2053 3806 2107 Dolen-

2224 2136 2337 2197 sem
2363 2122 2708 2197 pronuntiat,
2749 2122 3052 2197 resistentes
3076 2129 3130 2178 et
3151 2122 3483 2179 Simoniacos
3518 2126 3689 2197 atque
3726 2123 3806 2177 ab

2224 2193 2302 2247 eis
2331 2191 2607 2247 ordinatos
2634 2194 3087 2248 excommunicat.

2769 2280 2961 2352 (Anno
2992 2280 3176 2352 4059.)

2412 2368 2680 2439 [Martem
2714 2368 3015 2426 Thomam:
3045 2369 3239 2427 Anccd.
3271 2370 3369 2439 III,
3391 2368 3547 2441 869.)

2227 2484 2340 2540 Leo
2390 2486 2601 2540 sanctae
2643 2483 2799 2541 sedis
2841 2483 3169 2556 apostolicae
3202 2485 3393 2558 gratia
3423 2485 3522 2541 Dei
3556 2500 3706 2558 papa
3736 2485 3804 2543 Β.

2154 2572 2299 2644 (130)
2331 2572 2633 2628 Britonum
2664 2573 2910 2646 principi
2960 2578 3150 2629 Arum
3184 2573 3333 2646 (131)
3373 2573 3571 2630 comiti
3615 2577 3673 2630 et
3700 2591 3809 2631 ca-

2151 2660 2291 2717 teris
2320 2660 2684 2734 principibus
2716 2660 3025 2717 Britanniae
3048 2662 3376 2719 secundum
3399 2661 3582 2719 Deum
3612 2662 3805 2720 vivere

2150 2749 2482 2806 volentibus
2510 2749 2631 2806 vita
2659 2754 2717 2807 et
2747 2748 2928 2807 salus.
3782 2742 3791 2747 ’

2222 2838 2284 2893 In
2317 2838 2552 2911 scriptis
2581 2842 2837 2894 veterum
2891 2838 3216 2911 reperimus
3246 2853 3451 2895 omnes
3497 2838 3804 2913 episcopos

2150 2930 2264 2982 tua:
2296 2927 2496 2999 patriae
2529 2926 2964 3000 archiepiscopo
3011 2927 3302 2984 Turonieo
3344 2927 3642 3000 subjectos
3671 2940 3806 2984 esse

2152 3016 2379 3071 debere.
2429 3015 2510 3071 De
2557 3033 2673 3088 qua
2721 3034 2781 3071 re
2820 3015 3039 3071 Nicolai
3098 3032 3262 3088 papa
3307 3015 3695 3089 temporibus,
3746 3018 3808 3072 et

2150 3103 2414 3173 Joannis,
2450 3103 2795 3175 Leonisque,
2826 3107 2883 3159 et
2912 3106 3254 3159 ceterorum
3285 3120 3541 3177 quorum
3562 3104 3807 3162 nomina

2151 3190 2408 3247 inserere
2436 3191 2675 3262 longum
2715 3196 2822 3256 est,
2855 3190 3076 3247 clamor
3107 3192 3296 3249 factus
3327 3196 3435 3249 est.
3464 3192 3547 3248 Ex
3583 3192 3804 3265 quibus

2149 3279 2421 3336 Nicolaus
2452 3278 2852 3351 papalitteras
2881 3278 3181 3336 Salomoni
3213 3280 3335 3352 regi
3368 3280 3677 3337 Britonum
3707 3280 3807 3337 di-

2151 3368 2316 3432 rexit,
2342 3369 2399 3423 in
2426 3368 2643 3440 quibus
2665 3367 2945 3443 praecipit,
2978 3372 3043 3424 ut
3070 3385 3274 3425 omnes
3305 3385 3424 3425 suae
3446 3368 3649 3442 patriis
3678 3368 3806 3443 epi-

2153 3456 2313 3529 scopi
2353 3456 2656 3512 Turonicae
2701 3455 2972 3513 Ecclesiae
3021 3456 3272 3528 subjecti
3311 3456 3447 3514 sint.
3504 3456 3617 3513 Alii
3670 3472 3809 3515 vero

2153 3544 2455 3617 apostolici
2473 3545 2705 3602 eosdem
2725 3544 3044 3618 apostolica
3059 3545 3406 3602 auctoritate
3417 3546 3489 3602 ob
3503 3545 3561 3603 id
3574 3561 3815 3603 excom-

2155 3633 2615 3689 municaverunt.
2650 3635 2739 3689 Ad
2770 3651 2878 3690 nos
2909 3651 3141 3707 quoque
3161 3634 3222 3690 in
3252 3633 3525 3691 Remensi
3554 3633 3811 3693 concilio

2154 3721 2376 3778 clamor
2394 3721 2737 3794 hujusmodi
2759 3722 3035 3796 delapsus
3064 3727 3152 3780 est
3175 3739 3188 3778 :
3214 3740 3322 3780 nos
3353 3723 3580 3793 statim,
3602 3728 3670 3780 ut
3687 3724 3818 3797 ipse

2156 3815 2343 3864 Vester
2390 3810 2863 3883 archiepiscopus
2901 3827 3035 3866 cum
3068 3810 3192 3868 suis
3226 3811 3507 3883 subjectis
3539 3811 3814 3883 Romano

2156 3899 2401 3955 concilio
2434 3914 2723 3972 praesens
2754 3898 3004 3968 adesset,
3040 3916 3155 3955 non
3180 3899 3372 3957 solum
3396 3901 3468 3957 de
3489 3900 3600 3958 hac
3629 3918 3815 3960 causa

2157 3987 2497 4044 redditurus
2526 3988 2835 4053 rationem,
2868 3989 2969 4045 sed
2998 3987 3173 4044 etiam
3205 3990 3277 4045 de
3307 3989 3417 4045 hoc
3440 3990 3596 4064 quod
3628 3991 3810 4048 simo-

2159 4076 2363 4133 niacus
2411 4093 2547 4133 cum
2579 4076 2699 4132 suis
2729 4077 3116 4150 suﬂ‘raganeis
3146 4093 3276 4134 esse
3306 4078 3727 4151 comprobatur
3753 4084 3814 4136 et

2159 4165 2343 4237 exlex,
2395 4182 2663 4239 quaerens
2712 4182 2839 4238 qua:
2890 4169 3031 4221 sunt
3069 4166 3300 4235 mundi,
3332 4182 3449 4222 non
3481 4184 3608 4240 qum
3635 4168 3813 4225 Jesu-

2160 4255 2241 4311 Ch
2251 4254 2373 4311 risti
2393 4273 2406 4323 ;
2432 4254 2655 4331 legatos
2667 4255 2842 4311 etiam
2857 4254 3130 4311 Turonici
3149 4254 3307 4310 archi
3314 4253 3583 4328 praesulis
3605 4256 3814 4327 adesse

2161 4342 2556 4416 praecipimus.
2589 4343 2783 4416 Legati
2833 4341 3108 4399 Turonici
3158 4342 3493 4409 adfuerunt,
3524 4349 3813 4402 vestrates

2163 4432 2466 4505 pontiﬁces
2505 4447 2638 4487 cum
2678 4447 2784 4487 suo
2836 4431 3023 4504 capite
3062 4447 3125 4488 se
3171 4432 3610 4490 subtraxerunt.
3640 4428 3813 4492 Nullo

2087 4542 2132 4608 υ
2168 4521 2365 4593 itaque
2390 4521 2563 4577 modo
2586 4520 2830 4593 probare
2846 4520 3147 4593 potuimus
3175 4520 3348 4577 illum
3377 4526 3643 4578 vestrum
3667 4538 3813 4598 pre-

2168 4609 2357 4667 sulem
2380 4609 2895 4691 archiepiscopum
2925 4624 3053 4666 esse
3072 4609 3302 4678 debere,
3327 4611 3653 4682 praesertim
3678 4627 3815 4668 cum

2166 4699 2640 4772 archiepiscopus
2656 4697 2782 4754 sine
2801 4697 2937 4753 sede
2966 4698 3241 4767 civitatis,
3269 4698 3396 4755 sine
3416 4698 3593 4772 pallio
3622 4698 3817 4756 arcbii-

2165 4787 2479 4862 episcOpali
2497 4804 2610 4843 non
2627 4786 2814 4858 possit
2833 4786 3054 4843 haberi.
3077 4787 3665 4844 Excommunicamus
3682 4804 3820 4844 om-

2166 4892 2270 4933 nes
2314 4877 2421 4932 hos
2468 4877 2539 4932 de
2593 4874 2812 4947 quibus
2852 4891 3044 4931 sermo
3088 4880 3180 4932 est
3218 4893 3287 4932 ex
3317 4874 3655 4933 auctoritate
3704 4874 3819 4933 Dei

2164 4965 2376 5035 Patris,
2414 4968 2470 5020 et
2500 4963 2650 5035 Filii,
2680 4967 2738 5019 et
2767 4963 3019 5035 Spiritus
3066 4965 3274 5035 sancti,
3324 4962 3625 5035 sanctique
3661 4963 3821 5021 Petri

2167 5059 2222 5112 et
2245 5059 2467 5118 nostra,
2501 5070 2615 5108 non
2642 5051 2833 5107 solum
2858 5056 3096 5126 propter
3115 5052 3264 5109 hanc
3295 5053 3819 5127 praeumptionem

2170 5160 2289 5216 qua
2328 5142 2538 5214 subjici
2583 5140 2883 5197 Turonica':
2932 5140 3199 5199 Ecclesiae
3250 5142 3669 5214 dedignantur,
3718 5140 3821 5199 sed

2245 5443 2392 5571 (1303
2437 5443 2583 5532 Lege
2624 5444 2709 5513 C.,
2759 5444 2981 5504 scilicet
3026 5451 3281 5530 genano,
3327 5443 3822 5530 bujusmominis

2245 5533 2353 5571 cun
2399 5533 2452 5571 o.
2477 5533 2578 5571 oui
2594 5520 2856 5571 temnere
2873 5518 3081 5571 Leonis
3100 5518 3589 5571 nanaaBritanmm
3607 5517 3822 5571 ducatu

2173 5517 2578 5646 εθῗέιᾶεέῗῆᾳῶ
2594 5520 2856 5591 tempore
2873 5517 3081 5576 Leonis
3098 5517 3589 5594 papasBritannise
3607 5517 3824 5576 ducatu

2174 5605 2249 5667 po
2479 5605 2527 5646 r.
