3974 6206
394 375 507 436 651

1464 373 1528 433 S.
1576 372 1851 432 LEONIS
1894 371 1976 433 IX
2020 372 2251 433 PAP/‘E
2296 372 2724 437 OPUSCULA.

3683 375 3823 441 652

396 507 743 580 praestandis
760 504 2035 577 nostramnullomododenegaremuniﬁcen-
2064 509 2118 572 Α
2149 506 2407 561 cundum
2448 506 2792 577 praedictum
2834 507 3100 562 modum.
3152 506 3417 579 Denique
3457 508 3810 581 statuimus,

397 597 562 654 tiam.
598 596 944 668 Igitur,quia
970 597 1162 650 vestra
1191 593 1421 649 dilectio
1454 610 1487 649 a
1518 597 1731 650 nostra:
1761 593 2037 650 sublimi-

397 685 536 741 tatis
566 682 892 755 apostolatu
923 682 1223 739 humiliter
1253 683 1475 754 rogavit
1502 688 1792 754 quatenus
1828 683 2034 754 praedi-

391 776 549 827 ctum
580 772 1004 827 monasterium
1035 772 1231 827 Sancti
1282 770 1600 826 Salvatoris
1650 772 2035 827 constitutum

388 859 448 916 in
480 860 964 933 supranominato
997 861 1275 916 comitatu
1308 865 1363 916 et
1392 861 1682 915 territorio
1718 858 2037 932 privilegiis

388 948 717 1021 apostolica:
748 949 903 1006 sedis
934 950 1460 1016 decoretur,utsub
1484 949 1700 1003 ditionc
1728 948 1881 1019 juris
1904 966 2035 1002 san-

392 1042 497 1094 ctae
527 1041 760 1110 nostra},
792 1039 887 1094 cui
918 1038 1164 1094 Domino
1212 1040 1445 1093 auctore
1495 1037 1899 1108 priesidemus,
1934 1037 2035 1089 Ee-

392 1126 579 1183 clesiaa
628 1127 1035 1195 constitutum,
1085 1126 1425 1198 nulliusque
1483 1126 1719 1181 alterius
1770 1125 2035 1179 Ecclesia)

384 1215 510 1287 juri
535 1216 623 1273 vel
645 1216 1278 1283 ditionisubmittatur;
1314 1232 1493 1287 quare
1523 1216 1731 1270 vestris
1758 1215 1869 1285 piis
1893 1214 2039 1268 desi-

392 1305 571 1361 deriis
601 1322 703 1378 per
732 1306 884 1362 hanc
915 1310 1175 1360 nostram
1208 1304 1612 1359 auctoritatem
1644 1303 1699 1357 id
1734 1304 1887 1374 quod
1937 1319 2036 1373 po-

393 1395 627 1451 stulatis
658 1394 910 1451 libenter
937 1393 1413 1449 eoncedimus.Et
1443 1393 1569 1447 ideo
1601 1391 1914 1463 cujuslibet
1936 1395 2037 1444 Ec-

393 1483 583 1540 clesia:
602 1484 964 1539 sacerdotem
983 1483 1043 1538 in
1065 1483 1300 1554 praefato
1335 1482 1687 1537 monasterio
1719 1478 2041 1551 quamlibet

384 1572 879 1643 jurisdictionem,
911 1571 999 1627 vel
1040 1575 1408 1643 potestatem,
1444 1570 1563 1624 sive
1607 1569 2036 1633 auctoritatem,

390 1666 600 1734 praeter
629 1661 785 1717 sedis
816 1660 1143 1733 apostolicae
1173 1659 1507 1731 pontificem
1531 1657 1743 1712 habere
1768 1655 2037 1728 prohibe-

393 1750 638 1819 mus,ita
656 1755 717 1805 ut
734 1750 846 1805 nisi
874 1750 945 1804 ab
964 1748 1172 1804 abbate
1204 1746 1542 1802 monasterii
1576 1746 1841 1815 ejusdem
1867 1743 2041 1799 fuerit

392 1837 694 1906 invitatus,
728 1854 834 1893 nec
864 1836 1182 1891 missarum
1215 1834 1500 1890 solemnia
1531 1834 1746 1889 ibidem
1798 1832 2037 1888 omnino
2068 1869 2114 1932 B

391 1926 681 1983 celebrare
712 1928 1045 1997 praesumat.
1080 1924 1197 1979 Hoc
1230 1923 1483 1993 denique
1514 1923 1623 1978 hac
1654 1927 1854 1977 nostra
1898 1938 2034 1992 apo-

390 2014 596 2072 stolica
626 2013 968 2070 auctoritate
999 2012 1435 2076 constituimus,
1474 2015 1538 2067 ut
1569 2010 1731 2066 nulla
1767 2010 1883 2065 alia
1915 2027 2035 2064 ma-

389 2119 507 2176 gna
523 2120 623 2160 seu
648 2120 825 2175 parva
840 2119 1090 2174 persona
1114 2101 1302 2157 eidem
1320 2100 1635 2155 venerabili
1660 2099 2035 2165 monasterio,

391 2192 515 2248 sive
545 2192 606 2247 in
637 2191 820 2248 servis
849 2191 1064 2261 Dei,vel
1095 2190 1155 2244 in
1187 2189 1446 2254 famulis,
1480 2194 1580 2243 aut
1609 2189 1783 2244 etiam
1817 2189 1876 2242 in
1917 2204 2036 2242 ser-

391 2282 499 2350 vis,
530 2280 620 2337 vel
651 2279 900 2346 ancillis,
934 2296 1038 2335 nec
1070 2296 1186 2334 non
1220 2282 1277 2333 et
1305 2279 1364 2332 in
1396 2277 1618 2344 liberis,
1658 2278 1743 2332 vel
1788 2277 1846 2331 in
1896 2294 2039 2331 cun-

393 2371 506 2427 ctis
536 2372 712 2426 rebus
744 2370 818 2424 ad
847 2368 905 2423 id
936 2367 1386 2439 pertinentibus,
1442 2365 1709 2421 videlicet
1756 2366 1816 2420 in
1865 2364 2037 2430 casis,

392 2464 450 2516 et
479 2454 1681 2531 possessionibus,quoquomodoaliquam
1711 2453 2040 2510 molestiam

394 2548 612 2603 inferre
638 2544 1320 2619 presumat.Pariterque
1342 2543 1718 2599 concedimus
1746 2547 1801 2598 et
1831 2544 2042 2598 confir-

394 2653 628 2693 mamus
663 2635 852 2691 eidem
883 2638 1085 2689 sancto
1118 2632 1470 2688 monasterio
1503 2632 1794 2704 primitias
1824 2631 1912 2686 vel
1944 2632 2041 2687 de-

393 2726 579 2783 cimas
610 2726 681 2781 de
719 2723 843 2779 suis
891 2722 1251 2785 hominibus,
1286 2724 1407 2775 sive
1457 2721 1525 2775 de
1574 2719 2039 2791 prazeeptalibus,

394 2819 571 2887 atque
600 2828 835 2870 sacrum
867 2811 1229 2882 baptismum
1259 2808 1499 2864 licenter
1535 2808 1846 2876 celebrare,
1879 2813 1936 2864 et
1984 2809 2043 2863 in

396 2902 643 2960 ecclesia
669 2905 727 2958 S.
759 2899 1078 2967 Benedicti,
1111 2903 1169 2954 et
1198 2899 1256 2955 S.
1292 2898 1686 2965 Mariaz,sicuti
1717 2898 1767 2953 ei
1807 2914 2042 2953 conces-

399 3008 534 3049 sum
565 2996 655 3048 est
684 3008 719 3047 a
745 2989 1011 3063 partibus
1043 3004 1265 3061 regum,
1300 3004 1403 3059 per
1442 2987 1711 3060 praecepti
1745 2986 2042 3059 paginam,

397 3082 487 3138 vel
514 3080 803 3153 quidquid
834 3078 1053 3133 ibidem
1084 3076 1367 3132 contineri
1399 3076 1645 3144 videtur,
1677 3075 1763 3130 vel
1808 3077 1858 3131 si
1902 3076 2042 3147 quid

400 3172 475 3227 ab
505 3167 976 3226 antecessoribus
1023 3166 1243 3221 nostris
1281 3164 1655 3237 pontificibus
1686 3164 1924 3233 sanctis,
1955 3164 2044 3219 vi-

400 3258 609 3316 delicet
648 3257 968 3330 Stephano,
1013 3236 1295 3322 Adriano,
1338 3255 1585 3323 Joanne,
1621 3254 1920 3320 Formoso,
1952 3252 2041 3308 vel
2074 3236 2117 3303 C

399 3349 471 3404 ab
485 3347 617 3404 aliis
629 3344 1094 3403 antecessoribus
1108 3343 1480 3415 pontificibus
1494 3342 1680 3397 eidem
1695 3344 2047 3398 monasterio

400 3452 745 3494 concessum
800 3438 910 3500 est,
970 3438 1157 3489 totum
1216 3432 1325 3487 hoc
1373 3432 1669 3503 integrum
1728 3430 2047 3503 apostolica

397 3526 743 3583 auctoritate
781 3524 967 3591 vobis,
997 3521 1327 3593 vestrisque
1375 3520 1811 3575 successoribus
1842 3537 2044 3576 conce-

394 3615 590 3672 dimus
620 3618 677 3671 et
705 3614 1147 3670 confirmamus.
1181 3610 1452 3665 Cbrisma
1483 3626 1716 3681 quoque
1744 3614 1800 3664 et
1848 3609 2042 3665 oleum

394 3709 665 3762 sanctum
696 3720 731 3760 a
762 3718 1114 3775 quacunque
1144 3699 1389 3755 ecclesia
1417 3697 1686 3769 voluerit,
1718 3698 1804 3753 vel
1836 3704 2041 3770 potue-

394 3795 737 3863 rit,1icenter
756 3792 1073 3864 accipiant;
1102 3793 1428 3845 statuentes
1452 3788 1772 3859 apostolica
1794 3804 2044 3845 censura

394 3883 769 3956 praecipimus
798 3886 865 3936 ut
894 3879 1096 3936 nullus
1134 3879 1271 3943 dux,
1324 3877 1603 3944 marchio,
1638 3894 1853 3945 comes,
1886 3878 2041 3934 vice-

395 3989 613 4043 comes,
647 3970 985 4037 castaldius,
1016 3968 1107 4024 vel
1137 3966 1424 4038 aliquavis
1458 3983 1671 4037 magna
1716 3984 1817 4022 seu
1866 3984 2040 4038 parva

394 4077 647 4135 persona
674 4059 862 4116 ullum
894 4056 1229 4113 districtum
1250 4055 1311 4109 in
1343 4054 1640 4125 aliquibus
1669 4054 1812 4110 locis
1842 4055 2038 4127 ipsum

394 4148 820 4207 monasterium
849 4147 1061 4202 habere
1089 4144 1177 4200 vel
1199 4143 1484 4213 judicare,
1521 4161 1619 4198 seu
1652 4144 1873 4215 aliquid
1914 4144 2038 4216 pla-

392 4239 581 4295 citum
610 4242 808 4292 tenere
835 4235 1070 4300 audeat,
1103 4232 1216 4287 nisi
1248 4232 1318 4287 ab
1352 4231 1535 4303 ipsius
1569 4233 1901 4288 monasterii
1934 4234 2038 4289 ab-

392 4328 525 4384 bate
554 4325 834 4381 invitatus
864 4321 1058 4377 fuerit.
1092 4320 1210 4376 Hac
1236 4336 1468 4392 quoque
1499 4320 1820 4392 apostolica
1839 4326 2034 4378 aucto-

392 4415 562 4470 ritate
594 4410 981 4486 praecipiendo
1013 4409 1337 4475 sancimus,
1370 4414 1434 4464 ut
1481 4426 1670 4480 neque
1701 4409 2031 4482 episcopus,

389 4503 478 4560 vel
510 4500 662 4559 alius
688 4501 1004 4573 quisquam
1033 4500 1104 4556 de
1133 4499 1335 4555 ordine
1365 4496 1712 4554 clericorum
1734 4498 2032 4571 ecclesias,

387 4591 717 4665 parochias,
752 4590 948 4658 cellas,
981 4588 1070 4645 vel
1100 4588 1337 4661 praedia,
1368 4587 1459 4642 vel
1488 4604 1853 4658 quaecunque
1888 4587 2029 4657 loca,
2065 4606 2110 4671 υ

390 4698 496 4739 seu
514 4697 605 4737 res
624 4680 845 4753 praefati
877 4677 1217 4735 monasterii
1247 4677 1474 4732 auferre
1501 4680 1602 4730 aut
1623 4675 1875 4732 alienare
1897 4694 2035 4749 quo-

390 4788 505 4845 quo
526 4772 700 4827 modo
720 4771 1205 4843 praesumant,aut
1221 4764 1544 4837 quamlibet
1559 4766 2031 4835 controversiam,

388 4862 508 4917 sive
538 4860 949 4933 injuriam,seu
982 4856 1240 4929 aliquam
1261 4854 1419 4909 domi
1434 4853 1727 4923 jacturam
1754 4853 1813 4909 in
1836 4856 2031 4924 rebus,

388 4949 885 5022 possessionibus,
917 4946 1003 5002 vel
1034 4946 1095 5000 in
1127 4942 1305 4999 nullis
1336 4941 1689 4997 utensilibus
1717 4942 1837 4998 sive
1866 4960 2035 4999 orna-

388 5039 625 5109 mentis,
660 5038 933 5112 prwdicto
966 5032 1319 5090 monasterio
1368 5031 1579 5086 inferre
1630 5032 1859 5086 audeat.
1903 5033 2032 5088 Haec

388 5128 587 5184 omnia
614 5145 742 5201 quae
773 5124 1047 5197 superius
1078 5124 1398 5177 memorata
1426 5119 1854 5184 sunt,videlicet
1879 5121 2032 5176 deci-

384 5234 537 5289 mas,
569 5215 881 5290 primitias,
915 5212 1261 5276 oblationes,
1295 5211 1368 5265 ad
1402 5226 1551 5281 sazpe
1584 5210 1805 5263 dictum
1829 5226 2030 5265 mona-

383 5307 627 5363 sterium
649 5304 1230 5378 pertineant,nccnon
1263 5306 1319 5354 et
1348 5299 1730 5371 baptismum,
1752 5296 2029 5365 chrisma,

382 5401 438 5451 et
467 5394 682 5463 oleum,
714 5394 821 5450 tibi
853 5392 1061 5448 dilecto
1092 5390 1213 5445 filio
1246 5392 1442 5443 nostro
1474 5386 1768 5442 Theuzoni
1810 5386 2028 5456 abbati,

382 5483 618 5554 tuisque
630 5482 1070 5538 successoribus
1084 5480 1141 5533 in
1157 5481 1503 5551 perpetuum
1517 5494 1550 5531 a
1562 5475 1833 5549 praesenti
1856 5490 2031 5544 quar-

381 5574 442 5626 ta
456 5569 773 5627 indictione
791 5587 893 5642 per
907 5570 1058 5624 hanc
1075 5566 1255 5623 nostri
1276 5565 1557 5637 privilegii
1574 5562 1847 5637 paginam
1868 5579 2034 5633 apos-

381 5657 557 5718 tolica
567 5658 910 5717 auctoritate
926 5657 1348 5714 confirmamus
1365 5657 1539 5726 atque
1551 5649 1927 5710 concedimus
1941 5667 2031 5709 se-

2146 611 2279 649 cum
2312 594 2503 650 dictus
2533 595 2714 650 abbas
2747 596 2816 650 de
2852 595 2962 650 hoc
2988 595 3200 650 saeculo
3230 595 3587 669 migraverit,
3612 614 3810 673 neque

2147 683 2809 754 rex,nequedux,neque
2829 684 3310 757 marchio,neque
3332 685 3669 758 episcopus,
3695 704 3805 746 ne-

2147 788 2257 841 que
2288 788 2697 843 comes,neque
2719 771 2841 827 ulla
2862 771 2978 827 alia
3004 788 3256 843 persona
3283 774 3502 830 ibidem
3523 776 3805 833 abbatem

2147 860 2415 915 ordinare
2442 865 2778 931 praesumat,
2814 860 2913 915 sed
2947 862 3318 934 congregatis
3348 863 3408 919 in
3433 881 3622 921 unum
3656 882 3809 922 cun-

2148 949 2255 1001 ctis
2312 949 2577 1018 ejusdem
2638 949 2977 1005 monasterii
3039 950 3341 1021 fratribus,
3379 969 3447 1008 ac
3496 955 3807 1018 Communi

2148 1053 2459 1102 consensu,
2492 1038 2589 1092 Dei
2623 1037 3004 1108 providentia,
3039 1039 3140 1110 qui
3173 1040 3390 1112 dignus
3431 1041 3540 1097 hoc
3583 1041 3811 1099 honore

2147 1124 2306 1180 visus
2356 1125 2552 1191 fuerit,
2582 1143 2650 1180 ex
2672 1126 2911 1197 propria
2932 1129 3385 1200 congregatione
3417 1130 3691 1188 abbatem
3724 1132 3809 1187 ibi

2147 1215 2438 1269 ordinent.
2471 1215 2524 1268 Si
2559 1215 2691 1285 quis
2723 1220 2942 1283 autem,
2981 1218 3137 1288 quod
3170 1234 3284 1272 non
3317 1223 3807 1290 optamus,teme-

2148 1303 2299 1357 rario
2322 1320 2469 1357 ausu
2501 1307 2703 1358 contra
2732 1320 2799 1358 ca
2831 1321 2959 1375 quae
2992 1305 3063 1360 ab
3096 1305 3205 1361 hac
3234 1312 3437 1362 nostra
3457 1308 3811 1364 auctoritate

2149 1393 2240 1463 pic
2271 1397 2325 1447 et
2356 1393 2602 1447 firmiter
2625 1411 2724 1465 per
2750 1393 2859 1449 hoc
2884 1399 3151 1449 nostrum
3188 1394 3557 1468 privilegium
3579 1400 3810 1453 statuta

2149 1486 2288 1535 sunt
2318 1481 2606 1536 contraire
2638 1483 2965 1549 tentaverit,
2996 1482 3085 1538 vel
3116 1483 3238 1538 haec
3270 1501 3395 1555 quae
3442 1503 3473 1540 a
3517 1485 3687 1541 nobis
3727 1485 3807 1541 ad

2148 1569 2379 1624 laudem
2415 1571 2509 1624 Dei
2542 1587 2645 1642 pro
2670 1570 2987 1626 stabilitate
3009 1572 3136 1642 jam
3159 1571 3301 1627 dicti
3324 1573 3655 1628 monasterii
3680 1578 3808 1629 sta-

2148 1663 2273 1713 tuta
2304 1666 2443 1713 sunt
2474 1659 2773 1731 refragari,
2809 1664 2911 1714 aut
2940 1676 3175 1731 quoquo
3219 1661 3391 1716 modo
3439 1660 3802 1733 transgredi,

2148 1747 2604 1818 prazsumpserit,
2639 1746 2785 1802 sciat
2815 1764 2876 1802 se
2897 1748 3257 1803 auctoritates
3289 1748 3444 1804 beati
3473 1748 3627 1804 Petri
3659 1765 3803 1820 apo-

2149 1835 2280 1890 stoli
2312 1835 2703 1890 auathematis
2733 1836 2963 1891 vinculo
2998 1836 3363 1905 innodatum,
3398 1840 3456 1892 et
3499 1854 3633 1893 cum
3677 1837 3805 1893 dia-

2145 1923 2275 1979 bolo
2304 1929 2359 1979 et
2386 1926 2514 1995 ejus
2545 1924 2933 1981 atrocissimis
2964 1925 3215 1997 pompis,
3251 1930 3425 1997 atque
3474 1926 3629 1982 Juda
3679 1930 3804 1981 tra-

2146 2013 2329 2067 ditore
2359 2012 2589 2067 Domini
2625 2013 2807 2068 nostri
2840 2013 2980 2069 Jesu
3021 2012 3256 2079 Christi,
3288 2013 3485 2068 aiterni
3534 2012 3806 2068 incendii

2147 2100 2430 2172 supplicio
2460 2102 2864 2168 eremandum,
2903 2101 3013 2156 nisi
3046 2101 3200 2172 quod
3234 2099 3386 2155 male
3414 2099 3674 2171 peccavit
3707 2099 3802 2155 di-

2147 2207 2259 2262 gne
2289 2189 2614 2243 correxerit.
2659 2194 2730 2243 At
2775 2205 2905 2245 vero
2955 2187 3053 2259 qui
3097 2188 3191 2260 pio
3240 2188 3456 2244 intuitu
3506 2193 3709 2244 custos
3741 2193 3805 2243 et

2147 2279 2481 2333 observator
2510 2278 2793 2332 exstiterit
2823 2277 2998 2347 hujus
3028 2277 3214 2332 nostri
3262 2275 3567 2347 apostolici
3617 2274 3803 2347 privi-

2149 2366 2303 2437 legii,
2338 2366 2432 2421 hic
2463 2366 2924 2421 confirmationis
2955 2365 3053 2435 {et}
3086 2362 3511 2420 benedictionis
3541 2363 3801 2435 gratiam

2150 2472 2184 2510 a
2214 2453 2761 2509 misericordissimo
2776 2453 2979 2524 judice
3005 2451 3248 2508 Domino
3278 2454 3474 2507 nostro
3496 2452 3806 2524 vitamque

2150 2547 2427 2598 aeternam
2459 2560 2593 2598 cum
2625 2542 2900 2597 omnibus
2929 2540 3132 2597 electis
3164 2539 3263 2596 Dei
3285 2539 3561 2611 consequi
3587 2556 3809 2597 merea-

2151 2637 2249 2686 tur
2275 2631 2334 2685 in
2366 2630 2580 2687 saecula
2609 2630 2978 2686 saeculorum.
3011 2631 3217 2684 Amen.

2226 2724 2430 2774 Datum
2464 2738 2563 2773 Vill
2602 2720 2679 2773 Id.
2713 2718 2981 2791 Augusti,
3018 2735 3122 2789 per
3150 2733 3363 2773 manus
3391 2716 3546 2773 Petri
3577 2715 3812 2772 diaconi

2152 2808 2578 2864 bibliothecarii
2609 2814 2664 2863 et
2695 2806 3028 2864 caneellarii
3060 2808 3118 2862 S.
3155 2805 3487 2879 apostolica:
3520 2805 3813 2873 sedis,an-

2154 2915 2227 2953 no
2258 2898 2481 2953 domini
2511 2897 2721 2953 Leonis
2756 2897 2825 2952 ΙΧ
2857 2913 3017 2969 papae
3053 2914 3112 2951 ιι.
3146 2895 3268 2951 ind.
3296 2913 3369 2951 Iv.

2892 3002 3065 3058 XLIII

2153 3093 2209 3147 S.
2240 3094 2341 3147 Leo
2372 3095 2434 3148 IX
2468 3094 2865 3148 monasterium
2895 3092 2948 3145 S.
2986 3092 3211 3146 Victoris
3240 3092 3610 3157 Massiliense,
3643 3094 3815 3146 Petro

2225 3166 2417 3219 abbate
2450 3166 2509 3218 in
2539 3164 2745 3234 synodo
2783 3162 3103 3219 Vcrcellmzsi
3131 3166 3360 3234 petente,
3387 3161 3657 3234 tuendum
3686 3178 3817 3218 su:-

2225 3238 2378 3306 cipz’t,
2408 3237 2579 3360 (eique
2630 3236 2905 3290 abbatiam
2954 3237 3012 3289 S.
3081 3233 3303 3290 Victoris
3368 3233 3811 3289 Valentinensem

2228 3323 2447 3362 σοησείι
2485 3352 2495 3362 .

2777 3396 2963 3465 (Anno
2997 3394 3180 3464 1050.)

2587 3502 2797 3572 [Mansi
2830 3500 3037 3557 Concil.
3060 3500 3202 3569 XIX,
3225 3500 3376 3570 779.]

2226 3610 2334 3664 Leo
2363 3608 2699 3681 episcopus,
2733 3624 2935 3663 servus
2965 3624 3266 3663 servorum
3296 3604 3423 3675 Dei,
3456 3605 3667 3674 Psrao,
3701 3606 3815 3662 ab-

2151 3698 2269 3754 bati
2301 3696 2639 3753 monasterii
2672 3698 2728 3752 S.
2750 3696 2996 3752 Victoris
3031 3694 3417 3752 Massiliensis
3450 3696 3730 3768 martyris
3753 3699 3814 3752 et

2150 3787 2415 3842 omnium
2447 3785 2872 3858 apostolorum,
2896 3786 3130 3857 tuisque
3158 3783 3604 3841 successoribus
3626 3785 3818 3842 abba-

2151 3875 2309 3930 tibus
2341 3878 2683 3947 perpetuam
2717 3875 2775 3929 in
2803 3874 3050 3929 Domino
3081 3872 3354 3929 salutem.

2221 3963 2502 4018 Convenit
2558 3959 2879 4034 apostolico
2938 3960 3323 4017 moderamini
3373 3960 3470 4033 pia
3530 3960 3811 4035 religione

2149 4051 2504 4125 pollentibus
2553 4049 2820 4106 benivola
2874 4049 3281 4122 compassione
3340 4066 3705 4120 succurrere,
3753 4056 3812 4107 et

2147 4140 2470 4213 petentium
2520 4138 2826 4194 desideriis
2875 4155 3203 4211 congruum
3254 4139 3544 4211 impertiri
3595 4139 3805 4196 suffra-

2146 4230 2328 4302 gium.
2365 4230 2445 4284 Ex
2475 4228 2583 4284 hoc
2616 4228 2774 4282 enim
2806 4227 2953 4283 lucri
2985 4226 3360 4300 potissimum
3411 4227 3724 4299 praemium
3775 4244 3810 4282 a

2146 4318 2444 4375 conditore
2458 4316 2724 4372 omnium
2747 4316 2862 4373 Deo
2886 4316 2945 4371 in
2971 4316 3215 4372 sidereis
3237 4316 3488 4372 coetibus
3510 4333 3805 4389 promere-

2144 4408 2323 4473 bitur,
2373 4407 2422 4462 si
2469 4404 2824 4461 venerabilia
2872 4403 3001 4461 loca
3054 4405 3271 4461 nostris
3323 4406 3692 4478 temporibus
3734 4406 3806 4462 ad

2144 4495 2441 4552 meliorem
2486 4494 2721 4562 fuerint,
2752 4499 2867 4549 Deo
2907 4496 3173 4565 juvante,
3224 4493 3449 4550 cultum
3498 4495 3806 4566 perducta,

2142 4590 2199 4641 et
2239 4603 2272 4641 a
2317 4584 2553 4640 leesione
2600 4600 2911 4655 pravorum
2970 4583 3281 4639 hominum
3332 4586 3613 4656 protecta.
3661 4584 3810 4649 Quia

2142 4691 2276 4730 vero
2300 4678 2382 4741 tu,
2415 4672 2795 4728 dilectissime
2826 4671 2930 4739 fili,
2951 4689 3085 4727 cum
3118 4673 3189 4728 ad
3224 4671 3514 4745 synodum
3539 4677 3806 4728 nostram

2144 4762 2573 4819 Vercellensem
2622 4759 2851 4825 venisti,
2902 4764 3167 4817 tutamen
3211 4764 3429 4816 nostra:
3471 4758 3807 4831 apostolica:

2148 4852 2519 4918 delensionis,
2555 4848 2926 4922 privilegium
2958 4849 3311 4905 monasterio
3344 4852 3461 4917 tuo,
3486 4846 3640 4918 quod
3666 4864 3803 4919 pro-

2145 4941 2266 5014 prie
2296 4945 2387 4996 est
2417 4941 2473 4996 S.
2510 4938 2680 5008 Petri,
2714 4938 2963 5010 supplici
2991 4939 3292 4994 devotione
3324 4956 3358 4994 a
3389 4936 3557 4993 nobis
3590 4941 3807 5008 postu-

2143 5028 2591 5086 lastizinclinati
2625 5027 2896 5100 precibus
2927 5026 3176 5099 tuis,per
3209 5026 3390 5099 hujus
3421 5029 3633 5081 nostrae
3664 5042 3809 5098 apo-

2142 5118 2356 5177 stolicae
2405 5116 2810 5190 praeceptionis
2841 5115 3073 5185 seriem,
3108 5116 3452 5188 praedictum
3499 5120 3809 5172 monaste-

2140 5209 2296 5264 rium
2319 5206 2631 5263 S.Victoris
2656 5206 2929 5278 martyris
2957 5205 3341 5276 omniumque
3373 5202 3804 5275 apostolorum,

2142 5296 2234 5352 cui
2250 5300 2314 5349 tu
2335 5310 2583 5365 praeesse
2606 5293 2969 5363 meruisti,ut
2987 5292 3241 5350 liberum
3264 5292 3335 5349 ab
3355 5292 3517 5348 omni
3542 5290 3810 5349 humana

2142 5382 2472 5442 conditione
2503 5386 2559 5437 et
2581 5384 2726 5455 jugo
2757 5383 3059 5451 consistat,
3093 5399 3196 5455 pro
3235 5398 3301 5439 eo
3344 5379 3502 5453 quod
3533 5380 3649 5437 sub
3672 5381 3808 5452 jure

2142 5470 2329 5531 sancti
2370 5470 2521 5526 Petri
2569 5471 2850 5543 positum,
2883 5471 3207 5528 libertatem
3261 5470 3479 5527 meruit
3529 5468 3808 5543 adipisci,

2143 5562 2347 5619 nostra
2372 5558 2693 5629 apostolica
2724 5561 3067 5618 auctoritate
3098 5577 3330 5633 semper
3354 5574 3485 5615 esse
3535 5558 3808 5616 decerni-

2143 5646 2451 5721 mus;quin
2465 5646 2641 5706 etiam
2658 5648 3067 5712 interdicimus
3088 5667 3159 5711 ne
3179 5649 3506 5728 quidquam
3529 5646 3809 5709 molesta-
