3974 6206
105 347 216 411 653

1078 343 1479 407 EPISTOLJE
1521 344 1622 407 ET
1665 344 2027 407 DECRETA
2068 347 2536 411 PONTIFICIA.

3385 352 3507 412 654

103 478 298 547 tionis,
346 475 673 549 quidquam
718 472 1010 530 violentias
1058 479 1158 531 aut
1205 478 1417 548 rapinae
1468 478 1527 532 in
1578 478 1751 533 rebus
1781 478 2166 551 Amultoque
2224 485 2483 555 tempore
2539 497 2739 538 secum
2789 482 3057 549 retinuit;
3104 483 3164 536 in
3219 498 3334 555 quo
3379 481 3505 563 loco

100 569 364 642 ejusdem
394 564 737 623 monasterii
771 567 829 618 et
858 564 1030 619 etiam
1066 564 1229 621 cellis
1280 568 1624 622 nominatim
1658 585 1749 622 sa-

102 658 310 730 crilega
329 672 509 712 manu
528 652 899 711 committere
929 653 1550 711 audeat.Concedimus
1574 656 1750 711 etiam

99 747 204 820 ipsi
233 749 428 801 vestro
462 742 816 800 monasterio
838 740 1195 797 abbatiolam
1222 745 1539 814 quamdam
1567 745 1750 800 sancti

100 835 344 892 Victoris
374 833 617 890 nomine
645 831 801 904 apud
830 829 1201 886 Valentinam
1227 832 1521 888 civitatem
1552 834 1749 903 sitam,

104 940 273 996 quam
304 922 476 978 nobis
493 922 553 976 in
572 921 702 993 ipsa
722 919 943 993 synodo
961 919 1148 991 ipsius
1171 919 1423 976 civitatis
1445 921 1752 993 episcopus

103 1012 338 1067 Pontius
369 1010 647 1066 manibus
678 1008 896 1063 nostris
927 1007 1183 1063 reddidit
1212 1012 1268 1063 et
1297 1025 1399 1080 per
1428 1009 1626 1064 omnia
1664 1026 1751 1065 re-

106 1100 329 1167 iutavit,
358 1103 615 1171 tuncque
644 1091 835 1169 usque
869 1098 1088 1168 injuste
1118 1097 1411 1153 detentam
1442 1098 1513 1152 ab
1544 1099 1753 1153 abbate

102 1191 160 1246 S.
195 1187 574 1245 Theodofredi
603 1204 671 1242 ex
692 1190 956 1259 tempore
988 1185 1373 1241 desolationis
1409 1187 1751 1243 monasterii

102 1279 159 1333 S.
196 1276 458 1332 Victoris.
490 1276 821 1331 Statuentes
852 1273 1174 1347 apostolica
1220 1292 1469 1331 censura
1512 1293 1581 1331 ne
1634 1276 1751 1332 ulla

102 1381 359 1437 unquam
392 1363 698 1419 hominum
729 1364 1418 1436 persona,cujuscunque
1444 1366 1749 1436 potestatis

97 1454 179 1511 vel
211 1452 997 1524 conditionis,cujuscunque
1026 1469 1202 1508 sexus
1233 1458 1289 1508 et
1322 1453 1752 1522 aetatis,contra

98 1544 242 1599 hanc
266 1545 477 1599 nostra:
536 1541 868 1614 apostolicae
928 1541 1298 1597 auctoritatis
1349 1542 1747 1598 defensionem

95 1631 288 1687 venire
342 1634 664 1703 praetentet.
708 1630 871 1694 Quod
923 1631 973 1684 si
1020 1647 1202 1686 ausus
1253 1630 1448 1701 fuerit,
1506 1632 1748 1704 cuspide

98 1718 486 1776 anathematis
513 1719 1011 1774 transverberatus
1041 1718 1153 1773 erit
1183 1736 1371 1791 usque
1401 1720 1474 1775 ad
1506 1719 1746 1793 dignam

97 1808 581 1865 satisfactionem.
616 1807 716 1873 Qui
748 1824 882 1863 vero
911 1824 974 1863 se
1006 1808 1079 1862 ab
1128 1807 1237 1863 hac
1290 1808 1748 1881 praesumptione

97 1896 457 1963 custodierit,
494 1895 955 1952 benedictionem
1002 1913 1035 1952 a
1078 1895 1323 1951 Domino
1370 1897 1487 1953 Deo
1536 1914 1745 1954 conse-

95 1990 312 2058 quatur
339 1988 397 2040 et
426 1988 650 2040 aeternae
679 1985 810 2040 vita
842 1985 1133 2057 particeps
1166 1985 1475 2041 efficiatur.

162 2075 304 2130 Data
323 2091 401 2132 vn
435 2073 575 2130 ldus
618 2073 979 2145 Septembris
1010 2090 1113 2146 per
1155 2090 1367 2130 manus
1414 2075 1564 2131 Petri
1619 2075 1747 2131 dia-

95 2161 687 2232 coni,hibliothecarii
718 2165 775 2217 et
812 2161 1139 2217 cancellarii
1170 2167 1384 2218 sancta:
1417 2163 1746 2235 apostolica:

89 2252 264 2319 sedis,
296 2268 450 2307 anno
483 2250 716 2307 Domini
751 2251 907 2319 1050,
945 2251 1161 2307 Leonis
1194 2252 1332 2307 noni
1364 2269 1526 2324 papae
1562 2270 1620 2320 ιι,
1655 2252 1743 2307 in-

84 2340 345 2396 dictione
374 2358 455 2397 IV.

819 2445 1012 2500 XLIV.

85 2535 399 2607 [Heinrico]
431 2535 754 2606 imperatori
779 2536 1147 2607 Romanorum
1175 2542 1225 2607 et
1256 2536 1375 2603 regi
1400 2536 1745 2606 Burgundio-

148 2624 305 2678 num,
341 2605 608 2678 episcopis
639 2613 692 2661 et
711 2605 1061 2678 principibus
1093 2606 1332 2675 regionis
1362 2607 1519 2662 illius
1552 2608 1745 2663 Roma-

146 2676 299 2734 num
318 2676 723 2735 monasterium
746 2676 1114 2732 commendat.

717 2767 899 2837 (Anno
932 2766 1114 2837 1050.)

82 2858 385 2927 [Memoires
413 2864 465 2912 et
495 2857 829 2927 Documents
858 2853 925 2908 de
956 2854 1250 2927 lagSociete
1275 2854 1556 2911 d'histoire
1596 2855 1661 2910 de
1690 2856 1744 2911 la

678 2926 880 2993 Suisse,
914 2941 973 2996 p.
1007 2925 1157 2994 419.]

146 3054 262 3109 Lao
293 3053 636 3126 episcopus,
669 3066 872 3106 servus
904 3065 1202 3105 servorum
1243 3049 1494 3118 Domini,
1548 3050 1613 3105 H.
1649 3050 1742 3106 di-

82 3144 419 3200 lectissimo
443 3141 562 3196 filio
584 3139 920 3212 imperatori
954 3140 1349 3195 Romanorum
1381 3146 1439 3196 et
1459 3140 1577 3213 regi
1602 3140 1744 3195 Bur-

73 3229 774 3306 gundionum,episcopis
797 3233 853 3285 et
873 3228 1240 3302 principibus
1270 3229 1524 3300 regionis
1554 3228 1736 3299 illius,

72 3322 342 3379 salutem
373 3324 431 3378 et
481 3318 862 3392 apostolicam
892 3317 1380 3374 benedictionem.

146 3411 299 3468 Volo
335 3409 486 3467 scire
512 3407 972 3465 dominationem
991 3410 1245 3463 vestram
1264 3412 1321 3463 et
1335 3423 1740 3464 successorum

77 3504 424 3556 vestrorum
455 3496 596 3571 quia
621 3494 1042 3553 monasterium
1073 3495 1229 3567 quod
1263 3498 1501 3551 vocatur
1529 3496 1740 3551 Roma-

81 3606 231 3644 num
269 3588 391 3643 fuit
423 3587 720 3659 quondam
760 3584 1239 3641 commendatum
1272 3585 1742 3642 antecessoribus

77 3676 316 3735 nostris
339 3676 416 3731 ad
448 3675 795 3730 servandum
813 3676 871 3730 et
890 3673 1337 3730 custodiendum
1358 3678 1415 3729 et
1431 3674 1741 3745 tuendum,

77 3759 198 3822 non
232 3765 316 3821 ad
350 3764 615 3820 dandum
637 3767 693 3819 et
721 3762 1113 3833 vendendum,
1144 3778 1251 3818 nec
1292 3762 1363 3817 ad
1396 3762 1744 3819 beneﬁcium

79 3855 393 3922 dandum;
429 3851 531 3908 sed
578 3868 693 3923 qua
738 3852 1039 3907 occasione
1077 3850 1222 3906 illud
1273 3849 1501 3917 accidit,
1544 3851 1746 3923 paucis

78 3944 251 4000 vobis
294 3959 394 3999 me
443 3942 637 3997 dicere
684 3939 874 3996 libuit.
910 3939 1228 3996 Multorum
1260 3940 1541 3996 relatione
1569 3940 1746 3996 didici

82 4033 243 4105 quod
260 4031 548 4087 dominus
562 4029 899 4102 Stephanus
919 4028 1270 4085 venerabilis
1282 4028 1462 4101 hujus
1475 4030 1748 4086 Romanis

80 4122 243 4177 sedis
282 4118 995 4193 episcopus,quibusdam
1025 4118 1475 4174 necessitatibus
1503 4119 1748 4192 impedi-

80 4214 179 4265 tus
200 4214 261 4266 et
295 4227 332 4266 a
367 4208 773 4280 Longobardis
822 4207 1076 4281 graviter
1120 4210 1489 4279 angustatus,
1516 4224 1751 4264 necesse

78 4297 300 4353 habuit
334 4295 651 4353 consilium
683 4312 941 4367 quaerere
973 4312 1007 4351 a
1036 4295 1384 4351 Francorum
1418 4312 1580 4368 rege;
1613 4298 1753 4369 quia

77 4387 333 4442 carebat
362 4390 505 4441 tunc
534 4386 839 4442 Romanus
870 4384 1031 4441 orbis
1069 4400 1319 4458 persona
1359 4385 1750 4457 imperatoris,

77 4480 137 4529 et
170 4473 285 4547 qui
317 4472 593 4529 consules
619 4478 676 4530 et
705 4474 1023 4529 dictatores
1051 4472 1399 4529 videbantur
1428 4490 1543 4529 non
1589 4477 1756 4530 erant

1861 567 2048 623 multa
2078 570 2363 626 miracula
2379 587 2481 643 per
2498 588 2632 627 eum
2651 572 2935 628 Dominus
2953 572 3229 645 dignatus
3259 574 3348 627 est
3375 588 3507 645 ope-

1862 672 2006 711 rare.
2043 657 2114 713 Ut
2144 659 2215 713 de
2254 661 2475 715 caeteris
2526 665 2773 731 taceam,
2801 667 2867 717 ut
2913 661 3048 716 libri
3097 660 3258 717 illius
3303 677 3508 717 mona-

1862 745 2021 799 sterii
2054 745 2464 816 (Romanensis
2516 748 2854 804 monasterii
2886 764 2954 803 ou
2992 747 3504 819 Romainmoutier).

1860 832 2371 904 loquuntur,visus
2402 841 2492 891 est
2525 837 2895 908 praesentiam
2929 836 3329 908 apostolorum
3350 835 3507 892 Petri

1861 925 1919 976 et
1948 922 2109 977 Pauli
2142 928 2198 977 et
2226 925 2532 979 beatorum
2574 932 2899 997 martyrum
2949 926 3029 979 ibi
3077 926 3505 996 quiescentium

1863 1008 1974 1064 sibi
2006 1009 2312 1075 allocutos,
2348 1017 2412 1066 ut
2441 1012 2749 1068 ecclesiam
2782 1013 2941 1068 illam
2975 1013 3371 1085 apostolorum
3399 1030 3506 1069 au-

1862 1097 2121 1153 ctoritate
2153 1098 2517 1165 sublimaret,
2567 1106 2624 1156 et
2669 1102 3075 1174 supradictum
3125 1119 3321 1173 regem
3352 1103 3413 1157 P.
3450 1106 3509 1157 et

1862 1185 2012 1240 filios
2040 1189 2169 1257 ejus
2208 1204 2372 1259 reges
2419 1187 2659 1260 eligeret
2686 1195 2743 1244 et
2772 1194 3157 1258 consecraret,
3207 1194 3264 1245 et
3311 1190 3508 1246 divina

1861 1277 1918 1328 et
1943 1273 2260 1345 apostolica
2286 1276 2627 1331 auctoritate
2658 1277 2994 1349 praeciperet
3023 1284 3088 1331 ut
3118 1277 3318 1333 nullus
3350 1295 3505 1334 mor-

1862 1360 2068 1417 talium
2098 1380 2201 1435 per
2228 1365 2603 1420 succedentia
2634 1371 2898 1437 tempora
2927 1365 2984 1419 in
3019 1364 3117 1420 illo
3160 1380 3360 1437 regno,
3391 1366 3507 1421 nisi

1861 1450 1932 1505 de
1963 1450 2195 1506 illorum
2243 1453 2515 1524 prosapia
2544 1457 2598 1507 et
2629 1454 2948 1525 propagine
2991 1469 3186 1526 regem
3237 1452 3509 1509 ordinare

1862 1539 2123 1594 auderet.
2158 1541 2219 1595 In
2274 1542 2612 1613 supradicto
2642 1559 2777 1597 vero
2809 1541 3040 1615 negotio
3089 1546 3146 1597 et
3196 1541 3404 1597 itinere
3447 1542 3508 1597 in

1860 1628 2212 1699 quibusdam
2240 1630 2591 1686 Jurensibus
2622 1631 2888 1702 partibus
2930 1630 3120 1703 posito
3151 1631 3509 1687 monasterio

1852 1716 2035 1785 jussit
2060 1716 2172 1771 sibi
2205 1717 2527 1790 hospitium
2560 1736 2915 1791 przeparare;
2950 1720 3052 1775 sed
3101 1725 3414 1792 susceptus
3453 1723 3511 1776 et

1863 1805 2098 1861 servitio
2129 1806 2520 1862 habitantium
2553 1808 2862 1875 fruitus,ut
2891 1812 3015 1863 erat
3042 1808 3177 1879 pius
3208 1814 3265 1864 et
3286 1808 3509 1864 miseri-

1859 1911 2010 1961 cors,
2041 1895 2361 1967 hospitium
2396 1896 2643 1968 benigne
2684 1897 2945 1969 suscepit
2976 1913 2988 1951 :
3022 1902 3079 1952 et
3107 1912 3177 1952 ex
3223 1896 3507 1953 charitate

1854 1982 2050 2038 locum
2101 1984 2400 2039 benedixit
2441 1990 2497 2039 et
2540 1985 2942 2054 sanctiﬁcavit,
2978 1989 3034 2041 et
3092 1986 3163 2040 ad
3221 1985 3506 2042 honorem

1856 2072 2255 2144 apostolorum
2288 2073 2564 2130 ecclesias
2595 2074 2673 2128 ibi
2708 2074 3068 2130 consecravit
3086 2078 3143 2129 et
3172 2074 3505 2130 Romanum

1858 2162 2279 2217 monasterium
2312 2163 2651 2218 nominavit.
2686 2162 2794 2226 Qui
2825 2162 3010 2230 locus,
3043 2167 3109 2218 ut
3149 2164 3505 2232 audivimus,

1858 2254 2059 2322 postea
2106 2267 2140 2305 a
2193 2250 2366 2305 malis
2416 2250 2756 2306 hominibus
2803 2255 2860 2306 et
2905 2252 2976 2306 ab
3034 2251 3387 2323 importunis
3417 2252 3509 2307 vi-

1856 2339 2005 2394 cinis
2075 2339 2391 2394 destitutus
2460 2344 2577 2406 est;
2639 2340 2739 2395 sed
2807 2338 3051 2394 Domino
3111 2344 3408 2395 annuente
3473 2357 3510 2396 a

1856 2444 1990 2499 rege
2040 2428 2346 2483 Chonrado
2396 2432 2453 2483 et
2501 2426 2761 2496 Matilda,
2795 2428 2925 2498 ejus
2973 2428 3223 2500 conjuge
3254 2427 3506 2484 nobilis-

1854 2517 2008 2573 sima
2071 2519 2247 2572 beata:
2314 2517 2756 2584 recordationis,
2818 2516 3027 2572 Maiolo
3081 2521 3137 2572 et
3198 2533 3501 2575 successo-

1854 2604 2018 2660 ribus
2066 2606 2194 2677 ejus
2240 2606 2546 2661 monachis
2594 2607 3060 2673 commendatus,
3107 2622 3210 2678 per
3264 2605 3501 2664 illorum

1854 2694 2117 2749 studium
2149 2694 2220 2748 ad
2254 2692 2590 2749 saecularem
2618 2694 2897 2750 honorem
2947 2699 3005 2750 et
3051 2695 3124 2749 ad
3156 2693 3500 2767 religionem

1854 2782 2239 2837 monasticam
2272 2783 2560 2838 deductus
2592 2790 2700 2849 est,
2746 2788 2803 2838 et
2849 2782 3174 2839 restitutus.
3209 2782 3315 2839 Illa
3342 2784 3500 2839 ordi-

1854 2872 2011 2926 natio
2044 2870 2193 2926 beati
2227 2870 2421 2925 Maioli
2454 2876 2509 2927 et
2533 2873 2687 2943 regis
2717 2876 2773 2926 et
2804 2872 3011 2944 reginas
3042 2873 3157 2926 ﬁxa
3185 2875 3244 2927 et
3272 2871 3503 2930 stabilis

1853 2965 2210 3033 permaneat.
2244 2960 2527 3016 Caeterum
2585 2961 2714 3016 volo
2763 2965 2827 3015 ut
2875 2978 2965 3017 res
3016 2961 3088 3017 ad
3123 2978 3230 3017 nos
3272 2978 3505 3034 semper

1853 3049 2154 3121 respiciat;
2190 3048 2271 3104 ita
2300 3054 2365 3104 ut
2396 3051 2444 3105 si
2476 3048 2689 3122 aliquis
2722 3050 2801 3105 ibi
2832 3049 3110 3122 injuriam
3140 3051 3343 3107 fecerit
3359 3056 3418 3108 et
3436 3068 3506 3107 ex

1853 3144 2055 3194 nostra
2083 3142 2245 3209 parte
2268 3143 2325 3193 et
2345 3154 2753 3194 successorum
2776 3144 3113 3195 nostrorum
3145 3140 3504 3197 reclamatio-

1771 3207 1813 3273 (ἶ
1853 3243 1986 3283 nem
2019 3207 2268 3282 audierit
2288 3230 2344 3282 et
2364 3226 2615 3283 noluerit
2634 3228 2945 3283 emendare
2977 3229 3049 3282 ad
3081 3228 3323 3300 plenum
3349 3229 3499 3286 sciat

1848 3333 1911 3372 se
1941 3316 2259 3388 apostolica
2289 3317 2633 3372 auctoritate
2664 3317 3315 3375 excommunicandum.

2587 3422 2750 3478 XLV.

1852 3514 1905 3568 S.
1940 3514 2041 3569 Leo
2070 3514 2133 3568 IX
2156 3513 2473 3569 monasterii
2504 3512 2559 3566 S.
2595 3513 2867 3584 Mansueti
2909 3513 3273 3583 possessiones
3302 3517 3354 3568 et
3376 3514 3495 3584 pri-

2400 3585 2453 3638 vi
2457 3584 2599 3652 legia
2628 3583 2942 3651 conﬁrmat.

2382 3738 2393 3748 '
2463 3672 2654 3742 (Anno
2685 3672 2873 3742 4050.)

1855 3763 2022 3833 [Dom
2053 3760 2296 3827 Calmet,
2329 3762 2566 3815 Histoire
2594 3760 2658 3814 de
2688 3761 2970 3827 Lorraine,
2996 3760 3037 3831 Ι,
3070 3762 3322 3830 Preuves,
3346 3762 3494 3829 429.]

1928 3853 2041 3907 LEO
2088 3850 2419 3922 episcopus,
2452 3865 2653 3904 servus
2699 3865 2998 3905 servorum
3046 3848 3169 3916 Dei,
3201 3847 3413 3905 dilecto
3439 3850 3500 3904 in

1855 3940 2085 3996 Christo
2116 3938 2236 3994 ﬁlio
2266 3939 2509 4006 Dooom,
2533 3938 2731 3993 abbati
2757 3937 3097 3995 monasterii
3116 3938 3315 3994 Sancti
3335 3939 3501 3996 Man-

1857 4031 2031 4096 sueti,
2065 4028 2220 4101 quod
2251 4028 2311 4082 in
2343 4027 2627 4083 suburbio
2678 4032 2890 4084 nostris
2939 4028 3190 4084 civitatis
3228 4028 3385 4085 Tulli
3424 4028 3504 4084 si-

1856 4124 1983 4176 tum
2014 4124 2123 4187 est,
2154 4120 2400 4190 ejusque
2429 4117 2869 4174 successoribus
2898 4116 3244 4190 regulariter
3272 4134 3505 4191 promo-

1858 4209 2063 4265 vendis
2092 4208 2150 4262 in
2182 4194 2504 4280 posterum.
2898 4255 2909 4263 .

1931 4298 2095 4354 Sicut
2123 4297 2334 4352 rationi
2365 4297 2653 4353 contraria
2683 4296 2884 4369 procul
2907 4300 2998 4354 est
3016 4297 3344 4369 abjicienda
3370 4295 3513 4370 peti-

1861 4388 1965 4453 tio,
1998 4387 2079 4441 ita
2109 4386 2169 4441 in
2204 4385 2296 4442 his
2322 4403 2447 4458 quae
2480 4386 2629 4442 bene
2660 4386 3089 4458 desiderantur,
3112 4386 3387 4443 affectum
3410 4400 3513 4440 nc-

1863 4474 1988 4548 gari
2016 4491 2127 4530 non
2160 4474 2446 4531 convenit.
2480 4474 2623 4529 Tuis
2655 4474 2857 4546 igitur,
2888 4474 2969 4529 ﬁli
3000 4474 3061 4529 in
3099 4475 3328 4531 Christo
3376 4474 3515 4531 cha-

74 4568 265 4619 tantm
299 4562 540 4617 virtutis
570 4567 632 4618 ut
656 4566 898 4635 possent
927 4565 1193 4618 sanctam
1214 4561 1533 4618 Ecclesiam
1551 4563 1754 4618 Roma-
1782 4584 1828 4648 D
1862 4564 2115 4631 rissime,
2138 4563 2410 4635 precibus
2440 4569 2787 4630 annuentes,
2839 4563 2913 4618 ad
2960 4570 3309 4636 perpetuam
3336 4562 3517 4621 vestri

72 4669 216 4709 nam
254 4650 519 4707 liberare
549 4669 583 4706 a
612 4657 698 4709 tot
726 4650 1174 4707 imminentibus
1224 4651 1582 4707 turbinibus.
1614 4653 1751 4708 Erat

74 4742 239 4796 enim
292 4746 446 4796 tunc
475 4742 759 4812 temporis
810 4741 871 4796 in
912 4739 1180 4812 partibus
1211 4739 1407 4795 Gallias
1456 4757 1555 4796 rex
1600 4742 1757 4814 pius,

73 4828 330 4886 nomine
364 4828 738 4901 Pipinus,ille
772 4829 1015 4902 Pipinus
1046 4830 1214 4900 cujus
1245 4829 1404 4884 filius
1436 4830 1547 4884 fuit
1576 4829 1761 4887 haeres

74 4924 133 4975 et
178 4918 461 4974 imitator
492 4918 740 4975 Karolus
770 4918 1056 4991 Magnus;
1091 4918 1190 4990 qui
1224 4918 1473 4974 audiens
1507 4918 1762 4975 necessi-

74 5012 267 5064 tatem
327 5012 555 5064 sanctae
606 5007 880 5063 Romanis
932 5006 1218 5073 Ecclesiae,
1256 5008 1500 5076 vocavit,
1555 5008 1760 5080 praedi-

71 5103 243 5153 ctum
279 5096 605 5153 dominum
654 5113 868 5169 papam
917 5096 1303 5168 Stephanum,
1336 5102 1402 5151 ut
1444 5099 1516 5152 ad
1559 5116 1621 5155 sc
1667 5115 1760 5154 ve-

71 5187 235 5243 niret
270 5190 336 5242 et
367 5186 443 5241 de
474 5185 847 5258 principibus
891 5189 1010 5241 tres
1052 5201 1253 5241 secum
1288 5185 1601 5243 deduceret
1630 5204 1765 5242 cum

69 5275 306 5348 quibus
343 5273 469 5330 late
500 5274 817 5331 consilium
846 5274 1151 5343 inveniret,
1187 5291 1302 5346 quo
1334 5276 1460 5346 ejus
1493 5275 1765 5331 Ecclesiae

68 5362 754 5421 subveniret.Annuens
785 5361 1059 5435 precibus
1079 5362 1253 5435 regis,
1290 5379 1478 5434 usque
1510 5363 1766 5419 Parisios

64 5454 616 5525 venit.Susceptus
634 5456 725 5509 est
743 5451 1156 5519 honoriﬁce,ut
1188 5451 1445 5522 pontifex
1467 5468 1763 5522 summus,

66 5562 101 5601 a
154 5559 308 5619 rege
358 5545 425 5597 et
472 5541 638 5615 regni
688 5540 1088 5616 principibus;
1138 5545 1195 5596 et
1240 5544 1402 5596 tanto
1433 5541 1676 5610 honore,
1709 5546 1769 5598 et

65 5630 437 5696 reverentia
492 5628 659 5690 illum
723 5647 825 5689 rex
880 5628 1080 5699 coluit,
1112 5633 1177 5687 ut
1234 5632 1521 5704 utrosque
1549 5629 1765 5705 decuit,

1860 4652 2197 4710 monasterii
2220 4668 2421 4724 pacem
2454 4669 2519 4707 ac
2550 4652 2948 4720 stabilitatem,
2970 4654 3274 4723 praesentis
3303 4648 3521 4707 decreti

1867 4741 2193 4799 stabilitate
2241 4741 2567 4806 sanximus,
2601 4746 2666 4795 ut
2696 4741 2753 4795 in
2784 4757 2850 4795 eo
2881 4757 2997 4795 non
3036 4742 3367 4812 episcopus,
3401 4754 3521 4794 non

1868 4831 1983 4888 alia
2011 4830 2230 4904 qumvis
2260 4846 2847 4901 persona,gravamen
2867 4828 2956 4883 vel
2989 4828 3330 4900 quampiam
3350 4843 3522 4882 vexa-

1871 4921 2093 4977 tionem
2126 4917 2430 4975 exercendi
2456 4918 2559 4987 jus
2590 4918 2940 4987 haheat,nec
2970 4917 3040 4972 de
3072 4913 3524 4983 redditibus,re-

1871 5011 2004 5077 bus,
2034 5008 2123 5064 vel
2158 5006 2397 5073 chartis,
2427 5006 2497 5059 de
2529 5004 2682 5059 villis
2719 5005 2809 5060 vel
2839 5006 2911 5059 de
2940 5004 3126 5073 cellis,
3160 5005 3280 5062 sive
3300 5003 3371 5058 de
3391 5016 3525 5057 om-

1871 5100 2044 5154 nibus
2075 5096 2159 5151 illi
2193 5093 2642 5168 pertinentibus,
2677 5110 3027 5164 quocunque
3056 5091 3527 5163 modo,qua1ibet

1873 5179 2669 5258 exquisitione,minuerc,vel
2691 5179 2856 5236 dolos
2877 5186 2981 5236 aut
3008 5182 3407 5237 immissiones
3425 5178 3529 5235 ali-

1875 5292 2022 5347 quas
2054 5274 2239 5331 facere
2269 5269 2771 5344 praesumat,sicut
2801 5270 2860 5323 in
2894 5269 3050 5325 beati
3080 5269 3320 5327 Gerardi
3342 5267 3531 5324 chiro-

1875 5362 2116 5437 graphis
2144 5366 2200 5417 et
2220 5360 2477 5433 antiquis
2499 5359 2688 5433 ipsius
2706 5358 2815 5414 loci
2834 5358 3152 5433 privilegiis
3174 5358 3527 5415 continetur.

1876 5451 1946 5505 Ut
1978 5455 2172 5504 autem
2190 5451 2398 5504 fratres
2412 5449 2552 5504 inibi
2570 5448 2884 5504 servientes
2897 5448 3013 5504 Deo
3035 5449 3277 5504 liberius
3297 5451 3530 5531 vacent,

1877 5555 2153 5595 mansum
2184 5539 2566 5611 integrum,in
2589 5554 2703 5611 quo
2725 5538 2879 5595 idem
2902 5538 3082 5595 situm
3113 5542 3203 5595 est
3232 5542 3532 5597 monaste-

1879 5626 2149 5698 rium,vel
2171 5626 2459 5706 quidquid
2480 5627 2641 5686 intra
2661 5627 2999 5702 Efrdchiam
3018 5629 3188 5688 hodie
3209 5630 3373 5705 justo
3394 5644 3532 5706 pos-
