3974 6206
189 287 310 352 667

1174 287 1576 352 EPISTOL/E
1617 288 1719 350 ET
1761 285 2123 352 DEGRETA
2167 290 2634 358 PONTIFICIA.

3479 287 3607 354 658

188 420 597 483 translationis
625 418 866 496 gloriosi
899 422 1250 480 confessoris
1274 429 1642 490 convenerat,
1667 423 1840 479 satis-
1873 422 1926 487 Α
1956 423 2035 480 ris
2067 441 2337 497 persona,
2363 443 2469 483 nec
2500 425 3004 500 archiepiscopus,
3037 439 3142 483 nec
3175 419 3507 498 episcOpus,
3546 427 3605 482 et

193 506 440 572 fecimus
461 513 711 569 fratrum
734 512 1024 585 petitioni,
1058 513 1127 568 de
1157 513 1374 585 quibus
1396 514 1514 569 haec
1539 514 1730 569 littera
1760 529 1844 568 se-

194 621 381 678 quens
401 602 686 658 indicium
704 601 832 657 erit.
858 602 966 656 Pro
994 603 1279 656 mercedis
1304 607 1513 659 nostra:
1531 607 1842 674 augmento

190 694 344 766 apud
363 693 548 748 Deum
571 692 969 754 decernentes,
1007 693 1427 748 conﬁrmamus
1457 693 1621 748 vobis
1645 693 1842 748 fratri-

189 785 297 839 bus
327 785 544 837 sanctaa
589 779 882 836 Tullensis
932 779 1201 835 Ecclesiae
1238 782 1578 836 mansiones
1620 785 1841 836 vestras

187 873 339 928 infra
367 871 686 936 civitatem,
722 873 779 924 et
809 872 990 936 extra,
1025 869 1096 924 ab
1115 870 1275 924 omni
1308 871 1499 925 banno
1532 874 1588 924 et
1609 870 1843 941 justitia

187 960 450 1019 saeculari
479 959 719 1024 liberas,
755 975 860 1014 nec
883 975 916 1014 a
937 958 1110 1013 modo
1132 959 1307 1014 vestri
1338 959 1618 1030 episcopi,
1653 976 1841 1030 neque

193 1049 496 1107 Tullenses
525 1047 790 1114 comites,
823 1062 1012 1118 neque
1039 1047 1176 1114 dux,
1212 1063 1399 1119 neque
1437 1048 1632 1119 aliqua
1663 1065 1840 1102 saecu-

191 1140 333 1196 laris
366 1137 637 1194 exaltatio
658 1137 718 1192 in
749 1136 903 1192 villis
923 1137 1148 1204 '_vestris
1171 1137 1531 1194 advocatiam
1559 1137 1646 1192 vel
1662 1137 1838 1192 servi-

196 1228 365 1295 tium,
385 1227 472 1283 vel
487 1227 720 1298 aliquod
742 1226 1007 1281 debitum
1030 1225 1241 1298 exigat,
1260 1243 1373 1298 quo
1389 1227 1770 1298 imperatores
1784 1229 1840 1280 et

195 1334 379 1390 reges,
406 1320 462 1372 et
481 1316 772 1388 gloriosus
803 1315 1101 1372 confessor
1131 1320 1370 1371 sanctus
1401 1315 1691 1372 Gerardus
1713 1331 1836 1371 om-

192 1406 330 1462 nino
359 1409 560 1460 vestrae
592 1404 986 1476 dispositioni,
1024 1421 1209 1475 usque
1231 1405 1299 1460 ad
1335 1409 1533 1460 nostra
1553 1409 1834 1476 tempora,

190 1495 420 1568 cognita
432 1494 694 1560 veritate,
713 1494 822 1549 sub
837 1493 1209 1549 anathemate
1226 1493 1834 1565 reliqueruntliberas;

190 1584 408 1652 vincas,
441 1588 649 1650 terras,
686 1599 944 1650 mansos,
977 1583 1246 1639 homines
1280 1583 1597 1655 cujuslibet
1637 1601 1833 1655 sexus,

189 1674 308 1731 sive
322 1690 432 1739 res,
452 1678 661 1741 terras,
686 1672 905 1744 ubique
919 1676 1348 1730 commorantes
1371 1676 1427 1728 et
1447 1673 1834 1744 conjacentes,

1951 519 2228 585 praeterea
2246 515 2408 572 nulla
2427 517 2733 573 hominum
2752 534 3022 590 persona,
3045 516 3450 588 cujuscunque
3471 531 3604 572 con-

1952 603 2191 660 ditionis
2241 606 2316 660 sit
2358 606 2447 661 vel
2481 607 2880 678 professionis,
2915 610 3119 662 contra
3148 605 3300 662 hanc
3339 609 3602 662 nostram

1950 693 2424 749 constitutionem
2473 696 2668 751 venire
2700 699 3030 767 prmtentet;
3068 695 3223 766 quod
3257 694 3597 767 quicunque

1949 780 2168 849 fecerit,
2202 787 2399 838 nostro
2422 784 2741 855 apostolico
2773 785 3144 842 anathemate
3167 783 3440 856 usquead
3463 800 3598 840 con-

1949 870 2188 941 dignam
2221 872 2680 928 satisfactionem
2713 890 3030 944 percussus
3059 873 3288 928 existat.
3323 872 3432 939 Qui
3456 889 3594 931 vero

1948 975 2010 1014 se
2039 960 2378 1016 custodierit
2408 963 2464 1014 et
2493 962 2902 1029 observaverit,
2938 966 3140 1017 nostra
3188 962 3601 1019 benedictione

1947 1047 2072 1102 vitae
2103 1053 2326 1103 aeternae
2352 1049 2643 1120 particeps
2665 1051 2972 1105 efﬁciatur.
2997 1053 3201 1106 Amen.

2019 1141 2229 1191 Datum
2259 1137 2410 1192 Tulli
2445 1138 2502 1191 in
2529 1139 2734 1209 majori
2757 1139 3002 1195 ecclesia
3029 1157 3132 1210 per
3151 1157 3361 1197 manus
3378 1141 3598 1198 Udonis

1945 1224 2235 1281 Tullcnsis
2265 1226 2531 1281 Ecclesiae
2564 1227 2902 1298 primicerii,
2936 1229 3266 1284 cancellarii
3297 1233 3353 1285 et
3383 1231 3594 1288 biblio-

1946 1314 2188 1370 thecarii
2213 1319 2427 1370 sanctae
2451 1315 2780 1386 apostolicae
2803 1317 2978 1381 sedis,
3012 1334 3070 1370 x1
3091 1318 3329 1373 Kalend.
3354 1319 3596 1375 Novem-

1946 1404 2067 1460 bris
2101 1421 2253 1460 anno
2289 1404 2597 1459 Dominicae
2627 1404 3050 1460 incarnationis
3080 1405 3392 1464 millesimo
3423 1407 3594 1478 quin-

1946 1493 2287 1565 quagesimo
2329 1492 2539 1564 primo,
2572 1493 2888 1548 indictione
2929 1510 3002 1558 IV,
3045 1510 3196 1548 anno
3235 1494 3595 1564 apostolatus

1946 1582 2168 1638 domini
2201 1582 2408 1638 Leonis
2434 1582 2504 1637 IX
2535 1599 2696 1655 papae
2729 1600 2787 1638 11.

2654 1689 2875 1746 XLVII.

194 1762 351 1818 omni
383 1760 642 1817 saeculari
693 1765 976 1833 potestate
1008 1761 1256 1830 seclusa,
1289 1762 1498 1818 vestris
1527 1763 1734 1819 usibus
1765 1763 1832 1818 li-

1952 1780 2304 1851 Privilegz'um
2325 1779 2378 1835 S.
2412 1781 2608 1865 Leopis
2627 1779 2696 1865 IX,
2724 1780 2797 1865 ait
2821 1783 3075 1861 sanctum
3105 1777 3392 1848 Hugonem
3423 1775 3489 1834 de
3509 1793 3598 1834 ec-

193 1851 330 1906 bere
355 1849 482 1906 sine
508 1866 644 1904 voce
667 1850 1161 1919 contradictionis,
1184 1850 1339 1906 smili
1363 1852 1537 1908 modo
1561 1852 1836 1924 relinqui-

195 1957 327 1994 mus
357 1943 413 1994 et
439 1939 877 1994 conﬁrmamus.
912 1939 970 1994 Si
1001 1940 1158 1995 enim
1182 1943 1408 1997 vestros
1431 1940 1724 2009 homines,
1745 1958 1838 1997 cu-

179 2028 538 2099 juscumque
571 2041 746 2082 sexus
769 2027 1002 2093 fuerint,
1027 2029 1096 2084 de
1117 2028 1269 2084 villis
1287 2029 1501 2086 vestris
1531 2030 1837 2101 contigerit

189 2117 360 2182 exire,
404 2114 549 2171 nulli
583 2132 865 2186 personae,
899 2116 1058 2172 nullo
1089 2118 1282 2173 banno
1323 2118 1401 2174 sit
1431 2118 1658 2175 licitum
1701 2119 1834 2175 illos

190 2205 434 2261 retinere
456 2209 523 2258 ut
553 2221 712 2271 suos,
748 2221 851 2260 nec
873 2205 942 2261 de
963 2205 1196 2262 illorum
1224 2207 1559 2279 posteritate
1586 2208 1832 2264 ubicun-

188 2311 298 2366 que
347 2292 583 2361 fuerint,
625 2293 748 2360 ﬁat,
784 2294 938 2349 sicut
967 2294 1160 2367 vulgo,
1203 2295 1351 2352 belle
1382 2297 1827 2365 reinvestitura;

186 2383 286 2438 sed
320 2397 671 2453 quocunque
704 2380 895 2451 ierint,
932 2382 1103 2439 liceat
1131 2401 1230 2440 eos
1260 2384 1422 2440 vobis
1460 2385 1637 2441 veluti
1671 2387 1830 2459 prius

184 2471 370 2527 libere
400 2470 714 2542 possidere.
749 2471 942 2527 Unum
960 2471 1265 2528 hominum
1295 2475 1366 2529 de
1396 2476 1604 2530 vestris
1635 2477 1704 2530 ad
1738 2493 1832 2532 cu-

181 2560 439 2616 stodiam
471 2559 768 2614 vinearum
802 2560 984 2627 Barri,
1019 2565 1208 2618 vester
1241 2561 1570 2620 claustralis
1601 2564 1830 2631 villicus

181 2647 378 2721 eliget,
420 2652 478 2703 et
525 2646 688 2703 dabit
735 2649 1082 2705 custodiam.
1137 2651 1357 2707 Deinde
1396 2654 1466 2707 ad
1509 2655 1828 2724 jurandam

177 2738 520 2795 ﬁdelitatem
545 2742 772 2794 tantum
798 2738 1159 2808 hominibus,
1182 2741 1370 2797 villico
1393 2741 1641 2798 civitatis
1663 2742 1827 2798 illum

177 2828 649 2900 repraesentetﬂn
673 2828 946 2884 omnibus
971 2830 1364 2901 potestatibus
1386 2831 1444 2886 in
1467 2831 1828 2904 quibusjure

173 2917 421 2988 antiquo
443 2917 702 2973 decimas
723 2917 1175 2974 indominicatas
1198 2920 1602 2992 episcoporum
1623 2921 1828 2992 recipi-

173 3007 268 3074 tis,
301 3023 496 3062 unum
532 3007 827 3062 hominem
859 3024 893 3062 a
923 3008 1116 3062 banno
1150 3006 1297 3064 liber
1329 3026 1459 3064 cum
1493 3027 1672 3066 censu
1722 3029 1828 3066 suo

163 3100 229 3152 et
267 3112 502 3164 manso,
552 3095 740 3167 primo
771 3095 926 3150 sicut
955 3099 1197 3152 sanctus
1225 3096 1520 3154 Gerardus
1551 3099 1826 3166 instituit,

175 3186 246 3240 ad
280 3184 701 3240 custodiendas
720 3183 976 3239 decimas
1014 3184 1301 3256 habeatis,
1333 3190 1388 3241 et
1423 3189 1692 3259 quamvis
1730 3187 1829 3244 ille
1859 3167 1901 3233 Ο

175 3273 417 3339 obierit,
446 3272 626 3327 alium
654 3272 722 3327 de
742 3273 945 3328 eadem
964 3277 1248 3344 potestate
1272 3275 1591 3347 accipiatis.
1608 3277 1827 3333 Conﬁr-

176 3378 419 3417 mamus
467 3360 642 3417 etiam
677 3378 950 3418 mansum
982 3379 1167 3418 unum
1201 3363 1259 3418 in
1304 3365 1660 3433 Paterniaco,
1695 3384 1828 3422 cum

175 3451 460 3506 omnibus
473 3449 830 3522 appenditiis
853 3451 996 3522 suis,
1021 3452 1260 3508 omnino
1277 3453 1547 3521 liberum,
1573 3472 1704 3511 cum
1725 3473 1829 3511 crn-

176 3541 317 3597 teris
335 3540 618 3596 omnibus
640 3539 739 3611 qui
754 3539 813 3594 in
827 3540 963 3595 villa
984 3541 1185 3596 eadem
1204 3547 1341 3597 sunt
1362 3543 1579 3611 ;tamin
1593 3545 1831 3615 pascuis

178 3646 362 3700 quam
387 3629 447 3683 in
466 3628 575 3684 viis
592 3632 649 3684 et
665 3628 890 3684 semitis
904 3629 1214 3684 habentem
1239 3630 1416 3686 libere
1433 3636 1489 3687 et
1506 3631 1830 3703 plenarium

179 3734 360 3772 usum
391 3734 405 3782 ;
436 3717 698 3772 bannum
720 3717 894 3773 etiam
917 3718 1225 3789 piscaturee
1252 3720 1524 3788 Mosella,
1549 3720 1832 3794 incipien-

176 3805 254 3861 tis
284 3805 568 3878 superius
600 3822 633 3860 a
661 3822 801 3879 rupe
832 3805 1152 3862 molendini
1175 3809 1372 3864 Sancti
1403 3811 1540 3881 Apri
1561 3815 1618 3866 et
1637 3812 1831 3867 Sancti

175 3894 441 3961 Vedasti,
479 3911 661 3966 usque
683 3895 753 3949 ad
783 3894 1038 3950 rivulum
1068 3897 1470 3953 decurrentem
1495 3898 1566 3953 de
1587 3901 1831 3954 summi-

175 3986 294 4038 tate
326 3982 570 4050 montis,
606 3983 842 4038 nomine
862 3984 1118 4052 Castelli,
1151 3985 1375 4042 nullius
1396 4003 1676 4058 persona,
1705 3989 1832 4044 nul-

172 4070 289 4127 lius
338 4071 523 4127 banni
569 4071 864 4143 piscatura
893 4072 1314 4130 intercurrente
1369 4076 1590 4147 absque
1643 4082 1836 4133 vestra

173 4159 444 4229 licentia;
478 4177 706 4216 necnon
737 4164 793 4215 et
825 4161 1197 4217 medietatem
1239 4163 1495 4220 ecclesiae
1525 4182 1658 4220 cum
1697 4183 1831 4222 con-

176 4250 356 4304 ductu
400 4249 600 4304 vicarii
648 4249 706 4303 in
757 4249 999 4306 Totonis
1044 4251 1204 4318 villa,
1259 4270 1434 4324 quam
1468 4256 1834 4310 venerandus

178 4338 396 4410 praesul
426 4337 785 4394 Gauzelinus
807 4339 1047 4394 tradidit
1065 4341 1251 4406 vobis,
1277 4343 1348 4396 ob
1373 4342 1463 4397 sui
1489 4360 1834 4400 commemo-

177 4428 472 4482 rationem
501 4426 907 4482 anniversarii.
942 4428 1220 4484 Homines
1251 4430 1425 4485 vestri
1459 4431 1610 4488 infra
1640 4431 1837 4488 civita-

2478 1851 2643 1906 clesz'a
2662 1851 2726 1905 de
2758 1852 3058 1920 ltmm'ngis.

2560 1940 2745 2011 (Anno
2789 1940 2974 2007 1050.)

2419 2026 2651 2098 [Battara
2691 2026 2964 2095 Cluniae,
3001 2026 3112 2096 12.]

2013 2118 2124 2172 Leo
2155 2117 2486 2188 episcopus,
2520 2133 2721 2172 servus
2741 2131 3044 2172 servorum
3075 2113 3199 2180 Dei,
3231 2119 3459 2172 Husom
3488 2130 3590 2172 ve-

1943 2205 2186 2262 nerabili
2219 2206 2413 2261 abbati
2444 2204 2847 2262 Cluniacensis
2892 2203 3139 2261 coenobii
3177 2205 3426 2277 ejusque
3454 2221 3588 2263 suc-

1941 2295 2272 2352 cessoribus
2304 2295 2362 2349 in
2395 2298 2764 2368 perpetuum.

2011 2384 2295 2450 Quoniam
2346 2383 2656 2456 postulasti
2705 2401 2739 2439 a
2783 2383 2976 2450 nobis,
3008 2383 3184 2438 frater
3221 2383 3586 2454 charissime,

1939 2473 2272 2529 conﬁrmari
2292 2472 2610 2545 apostolica
2626 2473 2967 2529 auctoritate
2985 2472 3253 2544 quaedam
3275 2471 3432 2528 bona
3450 2489 3585 2528 con-

1939 2579 2103 2619 cessa
2134 2581 2168 2619 a
2216 2563 2570 2634 quibusdam
2601 2561 2740 2617 viris
2772 2562 2958 2617 Deum
2987 2560 3336 2616 timentibus
3375 2564 3586 2616 nostra

1938 2651 2307 2709 Cluniacensi
2336 2651 2622 2720 ecclesiae;
2653 2666 2756 2724 per
2779 2651 2930 2706 hanc
2951 2653 3161 2706 nostra;
3183 2649 3586 2722 praeceptionis

1940 2742 2214 2814 paginam
2230 2743 2648 2798 conﬁrmamus
2662 2740 2762 2797 illa
2777 2739 2883 2796 tibi
2896 2740 3129 2812 tuisque
3151 2739 3588 2796 successoribus

1939 2833 2265 2888 secundum
2298 2831 2636 2903 petitionem
2659 2835 2846 2897 tuam,
2870 2829 3149 2901 quoniam
3171 2844 3302 2885 eam
3333 2828 3588 2886 rationa-

1940 2921 2114 2978 bilem
2148 2921 2560 2992 conspeximus
2591 2925 2648 2976 et
2672 2920 3000 2975 honestam.
3026 2919 3274 2974 Proinde
3294 2921 3464 2975 scuto
3484 2935 3588 2975 no-

1939 3015 2072 3066 strae
2121 3009 2476 3065 defensionis
2522 3009 2970 3065 corroboramus
3017 3007 3291 3080 praedicto
3321 3007 3586 3064 coenobio

1937 3100 2242 3155 ecclesiam
2275 3115 2408 3154 cum
2433 3099 2669 3171 praedio,
2689 3099 2845 3170 quod
2878 3097 3095 3154 dicitur
3124 3097 3442 3169 Raningas,
3475 3098 3586 3153 sub

1940 3189 2175 3244 nomine
2196 3188 2350 3245 cellae
2374 3191 2767 3244 constructam
2790 3204 2965 3260 quam
2989 3187 3148 3243 dedit
3164 3188 3332 3243 bona;
3361 3201 3586 3242 memo-

1940 3279 2036 3334 riae
2071 3278 2362 3349 Riquinus
2394 3279 2464 3333 de
2506 3278 2777 3347 Dornejo,
2809 3276 3210 3333 consentiente
3249 3291 3424 3332 uxore
3453 3292 3584 3347 sua,

1941 3369 2244 3424 Loanceda
2274 3367 2528 3433 nomine,
2549 3371 2747 3422 nostro
2768 3365 3004 3437 praefato
3027 3364 3409 3432 monasterio;
3432 3365 3588 3421 vide-

1940 3455 2072 3513 licet
2089 3457 2279 3527 ipsum
2303 3455 2584 3527 praedium
2604 3455 2902 3527 Raningas
2923 3471 3056 3510 cum
3076 3454 3354 3510 omnibus
3372 3470 3585 3526 appen-

1940 3545 2110 3600 diciis
2157 3545 2302 3611 suis,
2350 3544 2519 3599 terris
2559 3543 2731 3598 cultis
2776 3547 2832 3598 et
2871 3542 3128 3609 incultis,
3169 3542 3372 3613 pratis,
3403 3542 3586 3609 silvis,

1941 3633 2546 3705 aquis,aquarumque
2576 3631 2944 3699 decursibus,
2977 3629 3233 3702 pascuis.
3251 3629 3432 3687 servis
3485 3647 3589 3686 an-

1941 3722 2112 3788 cillis,
2135 3720 2828 3788 etomnibususuaribus,
2851 3735 3215 3792 quaecunque
3234 3718 3439 3774 ibivisi
3452 3723 3592 3776 sunt

1942 3811 2258 3884 possidere,
2283 3809 2578 3873 ecclesias,
2605 3825 2822 3876 servos,
2845 3813 2903 3864 et
2925 3808 3190 3875 ancillas,
3212 3807 3431 3880 praedia
3453 3823 3593 3880 quo-

1941 3918 2076 3972 que,
2093 3899 2261 3955 sicuti
2277 3903 2415 3954 sunt
2431 3917 2464 3954 a
2481 3897 2754 3970 praedicto
2778 3896 3030 3969 Riquino
3043 3897 3279 3970 scripta,
3314 3896 3592 3953 laudante

1943 3993 2000 4045 et
2029 3987 2429 4044 consentiente
2459 3979 2755 4042 ’l‘ullenSis
2784 3985 3039 4043 ecclesiae
3091 3985 3386 4058 pontiﬁce,
3424 3984 3595 4042 salva

1942 4083 2139 4136 tamen
2189 4077 2533 4133 auctoritate
2567 4079 2625 4132 et
2654 4075 2873 4132 honore
2910 4091 3028 4131 suae
3056 4073 3343 4140 Ecclesiae,
3381 4073 3593 4130 conﬁr-

1944 4185 2178 4224 mamus
2206 4165 2313 4222 tibi
2345 4166 2404 4220 in
2447 4169 2820 4238 perpetuum.
2853 4163 3144 4219 Praedium
3185 4162 3383 4230 etiam,
3433 4163 3593 4234 quod

1944 4262 2103 4330 Hogo
2137 4257 2205 4312 de
2236 4255 2410 4328 longa
2430 4273 2583 4327 aqua
2604 4253 2764 4309 dedit
2782 4255 2982 4309 sancto
3003 4253 3172 4308 Petro
3189 4250 3593 4308 Cluniacensis

1944 4346 2220 4412 ecclesiae,
2258 4345 2355 4416 qui
2384 4347 2558 4416 caput
2591 4346 2682 4398 est
2709 4342 2889 4414 hujus
2929 4345 3130 4398 vestrae
3163 4340 3344 4410 cellae,
3377 4341 3594 4398 conﬁr-

1947 4452 2181 4491 mamus
2212 4433 2339 4510 tibi.
2362 4433 2608 4504 Insuper
2629 4434 2684 4486 et
2715 4430 2828 4488 alia
2851 4445 3216 4504 quaecunque
3245 4446 3279 4487 a
3299 4429 3469 4486 bonis
3489 4430 3593 4486 ho—

178 4520 301 4571 tem
345 4515 435 4571 vel
467 4520 626 4572 extra
671 4520 1123 4585 commorantes,
1159 4536 1331 4574 usum
1364 4521 1543 4575 banni
1591 4521 1837 4578 civitatis
1867 4539 1914 4604 D
1949 4523 2209 4580 minibus
2239 4522 2512 4593 praedicto
2544 4520 2668 4576 loco
2691 4524 2890 4591 postea
2909 4523 3049 4576 sunt
3080 4535 3358 4577 concessa
3385 4518 3472 4576 vel
3494 4519 3596 4591 ju—

179 4620 561 4660 communem
591 4622 728 4660 cum
761 4605 1038 4661 omnibus
1061 4606 1280 4663 cantoris
1304 4607 1578 4676 habeant,
1605 4626 1709 4665 nec
1731 4611 1832 4664 ulli

165 4693 424 4764 justitiae
473 4692 739 4749 saeculari
781 4693 897 4749 nisi
930 4700 1132 4750 vestra:
1169 4695 1284 4750 sint
1329 4698 1584 4765 subditi;
1631 4699 1740 4752 nisi
1774 4701 1843 4756 de

175 4783 516 4840 forensibus
548 4782 970 4851 mercimoniis,
994 4784 1042 4839 si
1067 4802 1200 4841 cum
1232 4787 1456 4850 caeteris
1489 4789 1842 4845 bannalibus

174 4871 610 4928 mercatoribus
625 4871 845 4927 fuerint
859 4873 1159 4929 constituti
1177 4891 1280 4946 per
1292 4875 1548 4932 villicum
1571 4876 1840 4933 civitatis.

173 4963 231 5017 Si
265 4961 603 5034 indigentia
653 4960 1062 5017 ministrorum
1109 4964 1369 5034 coquinae
1399 4966 1486 5020 vel
1519 4966 1750 5038 pistrini
1784 4968 1840 5022 in

172 5049 484 5107 claustrali
518 5050 754 5106 servitio
784 5050 950 5106 vobis
982 5052 1254 5119 evenerit,
1281 5051 1451 5108 liceat
1479 5055 1643 5110 vobis
1666 5056 1723 5110 in
1747 5073 1842 5111 cu-

171 5141 259 5196 ria
290 5139 561 5212 episcopi
593 5139 768 5194 vestri
793 5139 1084 5208 quoslibet
1114 5157 1435 5208 assumere,
1464 5144 1552 5198 vel
1575 5145 1631 5198 in
1657 5145 1840 5214 quoli-

171 5229 272 5285 bet
292 5228 551 5284 civitatis
573 5228 661 5284 vel
688 5228 1064 5300 episcopatus
1087 5230 1369 5300 coenobio,
1394 5232 1441 5287 si
1466 5233 1545 5287 ibi
1571 5239 1846 5304 praestant

169 5317 371 5374 idonei
407 5316 654 5390 reperiri
675 5321 868 5373 vestro
892 5315 1191 5375 claustrali
1217 5319 1470 5377 servitio.
1499 5322 1625 5376 Hinc
1648 5323 1846 5378 omnia

171 5407 523 5481 supradicta
542 5406 708 5462 vobis
729 5407 1010 5464 fratribus
1035 5406 1353 5479 apostolica
1371 5427 1619 5466 censura
1637 5412 1843 5466 conﬁr—

172 5513 422 5554 mamus
449 5497 561 5554 sub
593 5495 793 5552 divina
822 5497 1233 5566 obtestatione,
1269 5501 1332 5554 ut
1363 5500 1560 5556 nullus
1593 5501 1845 5572 impera-

171 5592 287 5657 tor,
313 5584 524 5645 nullus
552 5587 692 5660 dux,
720 5603 908 5659 neque
932 5603 1149 5656 comes,
1179 5605 1365 5660 neque
1387 5589 1584 5662 aliqua
1616 5588 1847 5648 saecula-

1946 4617 2034 4668 ste
2065 4610 2372 4683 acquisita,
2397 4609 2484 4664 vel
2516 4627 2641 4681 (μιω
2673 4608 2730 4662 in
2763 4609 3024 4665 futurum
3056 4612 3329 4682 poterunt
3348 4607 3594 4680 acquiri,

1951 4702 2153 4757 eodem
2189 4701 2358 4757 modo
2391 4699 2704 4754 laudamus
2724 4702 2780 4753 et
2801 4699 3241 4768 conﬁrmamus,
3269 4700 3596 4755 statuentes

1952 4789 2270 4863 apostolica
2313 4805 2562 4844 censura
2612 4792 2677 4842 ut
2710 4786 2909 4844 nullus
2950 4804 3064 4853 rex,
3099 4787 3594 4859 archiepiscopus,

1952 4881 2282 4952 episcopus,
2319 4877 2454 4943 dux,
2489 4890 2706 4941 comes,
2737 4873 3081 4938 vicecomes,
3113 4871 3202 4926 vel
3244 4871 3438 4943 aliqua
3485 4872 3600 4930 alia

1944 4967 2246 5040 judicialis
2285 4980 2535 5036 persona
2566 4963 2778 5018 audeat
2806 4961 3063 5032 aliquam
3113 4959 3326 5015 inferre
3375 4960 3598 5017 calum-

1953 5059 2110 5113 niam
2135 5059 2336 5110 contra
2356 5053 2507 5106 hanc
2525 5055 2784 5106 nostram
2825 5047 3269 5106 defensatricem
3297 5046 3597 5118 paginam,

1953 5162 2131 5218 quam
2190 5142 2524 5214 quicunque
2575 5137 2868 5193 studuerit
2926 5152 3152 5193 servare
3201 5139 3258 5190 et
3307 5135 3601 5191 custodire

1954 5235 2191 5289 illacsam
2218 5230 2699 5286 habeatnostram
2722 5225 3186 5282 benedictionem
3203 5222 3597 5289 cumulatum;

1954 5323 2054 5395 qui
2089 5324 2283 5377 autem
2319 5315 2646 5373 contrarius
2676 5313 3005 5380 existiterit,
3039 5310 3432 5368 anathematis
3459 5328 3601 5370 nos-

1954 5412 2029 5467 tri
2054 5409 2252 5482 jaculo
2284 5422 2598 5480 percussus
2629 5405 2686 5460 in
2727 5407 2912 5459 morte
2942 5402 3150 5458 animae
3173 5402 3377 5474 jacens
3407 5402 3482 5459 ad
3511 5401 3606 5458 vi-

1957 5505 2075 5557 tam
2107 5505 2379 5556 aeternam
2416 5510 2740 5567 nunquam,
2773 5493 2885 5552 nisi
2923 5491 3255 5565 resipuerit,
3304 5495 3607 5552 mereatur

1957 5606 2278 5661 resurgere.
