3974 6206
128 277 247 341 661

1118 275 1524 339 EPISTOLJE
1565 275 1666 341 ET
1707 276 2072 341 DECRETA
2115 279 2585 344 PONTIFICIA.

3424 276 3545 342 662

132 410 266 489 gilii
295 405 691 486 impressione
716 408 919 467 contra
936 407 1199 467 omnium
1225 410 1670 469 reclamantium
1693 430 1788 469 vo-
1820 411 1875 479 Α
1906 414 1977 471 de
2008 414 2189 489 stirpe
2238 415 2427 491 ipsius
2458 413 2749 490 Raynardi
2780 412 3165 487 descenderit,
3196 414 3298 474 aut
3338 430 3407 472 ex
3445 430 3545 471 cu-

136 521 235 561 ces
267 501 539 574 insigniri
572 499 970 573 praecipimus.

209 593 360 649 Data
380 590 534 648 Tulli
555 591 818 646 IvNonas
846 590 1320 663 Novembris,per
1342 609 1553 648 manus
1575 592 1793 648 Udonis

133 681 437 738 Tullensis
458 679 864 754 primicerii,et
888 684 1102 734 sancta:
1126 680 1453 751 apostolicae
1477 680 1633 737 sedis
1654 699 1794 737 can-

134 769 358 828 cellarii
390 773 446 826 et
477 768 934 837 bibliothecarii,
968 785 1121 823 anno
1153 768 1224 822 ab
1256 769 1653 825 Incarnatione
1682 770 1792 825 Do-

134 860 279 917 mini
317 859 477 925 105l,
502 857 726 914 domini
760 874 893 912 vero
924 857 1133 913 Leonis
1163 857 1302 913 noni
1335 875 1494 929 papae
1527 876 1679 914 anno
1709 876 1794 915 se-

134 951 354 1018 cundo,
386 947 711 1004 indictione
740 964 816 1001 1v.

874 1054 1065 1108 XLIX.

138 1146 198 1202 S.
230 1147 429 1203 Leonis
457 1146 523 1201 IX
551 1144 702 1200 bulla
725 1145 1185 1268 ργοιπὲιέηῗδιφυτό
1213 1151 1524 1199 sanctorum
1555 1146 1794 1200 Bertarii

798 1231 826 1268 e
949 1232 980 1268 a
1006 1230 1117 1268 em.

798 1230 850 1270 ει
878 1230 1117 1269 Atatem.

761 1304 951 1374 (Anno
986 1304 1169 1373 1050.)

326 1391 570 1465 [MabilL
604 1392 804 1448 Annal.
838 1391 955 1447 0rd.
986 1392 1041 1446 S.
1074 1392 1297 1458 Bened.,
1333 1392 1423 1457 IV,
1455 1394 1604 1461 740.]

209 1484 325 1538 Leo
377 1497 587 1538 servus
644 1497 946 1536 servorum
1000 1479 1124 1542 Dei,
1174 1479 1429 1536 ecclesiae
1486 1481 1792 1537 beatorum

137 1576 469 1645 martyrum
502 1568 745 1628 Bertarii
776 1573 832 1625 et
860 1568 1241 1640 Ataleni,quae
1273 1570 1488 1627 dicitur
1516 1570 1791 1626 Bledcrici

136 1661 301 1728 villa,
336 1661 537 1733 posita:
568 1660 628 1715 in
661 1659 940 1714 comitatu
975 1657 1334 1723 Santensi,et
1364 1674 1466 1731 per
1494 1676 1621 1715 eam
1653 1677 1791 1716 san-

138 1750 600 1843 ctimonialibus,
633 1749 851 1843 ibidem
882 1752 1161 1821 perpetuo
1196 1747 1793 1822 famulaturis,perpe-
1823 1778 1869 1843 B

136 1847 305 1896 tuam
336 1840 396 1894 in
429 1838 673 1895 Domino
704 1837 979 1893 salutem.

207 1929 293 1983 Ad
335 1926 701 2000 apostolatus
732 1928 914 1983 nostri
946 1942 1146 1982 curam
1178 1926 1582 1998 proculdubio
1605 1928 1787 1983 credi-

136 2019 231 2071 tur
262 2016 553 2088 pertinere
576 2019 641 2070 ut
661 2014 1014 2071 venerabilia
1048 2014 1174 2069 loca
1215 2015 1433 2071 nostris
1453 2016 1788 2087 apostolicis

136 2106 279 2160 ﬁant
309 2104 560 2172 munita,
586 2108 643 2160 et
674 2104 843 2160 nobis
872 2104 1136 2176 proﬁciat
1168 2106 1239 2160 ad
1272 2103 1481 2161 salutis
1512 2122 1790 2178 augmen-

134 2200 264 2250 tum
293 2195 448 2267 quod
482 2193 568 2249 eis
603 2194 832 2264 proﬁcit
874 2194 944 2247 ad
993 2192 1301 2249 tutaminis
1355 2192 1785 2250 fulcimentum.

137 2285 502 2356 Quapropter
531 2299 765 2355 acquum
797 2284 853 2337 et
883 2282 1137 2337 salutare
1163 2283 1355 2337 visum
1387 2282 1497 2338 fuit
1527 2283 1697 2338 nobis
1727 2288 1790 2338 ut

136 2372 480 2446 praedictam
512 2371 817 2427 ecclesiam
868 2389 902 2427 a
950 2372 1256 2443 Raynardo
1307 2372 1517 2427 comite
1548 2372 1788 2443 suisque

137 2461 613 2535 progenitoribus
666 2460 962 2516 conditam
1030 2460 1358 2533 apostolica:
1426 2459 1788 2517 auctoritatis

134 2557 303 2607 scuto
336 2548 988 2621 muniremus,namque
1008 2549 1067 2604 in
1091 2549 1412 2605 monastico
1434 2548 1637 2604 ordine
1657 2565 1786 2621 per-

134 2654 371 2695 manere
432 2638 901 2694 decerneremus.
938 2638 1016 2693 Ea
1046 2639 1225 2710 igitur
1270 2638 1634 2705 auctoritate,
1669 2655 1786 2709 qua

132 2728 196 2785 in
226 2727 416 2794 terris,
450 2727 587 2783 licet
614 2727 866 2800 indigni,
894 2727 1017 2782 vice
1059 2731 1258 2783 tamen
1304 2727 1609 2799 fungimur
1651 2728 1785 2782 bea-

134 2816 349 2874 tissimi
381 2816 536 2873 Petri
574 2815 842 2888 apostoli,
878 2817 1298 2872 conﬁrmamus
1330 2820 1388 2872 et
1417 2816 1785 2883 roboramus,

132 2924 238 2981 per
262 2906 412 2962 hanc
436 2905 620 2961 nostri
639 2904 941 2976 apostolici
972 2905 1257 2978 privilegii
1282 2905 1579 2977 paginam,
1599 2906 1786 2960 eidem

132 3002 334 3053 sancto
385 3000 444 3051 et
489 2992 810 3050 venerabili
856 2992 981 3049 loco
1031 2995 1229 3050 omnia
1276 3010 1404 3065 quae
1455 2993 1527 3049 ab
1587 2994 1786 3049 eodem

133 3085 441 3158 Reynardo
474 3083 687 3138 comite
735 3083 980 3154 ejusque
1029 3083 1373 3155 parentibus
1404 3086 1461 3137 et
1491 3081 1623 3137 aliis
1654 3082 1786 3154 qui-

130 3177 508 3245 buscumque
530 3172 799 3228 ﬁdelibus
812 3172 1027 3228 Christi
1046 3188 1315 3229 concessa
1342 3176 1398 3228 et
1419 3172 1787 3227 concedenda

131 3267 277 3321 sunt
306 3263 364 3317 in
397 3265 742 3333 perpetuum
779 3279 791 3316 :
826 3260 1203 3332 prohibentes
1235 3265 1438 3317 nostra
1468 3260 1787 3332 apostolica

133 3352 482 3409 auctoritate
514 3367 585 3406 ne
616 3366 881 3422 unquam
934 3368 969 3406 a
1013 3352 1338 3407 monastico
1389 3351 1589 3407 ordine
1623 3351 1785 3407 locus

126 3441 255 3514 ipse
285 3442 607 3507 auferatur,
642 3441 743 3496 sed
775 3457 1007 3512 semper
1035 3442 1143 3496 sub
1176 3441 1378 3513 regula
1402 3441 1590 3497 sancti
1613 3442 1787 3497 Bene-

120 3529 264 3585 dic-ti
296 3532 723 3601 permaneat,et
752 3532 1099 3584 nominatim
1115 3547 1242 3602 quae
1276 3529 1400 3600 ipse
1439 3529 1783 3601 Raynardus

123 3634 327 3675 comes
358 3616 498 3671 huic
530 3616 653 3673 loco
683 3635 790 3689 pro
831 3619 1091 3674 remedio
1122 3618 1330 3675 anime:
1361 3636 1480 3673 suae
1512 3618 1779 3684 contulit,

120 3721 383 3780 quarum
421 3705 657 3776 quidem
689 3710 1043 3778 potestatum
1076 3708 1315 3762 nomina
1347 3707 1441 3761 hic
1491 3707 1781 3763 subscribi

117 3795 395 3862 fecimus,
449 3793 735 3867 integram
788 3796 1056 3853 videlicet
1105 3795 1613 3864 Bledericivillam,
1645 3813 1780 3852 cum

113 3884 365 3943 ecclesia
420 3888 480 3939 et
526 3884 687 3939 omni
737 3884 1069 3957 integritate
1110 3902 1248 3953 sua;
1282 3884 1780 3941 Romaldi-villam

111 3989 246 4030 cum
279 3971 444 4028 omni
474 3971 844 4043 integritate;
877 3972 1132 4029 Salsuris
1166 3991 1297 4029 cum
1334 3974 1492 4028 omni
1540 3972 1780 4045 integri-

112 4066 259 4130 tate;
298 4060 680 4118 Pantevillare
709 4079 844 4118 cum
882 4063 1042 4118 omni
1077 4062 1443 4135 integritate;
1496 4062 1777 4119 allodium

110 4152 179 4209 de
209 4153 430 4207 domno
460 4149 699 4218 Basolo;
735 4152 1187 4225 Ligisdicurtem
1238 4168 1372 4207 cum
1420 4152 1776 4224 integritate,

108 4240 399 4297 allodium
430 4239 502 4294 de
534 4238 978 4297 Unzoniscurte.
1010 4242 1149 4296 Post
1179 4258 1431 4313 quorum
1483 4241 1774 4297 donorum

110 4328 525 4385 ﬁrmissimam
580 4329 1092 4397 contraditioncm,
1122 4330 1277 4386 sicut
1304 4331 1431 4400 ipse
1462 4330 1777 4402 praedictus

108 4434 317 4474 comes
360 4418 488 4486 jam
534 4418 870 4489 expetierat,
904 4436 1033 4475 eam
1081 4436 1114 4474 a
1166 4418 1355 4485 nobis,
1387 4420 1528 4473 dum
1561 4420 1619 4474 in
1652 4419 1776 4475 solo

1896 507 1998 577 jus
2039 506 2377 564 hereditate
2426 508 2579 563 idem
2619 507 2784 564 locus
2822 512 2912 564 est
2955 507 3242 581 inceptus,
3274 505 3552 579 praedicta

1905 596 2204 652 advocatis.
2240 598 2568 670 perveniat;
2629 602 2684 653 et
2731 598 3058 664 annuatim,
3108 598 3168 653 in
3219 595 3554 652 Inventione

1903 685 2089 740 sancti
2121 686 2422 758 Stephani,
2446 685 2711 741 debitum
2743 703 2984 741 censum
3013 685 3285 741 instituta
3306 700 3553 757 congre-

1903 774 2059 844 gatio
2090 773 2278 845 ipsius
2309 775 2419 829 loci
2450 791 2552 845 pro
2585 776 2948 845 subjectione
2980 774 3292 847 persolvat,
3326 773 3552 830 scilicet

1903 878 2134 917 cereum
2168 881 2374 929 unum,
2409 864 2719 919 duodecim
2750 864 3007 919 denariis
3035 862 3418 919 Tullensibus
3447 880 3551 936 ap-

1902 951 2237 1023 pretiatum.
2265 952 2497 1007 Donum
2527 952 2710 1024 igitur
2739 953 2985 1009 abbatis:
3003 953 3062 1008 in
3086 969 3267 1009 manu
3290 952 3552 1025 episcopi

1900 1038 2194 1094 Tullensis
2212 1057 2444 1111 semper
2454 1041 3549 1114 consistat,etquaecunquedeejusdem

1902 1127 2123 1197 praelati
2152 1128 2387 1183 comitis
2416 1127 2595 1198 stirpe
2626 1128 2683 1182 in
2706 1129 2909 1183 eodem
2939 1130 3199 1184 cmnobio
3230 1129 3442 1186 idonea
3461 1129 3551 1186 in-

1900 1219 2074 1270 venta
2104 1215 2295 1280 fuerit,
2331 1216 2720 1287 provisionem
2770 1217 2900 1284 loci,
2935 1219 3044 1272 sub
3093 1217 3330 1274 nomine
3375 1220 3556 1275 abba-

1900 1304 2403 1376 tisszn,suscipiat;
2437 1304 2529 1359 sin
2560 1309 2756 1361 autem
2779 1305 2923 1361 inibi
2944 1306 3269 1377 nequiverit
3288 1307 3550 1379 reperiri,

1904 1393 1973 1447 de
2005 1392 2129 1448 loco
2162 1393 2350 1448 sancti
2382 1394 2673 1449 Romarici
2732 1393 2931 1465 aliqua
2980 1395 3051 1450 de
3098 1395 3229 1466 ejus
3276 1397 3556 1467 progenie

1904 1482 2082 1554 digna
2116 1483 2186 1537 ad
2221 1482 2581 1538 abbatissam
2615 1488 2903 1551 sumatur,
2936 1487 2993 1538 et
3039 1483 3089 1538 si
3129 1482 3308 1539 etiam
3353 1482 3411 1537 in
3459 1484 3556 1539 bis

1902 1570 2167 1642 utrisque
2184 1571 2463 1627 coenobiis
2494 1571 2657 1628 nulla
2687 1572 2899 1645 poterit
2926 1572 3553 1645 inveniri,potestatem

1903 1659 2214 1732 episcopus
2245 1661 2476 1730 habeat,
2510 1665 2611 1717 aut
2641 1663 2712 1718 de
2742 1662 2964 1719 eisdem
2994 1662 3160 1730 locis,
3192 1665 3297 1717 aut
3326 1662 3397 1717 de
3418 1661 3550 1717 aliis

1904 1749 2057 1805 infra
2083 1749 2415 1805 Tullensem
2448 1751 2847 1824 episcopatum
2873 1751 3049 1807 aliam
3080 1752 3322 1824 dignam
3344 1766 3545 1823 perso-

1898 1855 2033 1894 nam
2067 1839 2421 1911 perquirere,
2454 1845 2510 1895 et
2558 1841 2615 1895 in
2666 1841 2790 1895 loco
2839 1840 2938 1894 illo
2987 1840 3313 1895 secundum
3356 1839 3544 1896 Deum

1898 1928 2208 1999 praeﬁcere.
2243 1928 2301 1983 Si
2334 1928 2465 1999 quis
2497 1944 2654 2000 ergo,
2686 1929 2839 1999 quod
2875 1928 3059 1984 absit!
3107 1932 3165 1983 et
3210 1928 3367 1998 quod
3416 1927 3544 1984 ﬁeri

1898 2017 2140 2071 minime
2170 2017 2563 2083 credimus,ab
2594 2017 2703 2073 hac
2733 2020 2934 2073 nostra
2960 2016 3198 2089 publica
3243 2016 3545 2074 sanctione

1897 2107 2231 2163 discordare
2260 2107 2693 2179 pertentaverit,
2718 2111 2777 2163 et
2806 2106 3065 2178 praestito
3096 2104 3345 2176 alicujus
3376 2105 3547 2177 pretii

1886 2200 2246 2266 commento,
2281 2213 2397 2251 non
2429 2197 2755 2251 secundum
2802 2194 3116 2251 Dominum
3147 2193 3544 2267 praelationem

1894 2281 2005 2338 loci
2040 2283 2327 2349 statuerit,
2355 2288 2456 2338 aut
2486 2283 2681 2339 locum
2711 2285 3034 2351 destruere,
3073 2281 3160 2337 vel
3209 2283 3281 2338 de
3327 2299 3546 2355 appen-

1897 2372 2064 2427 diciis
2088 2372 2437 2427 imminuere
2461 2372 2950 2440 voluerit,habeat
2962 2372 3280 2427 advocatus
3302 2371 3553 2427 liberam

1896 2463 2243 2533 potestatem
2277 2461 2530 2516 adeundi
2564 2464 2847 2533 regem,et
2871 2460 2953 2514 ibi
2969 2476 3179 2514 causas
3210 2459 3553 2516 monasterii

1898 2549 2184 2621 sagaciter
2212 2555 2480 2621 exponat,
2499 2555 2556 2605 et
2584 2551 2765 2620 hujus
2795 2553 3005 2605 nostrae
3038 2547 3367 2621 apostolicae
3398 2566 3550 2621 prte-

1900 2639 2184 2710 ceptionis
2216 2639 2634 2710 diruptionem,
2666 2643 2722 2694 et
2769 2643 2834 2695 ut
2881 2639 3232 2717 reformatur
3279 2655 3544 2694 summo-

1895 2745 2030 2800 pere
2059 2728 2310 2784 studeat.
2336 2728 2395 2783 Si
2420 2745 2552 2783 vero
2584 2728 2898 2784 advocatus
2927 2729 2999 2783 de
3028 2726 3405 2784 facultatibus
3426 2743 3547 2784 mo-

1897 2816 2138 2872 nasterii
2169 2818 2245 2882 vi,
2278 2822 2379 2871 aut
2409 2818 2564 2873 malo
2613 2817 2847 2889 ingenio
2879 2816 3183 2888 quidpiam
3214 2816 3545 2874 diminuere

1893 2904 2165 2971 voluerit,
2190 2911 2290 2961 aut
2319 2905 2494 2961 etiam
2526 2906 2675 2967 hanc
2707 2909 2967 2962 nostram
2998 2904 3376 2978 apostolicam
3410 2923 3545 2961 con-

1896 2994 2289 3050 ﬁrmationem
2312 2995 2646 3067 infringere,
2676 2994 3070 3051 commonitus
3098 2994 3190 3051 bis
3219 3011 3285 3050 ac
3317 2995 3481 3051 tertio
3513 3011 3549 3050 ο,

1897 3084 2221 3156 praesule,si
2254 3101 2387 3139 cum
2413 3084 2646 3154 justitia
2675 3084 2909 3156 culpam
2938 3084 3250 3140 emendare
3276 3082 3548 3151 voluerit,

1817 3151 1858 3217 C
1897 3151 2196 3228 advocatis
2227 3173 2338 3228 sibi
2372 3151 2741 3245 permaneat;
2773 3151 2838 3229 at
2863 3174 2915 3230 si
2945 3177 3145 3229 contra
3167 3173 3424 3246 episcopi
3444 3174 3550 3230 ad-

1898 3262 2277 3318 monitionem
2309 3262 2396 3318 vel
2427 3263 3097 3319 cxcommunicationem
3128 3260 3548 3334 incorrigibilis

1896 3352 2301 3422 permanserit,
2337 3352 2636 3408 advocatia
2666 3357 2877 3420 careat,
2911 3356 2969 3407 et
2997 3351 3210 3423 praesul
3233 3350 3418 3407 alium
3439 3352 3549 3406 ad-

1892 3444 2158 3496 vocatum
2220 3441 2479 3511 requirat
2531 3441 2632 3513 qui
2681 3440 2930 3495 ﬁdeliter
2983 3439 3094 3495 loci
3144 3438 3543 3495 defensionem

1894 3529 2210 3601 provideat.
2252 3530 2321 3583 Et
2368 3546 2438 3583 ne
2487 3528 2708 3601 aliquid
2755 3530 2825 3584 de
2873 3527 3235 3599 appendiciis
3287 3525 3543 3583 ecclesias

1895 3634 2181 3688 usurpare
2230 3622 2565 3688 praesumat,
2628 3604 2951 3673 statuimus
3006 3619 3074 3672 ut
3121 3616 3180 3671 in
3226 3612 3541 3674 festivitate

1892 3711 2230 3761 sanctorum
2256 3709 2576 3777 martyrum
2600 3705 2841 3762 Bertarii
2865 3709 2922 3760 et
2940 3704 3166 3760 Ataleni
3194 3703 3415 3759 ibidem
3435 3704 3541 3761 de-

1890 3798 1987 3850 tur
2017 3794 2067 3849 ei
2101 3794 2424 3858 servitium,
2456 3794 2727 3850 videlicet
2774 3792 3007 3848 modius
3048 3809 3206 3848 unus
3237 3791 3539 3863 frumenti,

1892 3883 2123 3939 modius
2155 3899 2308 3938 unus
2338 3882 2455 3937 vini
2490 3901 2502 3937 :
2538 3888 2594 3938 et
2624 3883 2673 3938 si
2704 3882 2904 3938 vinum
2928 3880 3345 3948 defecerit,tres
3365 3878 3540 3937 solidi

1890 3978 2136 4029 moneta:
2164 3972 2351 4044 ipsius
2402 3972 2558 4044 pagi,
2590 3976 2646 4028 et
2694 3989 2908 4045 porcus
2938 3971 3191 4026 duorum
3223 3985 3536 4028 annorum.

1890 4062 2034 4117 Hinc
2065 4078 2197 4117 vero
2228 4062 2299 4117 de
2331 4062 2503 4117 rebus
2526 4061 2612 4117 vel
2637 4060 2891 4132 justitiis
2912 4059 3159 4116 abbatis:
3180 4056 3341 4114 nullo
3363 4059 3537 4116 modo

1890 4168 1950 4206 se
1982 4150 2440 4224 praesumatmisi
2474 4151 2618 4206 forte
2648 4152 2720 4206 ab
2753 4150 3053 4206 abbatissa
3080 4148 3141 4205 in
3174 4147 3536 4220 adjutorium

1886 4246 2124 4297 vocatus
2154 4242 2344 4309 fuerit,
2377 4246 2433 4296 et
2462 4245 2601 4296 tunc
2632 4257 2736 4313 pro
2768 4257 2875 4295 sua
2905 4237 3217 4312 praesentia
3263 4240 3322 4294 et
3367 4236 3538 4309 adju-

1887 4330 2033 4385 torio
2064 4330 2293 4386 tertiam
2326 4331 2589 4400 ejusdem
2622 4329 2867 4385 abbatiae
2900 4328 3148 4401 accipiat
3185 4329 3433 4400 partem.
3465 4324 3539 4382 Ut

1888 4423 2082 4473 autem
2118 4418 2297 4488 hujus
2330 4418 2410 4473 rei
2444 4417 2810 4474 conﬁrmatio
2832 4417 3063 4473 cautius
3091 4415 3153 4471 in
3184 4416 3536 4488 perpetuum

107 4507 463 4580 episcopatu
495 4504 757 4562 Tullensi
790 4508 1154 4580 praefuimus,
1187 4507 1538 4577 consecrari,
1570 4508 1690 4564 imo
1721 4512 1777 4564 et
1807 4524 1853 4587 D
1886 4507 2232 4578 firmiusque
2264 4506 2790 4593 servetur,nqnnisi
2820 4505 3054 4579 magnis
3085 4502 3358 4578 precibus
3379 4500 3532 4556 Lan-

105 4596 461 4652 consccrata
490 4598 606 4661 est;
632 4595 713 4650 ita
733 4599 791 4651 et
816 4597 987 4652 modo
1020 4597 1078 4652 in
1111 4595 1474 4669 apostolatus
1496 4597 1772 4661 culmine,

107 4684 315 4740 divina
338 4688 639 4755 praeeunte
667 4683 1777 4754 clementia,misericorditersublimati

109 4771 562 4841 constituimus,
594 4771 750 4827 idem
784 4772 905 4829 illic
936 4774 1005 4829 ad
1028 4773 1263 4830 laudem
1295 4774 1417 4839 Dei,
1451 4790 1515 4829 ac
1547 4780 1775 4831 sancto-

107 4879 243 4918 rum
276 4860 744 4929 venerationem,
782 4862 1056 4934 deinceps
1088 4862 1595 4935 congregationcm
1642 4880 1776 4918 san—

104 4948 555 5007 ctimonialium
596 4950 1009 5006 venerabiliter
1063 4952 1333 5018 stabiliri,
1369 4955 1425 5005 et
1454 4951 1565 5006 sub
1598 4953 1775 5006 beata:

104 5039 205 5095 Dei
238 5037 556 5112 genitricis
602 5054 669 5092 ac
695 5038 940 5109 virginis
971 5040 1183 5107 Mariar,
1215 5039 1531 5110 Sanctique
1579 5044 1776 5111 proto-

106 5127 394 5200 martyris
425 5126 715 5198 Stephani
749 5126 1043 5182 Tullensis
1066 5128 1320 5183 ecclesiae
1352 5130 1778 5193 conlirmari,ee

104 5224 334 5284 tenore,
372 5229 439 5271 ut
474 5214 818 5288 quicunque
868 5216 938 5270 de
979 5217 1107 5287 ejus
1154 5218 1414 5289 corporis
1444 5217 1779 5288 posteritate

105 5305 547 5363 Fonteniacum
568 5303 874 5360 castellum
892 5305 1060 5375 justa
1079 5305 1413 5361 haereditate
1436 5306 1778 5377 possederit,

104 5395 491 5453 advocatiam
520 5391 712 5464 ipsius
743 5392 855 5449 loci
879 5393 1093 5450 habeat
1117 5395 1492 5459 solide.Quod
1516 5395 1564 5449 si
1588 5395 1781 5449 forsan

103 5487 180 5542 ad
213 5486 351 5558 ejus
380 5480 781 5540 successionis
811 5484 1147 5556 progeniem
1173 5501 1344 5541 nemo
1376 5489 1673 5555 superstes
1696 5500 1782 5538 re-

97 5574 425 5641 manserit,
461 5572 535 5630 ad
573 5570 1052 5644 propinquiorem
1083 5578 1140 5629 et
1170 5578 1313 5630 natu
1346 5573 1651 5645 majorem,
1684 5571 1783 5642 qui

1885 4594 2086 4651 hardis
2118 4595 2248 4651 ﬁliae
2280 4595 2466 4668 ipsius
2490 4587 2787 4667 janisacpc
2809 4594 2947 4650 dicti
2968 4587 3531 4666 Raynardicomitis,

1886 4687 1943 4739 et
1972 4683 2234 4757 diligenti
2267 4700 2507 4739 suorum
2560 4682 2804 4737 consilio
2852 4680 3136 4744 ﬁdelium,
3167 4674 3391 4733 scilicet
3437 4674 3532 4731 Ri-

1887 4772 2088 4828 chuini
2121 4777 2178 4828 et
2207 4772 2485 4837 Curionis,
2521 4775 2694 4843 atque
2725 4768 3025 4826 Rhindrici
3058 4783 3162 4823 seu
3191 4762 3534 4828 Theobaldi,

1888 4862 2119 4935 utrique
2135 4859 2689 4924 locorum,videlicet
2706 4860 2919 4914 sanctae
2937 4850 3234 4911 Tullensis
3246 4846 3537 4916 Ecclesia,

1888 4949 2137 5005 alterum
2172 4950 2231 5003 in
2264 4949 2418 5003 dicto
2450 4946 2709 5001 coenobio
2741 4962 2867 5011 sua,
2895 4947 3070 5016 prout
3097 4940 3291 4997 visum
3320 4939 3431 5005 est,
3465 4936 3541 4993 si-

1891 5038 2052 5093 milia
2083 5037 2382 5111 privilegia
2409 5034 2862 5105 assignavimus,
2894 5046 3147 5104 quorum
3191 5024 3539 5082 cautissimo

1890 5127 2323 5199 privilegiomcc
2344 5122 2601 5195 episcopi
2616 5120 2912 5176 Tullensis
2929 5120 3176 5175 laedatur
3193 5113 3540 5179 auctoritas,

1891 5233 1996 5271 nec
2026 5214 2280 5271 ecclesia:
2333 5210 2678 5267 ancillarum
2732 5207 2833 5263 Dei
2885 5206 3084 5279 aliqua
3130 5201 3430 5277 proveniat
3464 5202 3542 5259 ab

1890 5305 2159 5375 episcopo
2193 5304 2267 5370 inj
2280 5306 2409 5356 usta
2438 5296 2891 5355 incommoditas
2916 5314 2929 5363 ;
2951 5296 3275 5351 statuentes
3305 5296 3543 5365 aposto-

1892 5392 2004 5448 lica
2026 5390 2408 5455 censura,sub
2440 5382 2842 5461 divinijudicii
2864 5382 3269 5448 obtestatione,
3300 5386 3367 5438 ut
3414 5379 3553 5440 nul-

1894 5480 1986 5535 lus
2009 5476 2656 5552 imperatorum,nullus
2679 5471 3004 5544 rex,nullus
3026 5469 3370 5539 dux,nullus
3394 5486 3555 5530 mar—

1895 5566 2252 5636 chio,nullus
2278 5564 2698 5635 comes,nullus
2719 5563 3060 5633 vicecomes,
3076 5556 3276 5619 nullus
3297 5562 3557 5622 advoca-
