3974 6206
194 355 322 421 665

1001 493 1086 550 Ll.

202 598 584 673 Privileginm
641 599 697 656 S.
751 601 1073 729 Lconfsblk;
1120 603 1536 673 Agaunensibus
1581 609 1862 663 canonicis

926 689 953 726 1⁸
957 691 973 727 2
1014 690 1051 728 τι
1077 691 1187 728 um.

926 689 1187 728 rwumm.

837 789 1028 859 (Anno
1059 789 1245 860 4050.)

535 905 699 976 [ϐαιι.
736 903 938 960 Christ.
973 911 1112 960 tom.
1148 906 1266 974 XII,
1301 923 1356 978 p.
1393 909 1540 977 42.7.]

285 1029 349 1082 In
400 1027 614 1083 timore
661 1026 762 1082 Dei
810 1028 1010 1082 aeterni
1055 1033 1111 1082 et
1158 1029 1470 1084 Salvatoris
1511 1031 1694 1086 nostri
1723 1032 1859 1088 Jesu

211 1110 449 1172 Christi.
482 1116 618 1182 Leo,
651 1115 1025 1171 humillimus
1057 1133 1261 1171 servus
1302 1133 1600 1173 servorum
1632 1120 1757 1191 Dei,
1807 1125 1863 1176 et

213 1203 278 1259 in
314 1202 610 1274 apostolici
632 1201 909 1258 culminis
926 1220 1056 1260 arce
1083 1221 1196 1260 non
1222 1205 1444 1261 meritis
1462 1208 1734 1279 propriis,
1760 1210 1861 1264 sed

215 1292 454 1349 etherei
489 1292 755 1365 clavigeri
797 1292 1166 1365 aliorumque
1214 1295 1608 1366 apostolorum
1648 1297 1860 1370 princi-

213 1381 311 1454 pis
324 1381 499 1449 Petri,
518 1381 716 1436 divina
732 1381 1052 1453 opitulante
1064 1383 1271 1454 gratia,
1287 1383 1657 1442 sublimatus.
1673 1386 1864 1442 Domi-

212 1487 328 1525 nus
356 1472 556 1524 noster
575 1470 746 1525 Jesus
777 1470 1063 1538 Christus,
1098 1478 1160 1526 ut
1189 1490 1221 1527 a
1253 1472 1423 1544 primi
1451 1475 1708 1545 parentis
1741 1475 1860 1548 pia-

211 1558 328 1615 culi
350 1559 621 1615 cautione
641 1559 719 1614 bu
731 1576 967 1615 manum
986 1576 1172 1633 genus
1200 1559 1492 1630 liberaret,
1517 1563 1587 1618 de
1608 1564 1767 1620 cmlis
1790 1566 1860 1620 ad

209 1653 403 1704 terras
433 1647 734 1704 descendit
763 1653 820 1704 et
849 1650 1084 1721 proprio
1113 1667 1219 1706 suo
1253 1669 1457 1708 cruore
1492 1653 1860 1725 redemptum

211 1734 282 1792 B.
317 1738 484 1792 Petro
515 1738 874 1808 pascendum
907 1739 1206 1794 commisit
1238 1759 1249 1796 :
1279 1742 1432 1812 quod
1467 1742 1859 1799 ministerium

213 1825 612 1882 successionis
641 1825 807 1893 serie,
840 1827 907 1881 ad
944 1845 1048 1882 nos
1071 1845 1258 1900 usque
1289 1832 1558 1901 quamvis
1588 1832 1861 1906 indignos

211 1913 500 1987 pervenit.
537 1915 895 1986 Quapropter
914 1920 1137 1987 oportet
1169 1935 1374 1974 omnes
1395 1919 1756 1978 Christianos
1788 1924 1860 1979 ad

211 2006 479 2059 sanctam
513 2006 761 2057 matrem
806 2003 1122 2059 Ecclesiam
1157 2009 1213 2060 et
1242 2007 1622 2078 apostolicam
1664 2012 1862 2067 sedem

201 2097 578 2156 ‘concurrere,
613 2106 678 2145 eo
713 2091 886 2145 modo
919 2096 981 2146 ut
1013 2094 1276 2149 conditor
1305 2096 1572 2152 effectum
1605 2099 1863 2154 devotio-

211 2180 732 2250 nisconsequ'atur,
757 2184 812 2234 et
833 2179 937 2251 piae
959 2183 1412 2240 constructionis
1433 2185 1652 2241 oraculi
1675 2185 1732 2241 in
1754 2188 1864 2259 pri-

210 2267 442 2341 vilegiis
456 2266 780 2339 largiendis
795 2285 910 2324 non
934 2268 1251 2342 denegetur
1268 2273 1581 2343 auxilium;
1606 2291 1674 2330 cu
1684 2276 1860 2332 netis-

213 2373 331 2430 que
359 2355 708 2412 universalis
738 2356 1004 2413 Ecclesiae
1037 2359 1172 2415 ﬁliis
1199 2367 1404 2417 notum
1436 2379 1562 2419 esse
1591 2364 1862 2421 volumus

214 2445 380 2518 quia,
427 2446 564 2500 dum
605 2445 659 2499 in
703 2445 861 2500 illius
905 2447 1171 2518 partibus
1219 2450 1374 2505 orbis
1415 2453 1860 2526 naufragantem

210 2532 535 2590 Ecclesiam
579 2533 887 2590 relevando
928 2536 1143 2592 Gallias
1183 2539 1577 2608 tenderemus,
1621 2543 1691 2599 ad
1725 2559 1860 2598 eum

205 2619 428 2690 locum,
489 2622 580 2677 cui
634 2627 946 2695 Agaunum
1007 2643 1219 2682 nomen
1281 2632 1387 2696 est,
1465 2630 1857 2702 pervenimus,

207 2727 384 2784 quem
408 2710 646 2782 pretiosi
666 2717 950 2784 martyres
973 2713 1280 2771 Mauritius
1293 2720 1350 2771 et
1362 2717 1488 2788 ejus
1511 2719 1861 2776 commilito-

208 2813 316 2856 nes
339 2817 444 2856 suo
459 2800 749 2872 sanguine
763 2803 1074 2872 pertuderu
1085 2809 1166 2873 nt,
1189 2806 1287 2861 ubi
1305 2806 1499 2862 triduo
1513 2811 1858 2864 commorati

204 2905 552 2961 quanquam
583 2889 924 2960 patrociniis
941 2897 1208 2948 sanctum
1243 2893 1477 2950 divitem
1498 2895 1690 2951 locum
1722 2915 1858 2969 apo-

200 2978 428 3034 stolicis
461 2977 780 3052 privilegiis
803 2980 1162 3048 decoratum,
1188 2983 1346 3038 omni
1365 2987 1560 3039 tamen
1584 2985 1858 3043 thesauro

205 3072 270 3124 Bt
300 3067 718 3123 beneﬁciorum
751 3067 1115 3140 plenitudine
1158 3073 1526 3141 destitutum,
1564 3079 1736 3146 prout
1767 3094 1862 3149 po-

197 3156 459 3221 tuimus,
493 3156 945 3224 consolavimus,
996 3175 1198 3215 eorum
1243 3161 1495 3234 denique
1535 3167 1858 3236 martyrum

199 3244 362 3300 festa
393 3243 833 3301 celebravimus.

284 3334 368 3389 Ibi
401 3335 576 3389 etiam
603 3336 934 3392 astantibus
951 3337 1122 3393 nobis
1141 3339 1308 3395 Petro
1330 3339 1736 3398 archidiacono
1755 3360 1856 3398 no-

206 3426 354 3494 stro,
388 3425 444 3478 et
463 3423 756 3495 episc0pis
783 3424 1078 3482 Allinardo
1110 3427 1508 3500 Lugdunensi,
1532 3435 1588 3485 et
1623 3433 1859 3504 [lugone

196 3509 573 3568 Vesonti'ensi
590 3517 644 3567 et
659 3513 960 3570 Frederico
973 3515 1290 3572 Genevensi
1301 3559 1314 3584 ,
1329 3523 1384 3572 et
1404 3519 1660 3590 Aymone
1675 3521 1780 3576 Sed
1793 3539 1824 3575 u
1835 3553 1856 3562 ~

203 3601 401 3668 nensi,
431 3601 532 3672 qui
561 3618 718 3656 nunc
751 3602 936 3659 eidem
981 3610 1190 3676 praeest
1228 3605 1514 3676 Ecclesiae,
1560 3609 1739 3664 relata
1770 3616 1858 3665 est

202 3689 404 3756 nobis,
454 3691 778 3760 praemissis
837 3692 1100 3765 reliquis,
1160 3694 1428 3751 luctuosa
1484 3697 1855 3754 miserarium

199 3777 464 3833 sarcinis
494 3776 652 3833 illius
675 3779 781 3835 loci
813 3782 1112 3839 canonicis
1135 3781 1316 3850 illata,
1340 3783 1623 3858 privilegii
1658 3791 1853 3845 tamen

187 3867 552 3923 auctoritate
585 3873 716 3923 ante
745 3869 1041 3940 prohibita
1069 3890 1082 3927 :
1119 3873 1272 3944 quod
1305 3890 1421 3928 non
1451 3873 1652 3930 liceret
1681 3893 1853 3933 cano-

193 3954 350 4011 nicis
380 3955 441 4010 in
473 3956 591 4012 ﬁne
621 3957 749 4012 vitae
781 3960 1016 4032 propria
1054 3961 1208 4017 bona
1249 3962 1618 4033 distribuere,
1665 3983 1853 4039 neque

191 4043 529 4100 viventibus
551 4044 621 4100 de
643 4045 1055 4105 ecclesiasticis
1088 4051 1262 4106 rebus
1281 4056 1490 4124 przcter
1513 4054 1734 4124 praelati
1761 4057 1851 4111 sui

192 4133 558 4190 Voluntatem
591 4136 915 4207 quidquam
948 4138 1241 4195 ordinare.
1287 4141 1402 4195 Nos
1445 4145 1639 4198 autem
1671 4144 1850 4215 hujus

183 4222 533 4278 inauditum
579 4223 808 4280 facinus
847 4227 1140 4298 pradictis
1181 4229 1470 4302 episcopis
1510 4236 1567 4286 et
1603 4233 1850 4289 maxime

193 4309 388 4367 eidem
421 4313 717 4385 episcopo,
773 4317 1018 4387 Aymoni
1052 4316 1319 4373 videlicet
1348 4317 1464 4374 illis
1495 4321 1752 4392 praelato,
1787 4328 1851 4378 ut

195 4398 538 4472 imperatori
570 4401 812 4459 Henrico
847 4406 1015 4462 nobis
1038 4407 1192 4478 apud
1215 4407 1514 4464 Coloniam
1545 4411 1849 4467 obviaturo

195 4487 562 4556 intimarent,
595 4494 982 4564 praecepimus
1017 4500 1307 4567 quatenus
1348 4498 1476 4568 ejus
1516 4499 1760 4556 consilio
1796 4505 1852 4556 et

189 4575 502 4647 juvamine
531 4580 869 4637 sedaremus
903 4582 1135 4638 ruinam
1161 4587 1335 4639 tanta;
1364 4585 1671 4653 violentias,
1705 4605 1848 4660 quo-
1883 4610 1932 4672 ι)

194 4663 334 4749 rum
359 4680 471 4722 non
501 4666 690 4723 solum
709 4673 872 4739 tunc,
896 4672 997 4727 sed
1021 4671 1323 4728 multoties
1346 4675 1546 4729 audita
1568 4674 1850 4749 lacryma-

191 4745 300 4808 bili
334 4755 724 4826 querimonia,
745 4761 1063 4818 miseratus
1084 4763 1395 4834 praedictus
1418 4745 1727 4835 piissimus
1758 4766 1853 4822 ille

188 4840 519 4914 imperator
537 4847 824 4903 Henricus
845 4849 1164 4922 postulavit
1193 4867 1226 4904 a
1247 4852 1416 4906 nobis
1445 4856 1514 4906 ut
1539 4852 1694 4909 idem
1725 4872 1850 4911 mo-

189 4932 520 4989 nasterium
550 4936 1016 5009 Agaunensium,
1041 4939 1100 4993 in
1134 4955 1249 5011 quo
1273 4940 1398 5011 ipse
1417 4942 1599 5013 Aymo
1621 4944 1730 4999 sub
1757 4961 1850 4999 ca-

187 5021 542 5079 nonicorum
565 5025 772 5098 regula
797 5028 979 5084 abbas
994 5044 1122 5085 esse
1145 5029 1530 5101 dignoscitur,
1547 5031 1850 5107 privilegio

190 5113 499 5169 cum'sedis
513 5115 846 5186 apostolicae
860 5117 1063 5175 infulis
1077 5119 1512 5189 decoraremus,
1530 5124 1586 5176 et
1601 5123 1709 5176 sub
1726 5141 1851 5180 san-

187 5203 285 5256 cta
314 5201 428 5271 cui,
448 5203 565 5259 Deo
585 5208 839 5274 auctore,
864 5207 1248 5279 praesidemus
1262 5208 1540 5276 Ecclesia,
1565 5213 1847 5268 constitu-

187 5291 318 5344 tum
346 5293 778 5362 praeteritorum
801 5311 1005 5368 regum
1028 5295 1314 5362 ordinem,
1334 5296 1744 5368 gloriosissimi
1763 5302 1850 5356 vi-

184 5377 400 5435 delicet
429 5382 588 5454 regis
609 5383 975 5455 Sigismundi
993 5384 1324 5440 ac‘aliorum
1344 5403 1546 5458 regum
1577 5393 1710 5460 post
1731 5394 1849 5444 sta-

185 5467 316 5522 tuta
337 5474 394 5524 et
424 5471 731 5545 privilegia
748 5475 1015 5546 ejusdem
1038 5475 1376 5531 monasterii
1401 5475 1585 5532 nostri
1617 5495 1849 5551 quoque

185 5557 568 5628 pontiﬁcatus
604 5561 824 5620 honore
865 5565 1380 5633 cohonoraremus,
1412 5570 1478 5621 ut
1507 5565 1668 5622 nullo
1700 5572 1849 5624 tem-

185 5661 331 5718 pore
344 5656 882 5727 corrumperentur,
905 5658 971 5713 ut
991 5670 1181 5727 neque
1198 5654 1519 5726 superillos
1539 5656 1849 5714 canonicos

1181 362 1588 428 EPISTOLE
1629 363 1730 428 ET
1771 365 2139 429 DECRETA
2183 366 2655 432 PONTIFICIA.

1889 500 1944 565 Α
1975 499 2246 570 praelatus
2269 501 2484 575 aliquis
2517 502 2642 560 sine
2673 501 2973 560 communi
3003 519 3205 561 eorum
3250 505 3494 562 consilio
3537 506 3624 563 vel

3511 371 3629 437 666

1973 587 2255 645 electione
2287 592 2578 657 mittatur,
2608 609 2795 665 neque
2819 610 2887 648 ex
2919 594 3335 650 communibus
3367 595 3624 651 ecclesiae

1974 679 2149 734 rebus
2202 684 2332 750 post
2377 697 2695 753 congruam
2729 699 2932 738 eorum
2973 682 3414 755 dispositionem
3450 685 3625 756 quid-

1974 783 2150 837 quam
2184 773 2480 838 tractetur,
2517 787 2620 825 nec
2652 771 2785 827 licet
2817 771 3103 844 praelibati
3137 773 3413 829 violentia
3439 774 3497 828 in
3531 791 3626 829 eo-

1973 870 2103 909 rum
2135 856 2462 928 diripienda
2493 860 2725 930 prOpria
2747 860 2832 915 vel
2858 862 3195 916 communia
3217 863 3371 917 bona
3400 867 3620 918 temere

1972 947 2375 1013 praesumendo
2426 949 2747 1018 praevaleat,
2783 950 2883 1003 sed
2929 950 3126 1005 omnia
3165 951 3454 1024 privilegii
3495 968 3627 1007 auc—

1971 1032 2205 1088 toritate
2236 1051 2435 1089 eorum
2468 1036 2718 1091 decretis
2749 1037 3114 1092 ordinentur.

2044 1139 2169 1193 Etsi
2193 1139 2333 1195 forte
2347 1158 2544 1196 eorum
2562 1140 2775 1212 aliquis
2789 1148 3228 1215 praeoccupatus
3247 1146 3421 1201 fuerit
3437 1150 3621 1201 morte

1973 1227 2166 1292 frater,
2218 1229 2267 1283 si
2306 1230 2598 1284 defuerint
2643 1237 2935 1302 parentes,
2967 1232 3048 1287 ita
3080 1234 3207 1304 ejus
3248 1235 3400 1290 bona
3431 1236 3624 1289 Eccle-

1973 1315 2090 1381 siae,
2127 1315 2358 1370 familiae
2391 1321 2446 1371 et
2476 1318 2833 1388 pauperibus
2863 1319 3221 1376 distribuant
3264 1328 3326 1376 ut
3359 1322 3625 1377 noverint

1972 1409 2254 1476 oportere,
2280 1406 2431 1475 etfne
2454 1407 2730 1478 prmlatus
2754 1406 2968 1478 aliquis
2995 1413 3336 1478 potestatem
3365 1409 3622 1481 aliquam

1971 1492 2116 1548 inibi
2157 1496 2495 1561 exercendo,
2548 1512 2745 1551 vocem
2802 1496 3012 1550 laetitias
3063 1515 3262 1551 eorum
3300 1499 3618 1568 perturbet,

1972 1583 2082 1638 sub
2114 1583 2503 1640 anathematis
2535 1584 2761 1640 vinculo
2790 1584 3164 1657 colligamus;
3208 1589 3264 1640 et
3304 1584 3363 1640 in
3401 1584 3625 1656 episco-

1971 1675 2108 1744 patu
2143 1673 2546 1729 Lausannensi
2570 1675 2888 1745 quamdam
2912 1680 3156 1746 curtem,
3181 1675 3416 1730 nomine
3438 1677 3622 1730 Auro-

1973 1777 2137 1828 num,
2161 1762 2457 1833 quondam
2487 1763 2572 1818 eis
2603 1763 2895 1818 sublatam
2919 1763 3193 1819 violentia
3223 1763 3621 1836 praelatorum,

1891 1867 1939 1932 Β
1970 1850 2338 1906 restituimus
2362 1868 2495 1906 cum
2519 1851 2776 1907 ecclesiis
2799 1859 2855 1907 et
2887 1851 3132 1923 reliquis
3154 1853 3541 1925 appendiciis,
3563 1857 3629 1907 ut

1974 1940 2046 1994 ad
2081 1955 2346 1994 mensam
2399 1941 2642 1996 fratrum
2687 1956 2919 2013 semper
2961 1941 3266 1997 deserviat.
3316 1942 3628 2013 Propterea

1973 2026 2087 2098 piis
2109 2028 2353 2083 fratrum
2376 2029 2650 2099 precibus
2671 2045 2842 2084 aures
2865 2029 3373 2084 accommodantes
3393 2035 3449 2084 et
3477 2046 3625 2100 prae-

1972 2116 2111 2171 dicti
2165 2118 2508 2173 monasterii
2567 2119 3001 2190 congregationi
3058 2118 3270 2173 divinis
3329 2118 3624 2174 mandatis

1973 2203 2276 2259 inhzerenti
2327 2207 2614 2276 sedisqum
2666 2205 2995 2278 apostolicae
3039 2205 3298 2277 regulam
3347 2206 3623 2270 servanti,

1972 2310 2074 2365 per
2129 2294 2308 2364 hujus
2369 2295 2773 2366 prteceptionis
2836 2301 3044 2351 nostrae
3090 2295 3523 2364 auctoritatem,
3563 2295 3623 2351 id

1972 2382 2129 2454 quod
2160 2389 2502 2454 exposcunt,
2536 2385 2738 2439 effectu
2775 2386 3209 2456 mancipamus.

2044 2489 2176 2544 Ideo
2221 2490 2536 2560 cujuslibet
2565 2490 2821 2545 ecclesiae
2866 2492 3228 2546 sacerdotem
3276 2490 3336 2545 in
3386 2492 3624 2562 praefato

1972 2579 2328 2634 monasterio
2346 2579 2432 2634 vel
2455 2578 2511 2634 in
2536 2578 2817 2647 ecclesiis,
2839 2579 2898 2634 in
2922 2581 3050 2650 ejus
3063 2580 3329 2635 curtibus
3346 2580 3477 2636 sitis
3500 2580 3626 2635 nul-

1970 2666 2093 2723 lum
2117 2668 2486 2739 pontiﬁcium
2513 2669 2805 2741 prioratus
2828 2671 3227 2740 permittimus
3257 2668 3622 2739 habiturum,

1969 2758 2070 2812 sed
2105 2762 2169 2812 ut
2199 2757 2363 2812 illum
2399 2758 2498 2829 qui
2545 2757 2838 2813 civitatem
2879 2760 3198 2828 Seduuam,
3251 2777 3354 2832 pro
3386 2761 3624 2815 nomine

1968 2845 2306 2912 Vallesiam,
2349 2846 2640 2917 habuerit,
2691 2847 3018 2918 quamlibet
3057 2847 3338 2903 ditionem
3373 2865 3475 2904 seu
3521 2866 3622 2920 po-

1967 2939 2238 2990 testatem
2265 2935 2559 2992 vindicare
2582 2935 2640 2990 in
2673 2953 2740 2991 ea
2773 2941 2978 3008 praeter
2999 2937 3405 2993 auctoritatem
3465 2937 3622 2994 sedis

1969 3022 2302 3094 apostolicae
2334 3023 2736 3094 prohibemus,
2771 3025 2850 3080 ita
2876 3029 2955 3092 ut,
2983 3025 3092 3080 nisi
3112 3041 3145 3080 a
3177 3024 3411 3097 praelato
3439 3024 3622 3081 eccle-

1969 3111 2068 3166 sise
2117 3110 2204 3166 vel
2253 3128 2286 3166 a
2326 3111 2605 3167 fratribus
2654 3113 2958 3180 invitatus,
2992 3131 3095 3168 nec
3145 3112 3462 3168 missarum
3509 3113 3622 3169 ibi-

1969 3200 2103 3255 dem
2153 3199 2504 3256 celebranda
2538 3201 2817 3273 mysteria
2859 3202 3151 3274 quispiam
3184 3206 3502 3273 prasumat
3530 3219 3623 3258 ac-

1967 3289 2191 3356 cedere,
2247 3289 2333 3345 vel
2407 3307 2574 3345 suam
2651 3291 3112 3347 dominationem
3176 3307 3460 3357 exercere,
3519 3308 3623 3347 nec

1969 3377 2089 3433 ulla
2149 3377 2539 3433 conciliabula
2613 3381 2988 3451 praetendere,
3067 3396 3172 3434 nec
3236 3380 3622 3452 eleemosynis

1969 3467 2035 3534 S.‘
2065 3467 2348 3522 Mauricio
2372 3466 2602 3522 collatis
2620 3469 2990 3540 participare,
3018 3484 3204 3539 neque
3227 3468 3481 3523 decimas
3505 3465 3622 3522 illic

1967 3572 2002 3609 a
2031 3555 2088 3608 S.
2123 3554 2502 3626 Sigismundo
2530 3555 2616 3610 vel
2649 3557 2721 3610 ab
2745 3556 2876 3611 aliis
2899 3555 3144 3612 collatas
3169 3556 3462 3627 quispiam
3498 3563 3619 3611 ten-

1965 3647 2048 3697 tet
2069 3643 2315 3710 auferre,
2344 3659 2409 3698 eo
2433 3644 2587 3714 quod
2616 3643 2726 3698 sub
2742 3645 2990 3699 tuitione
3004 3642 3308 3715 apostolici
3329 3642 3617 3714 privilegii

1966 3731 2318 3797 consistunt,
2351 3735 2407 3788 et
2433 3732 2780 3788 inconcusse
2812 3738 3022 3788 cuncta
3051 3733 3376 3788 secundum
3407 3732 3615 3787 condi—

1963 3821 2106 3876 toris
2139 3822 2268 3892 ejus
2298 3820 2591 3877 desideria
2636 3837 2978 3893 permanere
3004 3822 3233 3876 cunctis
3254 3820 3618 3892 temporibus

1962 3909 2379 3965 constituimus
2393 3909 2683 3981 perhujus
2697 3909 2909 3965 decreti
2931 3910 3114 3965 nostri
3131 3910 3613 3982 paginam,atque

1961 3999 2367 4054 interdicimus
2398 3998 2674 4053 omnibus
2707 3999 3022 4069 cujuslibet
3052 3999 3360 4071 dignitatis
3393 3999 3612 4054 honore

1961 4087 2238 4160 praditis,
2289 4089 2398 4143 sub
2443 4088 2844 4144 anathematis
2888 4087 3114 4144 vinculo
3160 4087 3618 4160 constringimus

1961 4176 2298 4248 quicunque
2327 4177 2508 4248 hujus
2539 4176 2749 4233 seriem
2781 4177 3194 4246 institutionis,
3239 4177 3322 4232 vel
3355 4177 3617 4249 ipsarum

1960 4267 2387 4338 scripturarum
2441 4267 2774 4322 sanctiones
2824 4267 2895 4322 de
2943 4267 3200 4322 denariis
3231 4283 3297 4322 ac
3327 4266 3617 4322 libertatis

1959 4354 2199 4423 honore,
2234 4372 2360 4427 quae
2391 4373 2426 4411 a
2447 4356 2683 4428 regibus
2712 4355 2799 4411 vel
2826 4355 2956 4411 aliis
2981 4355 3254 4411 ﬁdelibus
3284 4355 3612 4411 constitutas

1960 4449 2118 4509 sunt,
2153 4449 2210 4499 et
2232 4445 2468 4516 praefato
2506 4445 2858 4501 monasterio
2881 4447 2990 4501 sub
3024 4444 3344 4518 privilegiis
3375 4445 3614 4500 indultae

1962 4533 2223 4606 quolibet
2264 4535 2436 4590 modo
2465 4534 2554 4590 vel
2582 4540 2844 4608 tempore
2871 4535 3116 4592 voluerit
3149 4550 3543 4606 corrumpere.

2035 4642 2145 4696 Leo
2193 4645 2304 4696 Deo
2335 4645 2569 4697 auctore
2600 4643 2660 4696 in
2702 4642 2812 4698 hac
2843 4643 2993 4698 serie
3024 4640 3312 4714 privilegii
3353 4641 3424 4695 ob
3457 4655 3614 4694 amo-

1962 4744 2086 4784 rem
2117 4729 2219 4784 Dei
2264 4734 2321 4784 et
2351 4734 2687 4786 sanctorum
2736 4737 3058 4803 martyrum
3112 4731 3396 4786 honorem
3441 4744 3474 4784 a
3524 4744 3617 4784 me

1961 4817 2114 4873 facta
2143 4818 2406 4890 relegens
2449 4819 2794 4891 subscripsi,
2829 4837 2896 4875 ac
2927 4821 3231 4892 episcopos
3263 4816 3370 4870 hos
3404 4817 3616 4872 subtus

1963 4907 2241 4963 adnotare
2265 4907 2442 4977 jussi.

2031 5013 2238 5070 Petrus
2288 5016 2577 5086 peccator,
2620 5013 2828 5082 jussus
2889 5032 2922 5070 a
2979 5011 3215 5068 domino
3273 5025 3426 5080 papa
3470 5010 3610 5063 sub-

1961 5120 2166 5174 SCI‘lpSl
2181 5145 2192 5158 .

2028 5211 2339 5283 Gregorius
2377 5211 2662 5282 peccator,
2690 5209 2897 5279 jussus
2926 5226 2958 5263 a
2989 5203 3226 5262 domino
3266 5219 3417 5277 papa
3464 5203 3612 5260 sub-

1958 5299 2190 5371 scripsi.

2027 5411 2215 5478 Hugo,
2235 5408 2520 5478 peccator,
2540 5404 2749 5473 jussus
2772 5423 2805 5462 a
2830 5405 3066 5462 domino
3090 5417 3243 5473 papa
3264 5396 3612 5472 subscripsi.

2029 5513 2376 5575 Hermanus,
2413 5515 2700 5581 peccator,
2724 5514 2933 5583 jussus
2956 5531 2989 5568 a
3019 5506 3257 5566 domino
3292 5528 3441 5584 papa
3470 5505 3620 5563 sub-

1959 5601 2161 5676 cripsi.
