3974 6206
402 320 523 384 667

1168 455 1282 513 LII.

398 552 459 607 8.
500 553 604 607 Leo
634 550 701 606 IX
725 545 995 604 eccclesiae
1024 545 1116 601 SS.
1150 547 1375 603 Martini
1401 556 1452 602 et
1482 548 1702 615 Agerici
1744 548 2044 605 Virdunen-

468 624 546 676 sis
574 620 951 692 possessiones,
977 622 1196 691 petente
1239 619 1555 675 Theoderico
1598 621 1863 692 episcopo,
1912 638 2043 677 con—

468 694 671 762 ﬁrmat.

1009 781 1196 849 (Anno
1242 778 1427 853 tO5l.)

430 888 597 960 [Dom
627 885 870 953 Calmet,
896 888 1030 942 Hist.
1062 887 1127 943 de
1150 887 1438 953 Lorraine,
1476 889 1516 955 Ι,
1553 886 1820 958 Prcuves,
1854 888 2006 958 451.]

465 996 579 1051 Lso
624 993 957 1066 episcopus,
1008 1012 1210 1051 servus
1259 1012 1559 1051 servorum
1610 995 1732 1062 Dei,
1785 994 2040 1051 ecclesia

391 1088 732 1142 sanctorum
769 1083 1171 1139 confessorum
1204 1084 1436 1140 Martini
1468 1087 1524 1138 et
1564 1083 1812 1155 Agerici,
1854 1088 1910 1139 et
1939 1101 2042 1156 per

389 1192 519 1231 eam
592 1171 891 1228 Balderico
966 1173 1187 1237 abbati,
1260 1173 1502 1244 suisque
1576 1172 2036 1240 successoribus,

393 1283 715 1340 eorumque
754 1263 1060 1322 monachis
1094 1263 1209 1318 Deo
1244 1262 1387 1317 inibi
1422 1266 1700 1334 perpetuo
1731 1261 2041 1317 famulatu-

385 1356 488 1423 ris,
522 1363 799 1413 aternam
830 1355 890 1410 in
916 1353 1162 1410 Domino
1193 1351 1465 1407 salutem.

456 1446 738 1501 Convenit
768 1443 1084 1516 apostolico
1109 1439 1517 1506 moderamini,
1552 1443 1617 1493 ut
1644 1439 2035 1495 ecclesiastico

383 1535 705 1604 prudenter
760 1550 825 1589 ac
883 1531 1176 1603 sapienter
1222 1530 1283 1585 in
1332 1529 1606 1584 omnibus
1664 1528 2036 1599 providentur

383 1622 614 1691 honori,
638 1640 711 1679 ne
739 1623 812 1691 si,
845 1621 1001 1694 quod
1034 1618 1205 1685 absit,
1232 1618 1448 1674 summi
1482 1617 1774 1689 pontiﬁcis
1796 1635 2035 1689 praees-

383 1712 529 1768 serit
557 1712 803 1777 incuria,
827 1710 1077 1767 aliorum
1101 1711 1402 1780 pastorum
1434 1707 1505 1761 ad
1529 1707 1815 1762 deteriora
1844 1706 2033 1779 magis

1470 323 1535 386 S.
1580 322 1861 387 LEONIS
1901 323 1984 387 IX
2029 323 2259 389 PAPJE
2300 327 2735 396 OPUSGULA.

2076 462 2128 527 A

3698 334 3819 407 668

2906 464 3049 525 LIII.

2155 549 2209 605 S.
2231 555 2367 638 "Leo
2426 555 2495 609 IX
2860 557 3295 638 Vesontionem
3353 561 3513 638 bona,
3577 570 3814 638 rogante

2224 624 2447 711 [fugane
2474 626 2895 711 archiepiscopo,
2939 630 3250 700 conﬁrmat,
3309 635 3469 706 eique
3495 624 3811 711 privilegia

2225 695 2477 765 quaedam
2503 695 2763 755 concedit.

2768 790 2960 860 (Anno
2992 790 3177 864 1051.)

2153 892 2406 962 [Dunod,
2430 894 2661 951 Histoire
2690 895 2756 952 de
2784 888 3429 974 t'EgliseAtteBesancon,
3464 908 3507 973 Ι,
3540 910 3806 974 Preuves,

2827 984 2975 1041 page
3004 970 3122 1041 36.]
3415 970 3421 973 ’
3494 970 3500 973 ⁷
3792 970 3809 1023 ⁷,

2222 1089 2333 1143 Lso
2383 1089 2713 1163 episcopus,
2766 1108 2969 1149 servus
3030 1111 3331 1152 servorum
3390 1098 3514 1168 Dei,
3575 1101 3801 1158 Hucom

2148 1194 2324 1234 saera
2356 1180 2847 1254 Cbrysopolitana
2865 1182 3136 1241 Ecclesia
3163 1186 3633 1263 archiepiscopo,
3656 1192 3807 1248 suis-

2148 1284 2260 1341 que
2300 1270 2739 1327 successoribus
2764 1272 2823 1326 in
2851 1276 3222 1345 perpetuum.

2217 1358 2444 1415 Gratias
2476 1359 2707 1431 agimus
2737 1361 2852 1417 Deo
2882 1365 2940 1417 et
2959 1361 3208 1419 Domino
3231 1369 3430 1423 nostro
3459 1366 3599 1424 Jesu
3629 1369 3799 1424 Chri-

2145 1452 2257 1518 sto,
2280 1449 2381 1520 qui
2402 1448 2583 1505 nullis
2600 1450 2817 1506 nostris
2838 1453 3304 1523 pracedentibus
3327 1455 3571 1526 meritis,
3591 1461 3794 1514 tamen

2145 1537 2216 1591 ad
2266 1536 2592 1609 apostolica
2641 1537 2799 1594 sedis
2843 1538 3074 1595 culmen
3121 1558 3229 1597 nos
3269 1545 3483 1612 evexit;
3531 1547 3685 1602 unde
3717 1549 3792 1603 ad

2143 1624 2505 1697 apostolatus
2534 1626 2718 1682 nostri
2736 1642 2939 1683 curam
2959 1628 3190 1686 videtur
3218 1633 3506 1705 pertinere
3524 1634 3795 1691 omnium

2140 1714 2531 1771 Ecclesiarum
2548 1715 3005 1773 sollicitudinem
3017 1734 3568 1794 gerere,earumque
3581 1740 3795 1798 augere

383 1817 561 1873 quam
610 1802 681 1856 ad
721 1799 964 1855 meliora
1011 1796 1319 1853 declivium
1365 1798 1590 1895 grex
1634 1794 2031 1895 ρεξΞυΙαξηεξΙεξ
2063 1829 2111 1894 Β
2140 1802 2737 1868 honorem.Quoniam
2759 1809 2954 1861 autem
2968 1794 3788 1882 postulastiaRomanasede,

381 1893 704 1946 tractentur
733 1887 976 1945 desidia.
998 1889 1362 1957 Quapropter
1385 1883 1658 1955 precibus
1688 1883 2030 1939 Theoderici

376 1977 766 2035 Virdunensis
810 1975 1091 2049 episcopi,
1139 1974 1293 2029 idem
1353 1974 1515 2028 bona
1573 1972 2031 2028 conversationis

378 2066 690 2140 praedictus
722 2067 924 2130 abbas,
959 2062 1149 2119 ﬁdelis
1179 2061 1433 2117 ecclesia
1466 2077 1585 2116 sua
1636 2060 1923 2133 provisor,
1955 2062 2028 2116 ad

378 2173 485 2213 nos
510 2157 656 2213 satis
687 2154 989 2211 humiliter
1007 2170 1072 2209 ac
1092 2153 1365 2207 decenter
1391 2150 1651 2216 veniens,
1677 2149 1786 2205 hoc
1817 2153 2027 2205 nostra

376 2245 703 2319 apostolica
736 2243 1102 2301 auctoritatis
1132 2240 1503 2314 privilegium
1532 2238 1643 2294 sibi
1677 2238 1921 2311 rogavit,
1970 2244 2029 2294 et

374 2335 650 2392 obtinuit.
681 2333 899 2389 Taliter
929 2349 1066 2403 ergo
1090 2332 1268 2402 justa
1294 2327 1556 2401 petitioni
1587 2329 2026 2384 accommodato

374 2439 642 2489 assensu,
673 2423 828 2477 bona
857 2420 1057 2477 omnia
1086 2437 1213 2489 qua
1262 2435 1295 2472 a
1324 2416 1773 2488 quibuscunque
1813 2415 2026 2472 Christi

374 2511 646 2567 ﬁdelibus
667 2509 915 2581 pralata
928 2507 1184 2563 ecclesia
1202 2522 1480 2561 concessa
1492 2503 1579 2560 vel
1605 2520 1867 2576 unquam
1888 2521 2027 2561 con-

372 2600 632 2656 cedenda
661 2601 819 2662 sunt,
852 2602 908 2652 et
940 2594 1285 2652 nominatim
1318 2592 1417 2648 illa
1459 2610 1587 2665 qua
1619 2593 1745 2648 sine
1775 2592 2024 2664 alicujus

373 2686 849 2751 contradictione,
900 2689 956 2740 et
996 2684 1180 2739 libera
1225 2682 1465 2738 omnino
1525 2684 1828 2753 potestate,
1861 2683 2022 2737 bona

372 2776 667 2835 memoria
687 2774 1037 2831 Rambertus
1054 2771 1444 2827 Virdunensis
1466 2771 1776 2842 episcopus
1793 2774 2020 2827 contra—

369 2866 539 2933 didit,
564 2869 622 2920 et
651 2865 722 2919 de
742 2863 961 2935 quibus
991 2862 1143 2933 apud
1173 2860 1595 2915 monasterium
1628 2859 1824 2915 Sancti
1855 2858 2021 2915 Pauli

372 2955 446 3010 ad
495 2954 761 3010 eamdem
811 2951 1103 3007 civitatem
1145 2949 1324 3006 situm
1375 2949 1563 3005 facere
1610 2948 1783 3020 capit
1812 2947 2020 3004 stabile

372 3041 802 3107 concambium,
848 3040 1003 3111 quod
1052 3044 1108 3094 et
1141 3036 1491 3094 venerabilis
1536 3039 1665 3109 ejus
1717 3053 2022 3093 successor

371 3131 697 3189 Ricbardus
726 3130 799 3184 ob
826 3127 1171 3184 charitatem
1189 3127 1289 3182 Dei
1320 3131 1378 3181 et
1398 3126 1738 3181 memoriam
1765 3129 2020 3181 anteces-

366 3219 518 3277 soris
548 3218 661 3285 sui,
694 3216 794 3289 qui
819 3215 1124 3273 ecclesiam
1149 3214 1310 3270 illam
1339 3213 2017 3286 monachorumincapit

364 3314 423 3365 et
442 3309 558 3365 Deo
592 3307 907 3363 miserante
935 3304 1274 3372 elaboravit,
1310 3303 1419 3360 hac
1449 3320 1615 3359 sacra
1645 3307 1856 3359 nostra
1886 3319 2018 3375 apo-

364 3398 581 3455 stolica
603 3394 1068 3453 conﬁrmationis
1085 3393 1299 3465 pagina
1316 3393 1764 3449 corroboramus
1778 3397 1833 3448 et
1847 3392 2018 3447 firma

365 3491 521 3543 stare
575 3485 897 3542 sancimus.
951 3484 1233 3538 Praterea
1284 3481 1656 3554 pracipimus
1710 3486 1768 3537 et
1815 3484 2018 3537 sancta

360 3575 561 3647 prima
622 3573 779 3630 sedis
835 3571 1186 3628 auctoritate
1254 3570 1654 3643 prohibemus,
1707 3575 1772 3626 ut
1815 3569 2015 3626 nullus

360 3664 696 3735 imperator,
731 3660 929 3717 nullus
958 3677 1076 3728 rex,
1110 3657 1312 3716 nullus
1355 3660 1493 3726 dux,
1526 3657 1725 3715 nullus
1757 3659 2015 3715 marchio

361 3751 564 3809 nullus
597 3768 814 3816 comes,
841 3750 1037 3806 nullus
1054 3750 1427 3816 vice—comes,
1452 3746 1653 3803 nullus
1677 3749 2014 3815 advocatus,

362 3840 466 3897 sed
516 3856 707 3911 neque
762 3838 1255 3910 archiepiscopus,
1312 3853 1503 3908 neque
1552 3836 1885 3909 episcopus,
1926 3834 2014 3892 vel

360 3930 559 4002 aliqua
590 3927 971 3985 ecclesiastici
989 3927 1214 3983 ordinis
1244 3943 1348 3982 seu
1382 3925 1696 3981 mundana
1727 3925 2014 3982 conditio-

360 4018 453 4073 nis
487 4034 703 4091 magna
734 4032 1026 4088 parvaque
1070 4031 1339 4087 persona,
1374 4014 1431 4068 in
1464 4012 1616 4069 hanc
1648 4014 2013 4070 constitutio-

360 4123 495 4163 nem
525 4105 613 4162 vel
644 4104 1152 4161 conﬁrmationem
1181 4102 1490 4174 insurgere
1523 4102 1754 4159 audeat.
1787 4102 1847 4158 Si
1879 4103 2014 4174 quis

361 4199 557 4250 autem
589 4192 796 4248 anima
842 4208 961 4246 sua
1001 4190 1267 4244 futurum
1300 4188 1722 4244 detrimentum
1770 4205 1888 4244 non
1938 4189 2015 4243 ti-

362 4297 549 4346 mens,
583 4296 687 4334 nec
717 4278 890 4333 saluti
923 4295 1040 4332 sua
1061 4293 1411 4349 praecavens,
1448 4276 1685 4348 culpam
1713 4277 1783 4333 de
1814 4276 2016 4332 infrin-

360 4369 550 4442 gendo
580 4365 882 4440 privilegio
916 4382 1017 4421 seu
1053 4381 1320 4437 perverse
1342 4365 1710 4421 immutando
1743 4366 2014 4422 incautus

359 4456 697 4522 incurrerit,
733 4455 879 4510 sciat
895 4470 955 4510 se
979 4454 1200 4522 statim,
1224 4454 1337 4510 nisi
1356 4453 1469 4510 cito
1501 4455 1833 4527 resipuerit,
1854 4455 2011 4511 insa-

362 4544 545 4603 nabili
587 4560 933 4617 percussum
971 4542 1169 4614 jaculo
1215 4543 1395 4599 divini
1444 4544 1854 4600 anathematis.
1901 4544 2007 4611 Qui

357 4651 492 4691 vero
531 4632 814 4691 salutaria
853 4636 1053 4689 nostra
1098 4638 1389 4706 pracepta
1434 4638 1489 4689 et
1522 4632 1767 4689 consilia
1813 4634 2010 4690 debita

357 4722 720 4795 subjectione
738 4727 797 4778 et
826 4722 936 4778 sibi
961 4722 1277 4794 prospicua
1306 4721 1643 4777 humilitate
1675 4722 2007 4790 servaverit,

356 4829 635 4887 prospera
665 4812 1082 4868 commoditate
1114 4810 1344 4878 salutis,
1393 4816 1449 4866 et
1478 4810 1632 4866 dono
1678 4810 2008 4868 accumula-

355 4907 453 4958 tur
473 4901 803 4974 apostolica
828 4900 1276 4957 benedictionis.

427 4992 517 5049 Sic
571 4994 795 5062 signata
842 5000 898 5047 et
949 4991 1259 5061 subscripta
1316 4989 1739 5045 MISERICORDIA
1800 4994 2010 5047 DOMINI

355 5099 537 5138 PLENA
565 5098 665 5137 ss'r
691 5098 894 5136 TERRA.
933 5080 1048 5135 Leo
1075 5079 1242 5134 PAPA.

425 5171 639 5227 Datum
664 5188 721 5226 1v
754 5169 892 5225 Idus
919 5167 1204 5234 Januarii,
1229 5184 1331 5240 per
1353 5183 1592 5223 manum
1626 5167 1846 5224 Udonis
1872 5169 2008 5224 Tul-

352 5259 535 5316 lensis
582 5258 873 5314 eccclesia
922 5257 1261 5330 primicerii,
1311 5260 1368 5312 et
1421 5262 1633 5312 sancta
1678 5257 2009 5329 apostolica

353 5348 511 5404 sedis
568 5346 900 5404 cancellarii
952 5350 1009 5402 et
1059 5343 1508 5414 bibliothecarii,
1569 5364 1723 5403 anno
1773 5347 2007 5403 Domini

310 5450 317 5459 '
353 5436 562 5491 Leonis
593 5436 727 5492 noni
752 5451 911 5506 papa
934 5435 1105 5490 tertio
1137 5435 1309 5505 (132),
1341 5432 1659 5492 indictione
1698 5440 1928 5507 quarta.

423 5607 572 5677 (132)
602 5614 733 5682 Leg.
760 5610 1013 5679 secundo,
1047 5612 1240 5667 Jun.

2142 1892 2481 1948 beatissime
2513 1893 2710 1959 frater,
2744 1898 2809 1948 ut
2843 1895 2997 1949 bona
3035 1912 3163 1967 qua
3194 1897 3628 1972 Omnipotentis
3672 1901 3791 1959 cle-

2140 1981 2381 2047 mentia,
2412 1982 2533 2037 tuis
2553 1983 2916 2055 temporibus
2934 1983 3069 2040 fecit
3088 1985 3354 2043 Ecclesia
3366 1988 3471 2043 tibi
3495 1990 3790 2047 divinitus

2139 2070 2489 2138 commissa,
2524 2075 2724 2127 nostra
2754 2073 3094 2130 auctoritate
3138 2075 3528 2145 munirentur,
3561 2077 3787 2149 placuit

2139 2158 2308 2214 nobis
2339 2163 2450 2214 tua
2482 2160 2745 2231 petitioni
2780 2178 2883 2234 pro
2913 2165 3039 2218 voto
3061 2163 3407 2230 consentire,
3451 2167 3787 2237 prasertim

2138 2248 2449 2304 cumidem
2481 2265 2647 2305 sacer
2675 2248 2841 2307 locus
2880 2251 2993 2319 cui,
3019 2251 3131 2307 Deo
3161 2252 3527 2324 disponente,
3560 2254 3788 2310 videris

2136 2336 2467 2409 prasidere,
2501 2342 2666 2394 tanta
2694 2339 2981 2411 dignitate
3009 2339 3374 2412 resplendeat
3403 2345 3471 2396 ut
3499 2358 3618 2398 non
3653 2346 3786 2398 tan-

2134 2427 2263 2480 tum
2277 2425 2791 2500 archiepiscopalis
2808 2428 2962 2485 sedis
2977 2429 3321 2485 auctoritate
3338 2428 3415 2485 sit
3426 2428 3785 2488 sublimatus

2133 2531 2336 2570 verum
2367 2519 2422 2571 et
2441 2515 2762 2572 multorum
2784 2521 3025 2573 Patrum
3044 2517 3499 2591 apostolicorum
3521 2519 3782 2576 virorum

2134 2602 2442 2679 roboratus
2473 2603 2810 2678 privilegiis,
2857 2610 3087 2663 servata
3117 2606 3414 2679 aquitatis
3455 2624 3573 2663 sua
3625 2625 3783 2664 reve-

2133 2676 3055 2768 rentia,permaneatinsignis.Ad
3070 2676 3246 2753 hocet
3258 2713 3364 2753 nos
3377 2697 3619 2769 majoris
3630 2697 3785 2754 tituli

2132 2780 2338 2838 invitat
2365 2781 2694 2849 exsultatio,
2718 2784 2874 2856 quod
2906 2790 3265 2843 memoratus
3285 2785 3450 2843 locus
3479 2788 3784 2844 decoretur

2130 2869 2456 2943 patrocinio
2503 2873 2947 2946 protomartyris
3006 2874 3311 2946 Stephani,
3366 2877 3539 2947 cujus
3591 2882 3784 2933 servat

2132 2959 2343 3015 brachii
2371 2960 2590 3033 pignus
2610 2960 3043 3030 inastimabile,
3068 2981 3293 3020 munus
3313 2965 3642 3037 exoptabile
3666 2985 3680 3036 ;
3705 2970 3780 3033 et,

2130 3053 2195 3103 ut
2244 3048 2439 3104 verius
2483 3049 2792 3119 fateamur,
2835 3053 3076 3124 propriis
3136 3054 3312 3110 oculis
3358 3055 3780 3127 conspeximus

2127 3138 2393 3208 ejusdem
2424 3139 2807 3195 sacratissimi
2845 3140 3107 3215 pignoris
3136 3160 3194 3199 os
3231 3147 3550 3218 quassatum
3582 3145 3783 3202 ictibus

2129 3225 2500 3298 lapidantium
2518 3227 2864 3297 Iudaeorum,
2883 3228 3014 3286 dum
3034 3231 3176 3286 illud
3204 3232 3610 3289 recondidimus
3625 3235 3781 3306 infra

2124 3317 2302 3372 altare
2344 3316 2487 3388 quod
2530 3318 2969 3375 consecravimus
3014 3323 3067 3376 te
3096 3328 3382 3392 prasente,
3442 3322 3779 3380 astantibus

2126 3405 2516 3462 confratribus
2554 3406 2774 3464 nostris
2815 3407 3177 3483 coepiscopis
3223 3407 3504 3467 Alinardo
3537 3411 3779 3486 Lugdu-

2126 3493 2295 3550 nensi
2344 3495 2799 3568 archiepiscopo,
2849 3498 3094 3571 Georgio
3133 3498 3464 3557 Colosensis
3515 3500 3777 3559 ecclesia

2124 3586 2502 3656 Hungrorum
2538 3583 2994 3658 archiepiscopo,
3046 3604 3270 3644 necnon
3301 3588 3626 3647 Sutricensi
3657 3591 3784 3664 epi-

2125 3688 2301 3744 scopo
2350 3671 2563 3740 Kilino,
2608 3673 2929 3730 Genevensi
2959 3675 3270 3745 Friderico,
3312 3676 3561 3735 Widone
3609 3679 3780 3736 Cabi-

2124 3760 2374 3829 lonensi,
2433 3760 2704 3818 Gualtero
2762 3763 3130 3833 Matiscenci;
3197 3765 3478 3823 abbatum
3545 3784 3788 3842 quoque

2125 3853 2182 3905 et
2210 3848 2596 3906 honestorum
2643 3849 2989 3909 clericorum
3050 3855 3377 3912 reverenda
3419 3858 3784 3927 sanctitatis,

2123 3937 2407 3995 laicorum
2439 3945 2723 4012 prasente
2752 3939 2985 3997 inﬁnita
3015 3942 3425 4012 multitudine;
3468 3946 3695 4018 quique
3724 3947 3784 4005 in

2122 4031 2323 4085 tenore
2354 4031 2589 4086 tuarum
2620 4045 2863 4102 precum
2884 4031 3165 4088 addidisti
3197 4038 3262 4089 ut
3286 4035 3568 4107 quoniam
3590 4036 3780 4094 altare

2124 4133 2227 4189 per
2252 4134 2465 4174 manus
2503 4121 2735 4174 nostras
2766 4118 2957 4177 fuerat
2986 4126 3412 4190 consecratum,
3445 4124 3516 4180 ab
3550 4131 3785 4198 aposto-

2124 4204 2238 4261 lica
2287 4206 2423 4261 sede
2461 4205 2725 4278 aliquam
2770 4214 3229 4282 consequeretur
3267 4212 3644 4286 dignitatem.
3691 4218 3790 4272 In-

2124 4293 2321 4351 clinati
2352 4310 2487 4367 ergo
2516 4295 2637 4352 tuis
2656 4297 2682 4368 j
2693 4297 2839 4354 ustis
2864 4299 3157 4371 precibus,
3182 4318 3495 4358 ascensum
3521 4302 3632 4360 tibi
3657 4304 3782 4377 pie-

2121 4384 2261 4439 tatis
2294 4400 2409 4439 non
2440 4384 2788 4443 distulimus
2819 4388 3096 4461 prabere.
3130 4390 3567 4448 Conﬁrmamus
3596 4392 3782 4466 igitur

2122 4488 2226 4545 per
2243 4472 2395 4529 hanc
2411 4476 2672 4530 nostram
2691 4477 3099 4550 praceptionis
3113 4479 3390 4551 paginam
3410 4479 3564 4537 bona
3575 4484 3779 4539 omnia

2038 4567 2086 4632 D
2118 4579 2243 4635 qua
2265 4561 2352 4619 vel
2373 4566 2475 4619 tua
2494 4563 2802 4634 industria,
2822 4565 3322 4638 velquorumlibet
3354 4568 3621 4626 ﬁdelium
3640 4571 3779 4628 data

2120 4655 2259 4707 sunt
2287 4652 2610 4709 devotione.
2673 4654 3001 4711 Statuimus
3053 4656 3305 4729 denique
3361 4658 3433 4713 ad
3488 4658 3776 4717 honorem

2119 4740 2304 4797 nostri
2346 4742 2812 4815 protomartyris,
2871 4760 3049 4816 super
3100 4749 3373 4803 sanctum
3424 4747 3774 4820 pradictum

2119 4830 2319 4899 altare,
2352 4847 2469 4887 non
2501 4831 2827 4888 ministrari
2858 4832 2974 4889 nisi
3009 4834 3191 4891 semel
3224 4835 3285 4890 in
3317 4836 3448 4905 die;
3481 4839 3535 4892 et
3563 4835 3772 4894 nullus

2118 4924 2441 4992 prasumat
2470 4936 2650 4993 super
2669 4920 2726 4976 id
2750 4922 3022 4979 accedere
3044 4925 3116 4979 ad
3141 4924 3616 4994 sacriﬁcandum,
3652 4924 3776 4983 nisi

2121 5024 2297 5081 quem
2329 5007 2804 5083 archiepiscopus
2835 5010 2947 5067 loci
2978 5011 3052 5068 ad
3082 5011 3193 5068 hoc
3224 5012 3607 5070 destinaverit
3636 5030 3778 5071 cum

2120 5114 2411 5154 consensu
2442 5098 2721 5167 fratrum;
2750 5098 2975 5156 scilicet
2996 5106 3222 5173 septem
3244 5118 3275 5158 e
3297 5102 3582 5159 fratribus
3611 5101 3781 5161 illius

2119 5186 2610 5259 congregationis,
2636 5187 2734 5261 qui
2767 5187 3027 5244 melioris
3056 5188 3183 5245 vita
3206 5189 3524 5264 eligantur,
3567 5195 3627 5249 et
3653 5210 3780 5249 car-

2116 5275 2330 5331 dinales
2358 5279 2663 5344 vocentur;
2698 5292 2950 5348 quorum
2982 5294 3137 5333 unus
3169 5278 3249 5335 sit
3276 5278 3545 5350 ejusdem
3575 5280 3777 5339 Eccle-

2117 5364 2217 5420 sia
2266 5363 2544 5429 decanus,
2575 5367 2632 5419 et
2659 5364 2813 5421 sicut
2841 5369 2931 5421 est
2971 5367 3160 5438 major
3186 5366 3248 5423 in
3296 5369 3776 5442 congregatione,

2114 5451 2194 5507 ita
2226 5449 2386 5522 prior
2407 5449 2622 5522 polleat
2636 5452 2939 5526 dignitate.
2964 5458 3188 5512 Horum
3207 5456 3406 5528 itaque
3427 5455 3778 5533 quicunque

2112 5539 2193 5597 ibi
2215 5536 2591 5596 celebraverit
2608 5539 2878 5615 missam,
2899 5543 3108 5603 induat
3129 5544 3527 5617 dalmaticam,
3553 5552 3617 5605 et
3630 5552 3775 5606 tunc
