3974 6206
131 386 260 454 6'17

1117 387 1526 452 EPISTOL/E
1569 389 1668 452 ET
1712 391 2074 454 DECIIE'I‘A
2116 390 2593 454 PONTIFICIA.

3441 391 3559 454 678

136 522 527 589 consenserit,
561 524 664 576 aut
692 518 886 576 fautor
915 521 1220 591 exstiterit,
1255 528 1311 578 et
1339 541 1454 579 non
1482 526 1677 597 potius
1699 527 1797 580 ob-
1834 529 1882 592 Α
1915 526 2242 581 cessoribus
2303 527 2360 581 in
2416 531 2785 598 perpetuum,
2841 529 3170 582 statuentes
3238 525 3560 598 apostolica

135 630 375 672 servare
406 611 550 667 illud
583 610 877 683 integrum
912 611 1228 679 studuerit,
1260 613 1361 668 sed
1385 619 1645 669 nostram
1669 631 1801 686 apo-

134 703 408 760 stolicam
423 701 574 757 hanc
589 699 997 772 praceptionis
1013 699 1479 757 interdictionem
1503 707 1800 775 transgre-

133 793 196 847 di
213 789 678 865 praesumpserit,
700 788 848 844 sciat
861 805 923 844 se
937 789 1281 845 auctoritate
1300 791 1449 845 beati
1465 792 1615 846 Petri
1631 809 1798 864 apos-

135 879 590 952 tolorumprinci
601 879 692 951 pis
705 877 984 934 ccelorum
1001 877 1164 950 regni
1179 879 1800 952 clavigeri,nostroque

137 968 534 1025 anathematis
565 966 799 1023 vinculo
831 970 887 1022 et
918 966 1288 1034 innodatum,
1322 972 1378 1023 et
1407 985 1442 1024 a
1479 986 1657 1040 regno
1697 969 1798 1024 Dei

137 1058 485 1128 alienatum,
518 1061 695 1127 atque
726 1073 860 1111 cum
893 1054 1126 1111 diabolo
1157 1059 1214 1110 et
1246 1057 1374 1127 ejus
1405 1057 1793 1112 atrocissimis

141 1146 900 1219 pompis,transgressorem
915 1149 1255 1200 sanctorum
1268 1145 1504 1200 Patrum
1521 1145 1800 1200 canonica

141 1235 461 1291 traditione
490 1235 853 1306 deputatum.
887 1234 1176 1299 Quoniam
1210 1233 1495 1306 scriptum
1527 1239 1641 1290 est:
1667 1235 1799 1290 Ter-

143 1324 341 1379 minos
370 1327 601 1395 patrum
637 1326 973 1378 nostrorum
1000 1320 1164 1378 nulla
1194 1323 1538 1379 auctoritate
1580 1321 1798 1377 lllicitaa

141 1413 494 1468 temeritatis
526 1412 854 1485 transgredi
879 1412 1154 1484 praasumi
1177 1412 1361 1484 (Prov.
1386 1413 1547 1483 XXII).
1573 1413 1640 1466 Et
1659 1410 1798 1482 quia

140 1499 598 1573 opportunitatis
629 1500 805 1573 exigit
826 1501 970 1556 ratio
992 1505 1289 1572 protervos
1315 1519 1379 1556 ac
1397 1505 1796 1572 transgresso-

142 1606 233 1646 res
256 1607 324 1646 ex
337 1589 629 1645 canonica:
644 1589 1018 1644 correctionis
1033 1589 1194 1644 freno
1213 1590 1420 1644 debere
1442 1587 1761 1660 constringi
1785 1607 1796 1654 ;

143 1678 304 1735 illius
333 1679 578 1751 insuper
606 1676 844 1750 speciali
872 1677 1209 1749 [spirituali]
1233 1676 1430 1748 jaculo
1455 1677 1656 1748 perdat
1678 1675 1800 1731 ani-

145 1784 330 1834 mam,
364 1765 849 1839 cujustemporali
867 1765 1060 1838 gladio
1073 1765 1338 1821 Malchus
1358 1765 1554 1821 amisit
1571 1765 1798 1820 auricu-

145 1856 290 1910 lam.
325 1855 433 1921 Qui
462 1872 595 1910 vero
613 1855 788 1927 hujus
808 1855 989 1910 nostri
1009 1855 1296 1928 privilegii
1314 1853 1793 1910 constitutionem

145 1948 206 2000 et
235 1943 737 2000 conﬁrmationem
769 1944 1158 2000 observaverit
1179 1960 1212 1998 a
1227 1943 1470 1998 Domino
1488 1943 1602 1998 Deo
1621 1943 1800 1998 bene-

147 2034 397 2100 dicatur,
422 2037 480 2088 et
499 2032 696 2088 interni
711 2032 896 2105 regni,
913 2033 1081 2088 beato
1096 2032 1513 2088 interveniente
1528 2032 1797 2088 Matthzeo

146 2121 528 2194 evangelista,
562 2121 855 2194 particeps
887 2121 1036 2176 efﬁci
1070 2125 1384 2176 mereatur.

215 2207 428 2267 Datum
458 2227 517 2265 x1
541 2209 830 2266 Kalendas
863 2209 1136 2282 Augusti,
1162 2226 1264 2282 per
1285 2227 1501 2265 manus
1525 2207 1801 2266 Friderici

147 2298 375 2355 diaconi
393 2303 608 2355 sanetae
626 2298 955 2370 apostolicae
976 2299 1134 2354 sedis
1148 2298 1568 2354 bibliothecarii
1594 2303 1650 2353 et
1669 2315 1802 2354 can-

145 2388 393 2459 cellarii,
426 2393 484 2444 et
513 2388 732 2443 domini
765 2387 1102 2444 Herimanni
1126 2387 1490 2444 Coloniensis
1513 2387 1798 2460 archiepi-

147 2478 316 2550 scopi
347 2482 403 2532 et
433 2475 948 2543 archicancellarii,
994 2493 1144 2534 anno
1195 2477 1417 2532 domini
1468 2477 1677 2532 Leonis
1727 2476 1797 2532 IX

147 2583 314 2639 papa:
347 2565 538 2633 tertio,
571 2565 883 2622 indictione
915 2569 1143 2637 quarta.

925 2671 1034 2727 LX.

142 2764 196 2817 8.
233 2763 336 2818 Leo
365 2763 432 2816 IX
457 2763 786 2817 monasterii
812 2761 870 2816 8.
904 2763 1095 2818 Mariae
1125 2763 1185 2815 in
1213 2760 1459 2831 Gorgona
1489 2761 1674 2815 insula
1703 2763 1800 2815 siti

515 2833 809 2904 privilegia
840 2834 1124 2903 conﬁrmat
1153 2836 1206 2888 et
1231 2834 1412 2902 auget.

768 2922 954 2991 (Anno
988 2921 1171 2992 1051.)

461 3010 735 3083 [Ugbelli,
769 3011 933 3065 Italia
963 3010 1154 3076 Sacra,
1191 3009 1284 3076 ΙΙΙ,
1321 3010 1471 3080 358.]

209 3101 331 3156 Leo
381 3101 716 3172 episcopus,
769 3116 972 3155 servus
1020 3115 1320 3154 servorum
1362 3097 1486 3166 Dei,
1537 3096 1794 3154 ecclesia:

137 3193 360 3245 sanctae
391 3189 493 3244 Dei
525 3187 824 3261 genitricis
855 3205 919 3243 ac
959 3187 1202 3260 virginis
1251 3187 1447 3242 Maria:
1491 3187 1549 3240 in
1599 3185 1794 3243 insula

135 3279 438 3350 Gorgona,
496 3259 596 3331 ubi
653 3277 830 3332 etiam
889 3259 1100 3347 corpus
1159 3274 1313 3331 beati
1370 3275 1646 3348 Gorgonii
1702 3259 1866 3332 re-C

137 3367 417 3439 quiescit,
446 3369 503 3421 et
536 3382 640 3437 per
669 3382 795 3420 eam
828 3364 930 3420 tibi
963 3365 1120 3420 Bono
1151 3363 1367 3432 abbati,
1402 3364 1636 3436 tuisque
1663 3381 1793 3420 suc-

140 3456 483 3513 cessoribus
514 3455 575 3510 in
608 3459 979 3527 perpetuum.

205 3545 494 3602 Convenit
524 3542 844 3616 apostolico
876 3542 1263 3598 moderamini
1297 3547 1450 3598 recte
1473 3542 1793 3614 petentium

138 3633 466 3706 adimplere
505 3632 884 3698 desiderium,
938 3635 993 3688 et
1033 3631 1216 3702 justis
1263 3631 1796 3702 supplicationibus

136 3721 435 3795 impertiri
468 3721 834 3792 suﬂ‘ragium’.
869 3719 1015 3783 Quia
1045 3719 1356 3792 postulasti
1389 3737 1420 3774 a
1469 3720 1658 3786 nobis,
1712 3718 1794 3773 ﬁli

134 3810 517 3876 charissime,
553 3815 840 3880 quatenus
870 3809 1343 3875 concederemus,
1375 3812 1432 3863 et
1481 3809 1797 3864 conﬁrma-

138 3915 366 3965 remus,
400 3915 504 3953 seu
537 3899 1046 3954 corroboraremus
1076 3897 1182 3953 tibi
1213 3897 1448 3969 tuisque
1496 3914 1794 3953 successo-

141 3991 331 4053 ribus,
363 4003 468 4059 per
500 3987 685 4042 nostri
719 3986 1000 4059 privilegii
1033 3985 1332 4059 paginam,
1372 3985 1794 4041 monasterium

145 4079 200 4132 in
233 4078 522 4132 honorem
557 4076 618 4131 S.
672 4077 857 4131 Marias
910 4074 1110 4131 Matris
1158 4074 1390 4131 Domini
1435 4074 1794 4142 dedicatum,

145 4172 198 4222 et
224 4166 290 4220 in
323 4165 518 4221 insula
548 4165 818 4236 Gorgona
851 4164 1144 4236 positum:
1171 4181 1295 4235 qua}
1320 4163 1534 4232 insula,
1562 4163 1714 4218 sicut
1734 4163 1792 4218 in

146 4255 202 4308 S.
237 4254 394 4311 Petri
427 4253 745 4326 privilegiis
775 4253 1004 4326 legitur,
1038 4254 1147 4308 sub
1189 4254 1323 4324 jure
1364 4257 1422 4308 et
1470 4251 1688 4308 ditione
1735 4258 1791 4307 S.

146 4342 352 4398 matris
379 4346 591 4398 nostrae
625 4343 897 4398 Romane
929 4341 1199 4398 consistit
1246 4340 1534 4397 Ecclesiae.
1589 4341 1791 4414 Igitur,

144 4431 410 4486 inclinati
440 4430 715 4502 precibus
739 4431 875 4495 tuis,
893 4429 1792 4493 concedimusetconﬁrmamus,

143 4536 246 4575 seu
287 4521 731 4576 corroboramus
761 4519 865 4574 tibi
894 4519 1130 4591 tuisque
1161 4519 1220 4573 in
1263 4524 1611 4590 perpetuum
1661 4536 1792 4574 suc-

142 4607 479 4663 cessoribus
495 4624 591 4679 per
604 4608 782 4679 hujus
800 4607 984 4663 nostri
999 4606 1283 4679 privilegii
1303 4606 1578 4678 paginam
1596 4607 1790 4679 ipsum
1824 4629 1870 4692 D
1904 4660 1943 4714 Ρ,

145 4696 570 4753 monasterium
603 4713 739 4754 cum
773 4695 1048 4769 prmdicta
1074 4694 1289 4765 insula,
1324 4700 1390 4750 ut
1421 4711 1653 4768 semper
1674 4697 1795 4752 sint

147 4781 568 4839 monachorum
600 4782 953 4852 habitacula,
989 4799 1060 4838 ne
1091 4783 1192 4838 ﬁat
1222 4782 1501 4855 spelunca
1521 4782 1791 4852 latronis,

148 4888 269 4942 quas
302 4872 469 4943 prius
501 4871 613 4927 fuit
642 4872 856 4928 domus
905 4871 1206 4927 orationis.
1256 4872 1450 4927 Abbas
1498 4871 1790 4944 siquidem

149 4958 204 5014 in
234 4961 439 5017 eodem
470 4961 733 5017 coenobio
760 4977 1067 5033 nunquam
1098 4960 1399 5016 ordinetur
1438 4978 1540 5033 pro
1589 4962 1792 5034 pretio,

149 5049 247 5103 sed
306 5049 406 5121 qui
465 5051 795 5106 secundum
850 5049 1111 5122 regulam
1173 5050 1232 5104 S.
1296 5049 1590 5104 Benedicti
1659 5067 1794 5106 cum

150 5138 395 5194 fratrum
426 5139 668 5195 consilio
701 5138 998 5195 invenitur
1025 5137 1232 5194 melior
1289 5137 1349 5193 in
1406 5137 1534 5210 ipso
1594 5155 1796 5204 mona-

149 5228 320 5283 sterio
351 5246 365 5296 ;
396 5233 455 5284 et
505 5244 868 5300 quaecunque
900 5245 934 5283 a
984 5228 1122 5283 viris
1172 5225 1462 5299 religiosis
1510 5232 1566 5283 et
1610 5228 1795 5284 Deum

150 5313 491 5372 timentibus
522 5315 584 5372 in
616 5333 790 5373 usum
814 5321 1189 5389 etsumptum
1209 5315 1629 5372 monachorum
1651 5317 1795 5373 inibi

148 5403 258 5460 Deo
288 5406 671 5462 servientium
704 5423 984 5462 concessa
1011 5404 1099 5461 vel
1126 5405 1185 5461 in
1217 5410 1568 5479 perpetuum
1600 5423 1797 5462 conce-

149 5491 334 5550 denda
364 5499 525 5564 sunt,
559 5494 678 5552 sive
709 5512 777 5552 ex
807 5494 918 5551 hac
948 5499 1111 5569 parte
1137 5494 1336 5565 maris,
1370 5494 1491 5550 sive
1540 5512 1609 5551 ex
1659 5495 1791 5566 alia,

148 5597 246 5652 per
274 5583 428 5642 hanc
456 5589 721 5642 nostram
771 5584 1240 5659 praeceptionem,
1289 5584 1795 5643 conﬁrmationem

150 5674 570 5735 conﬁrmamus
622 5679 679 5735 et
722 5675 1172 5736 corroboramus
1220 5673 1327 5735 tibi
1375 5675 1613 5754 tuisque
1661 5693 1794 5736 suc-

1911 631 2158 670 censura
2195 619 2258 669 ut
2289 615 2488 670 nullus
2527 615 2866 688 imperator.
2931 615 3128 670 nullus
3189 631 3305 683 rex,
3359 614 3560 670 nullus

1910 703 2048 770 dux,
2076 703 2276 758 nullus
2313 704 2591 770 marrbio,
2643 704 2838 759 nullus
2888 722 3105 770 comes,
3156 703 3355 760 nullus
3406 704 3560 759 vice-

1909 809 2128 858 comes,
2161 792 2360 848 nullus
2393 793 2692 861 castaldio,
2727 798 2781 848 et
2812 800 3087 864 praeterea
3123 793 3322 848 nullus
3344 793 3563 865 episco-

1911 897 2040 951 pus,
2072 879 2161 934 vel
2194 881 2510 951 cujuslibct
2549 882 2772 936 ordinis
2823 901 2921 937 seu
2985 883 3287 955 dignitatis
3347 899 3563 955 magna

1910 986 2202 1040 parvaque
2233 987 2502 1039 persona,
2538 975 2738 1024 contra
2766 971 2916 1026 hanc
2963 977 3173 1027 nostra“:
3225 971 3562 1044 praeceptio-

1909 1057 2022 1124 nis,
2055 1058 2450 1112 concessionis
2483 1063 2540 1112 et
2589 1059 3079 1114 corroborationis
3131 1059 3407 1132 paginam
3457 1077 3565 1115 au-

1909 1146 2042 1200 deat
2073 1150 2420 1216 pertentare.
2449 1147 2554 1212 Qui
2605 1163 2736 1201 vero
2796 1148 2972 1216 hujus
3032 1148 3216 1203 nostri
3276 1148 3560 1221 privilegii

1907 1233 2150 1288 violator
2186 1234 2490 1300 exstiterit,
2544 1235 2937 1290 anathematis
2986 1241 3043 1291 et
3091 1237 3562 1292 excommunica-

1909 1321 2084 1376 tionis
2119 1321 2350 1375 vinculo
2383 1322 2459 1377 sit
2491 1321 2788 1392 alligatus,
2823 1328 2878 1376 et
2919 1341 3048 1377 cum
3071 1324 3223 1378 Juda
3271 1325 3564 1396 proditore

1909 1410 2147 1476 Christi,
2209 1411 2322 1465 nisi
2381 1412 2712 1482 resipurrit,
2769 1412 2840 1464 sit
2903 1419 3126 1465 :rtrrnre
3200 1413 3563 1468 damnationi

1908 1499 2180 1553 traditus.
2213 1500 2279 1554 Et
2309 1500 2408 1571 qui
2438 1501 2772 1554 observator
2806 1501 2996 1568 fuerit,
3050 1501 3122 1554 ab
3169 1501 3566 1572 omnipotente

1907 1587 2021 1642 Deo
2056 1588 2434 1643 benedicatur
2460 1595 2515 1643 et
2547 1590 2953 1660 spiritualibus
2985 1589 3216 1660 gaudiis
3250 1589 3562 1662 repleatur.

1907 1676 2239 1732 Statuimus
2295 1678 2471 1732 etiam
2533 1683 2596 1732 ut
2652 1696 2684 1732 a
2749 1679 3010 1733 Romano
3053 1677 3326 1750 pontiﬁce
3383 1678 3566 1734 abbas

1907 1764 2087 1835 hujus
2121 1767 2460 1821 monasterii
2511 1767 2761 1838 accipiat
2811 1766 3270 1823 consecrationis
3323 1767 3565 1823 benedi-

1907 1853 2183 1907 ctionem.

1982 1943 2186 1996 Datum
2219 1959 2332 1996 xvu
2363 1941 2601 1997 Kalend.
2654 1943 2996 1999 Novembris
3044 1961 3148 2015 per
3198 1960 3408 1999 manus
3463 1943 3563 1998 Fe-

1906 2031 2080 2085 derici
2131 2031 2382 2095 diaconi,
2429 2036 2641 2086 sancta:
2669 2032 2939 2086 Romanae
2966 2032 3233 2087 Ecclesiae
3259 2031 3566 2087 bibliothe-

1907 2119 2048 2174 carii
2080 2123 2136 2173 et
2167 2118 2520 2186 cancellarii,
2555 2119 2677 2174 vice
2708 2119 2934 2174 domini
2982 2120 3321 2175 lIerimanni
3371 2119 3562 2176 archi-

1908 2208 2239 2264 cancellarii
2290 2214 2345 2263 et
2393 2208 2754 2264 Coloniensis
2802 2209 3247 2282 archiepisc0pi,
3301 2225 3453 2265 anno
3503 2209 3561 2264 d.

1911 2297 2120 2352 Leonis
2155 2297 2222 2352 IX
2253 2297 2356 2352 PP.
2393 2315 2474 2362 ιιι,
2509 2297 2710 2352 indict.
2749 2315 2822 2352 ιν.

2658 2387 2794 2441 LXI.

2031 2475 2088 2529 8.
2124 2476 2225 2530 Leo
2257 2477 2320 2530 IX
2349 2476 2670 2530 monasterii
2681 2474 3044 2616 ﬁSublacensis
3069 2478 3432 2546 possessiones

2578 2563 2674 2601 ron
2724 2554 2884 2600 rmat.

2578 2554 2884 2601 conﬁrmat.

2531 2636 2721 2704 (Anno
2760 2636 2940 2705 105l.)

2217 2705 2533 2773 [Muratori,
2559 2708 2742 2776 Antiq.
2777 2707 2897 2761 Ital.
2936 2705 3029 2773 IV,
3070 2708 3248 2777 1062.]

2080 2837 2091 2848 .
2176 2836 2188 2848 .
2226 2793 2386 2848 Unde
2440 2793 2570 2858 tibi,
2632 2799 2831 2849 sancte
2884 2811 2949 2849 ac
2997 2796 3323 2850 venerande
3372 2797 3586 2863 Pater,"

1907 2887 2009 2937 tua
2035 2882 2140 2936 tibi
2177 2883 2596 2938 conﬁrmamus
2627 2883 2784 2938 omni
2818 2882 3139 2954 diligentia,
3179 2883 3340 2939 omni
3392 2885 3563 2939 devo-

1904 2973 2063 3026 tione.
2143 3015 2154 3027 .
2239 3016 2251 3027 .
2335 3014 2347 3026 .
2383 2990 2447 3026 ac
2477 2972 2728 3027 salutem
2766 2973 2822 3026 in
2849 2976 3084 3028 tuorum
3133 2973 3227 3045 pia
3258 2978 3315 3027 et
3363 2973 3568 3029 devota

1905 3061 2310 3116 observatione
2364 3060 2542 3132 digna
2594 3077 2762 3115 soror
2819 3063 2921 3114 tua
2976 3059 3138 3131 virgo
3199 3060 3563 3114 Scholastica

1905 3153 2098 3203 tecum
2130 3148 2251 3204 hcce
2283 3149 2482 3203 omnia
2521 3148 2733 3203 habeat
2789 3153 2847 3203 et
2903 3149 2958 3202 in
3022 3154 3369 3220 perpetuum
3432 3165 3564 3220 pos-

1905 3237 2112 3292 sideat.

1976 3327 2252 3382 Fraterna
2331 3327 2633 3393 charitate,
2696 3325 2930 3399 speciali
3017 3327 3340 3381 reverentia
3424 3341 3560 3397 ergo

1906 3433 2270 3488 quacunque
2299 3415 2462 3471 vobis
2495 3431 2529 3469 a
2559 3415 2774 3469 Christi
2799 3414 3070 3470 ﬁdelibus
3115 3431 3360 3469 concesa
3399 3419 3557 3482 sunt,

1903 3505 1990 3559 vel
2023 3505 2401 3576 possidentur
2432 3503 2519 3558 vel
2549 3505 2605 3557 in
2639 3509 2937 3575 posterum
2969 3503 3432 3574 possidebuntur
3451 3504 3560 3558 sub

1906 3594 2148 3649 obtentu
2184 3593 2401 3648 summi
2433 3592 2660 3647 Judicis
2690 3596 2747 3645 et
2775 3591 3120 3646 auctoritate
3166 3590 3351 3645 sancti
3405 3590 3558 3644 Petri

1905 3681 2300 3755 apostolorum
2359 3680 2662 3752 principis,
2738 3696 2839 3750 per
2903 3678 3271 3750 privilegium
3345 3683 3560 3733 sanctis

1907 3773 2179 3826 Romanis
2210 3770 2366 3825 sedis
2411 3769 2832 3824 conﬁrmamus
2881 3773 2936 3823 et
2982 3769 3324 3822 roboramus
3371 3766 3556 3822 vobis.

1910 3862 1968 3914 In
2003 3859 2210 3931 primis
2268 3874 2510 3930 specum
2569 3858 2968 3922 tenebrosum,
3015 3856 3274 3926 corporis
3327 3855 3411 3908 tui
3459 3871 3564 3926 per

1905 3948 2141 4019 aliquod
2203 3952 2435 4018 tempus
2477 3963 2581 4018 pro
2639 3945 2870 4000 Christo
2927 3943 3037 3998 vile
3097 3943 3560 4010 reclinatorium,

1904 4037 2008 4092 tibi
2043 4041 2175 4091 actu
2209 4041 2265 4091 et
2295 4035 2532 4091 nomine
2565 4033 2848 4106 regularis
2903 4077 2916 4089 .
2998 4077 3010 4088 .
3092 4075 3104 4086 .
3151 4034 3316 4088 Pater
3347 4047 3559 4104 magne

1904 4125 2291 4192 discretionis,
2353 4129 2550 4179 sancte
2610 4123 2934 4189 Benedicto,
3000 4121 3171 4176 sicuti
3230 4121 3565 4194 specialiter

1903 4215 2005 4269 tibi
2040 4214 2302 4270 solitario
2334 4214 2660 4269 solitarium
2696 4212 2945 4285 elegisti.
2982 4213 3061 4266 ita
3091 4210 3262 4266 etiam
3298 4228 3332 4265 a
3361 4215 3415 4265 te
3439 4209 3562 4266 solo

1903 4303 2235 4376 specialiter
2265 4302 2638 4374 disponimus
2668 4301 2979 4374 possideri,
3015 4301 3097 4356 Ita
3147 4300 3346 4354 omnia
3393 4297 3562 4355 volu-

1903 4410 2036 4447 mus
2068 4397 2206 4456 ate,
2258 4397 2316 4447 et
2363 4410 2396 4446 a
2444 4396 2542 4447 tua
2592 4407 2788 4447 sorore
2850 4390 3106 4446 fraterna
3149 4389 3561 4445 communione

1903 4481 2106 4549 teneri,
2141 4487 2251 4536 etc.

1973 4571 2185 4625 Datum
2219 4569 2477 4624 secundo
2507 4568 2799 4624 Kalendas
2831 4568 3172 4623 Novem-bris
3206 4585 3306 4640 per
3347 4582 3563 4621 manus

1949 4658 2187 4713 rederici
2220 4657 2471 4724 diaconi,
2505 4662 2561 4711 et
2592 4662 2810 4712 sancta:
2863 4658 3134 4712 Romana:
3185 4654 3456 4711 Ecclesiae
3507 4658 3565 4707 et

1902 4747 2230 4820 apostolicaa
2262 4745 2420 4801 sedis
2453 4745 2806 4811 cancellarii,
2828 4746 2948 4800 vice
2968 4744 3188 4800 domini
3219 4739 3559 4798 lIerimanni

1906 4834 2402 4892 archicaneellarii
2433 4838 2488 4889 et
2517 4833 2875 4890 Coloniensis
2906 4829 3350 4904 archiepiscopi.

2650 4921 2815 4976 LXII.

1905 5015 1960 5068 8.
2017 5015 2207 5069 Leonis
2259 5012 2322 5066 I.\'
2368 5011 2514 5063 bulla
2564 5010 2974 5077 ron/innatoria
3036 5006 3457 5080 privilegiormn
3500 5020 3564 5058 ac

2313 5083 2534 5152 jurium
2563 5083 2842 5150 Far/ensis
2883 5083 3136 5136 casnobii.
3228 5149 3253 5152 _

2085 5147 2411 5226 [Muratori,
2446 5152 2565 5226 Ret.
2599 5147 2722 5206 Ital.
2754 5153 2978 5226 Sci-ipa,
3017 5154 3084 5220 ΙΙ,
3122 5169 3182 5218 ιι,
3224 5147 3377 5214 583.}

2526 5223 2716 5293 (Anno
2752 5223 2936 5293 1051.)

1979 5317 2092 5371 Lso
2143 5313 2474 5387 episcOpus,
2538 5327 2740 5367 servus
2799 5327 3098 5367 servorum
3131 5309 3251 5379 Dei,
3304 5305 3561 5363 ecclesias

1902 5403 2217 5462 venerabili
2269 5405 2481 5458 sanctae
2541 5400 2787 5473 virginis
2844 5403 3052 5457 matris
3101 5402 3283 5456 beata:
3340 5397 3557 5464 Mariae,

1906 5513 2032 5568 quae
2057 5494 2294 5566 ponitur
2321 5491 2379 5546 in
2413 5490 2704 5564 Pharpha,
2730 5499 2782 5548 et
2814 5507 2917 5564 pro
2941 5507 3008 5546 ea
3040 5490 3310 5546 Bsmxaoo
3336 5487 3558 5555 abbati,

1905 5585 2144 5655 etjuste
2175 5579 2530 5640 intrantibus
2563 5581 2687 5642 suis
2747 5580 3187 5642 successoribus
3236 5578 3294 5635 in
3348 5593 3562 5656 perpe-

1906 5677 2100 5734 tuum.
