3974 6206
414 319 529 376 679

1487 320 1549 376 S.
1599 315 1877 376 LEONIS
1926 313 2000 372 lX
2045 311 2271 372 PAP/E
2305 311 2735 374 OPUSCULA.

3702 315 3816 380 680

491 449 730 505 Initium
754 447 1052 519 sapientiae
1074 448 1249 502 timor
1270 447 1497 502 Domini
1523 464 1534 502 :
1572 447 1741 516 cujus
1765 447 1972 501 timore
1997 461 2060 499 ac
2094 446 2143 511 Α
2175 444 2465 498 civitatem
2497 442 2800 498 ecclesiam
2832 443 3026 498 Sancti
3052 444 3292 499 Adriani
3322 445 3382 500 in
3413 445 3729 520 integrum.
3755 449 3815 506 In

421 539 616 593 debita
648 537 964 592 reverentia
1005 536 1364 600 commoniti,
1399 553 1500 607 pro
1531 535 1782 607 glorioso
1837 533 1976 588 Filio
2010 537 2065 587 et

414 631 594 690 casto,
628 624 891 695 gloriosa:
929 623 1096 677 Matri
1123 623 1299 678 simul
1318 628 1372 678 et
1395 629 1564 678 casta:
1583 623 1860 678 honorem
1886 621 2063 676 liben-

415 718 501 767 ter
531 711 877 767 exhibemus
909 712 1003 782 pia
1023 711 1346 778 devotione,
1364 712 1554 767 etsuis
1572 711 2059 767 servitoribusne-

413 799 731 856 cessarium
764 816 828 854 ac
859 799 1122 870 regulare
1147 800 1419 872 cupimus
1445 800 1810 871 suffragium,
1835 803 1898 853 ut
1917 799 2059 853 dum

411 893 611 945 nostro
627 888 918 958 adjutorio
940 888 1083 943 bene
1103 889 1461 955 deserviunt,
1488 889 1800 960 participes
1813 886 2056 958 praemii,

406 977 666 1049 corporis
707 981 763 1032 et
794 977 1001 1032 animae
1035 977 1432 1048 suscipiamus
1464 977 1858 1031 commodum.
1905 975 2060 1029 Inter

404 1067 524 1122 haec
563 1066 852 1139 siquidem
897 1085 1038 1138 pure
1091 1068 1161 1120 ad
1223 1067 1590 1121 serviendum
1653 1066 1766 1120 Deo
1823 1063 2056 1134 viventi,

411 1162 624 1213 nostras
658 1155 974 1211 voluntatis
1007 1156 1288 1210 beneﬁcio
1319 1156 1612 1223 volumus,
1644 1155 1762 1209 imo
1793 1158 1848 1208 et
1880 1168 2057 1225 quam

407 1247 662 1300 maxime
687 1245 1120 1309 desideramus,
1138 1245 1367 1299 utsicut
1383 1245 1533 1300 inter
1549 1248 1784 1300 caeteras
1801 1241 2057 1296 nominis

407 1335 588 1402 fama,
623 1334 704 1388 ita
734 1338 791 1388 et
822 1333 1168 1388 necessariis
1199 1335 1373 1389 rebus
1403 1333 1715 1405 gloriosius
1773 1330 2057 1386 exaltetur

405 1440 510 1494 per
532 1427 792 1478 nostram
816 1421 1208 1477 humilitatem
1235 1427 1438 1478 sancta
1463 1421 1859 1493 Pharphensis
1882 1418 2057 1474 eccle-

406 1511 514 1566 sia.
545 1513 867 1583 Argentum
899 1511 1052 1565 enim
1087 1516 1141 1565 et
1172 1529 1379 1566 aurum
1415 1529 1527 1566 non
1557 1515 1645 1565 est
1676 1509 1873 1565 nobis:
1900 1508 2053 1579 quod

405 1603 600 1656 autem
632 1599 940 1665 habemus,
976 1599 1224 1655 libenter
1257 1600 1329 1665 ei,
1363 1601 1461 1672 qui
1495 1599 1662 1654 nobis
1691 1598 1799 1654 hoc
1846 1596 2054 1652 tribuit

405 1688 611 1760 gratis,
658 1687 904 1743 Domino
953 1693 1148 1743 nostro
1199 1693 1254 1743 et
1302 1689 1666 1760 angelorum,
1727 1704 1792 1741 ac
1841 1689 2049 1740 nostra:

403 1777 662 1832 Dominae
694 1777 993 1831 reddimus
1023 1795 1033 1831 :
1071 1776 1294 1831 scilicet
1319 1793 1416 1831 cor
1446 1775 1689 1842 humile,
1716 1776 1927 1830 bonam
1958 1791 2050 1829 vo-

401 1864 708 1931 luntatem,
739 1869 796 1918 et
826 1865 1113 1931 devotam,
1139 1870 1204 1919 ut
1221 1869 1467 1937 oportet,
1488 1865 1822 1919 servitutem
1847 1879 2049 1917 secun-

400 1953 541 2007 dum
583 1956 792 2006 nostrae
853 1951 1182 2023 fragilitatis
1241 1951 1710 2023 possibilitatem.
1772 1950 2048 2006 Solebant

399 2057 632 2112 semper
658 2039 920 2096 ecclesiis
951 2040 1103 2096 bona
1135 2058 1243 2096 sua
1273 2041 1628 2109 conﬁrmari,
1659 2040 1798 2106 imo,
1833 2044 1888 2094 et
1918 2056 2047 2094 con-

398 2130 711 2188 ﬁrmantur
742 2130 931 2186 adhuc
965 2146 1067 2201 per
1088 2131 1405 2202 apostolica
1432 2147 1675 2184 summae
1699 2130 1853 2184 sedis
1876 2128 2047 2200 privi-

397 2220 567 2293 legia,
602 2238 728 2292 quae
761 2219 876 2274 Deo
908 2218 1191 2290 largiente
1243 2237 1357 2274 non
1409 2217 1684 2273 refutabit
1732 2235 1799 2272 ex
1844 2220 2047 2271 nostra

396 2315 558 2380 parte
588 2308 892 2364 humiliter
923 2308 1218 2378 suscipere
1242 2305 1511 2377 specialis
1534 2305 1850 2377 spirituum
1872 2309 1926 2359 et
1947 2304 2046 2358 ho-

398 2398 625 2451 minum
659 2397 880 2467 regina,
915 2401 1100 2449 mater
1129 2394 1498 2464 humilitatis,
1527 2393 1774 2448 Domina
1822 2397 2042 2458 nostra,

398 2485 516 2555 pia,
549 2487 604 2538 et
636 2483 816 2548 mitis,
852 2500 916 2537 ac
949 2483 1102 2536 bona
1133 2482 1335 2536 Maria.
1370 2481 1612 2553 Suscipe
1645 2498 1802 2552 ergo,
1845 2484 2044 2536 sancta

396 2572 593 2644 Virgo,
628 2575 832 2625 sancta
863 2570 1098 2636 Parens,
1132 2586 1264 2625 cum
1297 2569 1436 2624 Filio
1469 2575 1569 2624 tuo
1600 2570 1894 2636 bonatua,
1927 2586 2039 2624 non

397 2678 430 2716 a
451 2660 620 2715 nobis
642 2660 798 2727 data,
825 2659 924 2714 sed
949 2664 1144 2713 nostro
1163 2658 1268 2713 tibi
1292 2659 1521 2714 ﬁrmata
1542 2657 1860 2731 privilegio.
1887 2659 2041 2714 Tene

397 2767 524 2821 quae
556 2753 720 2804 tenes
747 2766 760 2816 ;
794 2765 928 2802 cum
960 2747 1363 2805 benedictione
1393 2747 1519 2802 Filii
1550 2748 1633 2802 tui
1659 2749 1891 2820 posside
1914 2765 2039 2819 quae

396 2837 681 2908 possides.
700 2837 1009 2891 Benedicta
1023 2835 1257 2907 quidem
1280 2853 1341 2892 es
1356 2837 1503 2891 inter
1516 2853 1608 2892 om
1619 2854 1720 2893 nes
1732 2836 2037 2893 mulieres:

396 2932 497 2981 tua
524 2926 631 2981 tibi
663 2924 864 2980 nullus
895 2925 1156 2992 auferat;
1189 2926 1244 2978 in
1280 2926 1446 2981 bonis
1491 2925 1608 2982 tuis
1648 2930 1705 2981 te
1753 2926 2040 2982 offendere

398 3014 544 3070 nulli
577 3031 837 3086 unquam
870 3013 1078 3081 liceat;
1112 3018 1168 3068 et
1203 3014 1323 3068 vice
1353 3031 1460 3070 sua
1509 3013 1636 3081 tibi,
1683 3015 1930 3069 Berarde
1979 3015 2038 3069 in

395 3104 625 3159 Christo
659 3102 740 3157 ﬁli
771 3101 996 3168 dilecte,
1034 3102 1187 3158 ﬁdeli
1222 3103 1560 3157 monasterii
1593 3102 1772 3174 hujus
1821 3103 2036 3169 abbati,

2172 532 2395 588 Collina
2425 531 2728 587 ecclesiam
2754 531 2951 587 Sancti
2971 533 3212 588 Andreae
3239 550 3375 590 cum
3398 535 3676 592 omnibus
3698 538 3818 601 suis

2170 621 2556 692 pertinentiis.
2592 623 2650 675 In
2670 621 2811 676 urbe
2828 620 3012 676 Roma
3033 621 3340 679 ecclesiam
3360 623 3584 690 Sanctae
3603 626 3812 696 Mariae,

2169 714 2225 764 et
2252 709 2450 766 Sancti
2481 707 2795 764 Salvatoris
2828 726 2961 763 cum
2995 709 3218 781 criptis,
3255 715 3312 767 et
3332 713 3542 780 muris,
3565 719 3624 770 et
3645 715 3816 773 Cam-

2169 815 2308 869 pum
2332 799 2550 870 Agonis
2571 798 2625 852 in
2648 797 2962 869 integrum.
2984 798 3046 852 In
3060 800 3344 858 comitatu
3358 801 3595 859 Asisino
3609 801 3813 866 cellam

2169 886 2363 941 Sancti
2398 885 2691 941 Benedicti
2726 886 2784 940 in
2807 885 3123 957 integrum.
3153 889 3215 943 In
3236 890 3519 946 comitatu
3541 891 3811 950 Firmano

2169 973 2373 1029 cellam
2405 975 2626 1029 Sancta
2677 973 2866 1028 Mariae
2916 973 2974 1028 in
3024 974 3231 1045 Clenti,
3285 982 3340 1032 et
3389 980 3811 1038 monasterium

2167 1061 2493 1135 puellarum
2525 1063 2676 1133 quod
2711 1062 2927 1116 dicitur
2955 1063 3149 1119 Sancti
3184 1064 3523 1135 Salvatoris,
3551 1072 3610 1123 et
3633 1068 3813 1125 eccle-

2168 1153 2315 1206 siam
2347 1151 2544 1206 Sancti
2576 1151 2866 1207 Benedicti
2898 1151 2956 1206 in
3005 1153 3168 1224 Ripa,
3223 1158 3278 1208 et
3328 1155 3536 1211 cellam
3587 1157 3811 1214 Sanctae

2163 1241 2421 1322 Victoriae
2453 1258 2584 1295 cum
2616 1240 2890 1296 omnibus
2921 1257 3123 1297 earum
3157 1243 3529 1313 pertinentiis
3560 1251 3620 1301 et
3650 1247 3805 1318 adja-

2165 1329 2390 1385 centiis.
2425 1330 2485 1384 In
2519 1330 2797 1384 comitatu
2827 1329 3120 1385 Asculano
3151 1331 3329 1387 cellas
3356 1350 3368 1386 :
3403 1349 3581 1389 unam
3614 1335 3810 1398 Sancti
3844 1401 3845 1404 η

2165 1418 2480 1473 Salvatoris
2505 1419 2674 1488 juxta
2705 1419 2921 1473 flumen
2940 1421 3119 1474 Asum
3142 1440 3162 1487 ;
3184 1419 3428 1476 alteram
3452 1423 3674 1478 Sanctae
3692 1425 3810 1480 Ma-

2164 1508 2258 1561 riae
2295 1507 2348 1562 in
2382 1505 2608 1578 Ophida
2638 1506 2697 1561 in
2716 1507 3029 1580 integrum.
3055 1509 3116 1562 In
3135 1509 3416 1566 comitatu
3439 1511 3675 1567 Teatino
3693 1512 3810 1568 cel-

2163 1596 2277 1650 lam
2311 1596 2505 1651 Sancti
2537 1595 3219 1669 Stephaniinintegrum.
3248 1599 3309 1653 In
3334 1599 3611 1656 comitatu
3632 1601 3812 1662 Seno-

2161 1684 2428 1757 galliensi
2463 1688 2682 1739 curtem
2717 1685 2785 1739 de
2817 1684 3063 1741 Luzano.
3102 1687 3164 1742 In
3195 1687 3475 1743 comitatu
3508 1688 3578 1750 de
3607 1690 3810 1746 Came-

2161 1773 2286 1828 rino
2319 1777 2539 1828 curtem
2571 1773 2641 1827 de
2670 1772 2800 1828 Sala
2830 1774 3001 1828 bona.
3039 1774 3099 1828 In
3150 1776 3431 1832 comitatu
3476 1778 3803 1835 Auximano

2157 1867 2379 1918 curtem
2411 1863 2481 1916 de
2515 1863 2708 1917 Monte
2738 1861 3001 1919 Paulisco
3033 1861 3094 1917 in
3126 1862 3440 1937 integrum.
3473 1869 3638 1922 Hanc
3667 1883 3804 1940 ergo

2158 1953 2442 2022 majorem
2469 1955 2524 2005 et
2555 1950 2936 2022 principalem
2967 1951 3188 2006 Sanctae
3237 1952 3336 2008 Dei
3387 1954 3686 2026 genitricis
3735 1972 3805 2018 ac

2155 2040 2411 2112 Virginis
2433 2040 2625 2094 Mariae
2640 2039 2946 2094 ecclesiam
2969 2039 3028 2094 in
3046 2040 3331 2112 Pharpha,
3356 2058 3487 2097 cum
3512 2042 3796 2098 omnibus

2155 2130 2527 2202 supradictis,
2562 2133 2618 2184 et
2651 2127 2784 2184 aliis
2817 2128 2994 2184 etiam
3026 2128 3180 2184 cellis
3211 2129 3332 2186 suis
3363 2130 3710 2201 majoribus,
3735 2135 3802 2186 et

2153 2225 2353 2273 earum
2387 2216 2644 2272 ecclesiis
2667 2216 2790 2272 suis
2815 2217 3155 2283 minoribus,
3175 2218 3598 2284 cum‘castellis,
3622 2218 3796 2288 vicis,

2153 2312 2208 2361 et
2238 2306 2488 2378 oppidis,
2518 2305 2689 2361 terris
2721 2304 2894 2361 cultis
2926 2310 2982 2361 et
3008 2305 3262 2372 incultis,
3294 2306 3496 2377 pratis,
3530 2306 3794 2378 pascuis,

2152 2401 2207 2450 et
2237 2395 2444 2462 vineis,
2495 2393 2679 2464 silvis,
2731 2395 2921 2466 aquis,
2973 2411 3380 2466 aquarumque
3424 2395 3794 2463 decursibus,

2151 2483 2420 2556 piscariis
2450 2486 2507 2538 et
2538 2483 2980 2555 piscationibus,
3017 2483 3284 2554 portibus
3317 2482 3498 2546 maris
3517 2486 3573 2538 et
3594 2481 3799 2538 littori-

2151 2573 2283 2639 bus,
2317 2577 2373 2626 et
2402 2572 2711 2640 universis,
2760 2571 3234 2642 quantiscumque
3284 2570 3816 2644 qualibuscunque.

2150 2660 2535 2732 pertinentiis.
2571 2666 2626 2714 et
2657 2677 2790 2714 cum
2823 2659 3099 2714 omnibus
3129 2676 3258 2730 qua:
3291 2677 3324 2715 a
3368 2660 3633 2715 Romana
3660 2661 3798 2716 sede

2150 2751 2371 2806 obtinet
2401 2766 2502 2821 per
2533 2747 2852 2820 apostolica
2880 2747 3310 2820 privilegia,vel
3334 2748 3406 2804 ab
3428 2748 3799 2820 imperatori-

2151 2840 2279 2905 bus,
2314 2844 2369 2892 et
2392 2838 2624 2910 regibus
2643 2853 2743 2908 per
2767 2840 3076 2909 praecepta,
3099 2836 3428 2905 immotam,
3451 2841 3508 2892 et
3532 2837 3796 2909 quietam

2150 2929 2220 2982 ab
2252 2927 2525 2982 omnibus
2558 2943 2684 2981 esse
2715 2926 3034 2980 sancimus.
3067 2926 3136 2979 Et
3165 2927 3556 2999 quodcunque
3603 2927 3718 2982 sibi
3762 2943 3798 2983 a

2149 3016 2436 3088 quibuscu
2447 3031 2599 3086 nque
2619 3014 2886 3069 ﬁdelibus
2904 3013 3117 3068 Christi
3143 3031 3487 3070 concessum
3501 3018 3610 3080 est,
3627 3014 3718 3071 vel
3736 3015 3798 3072 in

2150 3109 2448 3176 posterum
2481 3103 2842 3171 conceditur,
2877 3103 2925 3158 si
2958 3103 3164 3157 divinae
3198 3103 3430 3174 pietatis
3462 3108 3796 3176 respectum

397 3192 508 3247 hoc
539 3209 717 3247 sacras
740 3190 962 3264 pagina
993 3191 1281 3262 scriptum
1311 3192 1685 3245 concedimus
1717 3191 1787 3246 ad
1837 3192 2036 3247 obser-
2068 3179 2109 3244 C
2149 3191 2674 3260 desiderat,nullus
2694 3190 3162 3258 invadat,nullus
3181 3192 3430 3259 minuat,
3447 3191 3535 3247 vel
3560 3193 3796 3248 subtra-

399 3281 676 3348 vandum,
710 3285 774 3334 ut
806 3279 982 3334 simul
1017 3284 1072 3334 et
1118 3279 1404 3351 scriptum
1455 3279 1708 3334 ecclesia:
1758 3296 2034 3347 reserves,

399 3386 504 3425 nec
528 3386 641 3424 non
673 3372 730 3423 et
759 3385 930 3424 omne
963 3367 1180 3423 bonum
1231 3367 1336 3422 tibi
1375 3368 1778 3423 commissum.
1831 3370 2040 3423 Sancta

397 3460 594 3530 itaque
623 3457 942 3529 apostolica
972 3457 1317 3512 auctoritate
1339 3457 1535 3512 omnia
1556 3473 1680 3527 quae
1705 3458 2040 3528 supradicta

395 3548 571 3603 habet
602 3547 659 3602 in
692 3547 893 3603 eodem
914 3545 1038 3601 loco
1061 3545 1324 3612 ecclesia,
1345 3546 1763 3601 conﬁrmamus
1780 3551 1836 3601 et
1853 3563 2038 3601 corro-

395 3637 693 3702 boramus,
727 3635 879 3690 sicut
909 3635 1081 3690 modo
1114 3635 1389 3706 possidet,
1417 3635 1899 3690 etabinitioint‘ra
1914 3653 2037 3706 pos-

395 3725 562 3792 sedit,
594 3729 652 3780 et
682 3729 878 3779 extra:
911 3723 1197 3789 videlicet,
1233 3723 1518 3795 quidquid
1554 3723 1766 3779 habere
1811 3724 2039 3778 videtur

394 3814 452 3868 in
484 3813 773 3868 territorio
806 3796 1134 3877 Sahinensi,
1163 3812 1220 3866 id
1251 3817 1339 3866 est
1369 3811 1676 3867 ecclesiam
1708 3813 1898 3868 Sancti
1934 3814 2036 3867 Be-

394 3902 627 3968 nedicti,
663 3907 719 3957 et
744 3906 966 3956 curtem
1001 3901 1200 3956 Sancti
1234 3901 1512 3965 Gethulii,
1545 3906 1602 3956 et
1633 3901 1935 3956 castellum
1967 3903 2038 3957 de

393 3991 665 4056 Tribuco,
700 3995 756 4046 et
787 3990 1029 4045 Podium
1071 3989 1326 4044 ﬁliorum
1359 3988 1674 4057 Palumbae,
1708 3996 1764 4045 et
1813 3990 2035 4046 alveum

393 4079 671 4151 Pharpbae
704 4083 892 4134 totum
921 4095 932 4131 :
969 4082 1024 4132 et
1056 4078 1175 4131 haec
1196 4077 1392 4132 omnia
1414 4093 1546 4131 cum
1571 4079 1845 4134 omnibus
1871 4080 2040 4151 perti-

391 4169 606 4224 nentiis
621 4167 744 4222 suis
770 4167 826 4220 in
853 4167 1168 4236 integrum.
1197 4164 1509 4220 Ecclesiam
1537 4166 1730 4221 Sancti
1754 4167 1954 4238 Angcli
1980 4168 2036 4222 in

392 4257 609 4311 Tancia
631 4271 764 4310 cum
786 4253 998 4325 gualdo
1025 4258 1082 4308 et
1111 4253 1386 4309 omnibus
1409 4254 1804 4325 pertinentiis;
1831 4256 2037 4312 castel-

390 4343 514 4396 lum
545 4343 616 4397 de
643 4341 1017 4405 Bucciniano,
1050 4344 1105 4395 et
1155 4341 1404 4395 Roccam
1456 4341 1512 4395 in
1564 4341 1853 4414 integrum
1904 4362 2036 4402 cum

392 4431 586 4486 Massa
616 4449 649 4485 a
680 4448 830 4503 papa
863 4429 1168 4484 Benedicto
1200 4429 1309 4500 ipsi
1346 4432 1698 4485 monasterio
1731 4449 2034 4502 concessa;

2145 3283 2266 3338 hat.
2296 3282 2351 3336 Si
2386 3281 2517 3353 quis
2562 3281 2719 3335 enim
2764 3280 2922 3352 piam
2978 3281 3221 3335 Matrem
3269 3279 3497 3336 Domini
3540 3281 3796 3338 scienter

2147 3370 2467 3436 offenderit,
2504 3371 2715 3424 bonam
2745 3368 3105 3424 voluntatem
3139 3368 3267 3423 Filii
3297 3371 3428 3440 ejus
3473 3370 3793 3444 unigeniti,

2144 3460 2262 3515 imo
2294 3464 2349 3514 et
2379 3457 2748 3531 primogeniti
2777 3457 3086 3513 Salvatoris
3107 3458 3292 3513 nostri
3313 3457 3525 3514 habere
3547 3459 3793 3515 omnino

2148 3566 2261 3604 non
2282 3548 2508 3621 poterit.
2526 3547 2792 3602 Decimas
2804 3550 2860 3602 et
2873 3546 3196 3602 oblationes
3215 3551 3584 3603 mortuorum
3598 3548 3797 3619 quiete

2145 3640 2258 3693 ista
2291 3642 2477 3691 teneat
2505 3635 2767 3691 ecclesia.
2793 3635 2908 3691 Nec
2929 3636 3216 3691 ordinatio
3239 3635 3689 3705 monachorum,
3707 3635 3798 3692 vel

2149 3747 2223 3797 μ.
2253 3728 2619 3796 -bgterorum
2637 3725 2816 3795 hujus
2840 3724 3204 3793 monasterii,
3229 3725 3314 3780 vel
3337 3724 3620 3780 cellarum
3643 3727 3798 3797 ejus,

2146 3834 2179 3870 a
2209 3815 2416 3886 quovis
2446 3814 2524 3869 ibi
2557 3815 2658 3868 ﬁat
2687 3813 2986 3886 episcopo,
3020 3813 3133 3870 nisi
3165 3831 3338 3884 quem
3372 3815 3554 3870 abbas
3588 3815 3800 3870 invita-

2146 3904 2310 3971 verit,
2343 3907 2463 3969 aut,
2495 3902 2541 3957 si
2576 3919 2691 3957 non
2723 3903 2906 3970 adest,
2942 3919 3047 3957 suo
3080 3907 3364 3974 praecepto
3396 3904 3522 3972 ejus
3552 3919 3801 3976 congre-

2146 3993 2323 4064 gatio,
2358 3991 2578 4047 scilicet
2609 3991 2746 4062 quia
2775 3991 2855 4046 ita
2885 3991 3136 4046 habetur
3173 3990 3233 4046 in
3280 3990 3581 4064 privilegio
3631 3993 3802 4047 bona:

2150 4080 2441 4136 memoria:
2471 4081 2638 4134 Pauli
2666 4096 2840 4152 papae,
2877 4083 2942 4134 ut
2971 4079 3260 4151 synodum
3294 4078 3495 4135 nullus
3526 4078 3624 4136 hic
3657 4079 3805 4137 cele-

2148 4170 2274 4224 bret
2303 4169 2632 4241 episcopus,
2667 4185 2772 4223 nec
2804 4167 2916 4223 alio
2945 4169 3142 4223 venire
3163 4169 3529 4240 constringat
3549 4169 3801 4242 presby-

2145 4264 2300 4314 teros
2328 4257 2515 4329 ipsius
2538 4256 2802 4322 abbatiaa,
2818 4255 3096 4328 quoniam
3111 4257 3264 4328 quod
3281 4257 3350 4312 ab
3366 4256 3494 4328 ipso
3519 4256 3615 4313 hic
3631 4257 3801 4313 locus

2148 4365 2250 4420 per
2278 4345 2650 4418 privilegium
2667 4345 2939 4414 obtinuit,
2956 4345 3391 4417 nosinfringere
3409 4346 3712 4404 nolumus.
3735 4347 3804 4402 Et

2148 4435 2613 4491 consecrationes
2642 4433 3019 4490 ecclesiarum
3052 4450 3085 4488 a
3115 4433 3320 4505 quovis
3352 4439 3574 4505 quaerat
3612 4435 3802 4491 abbas

389 4520 658 4575 Castrum
674 4518 1263 4574 Pharanizsciterum
1281 4519 1477 4575 omnia
1493 4521 1813 4576 siniulcuiu
1850 4525 2036 4578 omni-
2069 4549 2115 4613 D
2149 4523 2417 4596 religioso
2450 4522 2759 4595 episcopo;
2794 4523 3004 4577 habeat
3036 4522 3212 4577 simul
3263 4527 3318 4579 et
3365 4522 3648 4579 chrisma.
3708 4524 3799 4579 Ad

388 4611 499 4663 bus
533 4609 656 4665 suis
697 4607 1062 4680 pertinentiis
1115 4612 1170 4663 et
1213 4608 1617 4678 subjacentiis.
1670 4610 1906 4665 Terram
1967 4612 2036 4666 de

389 4697 639 4766 Ortella;
672 4699 730 4754 in
761 4697 990 4753 civitate
1021 4697 1238 4752 Ortana
1269 4695 1572 4751 ecclesiam
1607 4697 1802 4752 Sancti
1849 4699 2034 4756 Theo-

387 4787 511 4843 dori
547 4787 605 4842 in
636 4786 950 4859 integrum.
983 4787 1040 4840 In
1068 4785 1324 4840 Viterbio
1347 4785 1649 4841 ecclesiam
1675 4786 1894 4842 Sancta:
1918 4789 2034 4844 Ma-

386 4877 481 4931 riae
512 4876 570 4931 in
604 4877 918 4948 integrum.
954 4877 1014 4929 In
1048 4876 1316 4929 Tuscano
1344 4873 1550 4928 cellam
1582 4877 1799 4929 Sanctae
1841 4877 2030 4933 Mariae

375 4967 546 5036 juxta
576 4966 793 5021 ﬂumen
825 4963 1140 5020 Minionem
1175 4980 1305 5017 cum
1340 4963 1574 5034 gualdo,
1619 4969 1672 5018 et
1723 4982 1855 5020 cum
1905 4967 2030 5038 ipso

383 5055 574 5110 Monte
606 5055 896 5119 Gosberti,
931 5070 1033 5108 seu
1066 5058 1124 5108 et
1176 5053 1323 5122 Ripa
1378 5052 1640 5119 Aduclla,
1698 5060 1753 5108 et
1810 5056 2030 5111 Marino

381 5149 571 5216 portu.
609 5145 668 5198 In
700 5143 983 5200 comitatu
1015 5140 1324 5196 Narniensi
1361 5142 1785 5197 monasterium
1835 5144 2030 5200 Sancti

381 5231 611 5306 Angeli,
646 5237 701 5288 et
726 5231 1029 5288 ecclesiam
1062 5229 1259 5285 Sancti
1291 5229 1513 5284 Antimi
1544 5229 1603 5285 in
1624 5231 1937 5304 integrum.
1967 5235 2028 5289 In

381 5320 664 5376 comitatu
699 5321 976 5376 Perusino
1009 5317 1215 5374 cellam
1247 5322 1465 5372 Sanctae
1498 5317 1692 5374 Mariae
1724 5321 1781 5374 in
1806 5321 2026 5391 Diruta,

380 5414 437 5464 et
465 5409 660 5464 Sancti
692 5409 1066 5481 Apollinaris,
1101 5411 1158 5461 et
1205 5405 1403 5460 Sancti
1451 5405 1653 5478 Blaxii,
1716 5415 1773 5464 et
1831 5411 2030 5468 Sancti

381 5498 635 5552 Mentani
668 5514 802 5552 cum
833 5496 1114 5562 ecclesiis,
1151 5493 1428 5562 castellis,
1461 5495 1633 5564 villis,
1667 5503 1723 5554 et
1754 5501 2029 5558 omnibus

383 5582 771 5661 pertinentiis,
797 5590 854 5641 et
882 5585 970 5657 adj
982 5582 1222 5642 acentiis
1242 5582 1386 5640 suis.
1406 5584 1652 5659 Etjuxta
1663 5587 2028 5648 Tiburtinam

2147 4614 2422 4668 idoneum
2456 4611 2725 4667 abbatem
2756 4610 3111 4682 eligendum,
3137 4611 3461 4667 secundum
3475 4612 3678 4668 Sancti
3699 4613 3805 4668 Be-

2146 4701 2358 4758 nedicti
2391 4700 2673 4773 regulam,
2708 4699 2784 4754 sit
2816 4699 3146 4755 communis
3184 4717 3526 4768 consensus,
3578 4705 3635 4756 et
3683 4701 3801 4756 im-

2143 4791 2370 4863 pleatur
2427 4789 2626 4862 petitio
2689 4788 2958 4843 fratrum.
3010 4788 3293 4860 Spiritum
3343 4793 3433 4846 est
3483 4793 3677 4844 autem
3730 4789 3802 4844 in

2142 4880 2502 4936 canonibus:
2585 4880 2867 4934 Invasorcs
2923 4879 3280 4933 ecclesiarum
3343 4882 3459 4934 sine
3519 4876 3810 4935 dilatione

2143 4970 2701 5027 ea'communicentur.
2749 4968 2927 5039 Cujus
2969 4967 3049 5022 rei
3090 4968 3278 5039 gratia
3325 4982 3558 5023 necesse
3605 4971 3704 5024 est
3733 4972 3808 5023 ut

2140 5059 2330 5115 omnis
2371 5057 2594 5113 invasio
2625 5058 2684 5112 in
2717 5057 2990 5112 universa
3021 5061 3211 5113 cesset
3234 5055 3510 5124 Ecclesia,
3536 5057 3806 5113 maxime

2139 5149 2197 5203 in
2231 5148 2372 5203 locis
2402 5164 2534 5218 quas
2560 5146 2670 5202 sibi
2703 5145 2897 5202 dicata
2927 5149 3084 5201 tenet
3114 5146 3284 5201 beata
3316 5145 3519 5213 Maria,
3551 5145 3648 5201 cui
3696 5147 3806 5218 qui

2138 5236 2329 5293 aufert
2351 5253 2478 5303 sua,
2500 5240 2696 5292 teneat
2713 5235 3012 5291 incurrere
3034 5235 3365 5290 anathema.
3390 5234 3608 5306 Magna
3636 5234 3806 5291 enim

2138 5324 2686 5389 excommunicatio,
2703 5325 2833 5379 Filii
2848 5325 3056 5380 matris
3070 5323 3327 5396 Virginis
3341 5322 3804 5397 estindignatio.

2139 5411 2402 5469 Exaltata
2449 5428 2627 5482 super
2673 5413 2882 5470 choros
2930 5413 3271 5486 angelorum
3324 5412 3532 5480 Maria,
3583 5413 3809 5471 exaltet

2138 5502 2581 5558 conservantem
2613 5500 2766 5558 bona
2796 5520 2922 5560 sua.
2939 5507 3048 5559 Pro
3062 5501 3318 5559 Dominae
3333 5519 3454 5557 suaa
3467 5503 3811 5561 reverentia

2137 5587 2408 5667 princeps
2447 5587 2845 5669 apostolorum
2895 5592 3102 5651 Petrus
3145 5590 3290 5650 ditet
3336 5588 3510 5650 illum
3559 5609 3811 5670 semper
