3974 6206
187 204 300 271 681

1167 200 1575 266 ΕΡΙδΤΟῙλιΕ
1617 200 1718 263 ET
1760 198 2122 262 DECRETA
2165 199 2633 263 PONTIFIGIA.

3477 205 3604 268 682

188 336 596 396 benedictione
627 333 968 408 apostolica,
1001 338 1292 390 annuente
1312 334 1418 390 hoc
1449 333 1704 405 Virginis
1737 334 1838 386 Pa-
1871 333 1923 398 Α
2025 333 2169 387 Cum
2203 333 2546 388 universalis
2573 336 2775 388 sancta
2798 336 2981 387 mater
3003 332 3254 388 Ecclesia
3272 349 3376 406 per
3392 334 3601 406 glorio-

190 429 320 496 tris,
355 445 422 483 ac
446 424 706 498 Virginis
766 425 972 480 matris
1011 425 1110 480 Dei
1168 424 1581 496 omnipotentis
1629 422 1835 494 gratia.

192 517 348 574 Bene
378 515 578 571 valete.

261 606 471 661 Datum
504 620 567 658 ιιι
618 603 758 658 Idus
806 601 1145 657 Decembris
1181 619 1283 673 per
1315 619 1526 656 manus
1555 599 1842 656 Frederici

189 694 417 750 diaconi
445 697 661 749 sancta:
696 692 969 747 Romanis
993 690 1256 746 Ecclesiae
1278 690 1700 746 bibliothecarii
1720 690 1843 744 vice

189 782 390 838 domni
437 779 780 837 Herimanni
833 776 1332 835 archicancellarii
1371 780 1426 832 et
1483 775 1841 832 Coloniensis

191 869 636 944 archiepiscopi,
679 885 834 925 anno
865 866 1066 923 domni
1100 866 1305 922 Leonis
1339 865 1408 920 IX
1441 882 1605 938 papas
1634 883 1716 932 III,
1751 865 1840 920 in-

190 961 445 1017 dictione
475 977 527 1014 ν.

922 1063 1110 1118 LXIII.

194 1155 365 1212 Bulla
395 1155 451 1211 S.
483 1157 674 1211 Leonis
703 1155 769 1209 IX
794 1169 905 1223 qua
956 1151 1228 1223 Stephano
1277 1152 1556 1223 Aniciensi
1600 1152 1841 1223 episcOpo

266 1230 487 1300 ejusque
509 1221 904 1300 successoribus
940 1221 1098 1300 usuin
1141 1223 1308 1294 pallii
1337 1221 1597 1286 concedit,
1630 1237 1691 1276 ea
1731 1222 1843 1291 lege

268 1294 330 1354 tit
354 1294 664 1370 a'pontiﬁce
691 1302 936 1353 Romano
966 1294 1304 1350 ordinentur.

816 1384 1002 1456 (Anno
1037 1384 1218 1451 1051.)

618 1473 784 1544 [Gall.
828 1472 1029 1528 Christ.
1073 1489 1124 1525 (ι.
1163 1471 1232 1537 II,
1267 1472 1414 1540 227.]

263 1584 394 1651 Leo,
420 1597 626 1638 servus
658 1595 958 1636 servorum
984 1577 1106 1646 Dei,
1134 1578 1455 1643 S'rspumo,
1481 1580 1691 1633 sanetze
1711 1577 1840 1631 Ani-

189 1670 403 1727 ciensis
426 1670 691 1726 Ecclesiae
722 1666 1038 1723 venerabili
1079 1667 1373 1739 episcopo,
1410 1670 1750 1739 perpetuam
1782 1665 1840 1721 in

192 1759 440 1815 Domino
473 1758 741 1815 salutem.
1065 1758 1071 1764 ’

261 1849 319 1904 Si
354 1852 618 1920 pastores
649 1847 840 1902 ovium
877 1845 1070 1902 solent
1097 1844 1231 1917 gelu
1265 1861 1368 1916 pro
1390 1844 1586 1916 gregis
1616 1843 1706 1899 sui
1739 1861 1838 1898 cu-

193 1936 383 1992 stodia
403 1936 496 1991 die
527 1951 592 1991 ac
619 1939 783 1990 nocte
805 1934 972 2000 ferre,
997 1938 1105 1988 etc.
1142 1932 1388 1986 Pallium
1412 1936 1605 1987 autem
1640 1932 1840 1987 frater-

191 2026 355 2081 nitati
387 2029 499 2081 tuas
531 2023 907 2080 concedimus
933 2023 1004 2077 ad
1038 2021 1355 2077 missarum
1379 2021 1667 2076 solemnia
1696 2019 1839 2076 cele-

194 2113 432 2182 branda,
466 2130 568 2184 pro
601 2113 781 2168 beatas
811 2129 876 2168 ac
909 2111 1173 2184 gloriosa:
1216 2127 1563 2182 semperque
1594 2109 1838 2181 virginis

191 2203 288 2259 Dei
308 2202 609 2274 genitricis
632 2202 828 2257 Marias
854 2201 1033 2274 digna
1055 2199 1392 2266 reverentia,
1437 2200 1607 2270 cujus
1637 2199 1696 2252 in
1728 2198 1836 2252 hac

191 2291 437 2348 ecclesia
465 2290 782 2354 Aniciensi,
819 2307 948 2362 qua:
979 2293 1036 2344 et
1055 2287 1438 2356 Vallavensis,
1465 2304 1567 2343 seu
1592 2288 1837 2342 Pedium

188 2383 418 2435 Sancta:
446 2378 638 2434 Mariis
670 2377 904 2444 dicitur,
939 2376 1253 2449 specialius
1299 2393 1363 2432 ac
1406 2374 1838 2447 praecordialius

190 2485 313 2542 prae
343 2467 563 2523 caeteris
593 2466 852 2522 ecclesiis
884 2465 994 2522 sibi
1052 2465 1262 2520 dicatis
1293 2464 1523 2530 colitur,
1585 2467 1833 2531 amatur,

187 2559 500 2614 veneratur
546 2555 828 2612 memoria
877 2572 911 2610 a
959 2554 1188 2611 cunctis
1234 2553 1336 2624 qui
1382 2553 1837 2625 circumquaque

186 2648 458 2703 universa
488 2649 794 2701 morantur
825 2645 885 2699 in
916 2643 1120 2700 Gallia.
1163 2644 1291 2698 Haec
1340 2647 1560 2710 sancta,
1612 2643 1728 2713 pia,
1780 2647 1837 2697 et

184 2735 461 2808 praeclara
475 2733 720 2806 virginis
739 2733 930 2788 Marias
957 2733 1210 2805 dignitas
1230 2733 1300 2788 ab
1324 2731 1598 2787 omnibus
1619 2731 1837 2786 usitata

185 2844 224 2882 a
254 2824 422 2880 nobis
454 2823 674 2879 arctius
706 2826 764 2877 et
790 2822 1020 2878 beatius
1049 2821 1269 2877 honore
1292 2837 1526 2877 summo
1566 2825 1623 2876 et
1653 2819 1837 2892 gloria

183 2911 496 2985 multiplici
553 2915 644 2968 est
700 2909 1027 2977 exaltanda,
1069 2915 1134 2965 ut
1176 2911 1303 2981 ejus
1357 2909 1833 2965 intercessionem

181 3002 499 3077 propitiam
530 3001 872 3064 habeamus,
907 3000 978 3055 ad
1007 2999 1194 3071 ipsius
1227 2998 1602 3071 Unigenitum
1636 2997 1834 3054 multa;

181 3073 601 3148 misericordias
631 3104 893 3144 veracem
925 3092 981 3142 et
1011 3087 1350 3160 benignum,
1373 3091 1503 3154 etc.,
1539 3088 1676 3158 quia
1725 3103 1829 3142 nec
1859 3073 1902 3140 C

181 3180 477 3253 potiorem
529 3176 752 3233 meritis
800 3176 1162 3232 inveniemus
1192 3177 1263 3232 ad
1309 3175 1655 3248 placandam
1689 3177 1836 3231 iram

185 3267 422 3325 Judicis
445 3283 620 3339 quam
643 3265 805 3322 illam
827 3283 953 3338 quae
978 3265 1192 3322 meruit
1215 3267 1478 3337 ejusdem
1503 3271 1688 3320 mater
1711 3282 1838 3320 esse

185 3362 249 3414 et
283 3355 689 3428 Redemptoris
719 3359 778 3410 et
805 3355 1032 3410 Judicis
1066 3373 1078 3422 ;
1112 3355 1172 3409 in
1204 3355 1373 3425 cujus
1399 3355 1707 3410 Nativitate
1736 3353 1842 3408 hu-

186 3445 456 3512 millima,
491 3448 547 3500 et
575 3443 921 3516 Epiphania,
955 3443 1011 3498 in
1043 3443 1231 3516 ipsius
1257 3443 1490 3499 Domini
1514 3442 1839 3498 memoriali

184 3541 381 3602 Coena,
416 3534 474 3588 in
498 3534 669 3604 cujus
692 3532 1136 3589 Resurrectione
1157 3533 1534 3588 sanctissima
1556 3538 1612 3588 et
1632 3535 1842 3588 Ascen-

183 3624 358 3679 sione
371 3620 640 3693 gloriosa,
656 3625 710 3677 et
729 3621 784 3676 in
801 3622 1171 3677 Pentecostes
1187 3621 1554 3677 solemnitate
1567 3620 1838 3693 pretiosa,

183 3711 300 3769 tibi
353 3709 550 3779 frater,
581 3708 754 3781 pallio
784 3708 868 3764 uti
902 3709 1300 3775 concedimus,
1343 3714 1400 3764 et
1447 3710 1504 3764 in
1537 3709 1844 3764 Natalibus

184 3796 594 3873 apostolorum
627 3797 770 3852 Petri
806 3802 860 3854 et
892 3797 1076 3866 Pauli,
1111 3797 1289 3854 simul
1331 3802 1388 3852 et
1432 3799 1670 3852 Andreae
1704 3815 1839 3870 apo-

189 3887 350 3957 stoli,
383 3891 442 3943 et
473 3885 532 3941 in
557 3885 830 3942 omnibus
852 3887 1329 3943 solemnitatibus
1351 3886 1456 3958 pias
1481 3886 1843 3942 interventri-

193 3978 303 4044 cis,
335 3976 497 4032 mitis
521 3975 770 4031 dominas
795 3981 1002 4032 nostras
1022 3994 1088 4032 ac
1108 3982 1242 4046 tua),
1269 3977 1446 4031 beatae
1469 3975 1683 4045 Mariae,
1707 3979 1763 4030 et
1787 3975 1843 4029 in

193 4066 560 4122 dedicatione
609 4064 865 4121 ecclesiae
910 4070 1061 4134 tua;
1096 4083 1164 4121 ea
1194 4065 1483 4138 siquidem
1517 4064 1846 4120 conditione

195 4159 285 4222 ut,
318 4155 472 4210 sicut
499 4153 760 4210 ecclesiis
788 4158 923 4224 tuas,
954 4154 1272 4226 privilegiis
1300 4155 1358 4209 in
1393 4171 1499 4209 suo
1530 4158 1686 4209 statu
1718 4171 1846 4225 per-

202 4242 602 4312 manantibus,
637 4243 925 4300 ordinatio
958 4244 1365 4316 episcoporum
1388 4243 1568 4314 hujus
1593 4243 1749 4299 sedis
1775 4243 1846 4299 ad

199 4333 533 4388 Romanum
564 4335 785 4404 spectet
806 4333 1167 4405 pontiﬁcem,
1189 4332 1270 4387 ita
1293 4333 1469 4388 etiam
1493 4333 1565 4388 ad
1596 4333 1753 4387 hunc
1773 4331 1851 4387 lo-

1953 439 2048 478 sos
2081 427 2246 478 terrae
2290 423 2602 495 principes,
2659 423 2916 493 Petrum,
2969 421 3190 478 scilicet
3245 424 3597 496 piscatorem

1951 511 2278 577 hominum,
2297 529 2361 566 ac
2377 511 2620 566 Paulum
2634 513 2927 567 doctorem
2948 511 3234 581 gentium,
3249 530 3362 584 prae
3377 514 3598 569 caeteris

1951 600 2424 671 cooperatoribus
2465 601 2716 655 maxime
2776 601 2852 656 sit
2894 602 3240 668 coadunata,
3287 602 3594 670 instructa,

1951 689 2128 744 simul
2161 694 2216 744 et
2246 689 2505 757 dilatata,
2541 690 2807 744 convenit
2838 690 2886 744 ei
2911 692 3243 746 conﬁrmari
3275 696 3330 746 et
3351 691 3598 748 detineri

1951 778 2148 832 omnia
2178 795 2303 849 quae
2352 797 2468 834 suae
2518 779 2753 834 ditionis
2793 797 2858 834 ac
2890 783 3196 852 potestatis
3225 782 3598 854 reperiuntur

1952 866 2239 938 specialia.

2022 955 2072 1009 i.
2105 955 2291 1018 Quare
2319 956 2389 1009 ad
2413 955 2591 1024 hujus
2613 956 2930 1026 supradicti
2954 958 3289 1013 monasterii
3314 959 3595 1016 honorem

1952 1059 2182 1114 semper
2211 1045 2567 1114 augendum,
2589 1061 2889 1115 nunquam
2911 1045 3318 1113 minuendum,
3337 1049 3596 1104 concedi-

1951 1147 2082 1184 mus
2099 1131 2201 1185 hoc
2219 1131 2548 1202 apostolicae
2567 1132 2922 1187 defensionis
2935 1134 3304 1205 privilegium
3324 1141 3386 1190 ut
3405 1141 3598 1193 teneat

1952 1220 2103 1290 quod
2138 1219 2331 1285 habet,
2368 1219 2589 1274 scilicet
2616 1220 2791 1276 cellas
2823 1238 2984 1288 suas,
3015 1223 3385 1293 etecclesias,
3411 1230 3596 1282 certes

1952 1326 2090 1363 suas
2123 1325 2186 1363 ac
2221 1307 2455 1379 plebes;
2503 1309 2714 1363 fundos
2764 1309 3024 1364 etiamet
3075 1311 3318 1378 casales,
3368 1313 3598 1382 plebem

1952 1397 2175 1452 scilicet
2193 1397 2389 1452 Sancti
2414 1398 2756 1465 Constantii,
2791 1402 2846 1452 et
2866 1398 3060 1453 Sancti
3096 1398 3290 1453 Ruﬁni
3318 1417 3383 1454 ac
3405 1403 3603 1457 Sancti

1953 1486 2203 1550 Martini,
2243 1491 2300 1542 et
2331 1488 2637 1542 ecclesiam
2672 1487 2895 1542 Sanctae
2945 1486 3138 1542 Marias
3176 1487 3236 1542 in
3284 1488 3599 1560 Agellione,

1952 1593 2084 1630 cum
2118 1576 2242 1631 suis
2279 1576 2670 1647 pertinentiis,
2704 1581 2922 1631 cortem
2954 1577 3025 1631 de
3065 1575 3265 1632 Casale
3297 1581 3353 1632 et
3381 1582 3600 1634 cortem

1952 1665 2144 1720 Sancti
2163 1665 2406 1736 Justini,
2426 1670 2482 1720 et
2499 1666 2872 1721 medietatem
2886 1665 3140 1723 ecclesia:
3160 1668 3383 1722 Sanctae
3405 1668 3597 1724 Marias

1941 1755 2112 1824 juxta
2143 1755 2366 1809 ﬁumen
2398 1755 2622 1810 Tiberis
2650 1755 2876 1826 positas,
2909 1773 3041 1811 cum
3083 1773 3190 1812 sua
3220 1757 3592 1828 pertinentia,

1948 1849 2166 1898 cortem
2200 1844 2270 1898 de
2301 1843 2666 1914 Petroniano,
2690 1843 3115 1916 ccclesiamque
3137 1846 3360 1900 Sanctae
3402 1847 3592 1901 Marias

1947 1933 2003 1987 in
2021 1932 2341 2000 Petiniano,
2357 1937 2410 1986 et
2428 1932 2731 1987 ecclesiam
2746 1933 2940 1986 Sancti
2959 1933 3274 1988 Clementis
3287 1937 3461 2004 atque
3478 1950 3597 1990 me-

1948 2022 2218 2076 dietatem
2244 2021 2494 2076 ecclesiae
2519 2021 2716 2076 Sancti
2737 2021 2942 2076 Donati
2967 2021 3024 2075 in
3043 2021 3329 2089 Civitella;
3355 2039 3459 2077 nec
3476 2040 3591 2078 non

1946 2115 2001 2166 et
2022 2116 2235 2166 terram
2267 2111 2484 2181 Ugonis
2508 2110 2731 2181 nepotis
2759 2110 3038 2164 Bernonis
3060 2111 3130 2165 de
3169 2111 3589 2183 Monte-Nigro.

1947 2200 2191 2271 Insuper
2212 2199 2630 2254 conﬁrmamus
2678 2198 2866 2254 eidem
2897 2199 3252 2254 monasterio
3298 2199 3357 2254 in
3389 2217 3591 2273 perpe-

1946 2293 2114 2342 tuum
2151 2288 2372 2342 Massas
2405 2288 2460 2341 in
2495 2287 2772 2342 comitatu
2806 2287 3083 2343 Perusino
3116 2288 3357 2359 positas,
3391 2306 3591 2358 unam,

1946 2394 2072 2448 qurc
2105 2382 2341 2431 vocatur
2371 2375 2608 2443 Pusulo,
2660 2381 2716 2431 et
2763 2375 3028 2443 alteram,
3064 2394 3190 2448 quaa
3222 2382 3596 2450 nuncupatur

1945 2464 2217 2530 Casalini,
2250 2481 2382 2519 cum
2416 2463 2698 2532 ecclesiis,
2731 2465 2902 2531 casis,
2936 2465 3141 2531 vineis,
3175 2465 3421 2538 campis,
3458 2466 3594 2522 hor-

1946 2555 2042 2620 tis,
2075 2553 2374 2609 montibus
2423 2553 2598 2608 cultis
2629 2559 2685 2609 et
2736 2553 2975 2609 incultis
3022 2555 3415 2626 omnibusque
3466 2555 3593 2611 suis

1945 2643 2333 2715 pertinentiis.

2013 2736 2066 2786 2.
2103 2730 2416 2786 Licentiam
2445 2749 2676 2803 quoque
2706 2733 2916 2788 damus
2947 2733 3053 2788 tibi
3076 2734 3146 2788 de
3168 2733 3442 2790 omnibus
3473 2733 3592 2790 tuis

1945 2821 2189 2890 clericis,
2224 2825 2342 2876 tam
2377 2821 2433 2874 in
2486 2821 2840 2876 monasterio
2892 2823 3244 2894 degentibus
3294 2840 3590 2896 quamque

1943 2909 2119 2966 etiam
2152 2910 2291 2966 foris
2323 2909 2380 2964 in
2430 2911 2902 2981 possessionibus
2953 2913 3080 2982 ejus
3128 2913 3524 2984 manentibus,
3557 2930 3592 2969 a

1945 3017 2292 3073 quocunque
2322 2999 2574 3055 volueris
2607 2999 2810 3056 idoneo
2842 3005 2898 3055 et
2929 3001 3204 3057 canonice
3254 3002 3436 3066 locato
3466 3001 3588 3074 epi-

1945 3106 2120 3160 scopo
2151 3105 2251 3144 eos
2301 3088 2629 3154 ordinandi,
2683 3094 2738 3144 ct
2796 3089 3054 3146 chrisma
3079 3090 3138 3146 in
3169 3091 3288 3146 tuis
3317 3091 3587 3163 plebibus

1947 3177 2223 3249 accipere,
2259 3177 2306 3231 si
2340 3182 2534 3232 tamen
2587 3177 2657 3231 ab
2711 3178 2981 3249 episcopo
3013 3179 3071 3232 in
3125 3181 3296 3250 cujus
3357 3178 3590 3235 dimcesi

1949 3267 2250 3338 praefatum
2275 3266 2695 3320 monasterium
2717 3267 2894 3321 situm
2920 3271 3029 3334 est,
3051 3284 3151 3322 nec
3173 3268 3591 3336 ordinationes,

1948 3371 2053 3409 nec
2085 3353 2342 3410 chrisma
2371 3353 2628 3425 potueris
2662 3353 2829 3408 facile
2859 3357 2917 3408 et
2967 3357 3149 3425 gratis
3181 3356 3462 3425 obtinere,
3496 3359 3597 3411 aut

1948 3442 2281 3514 impetrare,
2341 3447 2396 3497 et
2451 3443 2522 3497 de
2579 3441 2837 3497 ecclesiis
2905 3444 3316 3500 consecrandis
3393 3445 3596 3499 eodem

1950 3532 2143 3586 modo.

2021 3620 2072 3674 3.
2108 3619 2176 3672 Et
2220 3617 2418 3674 nullus
2470 3619 2781 3690 episcopus
2839 3619 2909 3674 ad
2969 3620 3125 3675 idem
3173 3620 3598 3676 monasterium

1954 3707 2338 3780 pertinentem
2391 3707 2895 3763 excommunicare
2927 3712 3029 3763 aut
3059 3709 3340 3764 damnare
3370 3710 3600 3776 audeat,

1953 3797 2000 3852 si
2032 3797 2090 3851 in
2125 3813 2301 3851 causa
2332 3813 2437 3851 sua
2463 3801 2726 3852 nostrum
2759 3813 2824 3852 ac
2855 3801 3068 3853 sanctas
3092 3798 3420 3869 apostolica
3445 3797 3601 3854 sedis

1953 3885 2344 3958 patrocinium
2376 3890 2432 3942 et
2461 3903 2702 3941 examen
2737 3886 2977 3958 ﬂagitat.

2025 3977 2078 4030 4.
2115 3975 2358 4032 Romani
2391 3980 2584 4031 autem
2619 3976 2910 4047 pontiﬁcis
2961 3977 3181 4032 donum
3236 3977 3502 4045 abbatias,
3547 3981 3605 4034 et

1955 4065 2138 4121 abbas
2169 4065 2293 4137 ipse
2338 4070 2393 4120 et
2445 4065 2803 4121 consecratio
2863 4067 3090 4123 abbatis
3144 4067 3220 4123 sit
3275 4067 3335 4123 in
3395 4083 3604 4141 perpe-

1957 4161 2146 4210 tuum.

2027 4246 2080 4299 5.
2115 4245 2184 4299 Et
2213 4245 2371 4300 omni
2406 4249 2629 4300 remota
2652 4246 3047 4312 excusatione,
3071 4246 3186 4302 nisi
3208 4247 3507 4314 canonica,
3533 4246 3606 4303 ad

1960 4334 2271 4406 synodum,
2293 4335 2760 4406 quandocumque
2779 4353 2811 4392 a
2825 4353 3057 4392 summo
3078 4337 3352 4409 pontiﬁce
3367 4341 3610 4395 vocatus

199 4437 339 4476 cum
370 4422 734 4478 ordinandus
781 4439 885 4494 per
914 4440 1019 4478 nos
1064 4422 1396 4495 episcopus,
1449 4440 1552 4495 per
1591 4426 1849 4477 nostram
1887 4445 1930 4510 Β
1965 4422 2160 4490 fuerit,
2193 4422 2402 4479 veniat.

199 4507 435 4565 scilicet
463 4508 598 4565 cleri
628 4510 804 4567 etiam
838 4515 896 4567 et
925 4511 1122 4584 populi
1155 4512 1334 4583 hujus
1379 4510 1628 4568 civitatis
1672 4511 1852 4567 intres

195 4595 571 4665 electionem,
604 4604 711 4655 etc.

935 4689 1121 4744 LXIV.

201 4777 254 4830 S.
295 4777 394 4831 Leo
423 4776 497 4832 IX
541 4779 870 4833 monasterii
921 4778 974 4832 S.
1011 4781 1162 4834 Petri
1191 4780 1454 4834 Perusini
1497 4781 1860 4850 possessiones

655 4850 1063 4921 privilegiaque
1092 4851 1399 4920 conﬁrmat.

823 4938 1011 5008 (Anno
1062 4938 1243 5006 1052.)

499 5023 860 5096 [Margarini,
901 5027 1110 5081 B-ullur.
1146 5026 1352 5094 Casin.,
1382 5026 1446 5096 II,
1475 5027 1586 5096 84.]

283 5132 400 5186 LEO
451 5131 789 5204 episcopus,
837 5149 1039 5188 servus
1090 5149 1390 5189 servorum
1441 5133 1562 5200 Dei,
1614 5133 1868 5191 ecclesiae

198 5219 364 5276 beati
400 5218 556 5276 Petri
589 5220 838 5293 apostoli
870 5221 992 5278 sitae
1026 5226 1206 5289 extra,
1242 5221 1360 5276 imo
1393 5227 1447 5278 et
1469 5223 1640 5292 juxta
1669 5223 1868 5280 civita-

193 5314 322 5366 tem
359 5308 694 5380 Perusiam,
727 5309 786 5365 in
811 5309 938 5367 loco
969 5310 1068 5384 qui
1088 5310 1305 5366 dicitur
1326 5310 1658 5383 Caprarius,
1692 5316 1749 5368 et
1769 5329 1872 5384 per

191 5415 333 5455 eam
367 5399 654 5455 BONIZONI
686 5399 884 5456 abbati
935 5401 1175 5474 suisque
1227 5399 1666 5458 successoribus
1710 5402 1869 5474 juste

189 5487 578 5563 intrantibus
608 5487 668 5544 in
701 5494 1072 5565 perpetuum.

534 5616 800 5684 Panos.
848 5617 1106 5731 CXL.III.

2033 4513 2085 4566 6.
2110 4513 2284 4567 Porro
2308 4511 2628 4569 oblationes
2645 4513 2832 4570 eidem
2850 4516 3206 4572 monasterio
3229 4517 3472 4587 collatis,
3490 4519 3613 4572 tam

1968 4618 2071 4675 pro
2101 4600 2246 4657 vivis
2279 4618 2453 4673 quam
2487 4619 2587 4673 pro
2618 4603 2928 4669 defunctis,
2951 4621 2984 4659 a
3009 4603 3172 4660 nullo
3204 4607 3615 4677 episcoporum

1970 4692 2380 4764 pervadantur,
2415 4692 2512 4747 sed
2563 4709 2630 4746 ex
2678 4693 2903 4766 integro
2944 4693 3251 4765 proﬁciant
3276 4691 3619 4749 monasterii

1971 4779 2325 4835 utilitatibus
2357 4796 2422 4834 ac
2453 4781 2697 4835 fratrum
2732 4781 3199 4838 necessitatibus.

2039 4871 2092 4924 7.
2120 4869 2365 4924 Decimae
2394 4875 2587 4924 autem
2613 4870 2876 4940 ejusdem
2901 4869 3267 4937 monasterii,
3288 4866 3621 4925 secundum

1974 4975 2243 5026 canones,
2295 4957 2367 5011 ad
2401 4961 2628 5028 portam
2662 4961 2996 5016 monasterii
3029 4963 3087 5016 in
3121 4959 3492 5033 susceptione
3521 4955 3623 5016 ho-

1979 5049 2196 5120 spitum
2229 5051 2285 5102 et
2317 5045 2753 5118 peregrinorum
2787 5050 3181 5106 conferantur.

2048 5141 2098 5192 8.
2136 5137 2378 5206 Insuper
2399 5151 2569 5189 nemo
2604 5135 2821 5190 ibidem
2852 5143 3151 5196 mortuum
3176 5136 3407 5215 sepeliri
3434 5135 3627 5208 prohi-

1978 5226 2131 5280 beat.

2049 5314 2101 5367 9.
2127 5311 2449 5384 Episcopus
2470 5309 2736 5382 publicas
2767 5311 2983 5367 missas
3012 5319 3068 5368 et
3096 5321 3376 5375 stationes
3407 5317 3629 5374 ibidem

1981 5404 2167 5458 facere
2189 5399 2350 5456 nullo
2374 5401 2544 5456 modo
2561 5400 2988 5472 praetermittat,
3017 5403 3128 5459 nisi
3151 5409 3388 5463 statutis
3407 5413 3632 5482 tempo-

1981 5491 2165 5565 ribus,
2199 5489 2420 5548 scilicet
2449 5490 2703 5548 secunda
2734 5489 2875 5547 feria
2905 5489 3162 5562 Paschae,
3213 5501 3270 5552 et
3322 5497 3634 5566 beatorum

3226 5625 3306 5689 22
