3974 6206
449 254 575 333 683

1519 266 1583 331 S.
1628 267 1911 332 LEONIS
1953 265 2037 330 IX
2082 266 2307 330 PAPIE
2351 262 2786 333 OPUSCULA.

3713 277 3809 343 684

452 402 854 474 apostolorum
884 402 1036 458 Petri
1067 404 1123 456 et
1164 399 1327 456 Pauli
1370 400 1659 456 Natalitiis
1706 397 2085 457 solemnibus.
2121 403 2176 470 Α
2206 401 2357 455 dono
2374 403 2821 456 concederemus
2840 402 3042 456 vestrae
3059 398 3803 474 religiositatimassacellam

452 490 565 546 Sed
584 491 777 549 nullas
799 492 931 547 inde
952 490 1275 546 oblationes
1294 487 1459 544 tollat
1477 489 1654 544 invito
1678 488 1886 544 abbate
1909 493 1965 544 et
1985 488 2093 543 fra-

451 579 663 637 tribus.

523 668 612 724 40.
646 668 972 724 Statuimus
1001 672 1218 737 autem,
1252 668 1300 724 si
1352 667 1587 739 quando
1619 668 1800 723 abbas
1831 668 2094 738 ejusdem

450 756 790 813 monasterii
816 757 1153 824 decesserit,
1180 760 1242 811 ut
1270 756 1469 812 nullus
1490 757 1561 811 ab
1580 755 1707 811 aliis
1730 756 1993 828 personis
2015 755 2095 810 ibi

451 842 703 917 eligatur
732 847 933 916 abbas,
968 846 1015 901 si
1039 846 1335 918 potuerint
1363 846 1434 901 ad
1468 845 1577 900 hoc
1599 862 1745 917 Opus
1767 846 1836 900 de
1859 860 2096 916 congre-

452 934 683 1005 gatione
705 936 981 992 idoneum
1007 936 1242 990 fratrem
1262 934 1507 1006 eligere;
1543 934 1627 989 sic
1649 933 1916 988 videlicet
1945 948 2099 987 com-

452 1024 618 1079 muni
648 1040 715 1080 ac
746 1024 999 1097 regulari
1022 1024 1262 1080 consilio
1290 1024 1511 1095 absque
1534 1024 1740 1094 pretio,
1775 1039 1807 1077 a
1840 1022 2099 1077 Romano

452 1113 726 1184 pontiﬁce
761 1115 1244 1171 consecrandum.

528 1202 935 1259 11.Jubemus
992 1203 1169 1259 etiam
1201 1206 1265 1257 ut
1321 1218 1526 1257 omnes
1581 1201 1791 1256 nociva
1849 1199 2099 1255 ecclesia

454 1292 635 1348 vestri
666 1292 1005 1349 monasterii
1038 1290 1581 1359 chartulaomnino
1604 1306 1794 1344 vacua
1821 1293 1877 1344 et
1898 1288 2099 1343 inanes

455 1380 800 1437 consistant.

536 1472 618 1525 12.
652 1469 932 1526 Praterea
962 1469 1281 1542 apostolica
1310 1472 1512 1525 nostra
1529 1468 1873 1524 auctoritate
1895 1466 2102 1521 consti-

457 1557 684 1615 tuimus
717 1562 774 1614 et
802 1559 1221 1615 conﬁrmamus
1253 1562 1317 1614 ut
1347 1557 1547 1613 nullus
1593 1558 1932 1628 imperator,
1983 1572 2100 1619 rex,

459 1646 791 1721 episcopus,
826 1648 961 1718 dux,
1023 1647 1305 1717 marchio,
1340 1663 1558 1712 comes,
1604 1644 1943 1711 vicecomes,
2003 1659 2100 1714 go-

460 1735 696 1802 staldio,
721 1740 823 1792 aut
844 1735 958 1792 alia
978 1736 1249 1807 qualibet
1270 1752 1484 1808 magna
1512 1751 1801 1807 parvaque
1832 1747 2101 1805 persona,

458 1827 516 1879 te
529 1824 868 1897 pradictum
884 1825 1172 1892 abbatem,
1188 1828 1437 1895 tuosque
1450 1838 1817 1878 successores
1829 1820 2104 1877 canonice

459 1912 747 1968 intrantes
776 1913 847 1967 de
868 1912 995 1983 jam
1029 1913 1182 1968 dicto
1206 1911 1584 1977 monasterio,
1609 1910 1698 1966 vel
1730 1911 1799 1964 de
1829 1910 2104 1965 omnibus

457 2000 583 2057 suis
611 2001 806 2071 rebus,
832 2004 887 2056 et
907 2001 1363 2074 proprietatibus
1382 2000 1697 2056 mobilibus
1719 2003 1774 2055 et
1794 1999 2106 2054 immobili-

456 2091 568 2147 bus
598 2091 888 2161 divertire,
924 2096 1025 2148 aut
1055 2092 1378 2164 inquietare
1430 2092 1675 2158 audeat;
1729 2094 1786 2145 et
1829 2090 1926 2161 qui
1960 2106 2102 2161 pra-

456 2180 777 2253 sumpserit
806 2180 953 2236 sciat
992 2196 1053 2236 se
1083 2181 1429 2236 auctoritate
1472 2180 1707 2235 Domini
1750 2178 1933 2234 nostri
1962 2179 2104 2233 Jesu

453 2268 692 2339 Christi,
727 2274 786 2325 et
811 2271 1115 2325 beatorum
1147 2270 1547 2342 apostolorum
1579 2270 1729 2325 Petri
1762 2275 1817 2325 et
1848 2268 2007 2324 Pauli
2039 2284 2104 2323 ac

456 2362 660 2415 nostra
684 2358 1091 2414 maledictione
1122 2357 1623 2414 anathematizari.

528 2446 617 2502 43.
650 2446 757 2510 Qui
784 2462 917 2501 vero
948 2446 1101 2501 hanc
1131 2445 1436 2502 ecclesiam
1464 2444 1852 2513 honoraverit,
1880 2448 1938 2500 et
1960 2442 2102 2498 nihil

457 2534 595 2590 inde
608 2534 983 2601 auferens,de
1005 2535 1130 2589 suis
1150 2551 1253 2605 pro
1267 2534 1665 2607 redemptione
1678 2533 1886 2589 anima
1909 2531 2107 2604 aliqua

457 2623 510 2680 ei
541 2621 870 2690 contulerit,
903 2622 1329 2679 benedictionis
1369 2622 1617 2695 gratiam
1650 2639 1682 2677 a
1714 2622 1960 2677 Domino
1988 2622 2104 2677 Deo

459 2716 856 2784 consequatur
885 2716 944 2767 et
972 2730 1074 2784 per
1106 2712 1458 2784 clavigerum
1503 2711 1824 2784 principem
1871 2710 1995 2766 cali
2045 2710 2103 2766 in

452 2801 671 2873 januas
703 2801 865 2873 regni
897 2801 1150 2856 caelestis
1182 2800 1471 2857 introduci
1503 2804 1814 2855 mereatur.

528 2890 676 2946 Data
702 2906 783 2945 vn
813 2889 948 2945 Idus
981 2889 1173 2945 Martii
1230 2907 1334 2963 per
1385 2906 1597 2945 manus
1645 2889 1922 2945 Friderici
1982 2891 2102 2945 dia-

458 2978 586 3036 coni
620 2984 677 3034 el
704 2983 921 3036 sancta
969 2978 1242 3035 Romana
1272 2978 1535 3034 Ecclesia
1580 2978 2002 3034 bibliothecarii
2049 2983 2105 3034 et

458 3066 810 3138 cancellarii,
835 3069 955 3125 vice
976 3068 1199 3123 domini
1220 3068 1558 3124 Herimanni
1581 3067 2099 3136 archicancellarii,

2204 488 2514 561 integram,
2548 506 2677 560 qua
2707 494 2946 545 vocatur
2975 489 3288 547 Materaria
3346 492 3403 548 et
3431 509 3675 553 massam
3703 517 3805 573 que

2204 580 2443 632 vocatur
2473 576 2779 648 Mauseuli,
2814 578 3123 650 integram,
3155 582 3212 634 et
3248 579 3495 639 fundum
3532 584 3802 660 integrum,

2207 666 2306 737 qui
2346 670 2587 720 vocatur
2620 666 2821 722 Casale
2861 666 3114 739 publico,
3146 672 3203 723 et
3232 686 3489 727 massam
3515 690 3637 746 qua
3674 694 3805 735 voca-

2205 759 2303 809 tur
2332 754 2557 827 Nepoti,
2589 758 2645 809 et
2692 771 2952 811 massam
3009 774 3137 828 qua
3185 762 3430 815 vocatur
3479 764 3803 836 Caputbovis,

2208 848 2421 898 terram
2453 848 2509 898 et
2537 844 2789 910 vineam,
2819 844 2993 900 sicuti
3044 848 3219 903 modo
3265 865 3368 904 vos
3398 849 3636 922 habetis,
3666 859 3715 910 et
3736 860 3804 911 te-

2208 932 2361 986 netis
2376 933 2509 1003 jure
2534 932 2681 987 beati
2714 932 2867 987 Petri
2898 934 3144 1005 apostoli
3176 952 3404 993 necnon
3435 942 3490 994 et
3518 940 3690 1014 ripam
3718 944 3805 999 ilu-

2210 1020 2390 1075 minis
2418 1020 2715 1077 Alemonis
2737 1038 2805 1077 ex
2826 1022 3094 1094 utrisque
3115 1024 3383 1096 partibus
3399 1028 3566 1099 juxta
3590 1047 3805 1088 massam

2210 1126 2337 1181 qua
2367 1113 2603 1165 vocatur
2623 1110 2812 1178 Prata,
2834 1112 3180 1168 extendente
3217 1112 3348 1187 ipsa
3366 1116 3492 1189 ripa
3511 1135 3543 1173 a
3562 1118 3805 1192 Bigaziolo

2211 1215 2397 1270 usque
2426 1199 2495 1253 ad
2529 1215 2801 1270 campum
2861 1200 3104 1269 Bcdulli,
3141 1206 3198 1258 et
3245 1207 3461 1261 terram
3510 1212 3565 1262 et
3613 1208 3805 1266 vineam

2203 1289 2376 1357 juxta
2407 1304 2607 1343 muros
2652 1288 2906 1344 civitatis
2959 1290 3245 1347 Ravenna
3298 1310 3433 1350 cum
3487 1299 3653 1368 turre,
3704 1316 3805 1370 qua

2209 1380 2447 1432 vocatur
2475 1377 2718 1443 Branca,
2750 1377 2807 1431 in
2839 1376 3133 1451 integrum
3169 1397 3202 1436 a
3250 1381 3547 1440 Pusterula
3581 1388 3809 1459 Augusta

2211 1482 2400 1537 usque
2434 1467 2503 1521 ad
2540 1466 2769 1520 Portam
2802 1468 3179 1523 Taurensem.
3213 1471 3284 1525 Et
3314 1471 3539 1530 hortum
3570 1492 3728 1530 unum
3755 1474 3806 1531 in

2214 1554 2505 1627 integrum
2537 1555 2593 1609 in
2646 1555 2769 1611 loco
2801 1556 3001 1612 Pontis
3042 1557 3280 1615 Calciati
3327 1560 3407 1617 in.
3439 1605 3451 1617 .
3633 1564 3805 1626 Sancti

2211 1645 2452 1698 Andrea
2486 1661 2519 1699 a
2551 1645 2780 1700 duobus
2820 1644 3100 1701 lateribus
3138 1647 3273 1718 jure
3333 1649 3515 1723 ipsius
3558 1652 3754 1723 Sancti,
3782 1669 3810 1707 a

2214 1733 2455 1804 reliquis
2486 1734 2716 1789 duobus
2755 1734 2848 1788 via
2878 1734 3129 1806 publica.
3167 1737 3230 1792 Et
3249 1736 3461 1809 lacum,
3486 1740 3578 1813 qui
3604 1745 3811 1797 vocatur

2215 1822 2482 1889 Sanctus,
2516 1838 2647 1877 cum
2681 1822 2957 1877 omnibus
2990 1825 3164 1881 rebus
3206 1830 3263 1880 et
3310 1828 3657 1899 pertinentiis
3684 1829 3809 1896 suis,

2215 1926 2347 1965 cum
2379 1910 2545 1982 plebe
2575 1916 2630 1965 et
2681 1910 2920 1983 capellis
2952 1929 3016 1966 ac
3065 1912 3250 1970 titulis
3298 1916 3495 1988 ipsius,
3542 1917 3812 1974 vocabulis

2213 2000 2432 2055 Sancta
2492 2000 2706 2065 Maria,
2764 2004 2821 2056 et
2859 2000 3055 2056 Sancti
3114 2002 3362 2068 Martini,
3416 2007 3596 2061 Sancti
3651 2006 3810 2074 Petri,

2212 2089 2526 2159 Sanctique
2584 2088 2875 2160 Venantii,
2937 2106 3071 2145 cum
3128 2090 3368 2162 piscaria
3415 2110 3535 2165 qua
3565 2099 3808 2162 vocatur,

2214 2177 2429 2243 Tidini,
2462 2181 2519 2232 ct
2559 2178 2736 2232 Fossa
2774 2177 3285 2252 Archipresbyteri,
3331 2186 3384 2236 et
3429 2182 3667 2255 piscaria
3696 2199 3814 2254 qua

2212 2270 2454 2320 vocatur
2491 2265 2673 2335 Falce,
2733 2283 2864 2321 cum
2925 2266 3049 2323 loco
3104 2269 3202 2340 qui
3254 2269 3457 2326 dicitur
3508 2270 3815 2326 Monticello

2217 2352 2349 2410 Laci
2381 2353 2553 2421 sicco,
2605 2372 2739 2409 cum
2790 2355 2933 2428 ripis
2969 2356 3227 2414 fluminis
3285 2358 3418 2414 Padi
3465 2363 3522 2415 et
3567 2359 3735 2415 Gauri
3760 2377 3817 2416 ex

2215 2442 2478 2514 utrisque
2509 2444 2775 2515 partibus
2807 2461 2991 2517 usque
3020 2445 3080 2501 in
3108 2463 3288 2516 mare,
3320 2451 3375 2503 et
3394 2464 3426 2503 a
3451 2447 3573 2503 loco
3602 2448 3816 2505 Concha

2214 2532 2447 2603 Agatha
2478 2549 2545 2587 ex
2576 2549 2694 2587 una
2750 2538 2911 2604 parte
2970 2551 3159 2607 usque
3214 2535 3275 2591 in
3333 2552 3509 2604 mare,
3560 2552 3685 2593 cum
3710 2536 3816 2593 loco

2214 2621 2273 2675 in
2306 2620 2595 2693 integrum
2626 2620 2725 2693 qui
2757 2621 2971 2677 dicitur
3002 2624 3399 2692 Masinzatica,
3453 2625 3599 2682 inter
3640 2626 3817 2682 afﬁnes

2214 2711 2285 2765 de
2325 2714 2443 2764 toto
2508 2710 2628 2764 loco
2686 2727 2751 2765 ac
2807 2711 3096 2768 territorio
3150 2729 3379 2779 massa,
3439 2731 3561 2786 qua
3612 2718 3818 2771 vocatur

2217 2799 2402 2854 Lacus
2436 2799 2703 2868 Sanctus,
2756 2800 2827 2855 ab
2878 2818 2991 2856 uno
3032 2801 3207 2858 latere
3233 2802 3414 2859 Fossa
3441 2802 3737 2860 Molendini
3763 2805 3821 2859 de

2214 2887 2382 2943 Volta
2412 2888 2676 2956 Latcrcli,
2727 2888 3111 2947 descendente
3142 2891 3202 2946 in
3251 2890 3552 2964 aquiliolo,
3596 2896 3650 2948 et
3675 2911 3705 2948 ο.
3730 2893 3819 2947 ﬂu-

2212 2976 2303 3032 vio
2333 2977 2549 3032 Tribba
2580 2993 2767 3048 usque
2797 2977 2855 3032 in
2886 2977 3113 3048 Elliam,
3147 2982 3204 3034 et
3233 2996 3339 3051 per
3368 2979 3634 3053 paludem
3665 2996 3823 3053 usque

2216 3065 2467 3121 mediam
2501 3065 2775 3134 Curbam,
2806 3065 3075 3139 ultraque
3103 3068 3357 3124 Curbam
3391 3086 3578 3142 usque
3606 3070 3818 3133 Padum,

459 3161 519 3212 et
547 3156 910 3213 Coloniensis
940 3157 1220 3230 episcopi,
1268 3173 1422 3212 anno
1452 3156 1674 3211 domini
1705 3156 1910 3211 Leonis
1970 3158 2107 3213 noni
2136 3138 2181 3205 C
2214 3158 2271 3211 et
2300 3154 2453 3209 ultra
2474 3154 2695 3210 Padum
2730 3172 2917 3228 usque
2947 3157 3018 3211 ad
3051 3156 3292 3213 Gazium
3325 3138 3605 3231 episcopii
3635 3159 3823 3215 Sancte

459 3262 623 3318 papa
646 3263 720 3315 IV,
750 3245 1066 3301 indictione
1093 3262 1145 3301 ν.

1202 3351 1363 3407 LXV.

455 3443 656 3514 Leonis
677 3457 844 3514 papae
870 3443 1045 3508 bulla,
1085 3457 1210 3512 qua?
1254 3443 1584 3496 monasterio
1632 3441 1851 3499 Sancta
1902 3446 2107 3501 Mariae

528 3513 593 3569 de
618 3513 907 3586 Pamposia
937 3513 1224 3583 conﬁrmat
1250 3514 1413 3568 varia
1443 3514 1596 3567 illius
1616 3515 1753 3584 jura
1790 3518 1839 3568 et
1870 3515 2029 3570 bona.

1078 3603 1264 3675 (Anno
1296 3602 1481 3673 1052.)

775 3692 1101 3765 [Muratori,
1131 3693 1314 3764 Antiq.
1346 3693 1497 3759 mm,
1534 3691 1600 3759 v,
1633 3692 1782 3763 337.]

521 3782 632 3838 Leo
663 3782 994 3855 episcopus,
1056 3797 1258 3838 servus
1307 3797 1605 3837 servorum
1666 3780 1786 3848 Dei,
1847 3781 2098 3838 ecclesia

445 3869 711 3943 gloriosa
743 3870 949 3927 matris
979 3873 1036 3927 et
1054 3870 1299 3943 virginis
1330 3874 1641 3942 perpetua,
1668 3870 1849 3925 beata
1882 3871 2093 3940 Maria,

444 3959 568 4016 sita
600 3960 890 4016 ininsula
919 3960 1261 4031 Pomposia,
1320 3965 1377 4014 et
1424 3975 1527 4031 per
1578 3976 1707 4014 eam
1766 3959 1974 4015 dilecto
2036 3960 2093 4015 in

441 4047 690 4106 Domino
721 4049 862 4106 Jesu
895 4049 1121 4104 Christo
1149 4048 1270 4103 ﬁlio
1302 4048 1611 4102 Mamanno
1642 4047 1959 4103 venerabili
1992 4050 2091 4104 ab-

442 4138 586 4207 bati,
629 4139 865 4210 tuisque
919 4136 1358 4193 successoribus
1406 4137 1569 4207 juste
1620 4136 1974 4194 intrantibus
2031 4138 2091 4193 in

440 4231 811 4298 perpetuum.

514 4314 737 4386 Regina
790 4314 1090 4382 caelorum,
1148 4314 1248 4369 Dei
1307 4312 1587 4381 Genitrix,
1650 4331 1827 4386 super
1882 4315 2088 4373 choros

440 4402 787 4475 angelorum
815 4402 1083 4471 exaltata,
1118 4406 1183 4457 ut
1210 4420 1244 4458 a
1275 4402 1442 4458 nobis
1473 4403 1570 4475 pia
1600 4402 1884 4459 exaltetur
1911 4406 2085 4460 devo-

2217 3243 2610 3299 Comaclensis
2638 3243 2925 3314 Ecclesia,
2957 3244 3094 3301 inde
3117 3262 3309 3318 usque
3348 3249 3421 3304 ad
3465 3247 3717 3315 ﬂuvium,
3745 3246 3823 3318 qui

2216 3336 2458 3388 vocatur
2499 3331 2661 3400 Cesi;
2697 3333 2768 3388 ab
2817 3332 2930 3389 alio
2967 3334 3146 3390 latere
3174 3334 3350 3392 Curlo
3383 3337 3755 3394 descendente
3780 3335 3825 3390 in

2215 3421 2505 3477 Concham
2525 3421 2800 3493 Agatula,
2822 3426 2878 3477 et
2898 3439 3001 3495 per
3020 3424 3209 3495 ipsam
3232 3424 3290 3480 in
3317 3425 3610 3495 Gaurum;
3636 3443 3667 3481 a
3685 3424 3823 3480 tertio

2214 3510 2395 3566 latere
2447 3510 2679 3583 palude,
2739 3527 2865 3582 qua
2923 3512 3111 3585 pergit
3162 3512 3316 3568 inter
3359 3514 3551 3570 rivum
3580 3512 3761 3571 Anzeli
3783 3515 3827 3567 et

2216 3600 2665 3655 Masenzaticum
2698 3616 2886 3672 usque
2916 3600 3299 3673 Monticellos,
3334 3607 3393 3659 et
3424 3604 3699 3661 Vedetosa
3724 3618 3825 3658 cur.

2212 3693 2374 3745 rente
2402 3690 2462 3743 in
2494 3689 2714 3745 Padum
2745 3707 2758 3757 ;
2792 3706 2826 3744 a
2855 3694 3061 3761 quarto
3093 3690 3270 3747 latere
3314 3692 3600 3750 Vaculino
3648 3696 3699 3749 et
3743 3692 3823 3747 Ar-

2208 3794 2336 3834 zere
2367 3778 2542 3847 malo,
2592 3783 2648 3834 et
2702 3778 2855 3834 Caile
2908 3780 2980 3834 de
3027 3780 3337 3837 Vincareto
3396 3787 3727 3856 pergentem
3776 3780 3821 3834 in

2208 3867 2594 3923 Laterculum.

2280 3957 2525 4029 Insuper
2544 3957 2996 4013 concederemus
3017 3957 3183 4013 vobis
3203 3956 3521 4030 piscariam
3546 3960 3820 4032 integram,

2205 4061 2331 4117 qua
2363 4050 2604 4101 vocatur
2635 4045 2851 4102 Volana
2879 4062 3014 4102 cum
3058 4046 3197 4103 Rivo
3248 4048 3543 4104 Badarino
3571 4053 3627 4104 et
3667 4047 3820 4104 Gave-

2200 4133 2337 4191 Iona
2366 4136 2578 4206 Majore
2604 4135 2675 4190 ad
2716 4135 2908 4207 ipsam
2956 4134 3269 4208 piscariam
3319 4138 3671 4209 pertinente,
3712 4149 3820 4191 cum

2200 4222 2517 4295 porticellis
2548 4239 2616 4278 ex
2647 4224 2912 4296 utrisque
2943 4223 3226 4297 partibus,
3278 4227 3439 4282 sicut
3489 4226 3626 4283 olim
3674 4226 3822 4279 intra-

2197 4316 2404 4367 verunt
2460 4312 2516 4367 in
2578 4329 2759 4381 mare,
2815 4313 3003 4369 eidem
3061 4313 3333 4371 similiter
3393 4313 3819 4388 pertinentibus.

2198 4401 2417 4457 Cuncta
2447 4402 2723 4473 pradicta
2751 4401 2878 4458 loca
2905 4416 3040 4459 cum
3073 4402 3352 4460 omnibus
3383 4404 3513 4461 suis
3554 4401 3818 4475 integrita-

438 4491 622 4559 tione,
655 4494 873 4561 nostra,
904 4491 963 4546 in
996 4496 1281 4563 quantum
1313 4495 1522 4563 potest,
1574 4492 1874 4564 providere
1917 4494 2088 4550 debet
2115 4512 2163 4577 D
2197 4490 2356 4545 tibus
2383 4506 2448 4545 ac
2470 4490 2858 4562 pertinentiis,
2884 4496 3170 4564 quantum
3195 4498 3415 4549 sancta
3438 4494 3723 4562 Romana,
3745 4486 3821 4545 cui

439 4577 696 4648 solertia,
723 4579 944 4637 scilicet
965 4581 1023 4636 in
1043 4580 1185 4638 locis
1204 4581 1423 4638 nomini
1450 4598 1556 4637 suo
1570 4581 1796 4649 dicatis,
1819 4582 2084 4654 augendo

434 4668 812 4739 beneﬁcium,
844 4686 961 4742 quo
990 4671 1080 4726 sui
1124 4671 1403 4743 speciales
1461 4670 1666 4725 famuli
1715 4672 2083 4729 commodius

435 4757 547 4815 sibi
605 4758 836 4831 possint
891 4759 1161 4816 exhibere
1211 4759 1535 4816 servitium.
1598 4760 1958 4832 Quapropter
2005 4765 2080 4827 te,

432 4849 760 4905 venerande
790 4848 894 4917 ﬁli,
929 4866 1103 4921 quem
1135 4850 1246 4905 sibi
1273 4849 1602 4905 videbimus
1644 4848 1906 4903 ﬁdeliter.
1938 4891 1950 4903 .
1979 4893 1991 4904 .
2025 4893 2037 4905 .
2067 4893 2078 4906 .

429 4936 491 4992 in
522 4937 761 5009 praefato
811 4938 1166 4994 monasterio
1197 4939 1247 4993 ei
1303 4936 1726 4993 famulantibus
1778 4938 2082 4995 monachis

426 5024 701 5082 volumus
732 5030 933 5083 nostro
956 5027 1246 5098 adjutorio
1277 5026 1422 5083 bene
1455 5042 1725 5100 praessc,
1759 5032 1822 5081 ut
1854 5034 1914 5082 tu
1957 5027 2081 5099 ipse

428 5116 747 5193 moraliter,
807 5118 958 5173 sicut
1015 5121 1261 5190 oportet,
1317 5117 1495 5185 vivas,
1555 5116 1819 5171 debitum
1874 5117 2079 5173 dantes

427 5202 763 5275 consilium,
798 5210 855 5261 et
883 5207 1055 5278 bona,
1080 5224 1207 5279 qua
1240 5206 1322 5262 vel
1354 5205 1587 5260 aliunde
1617 5203 1704 5259 vel
1738 5205 2023 5277 praecipue
2045 5223 2079 5261 a

426 5292 565 5348 sede
596 5294 859 5352 Romana
888 5301 992 5353 tua
1034 5303 1191 5353 tenet
1223 5295 1489 5360 ecclesia,
1520 5294 1607 5349 vel
1652 5293 1974 5366 acquireret
2017 5295 2077 5350 in

327 5384 331 5389 ’
427 5385 801 5451 perpetuum,
834 5386 1247 5441 confirmantes
1280 5385 1385 5440 tibi
1420 5401 1518 5456 per
1546 5382 1655 5438 hoc
1691 5386 1901 5438 sancta
1935 5400 2077 5455 apo-

429 5466 647 5525 stolica
676 5473 1046 5531 auctoritatis
1078 5473 1468 5547 privilegium.
1504 5473 1686 5543 igitur
1705 5471 1841 5542 quia
1874 5472 2077 5542 petitis

421 5554 467 5611 ἀ
495 5555 661 5615 nobis
716 5564 1008 5633 quatenus
1064 5580 1133 5621 ex
1180 5566 1381 5619 nostra
1436 5560 1704 5632 largitate
1758 5562 2076 5632 nostroque

2196 4579 2309 4634 Deo
2340 4584 2575 4636 auctore
2604 4581 2986 4652 prasidemus
3018 4597 3084 4636 ac
3124 4582 3518 4651 deservimus,
3562 4580 3821 4655 pertinere

2192 4667 2463 4723 videntur
2492 4669 2779 4741 Ecclesia,
2803 4669 2966 4725 vobis
2998 4670 3069 4725 ad
3101 4671 3425 4728 tenendum
3461 4672 3672 4728 emissa
3696 4682 3820 4740 prm-

2195 4758 2457 4830 ceptione
2489 4759 2804 4814 concedere
2852 4759 3220 4815 deberemus.
3254 4759 3533 4817 Inclinati
3572 4757 3824 4831 precibus

2191 4848 2399 4903 vestris
2431 4852 2641 4904 cuncta
2669 4846 2907 4920 praefata
2939 4847 3085 4917 loca,
3126 4848 3215 4905 vel
3263 4862 3623 4921 quacunque
3662 4839 3827 4900 modo

2192 4937 2422 4993 habetis
2444 4955 2509 4992 ac
2541 4937 2749 4993 tenetis
2779 4954 2913 4993 cum
2947 4939 3224 4994 omnibus
3256 4940 3383 4996 suis
3415 4932 3825 5011 integritatibus

2192 5032 2247 5081 ct
2277 5025 2642 5097 pertinentiis
2674 5032 2738 5081 ut
2767 5044 2945 5098 supra
2974 5026 3210 5099 legitur,
3251 5032 3307 5083 et
3354 5030 3602 5101 insuper
3646 5024 3825 5080 nostro

2190 5116 2341 5170 dono
2375 5132 2439 5170 ac
2471 5116 2850 5189 benignitate,
2880 5117 2928 5173 si
2961 5115 3183 5189 aliquid
3211 5118 3425 5173 amodo
3458 5118 3520 5172 in
3551 5117 3741 5171 futuro
3768 5108 3827 5164 de

2189 5205 2555 5275 pertinentiis
2615 5209 2827 5260 sancta
2883 5206 3156 5261 Romana
3218 5205 3492 5262 Ecclesia
3553 5201 3827 5276 acquirere

2188 5292 2496 5364 potueritis
2526 5294 2679 5349 circa
2708 5312 2809 5355 vos
2868 5296 2925 5349 in
2970 5299 3092 5351 toto
3149 5294 3489 5351 Exarchatu
3543 5296 3826 5351 Ravenna.

2186 5379 2504 5447 licentiam,
2563 5386 2846 5450 nostram,
2901 5388 3361 5457 nostrorumque
3438 5389 3827 5442 successorum

2186 5467 2465 5524 canonice
2496 5469 2865 5541 intrantium,
2918 5473 3023 5528 tibi
3072 5474 3313 5545 tuisque
3373 5470 3826 5532 successoribus,

2184 5554 2517 5631 regularem
2533 5559 2713 5621 vitam
2730 5563 3102 5639 ducentibus,
3120 5580 3254 5620 mon
3264 5560 3560 5640 achisque
3579 5557 3829 5635 religiose
