3974 6206
118 210 257 291 685.

116 698 345 755 cultate
388 701 735 774 postposita,
762 704 1169 775 persolvantur
1228 714 1584 771 actionariis.
1630 722 1778 773 Prae-

116 776 284 846 terea
332 807 532 848 amore
581 793 849 861 ejusdem
894 794 1248 853 intemerata:
1303 802 1613 861 Genitricis
1652 807 1778 876 Dei,

116 882 344 951 tuoque
371 879 581 935 dilecte
614 881 672 936 in
707 881 955 937 Domino
985 884 1113 956 Fili,
1146 890 1561 949 constituimus
1594 900 1650 949 et
1680 913 1776 950 or-

116 968 401 1024 dinamus
454 986 556 1041 per
597 968 759 1025 illam
807 972 1234 1044 auctoritatem,
1273 995 1451 1050 quam
1505 981 1775 1040 Christus

116 1056 411 1114 Dominus
442 1062 641 1114 noster
670 1059 837 1115 beato
868 1065 1038 1118 Petro
1070 1066 1465 1136 apostolorum
1501 1071 1771 1143 principi,

115 1164 367 1220 suasque
394 1146 662 1203 Ecclesiae
682 1149 1006 1205 rectoribus
1029 1156 1335 1222 concessit,
1372 1163 1437 1211 ut
1468 1176 1771 1231 nunquam

116 1237 293 1292 locus
341 1236 485 1306 ipse,
530 1242 629 1291 aut
676 1252 769 1292 res
812 1238 886 1292 ad
936 1238 1130 1311 ipsum
1181 1244 1559 1315 pertinentes,
1595 1249 1769 1304 alicui

113 1325 551 1382 submittantur
564 1343 845 1397 personae,
866 1327 979 1382 nisi
1000 1330 1329 1401 apostolicae
1353 1333 1585 1390 tuitioni
1609 1342 1665 1392 et
1688 1355 1771 1394 re-

112 1416 222 1489 gia:
244 1414 451 1470 ditioni
472 1432 485 1483 ;
510 1414 827 1486 nullusque
849 1417 1183 1474 mortalium
1214 1426 1425 1492 praeter
1447 1423 1767 1497 imperialis

112 1503 425 1575 potestatis
475 1502 709 1559 culmen
758 1504 816 1559 in
856 1506 1094 1577 praefato
1149 1511 1527 1581 monasterio,
1573 1518 1675 1569 aut
1704 1515 1763 1571 in

113 1592 401 1657 curtibus,
420 1590 511 1648 vel
535 1591 594 1647 in
618 1592 899 1663 castellis,
925 1594 1043 1650 sive
1065 1595 1122 1651 in
1144 1596 1433 1669 plebibus,
1457 1606 1560 1656 aut
1578 1603 1759 1669 cellis,

111 1699 221 1737 seu
251 1681 426 1749 villis,
476 1680 564 1736 vel
597 1682 871 1738 omnibus
902 1683 1077 1739 rebus
1117 1686 1434 1744 mobilibus
1463 1695 1521 1745 et
1550 1690 1761 1748 immo-

110 1754 339 1825 bilibus
390 1770 504 1841 ipsi
553 1770 997 1841 pertinentibus,
1046 1790 1272 1831 necnon
1323 1777 1380 1831 in
1429 1780 1612 1836 servis
1663 1786 1764 1837 aut

115 1858 362 1914 famulis
400 1858 705 1931 utriusque
736 1877 928 1928 sexus,
965 1862 1084 1918 sive
1115 1863 1289 1920 etiam
1322 1865 1544 1923 vellicis
1584 1885 1763 1941 super

112 1953 335 2003 terram
373 1947 637 2018 ejusdem
676 1949 1014 2005 monasterii
1045 1952 1458 2023 residentibus,
1501 1956 1759 2030 aliquam

114 2035 561 2103 ordinationem,
616 2041 718 2092 aut
746 2038 1240 2108 jurisdictionem,
1290 2043 1379 2099 vel
1411 2050 1758 2117 potestatem

114 2130 325 2194 tenere,
361 2129 463 2179 aut
481 2126 977 2195 conversationem
1002 2130 1424 2188 monachorum
1450 2135 1754 2208 impedire,

114 2233 208 2271 seu
244 2212 578 2269 molestiam
629 2212 843 2271 inferre
876 2224 1211 2288 praesumat,
1245 2220 1333 2277 vel
1364 2222 1423 2277 in
1457 2224 1755 2297 aliquibus

106 2303 247 2359 locis
275 2302 466 2376 ipsius
494 2302 826 2359 districtum
850 2322 950 2361 seu
987 2306 1265 2377 placitum
1289 2315 1505 2381 tenere,
1540 2318 1639 2369 aut
1664 2332 1755 2371 res

107 2391 451 2448 monasterii
482 2392 773 2463 invadere,
796 2392 883 2449 vel
911 2396 1117 2465 quovis
1142 2399 1314 2454 modo
1345 2400 1617 2469 alienare,
1653 2410 1754 2460 aut

106 2482 362 2545 fodrum,
384 2479 471 2536 vel
491 2485 742 2552 paratas,
767 2498 869 2537 seu
893 2483 1120 2556 aliquas
1144 2486 1407 2559 publicas
1424 2490 1752 2549 functiones

104 2571 326 2644 exigere
354 2570 593 2626 audeat.
628 2571 820 2642 Ipsius
865 2588 1098 2645 quoque
1128 2577 1512 2648 proprietates
1548 2598 1749 2638 mona-

102 2659 256 2716 sterii
309 2662 439 2714 tam
495 2676 529 2714 a
585 2663 876 2730 potestate
938 2663 1510 2738 archiepiscoporum
1570 2686 1748 2741 quam

100 2750 354 2804 omnium
399 2747 761 2816 mortalium,
794 2755 1001 2821 praeter
1044 2752 1213 2825 regiae
1244 2757 1744 2817 sublimitatis.....

96 2836 547 2894 irrevocabiliter
587 2837 1016 2907 subtrahimus,
1040 2858 1105 2897 ac
1126 2841 1370 2900 liberam
1406 2862 1533 2902 esse
1555 2865 1748 2906 cense-

100 2944 244 2996 mus,
264 2927 503 2997 salvajin
523 2926 602 2981 ibi
626 2927 967 2985 auctoritate
989 2932 1325 3002 apostolica,
1347 2951 1412 2989 ac
1432 2938 1631 3007 primae
1655 2956 1745 2995 se-

98 3018 181 3071 dis
211 3018 501 3085 invocata,
536 3014 586 3071 si
616 3032 851 3072 necesse
883 3018 1074 3087 fuerit,
1110 3020 1423 3078 audientia.
1458 3025 1519 3079 In
1544 3028 1741 3098 acqui-

100 3105 286 3160 rendis
317 3108 523 3160 autem
552 3104 724 3160 bonis
753 3104 950 3161 Sancti
983 3106 1131 3163 Petri
1165 3109 1286 3165 haec
1316 3118 1577 3168 servetur
1605 3132 1740 3171 con-
1774 3112 1816 3178 C
1854 3129 2156 3186 beatorum
2187 3141 2446 3208 martyru

98 3195 253 3263 ditio,
306 3199 374 3248 ut
427 3193 595 3264 prius
637 3210 705 3248 ex
750 3192 881 3266 ipsa
923 3200 978 3251 et
1037 3197 1291 3269 qualitas
1348 3206 1406 3256 et
1447 3206 1746 3275 quantitas

96 3300 285 3338 rerum
336 3282 538 3348 nobis,
571 3286 670 3337 aut
699 3283 916 3340 nostris
947 3289 1389 3345 successoribus
1417 3291 1745 3363 intimetur,

96 3376 147 3427 et
181 3376 320 3428 tunc
368 3369 633 3439 licentia,
689 3377 994 3446 praacepto,
1047 3379 1105 3430 et
1149 3378 1389 3435 consilio
1422 3397 1455 3435 a
1485 3381 1750 3440 Romana

97 3462 227 3517 sede
248 3465 510 3535 accepto,
536 3460 904 3532 additajusta
924 3464 1224 3535 pensione,
1248 3484 1281 3522 a
1300 3472 1355 3524 te
1369 3470 1745 3544 suscipiatur.

102 3549 213 3605 Hoc
244 3550 487 3622 quidem
512 3550 681 3606 modo
707 3551 1033 3623 proprietas
1063 3557 1353 3613 terrarum
1379 3563 1435 3614 et
1463 3577 1749 3632 aquarum

101 3643 296 3695 sancto
342 3640 520 3694 Petro
560 3640 904 3707 remanebit,
956 3646 1013 3696 et
1059 3642 1210 3700 bono
1255 3662 1457 3702 eorum
1508 3666 1617 3705 usu
1648 3668 1752 3707 vos

99 3728 303 3782 amodo
348 3727 651 3783 fruemini.
707 3728 1062 3787 Violatorem
1123 3733 1303 3806 igitur
1368 3736 1549 3808 hujus
1600 3740 1752 3795 sacri

100 3814 405 3889 privilegii,
438 3814 553 3870 nisi
587 3817 914 3889 resipuerit,
948 3825 1004 3876 et
1034 3823 1105 3877 ad
1138 3824 1488 3896 condignam
1522 3828 1752 3884 satisfa-

110 3904 354 3960 ctionem
372 3904 621 3973 venerit,
647 3907 1029 3979 apostolicum
1052 3912 1365 3968 anathema
1384 3916 1751 3973 condemnet.

109 3990 590 4048 Conservatorem
621 4009 755 4050 vero
804 3996 1055 4053 dominae
1087 4005 1298 4056 nostra:
1337 4002 1517 4058 beatas
1564 4006 1755 4061 Maria:

110 4077 450 4137 intercessio
481 4081 735 4151 gloriosa
764 4084 1032 4144 laetificat.

174 4172 377 4226 Datum
403 4188 484 4227 xv
518 4171 807 4229 Kalendas
835 4176 1073 4247 Aprilis,
1108 4195 1208 4249 per
1238 4197 1447 4238 manus
1483 4183 1757 4240 Friderici

115 4262 314 4313 sancta:
345 4265 623 4316 Romanae
664 4262 821 4317 sedis
866 4264 1289 4323 bibliothecarii
1321 4275 1377 4325 et
1405 4272 1755 4342 caucellarii,

113 4346 228 4402 vice
257 4348 481 4405 domini
536 4350 893 4419 Herimanni,
928 4354 1463 4416 archichancellarii
1510 4366 1566 4417 et
1595 4362 1757 4419 Colo-

115 4433 328 4491 niensis
379 4436 835 4513 archiepiscopi,
884 4460 1037 4501 anno
1083 4446 1303 4502 domini
1357 4450 1566 4506 Leonis
1596 4469 1759 4526 papae

116 4527 316 4594 quarto
348 4525 665 4584 indictione
695 4546 749 4584 v.

844 4621 1032 4678 LXVI.

116 4697 165 4751 S.
190 4697 390 4791 l5.601223
417 4704 651 4788 epistola
673 4707 745 4761 ad
773 4724 960 4766 omnes
990 4728 1084 4781 per
1114 4715 1335 4791 Italiam
1364 4720 1655 4791 episcopos.
1691 4752 1757 4763 —

182 4770 253 4825 Ne
296 4770 656 4857 possessiones
703 4794 888 4857 omnes
932 4770 1063 4838 su'as
1117 4770 1417 4857 quisquamr
1451 4770 1610 4847 doriet
1638 4809 1759 4848 mo-

158 4847 412 4913 nasterio,
444 4848 545 4902 sed
574 4865 768 4905 earum
795 4853 989 4909 saltem
1017 4847 1359 4915 medietatem
1390 4863 1647 4920 Ecclesia?
1689 4847 1761 4919 ad

182 4929 339 4981 quam
362 4921 632 4988 pertinet.

678 4985 709 5067 '_
741 4995 928 5067 (Anno
966 4998 1144 5067 1052.)

635 5063 871 5133 [Mansi,
907 5067 1047 5136 Xix,
1080 5063 1230 5145 670.]

182 5142 287 5199 Leo
317 5148 653 5223 episcopus,
689 5154 967 5212 omnibus
997 5159 1283 5235 episcopis
1318 5164 1375 5219 in
1406 5165 1636 5223 Christo
1659 5185 1761 5241 per

114 5231 285 5289 totam
318 5237 569 5295 Italiam.

180 5317 445 5380 Relatum
470 5333 559 5384 est
613 5329 859 5387 auribus
905 5338 1121 5394 nostris
1154 5357 1281 5396 esse
1313 5344 1604 5414 quosdam
1638 5362 1756 5417 per-

112 5420 263 5464 verse
293 5419 554 5485 agentes.
582 5417 1034 5491 quisubvertere
1065 5433 1237 5500 atque
1258 5430 1513 5487 dividere
1543 5448 1758 5491 conan-

88 5510 93 5515 ο
110 5496 200 5550 tur
220 5500 475 5559 ecclesiae
490 5506 818 5578 unitatem;
843 5511 1109 5578 videlicet
1123 5496 1363 5576 abbates
1384 5527 1440 5581 et
1461 5524 1761 5600 monachi,

1113 220 1520 288 EPISTOLIE
1563 227 1665 292 ET
1705 231 2069 298 DECRETA
2111 237 2582 310 PONTIFICIA.

116 342 467 399 viventibus
508 346 930 417 perpetualiter
957 354 1335 413 concedimus
1368 358 1699 419 habendum
1733 373 1787 420 et

118 432 475 489 tenendum.
515 433 599 489 Ita
630 452 792 505 sane,
832 442 897 492 ut
925 455 959 494 a
992 444 1047 495 te
1078 443 1314 516 tuisque
1344 453 1785 510 successoribus

116 521 386 595 singulis
409 523 745 597 quibusque
762 526 952 596 annis,
970 531 1268 600 pensionis
1291 539 1543 606 nomine,
1569 547 1783 597 sanctae

114 619 345 667 nostrae
376 612 641 668 Ecclesiae
674 614 951 671 Romanae
982 624 1099 674 tres
1134 624 1359 694 argenti
1401 628 1595 696 solidi,
1629 630 1781 685 diffi-

1816 378 1865 442 Α
1900 370 1996 440 qui
2031 388 2144 428 non
2178 378 2371 433 studio
2403 379 2725 454 charitatis,
2755 389 2856 443 sed
2885 392 3007 449 zelo
3038 400 3373 470 rapacitatis
3392 406 3539 466 invi-

1896 458 2099 529 gilant,
2130 467 2185 517 et
2214 465 2426 523 docent
2452 471 2643 543 adque
2674 476 2948 536 seducere
2975 500 3092 541 non
3105 458 3342 550 cessant
3362 513 3541 555 saecu-

1893 545 2045 604 lares
2075 549 2343 611 homines
2376 575 2522 630 quos
2552 560 2865 636 illaqueare
2883 580 3152 645 possunt,
3184 585 3251 637 ut
3276 599 3368 641 res
3397 603 3537 646 suas

1892 642 2065 708 atque
2113 645 2537 719 possessiones,
2596 654 2716 708 sive
2772 655 2831 712 in
2883 660 3022 729 vita,
3084 665 3203 724 sive
3248 670 3311 728 in
3350 680 3537 735 morte

1892 725 2069 795 [Forte
2136 731 2404 819 redundat
2463 737 2521 793 in
2574 740 2687 810 H.],
2750 745 2809 801 in
2866 725 3533 823 monasteriis

1888 816 2148 885 tradant;
2183 813 2237 874 et
2269 823 2527 882 ecclesiis
2559 830 2775 900 quibus
2806 838 3052 910 subjecti
3084 813 3229 903 esse

1887 908 1985 957 eta
2001 906 2219 975 quibus
2234 910 2617 985 baptismum,
2639 906 3064 999 pcenitentiam,
3086 935 3526 1015 eucharistiam,

1884 1006 2108 1048 necnon
2141 997 2423 1067 pabulum
2455 1004 2581 1059 vita:
2612 1025 2745 1067 cum
2778 1011 2925 1070 lacte
2951 1032 3298 1092 acceperunt
3317 1028 3401 1085 vel
3434 1048 3529 1097 ac;-

1884 1079 2127 1149 cipiunt,
2162 1085 2306 1140 nihil
2340 1090 2410 1144 de
2438 1092 2605 1149 bonis
2635 1098 2761 1153 suis
2792 1079 3144 1178 relinquant.
3178 1079 3527 1178 Hancdeni:

1882 1183 1994 1237 que
2018 1172 2263 1228 formam
2296 1177 2598 1237 discordiae
2631 1202 2736 1241 nos
2764 1192 3309 1275 animadvertentes,
3335 1211 3526 1267 omni-

3140 1256 3309 1275 ,,,___,
3337 1256 3494 1267 ,,,,,,,

1881 1256 1992 1311 bus
2023 1261 2212 1315 modis
2255 1262 2517 1325 inhibere
2555 1271 2854 1348 volumus;
2888 1286 2963 1350 et,
2998 1304 3070 1342 ne
3101 1294 3355 1365 amplius
3398 1300 3521 1374 fiat,

1881 1346 2116 1374 nm“:nn
2161 1351 2429 1374 -_-Lll._,
2769 1366 2819 1374 .-

1879 1346 2118 1403 omnino
2158 1351 2539 1421 prohibemus
2572 1377 2584 1414 :
2621 1366 3055 1430 considerantes
3096 1346 3217 1436 noxi
3242 1400 3373 1443 esse
3416 1346 3521 1446 bo:

1877 1449 2020 1489 num
2045 1441 2107 1491 ut
2136 1437 2219 1493 illi
2244 1443 2341 1512 qui
2364 1443 2502 1501 olim
2524 1448 2755 1509 fuerunt
2776 1458 2917 1514 socii
2937 1437 3376 1545 passionum—(ll

1878 1539 1915 1588 ι,
1940 1524 2016 1594 7),
2053 1529 2375 1587 secundum
2403 1535 2765 1610 Apostolum,
2799 1545 2917 1603 sint
2945 1549 3241 1614 immunes
3270 1524 3318 1616 εικ
3337 1565 3520 1623 socie-

1875 1614 1993 1667 tate
2032 1616 2535 1694 consolationum;
2585 1632 2641 1683 et
2670 1632 2809 1702 quia
2849 1636 3059 1709 dignus
3097 1649 3187 1700 est
3216 1652 3520 1721 operarius

1874 1705 2138 1759 mercede
2169 1724 2293 1763 sua.
2330 1711 2582 1785 Ideoque
2617 1705 2986 1796 praecipimus
3016 1736 3191 1805 atque
3213 1705 3515 1814 jubemus,

1876 1794 1937 1844 ut
1965 1792 2300 1867 quicunque
2330 1803 2539 1858 amodo
2560 1805 2618 1862 in
2652 1792 3005 1874 monasterio
3031 1792 3379 1885 selcon'verti
3417 1792 3516 1890 vo:

1871 1878 2086 1937 luerint
2102 1885 2280 1953 [Forte
2299 1890 2552 1947 volueris
2568 1894 2681 1967 H.],
2708 1899 2827 1957 sive
2850 1902 2910 1959 in
2925 1906 3061 1976 vita,
3086 1912 3205 1970 sive
3221 1915 3281 1971 in
3304 1925 3511 1989 morte,

1869 1971 2133 2027 omnium
2166 1991 2359 2033 rerum
2384 1984 2439 2035 et
2480 1988 2943 2062 possessionum,
2977 2013 3125 2068 quas
3175 2021 3274 2072 pro
3323 2008 3514 2068 salute

1867 2059 2075 2115 anima}
2098 2080 2215 2117 suae
2234 2066 2465 2138 disponi
2481 2072 2819 2148 decreverit,
2844 2083 3214 2146 medietatem
3231 2095 3509 2169 ecclesias,

1867 2148 1958 2201 cui
1988 2148 2111 2221 ipse
2143 2155 2429 2224 pertinere
2450 2159 2835 2236 dignoscitur,
2862 2170 3157 2247 relinquat
3184 2148 3510 2245 :etsio‘de:

1866 2252 2029 2293 mum
2053 2240 2110 2295 in
2131 2247 2505 2315 monasterio,
2528 2258 2701 2321 prout
2721 2254 2953 2317 libitum
2972 2240 3083 2321 sibi
3104 2267 3297 2343 fuerit,
3329 2240 3509 2333 eundi

1864 2330 2353 2402 convertendique
2370 2334 2581 2393 habeat
2601 2338 2917 2404 licentiam.
2943 2330 3296 2430 Quicunque,
3307 2368 3507 2423 autem

1862 2413 2041 2484 hujus
2074 2417 2283 2474 decreti
2317 2427 2709 2485 contradictor
2745 2437 3030 2495 exstiterit
3075 2459 3142 2500 ac
3170 2413 3504 2524 temerator,

1863 2504 2125 2524 ,μιιηη
2182 2508 2217 2524 ..
2324 2509 2337 2524 .
2401 2512 2438 2524 ..
2582 2517 2640 2524 -_

1860 2504 2254 2564 anathematis
2283 2509 2476 2583 gladio
2509 2517 2828 2589 suhjaceat.

2573 2624 2787 2684 LXVII.

1859 2701 2022 2756 Bulla
2061 2703 2115 2757 S.
2165 2706 2354 2762 Leonis
2396 2711 2462 2765 IX
2491 2728 2594 2837 p20
2641 2724 2967 2781 monasterio
3011 2726 3312 2792 Castae-Dei
3354 2737 3504 2811 apud

2574 2803 2813 2837 I'UBMOS-

2574 2803 2734 2843 rvern
2740 2805 2815 2847 os.

2474 2872 2661 2943 (Anno
2693 2878 2877 2953 1052.)

1854 2951 2071 3023 [Baluz.
2085 2998 2097 3019 ,
2114 2954 2267 3025 0pp.,
2288 2957 2348 3011 B.
2370 2959 2588 3017 Servati
2608 2964 2750 3039 Lupi
2769 2951 3177 3050 Ferrariensis,
3197 2998 3330 3058 pag.
3342 2986 3497 3061 527.]

3162 3040 3217 3055 ι,
3273 3040 3325 3058 υν
3352 3040 3365 3042 -
3396 3040 3495 3061 ην,

1924 3040 2035 3095 Leo
2082 3042 2411 3117 episcopus,
2469 3067 2669 3110 servus
2716 3073 3016 3121 servorum
3067 3067 3195 3140 Dei,
3238 3074 3495 3133 ecelesite

2454 3156 2509 3194 m
2536 3141 2742 3201 Vitalis
2775 3152 2831 3204 et
2857 3154 3160 3228 Agricolas,
3195 3177 3322 3234 quae
3352 3164 3495 3225 dici.-

1854 3222 1950 3273 tur
1980 3220 2277 3292 Casa-Dei,
2311 3228 2368 3279 et
2405 3244 2507 3299 per
2535 3246 2663 3288 eam
2698 3235 2895 3295 abbati
2911 3220 3176 3305 vnomine
3206 3220 3501 3327 liensum,

1857 3308 2100 3380 ejusque
2126 3316 2563 3375 successoribus
2582 3320 2720 3380 illuc
2742 3330 3020 3389 canonice
3048 3335 3407 3399 intrantibus
3438 3343 3502 3401 in

1859 3403 2226 3469 perpetuum.

1931 3486 2209 3544 Convenit
2229 3494 2546 3563 apostolico
2569 3502 2956 3564 moderamini
2974 3514 3250 3572 omnibus
3265 3517 3326 3573 in
3341 3519 3507 3577 Chri-

1862 3578 1950 3629 sto
1976 3575 2067 3647 pie
2095 3576 2283 3635 vivere
2313 3582 2641 3645 volentibus
2664 3597 2868 3651 contra
2897 3600 3162 3658 omnium
3194 3606 3509 3666 adversan-

1864 3662 2014 3718 tium
2059 3664 2209 3722 ictus
2238 3672 2613 3740 protectionis
2643 3678 2876 3752 clypeos
2908 3688 3182 3763 prabere,
3216 3662 3512 3766 quatenus

1866 3752 2141 3825 quisquis
2172 3772 2234 3811 se
2254 3757 2400 3831 jugo
2423 3752 2932 3837 subjugatChristi
2963 3752 3181 3837 auxilio
3204 3752 3271 3838 ac
3285 3752 3513 3855 protec:

1866 3839 2024 3896 tione
2063 3849 2307 3900 Summze
2348 3849 2504 3905 sedis
2533 3856 2589 3907 et
2619 3858 2946 3925 apostolica:
2990 3863 3136 3923 illud
3168 3869 3231 3925 in
3261 3839 3514 3932 tuitione

1868 4017 2131 4075 Ecclesiae
2163 4039 2418 4094 sponsus
2433 4044 2604 4087 verus
2634 4039 2690 4089 et
2718 4053 2872 4094 unus
2896 4041 3111 4115 jugum
3141 4049 3516 4124 suscipienti-

1868 4106 1979 4162 bus
2002 4126 2174 4165 suum
2208 4111 2477 4173 leniendo
2500 4119 2815 4182 denunciat
2840 4128 3041 4189 dicens
3064 4152 3077 4191 :
3100 4106 3515 4209 Jugum‘meum

1868 4213 2035 4252 suave
2064 4202 2139 4253 est
2172 4210 2221 4255 et
2247 4218 2382 4259 onus
2411 4223 2593 4265 meum
2623 4213 2736 4270 leve
2762 4216 2972 4285 (Matth.
3005 4239 3083 4294 χι,
3111 4202 3224 4299 36).
3258 4226 3516 4304 Quapro-

1869 4290 1999 4356 pter
2026 4288 2152 4359 jam
2192 4293 2477 4363 praedicta
2524 4300 2776 4359 ecclesiae
2820 4288 3165 4371 auctoritate
3184 4288 3516 4390 apostolica

1869 4377 2242 4435 concedimus
2272 4386 2328 4436 et
2372 4383 2747 4459 impertimur
2775 4397 3062 4473 privilegii
3092 4407 3367 4477 gratiam,
3398 4426 3518 4483 qua

1791 4480 1837 4545 Β
1869 4464 2020 4518 tueri
2054 4472 2229 4537 queat
2259 4486 2320 4525 se
2352 4472 2424 4527 ab
2456 4478 2722 4537 omnium
2762 4464 2825 4540 se
2856 4485 3074 4559 injuste
3092 4464 3517 4569 impetentiiim

1868 4551 2185 4623 calumnia,
2222 4562 2284 4613 ut
2304 4561 2591 4635 quidquid
2616 4568 2761 4625 inibi
2784 4589 2818 4627 a
2838 4551 3107 4637 Rehcone
3128 4551 3518 4654 pnaesulevcb:

1870 4637 2054 4697 latum
2092 4649 2201 4711 est,
2243 4646 2332 4702 vel
2373 4650 2444 4703 ab
2495 4651 2794 4726 aliquibus
2837 4661 3051 4722 Christi

1872 4728 2080 4787 collata
2105 4733 2194 4788 vel
2218 4737 2567 4796 conferenda
2592 4750 2781 4815 erunt,
2806 4748 2866 4804 in
2890 4758 3239 4825 perpetuum

1868 4818 2027 4874 tione
2058 4824 2373 4892 apostolica
2406 4828 2515 4884 sibi
2561 4850 2793 4906 semper
2835 4846 3112 4897 maneant
3152 4844 3518 4921 inconvulsa,

1872 4912 2162 4979 quatenus
2197 4912 2410 4970 ibidem
2453 4921 2792 4993 servientes,
2826 4927 3020 4999 quiete
3048 4935 3105 4987 et
3134 4948 3337 4993 secure
3365 4953 3523 4994 com-

1872 5004 2195 5071 manentes,
2230 5005 2388 5058 tanto
2421 5006 2685 5068 devotius
2724 5012 2939 5073 Christi
2978 5019 3302 5081 inhaereant
3346 5025 3521 5084 disci-

1870 5086 2115 5157 pulatui,
2152 5097 2372 5162 quanto
2399 5098 2455 5148 et
2485 5113 2517 5151 a
2547 5099 2740 5156 furiali
2764 5109 2969 5164 mundi
2994 5110 3239 5185 impetu,
3272 5115 3519 5189 protecti

1869 5175 1977 5231 hac
2010 5180 2327 5249 apostolica
2356 5184 2589 5256 pagina,
2624 5188 2840 5249 fuerint
2880 5175 3517 5277 alieni..Pra3'cipientes

1872 5263 2052 5336 igitur
2077 5268 2199 5322 vice
2222 5272 2407 5325 sancti
2432 5275 2582 5329 Petri
2611 5280 3008 5349 apostolorum
3040 5263 3344 5368 principis,
3374 5311 3519 5370 prte-

1869 5354 2145 5425 cipimus,
2177 5358 2367 5427 cujus,
2401 5364 2668 5432 quamvis
2700 5364 2976 5440 impares,
3018 5379 3172 5437 vices
3202 5387 3398 5443 tamen
3423 5401 3521 5461 ge-

1869 5442 2076 5512 rimus,
2104 5452 2166 5499 ut
2192 5446 2390 5503 nullus
2413 5449 2747 5522 imperator,
2774 5474 2891 5526 rex,
2925 5463 3045 5520 sive
3071 5468 3208 5540 dux,
3243 5480 3348 5532 aut
3368 5442 3522 5533 mar—

1870 5531 2021 5603 chio,
2082 5550 2276 5593 comes
2331 5537 2784 5616 velvicecomes,
2854 5566 2956 5607 seu
3014 5556 3207 5628 qualis
3264 5566 3525 5644 quisque
