3974 6206
414 290 536 357 687

422 513 853 587 cbiepiscopus,
873 509 992 565 sive
1011 506 1343 580 episcopus,
1376 521 1477 560 seu
1501 502 1748 575 quilibet
1762 498 2072 556 vicedomi-

422 621 557 669 nus,
592 601 803 658 audeat
843 597 1143 671 praefatam
1168 595 1445 651 invadere
1475 591 1803 657 ecclesiam,
1834 589 1922 645 vel
1944 588 2073 660 ejus

423 693 673 765 diripere
704 690 877 754 bona,
902 703 1026 759 quae
1043 701 1197 741 nunc
1218 684 1308 740 vel
1329 682 1525 753 aliquo
1546 681 1605 736 in
1626 684 1886 752 tempore
1909 679 2071 765 juste

423 764 686 855 possidet
710 775 799 834 vel
830 779 919 833 est
948 790 1312 849 possessura.
1328 771 1490 836 Quod
1505 768 1825 826 sanctionis
1845 764 2072 838 privile-

424 870 588 944 gium
612 863 885 941 quisquis
899 864 1211 920 temerario
1233 857 1715 931 ausuinfregerit,
1731 855 2070 912 anathema-

424 942 500 1015 tis
530 956 855 1023 vinculum,
895 952 1011 1009 nisi
1045 951 1376 1025 resipuerit,
1417 950 1473 1004 in
1502 950 1850 1021 perpetuum
1893 942 2074 999 susti-

427 1051 584 1105 neat.
615 1047 998 1104 Conservator
1026 1058 1157 1098 vero
1180 1040 1235 1096 in
1260 1038 1492 1096 aeternis
1521 1034 1753 1110 gaudiis
1782 1031 2076 1089 felicitatis

428 1138 593 1195 lucra
617 1134 935 1210 possideat.

497 1209 712 1284 Datum
733 1224 941 1281 Ginon.
964 1238 1044 1287 v1,
1066 1220 1263 1277 Nonas
1278 1217 1436 1288 Maii,
1461 1233 1563 1289 per
1576 1230 1787 1270 manus
1807 1209 2077 1267 Friderici

432 1314 683 1382 diaconi,
700 1313 760 1370 S.
776 1313 844 1368 Β.
866 1311 930 1367 E.
943 1307 1369 1365 bibliothecarii
1388 1310 1445 1361 et
1457 1300 1806 1369 cancellarii,
1830 1299 2078 1355 vice-do-

434 1400 901 1463 miniHermanni
920 1392 1619 1456 cancellariiColoniensis
1630 1388 2050 1461 archiepiscopi
2063 1429 2076 1453 ,

437 1509 591 1551 anno
613 1488 851 1549 Domini
873 1486 1082 1544 Leonis
1097 1502 1260 1559 papae
1273 1482 1652 1555 noniquarto,
1679 1478 1995 1534 indictione
2020 1494 2077 1531 ν.

1145 1573 1388 1630 LXVIII.

443 1673 498 1729 S.
528 1673 629 1728 Leo
652 1670 718 1725 IX
737 1666 1037 1740 privilegia.
1064 1663 1503 1740 metrOpolitenaz
1532 1660 1778 1740 ecclesia).
1795 1654 2082 1711 Colonien-

1483 283 1548 346 S.
1593 278 1878 345 LEONIS
1922 275 2007 340 IX
2049 271 2282 339 PAPE
2323 273 2759 339 OPUSCULA.

416 420 810 482 ecclesiastica
840 420 1125 493 potestate
1155 416 1354 489 aliqua
1382 414 1679 489 praeditus,
1718 411 1938 467 scilicet
1976 427 2062 465 ar-
2091 411 2142 476 Α
2177 426 2243 464 ac
2293 408 2752 465 subdiaconibus
2790 406 2861 462 ad
2912 404 3022 461 hoc
3070 398 3471 460 ministerium
3517 403 3837 475 prudente;

2182 498 2403 566 electis,
2447 500 2512 552 ut
2540 495 2801 552 sandalis
2832 498 3077 551 utantur
3115 492 3500 551 concedimus
3530 496 3590 549 et
3622 492 3856 549 consti-

2183 587 2431 642 tuimus.

3834 375 3865 414 τ

2256 675 2461 730 Postea
2500 674 2907 730 auctoritatem
2951 677 3009 728 et
3045 671 3331 729 honorem
3371 688 3551 746 quem
3584 671 3851 730 Ecclesia

2186 764 2469 819 hactenus
2491 763 2716 831 habuit,
2748 768 2870 818 tam
2902 762 3052 818 inter
3082 760 3229 818 alios
3249 778 3430 833 quam
3462 779 3497 817 a
3526 761 3676 829 suis,
3713 778 3849 818 cen—

2188 852 2493 907 ﬁrmamus
2554 851 2754 923 clypeo
2813 849 3147 922 apostolicae
3204 849 3613 923 protectionis,
3674 855 3746 906 ut
3801 852 3850 907 si

2187 941 2422 1012 quando
2437 941 2696 1013 synodus
2716 941 2870 995 infra
2898 943 3063 995 tuam
3084 939 3410 1008 dioecesim,
3436 943 3540 995 aut
3560 944 3851 1012 praesente

2187 1030 2364 1102 hujus
2380 1030 2578 1103 primae
2594 1028 3200 1102 sedisarchiepiscopo
3216 1027 3519 1101 autlegato
3536 1028 3612 1085 ab
3625 1030 3679 1101 ej
3688 1027 3853 1085 uela-

2188 1122 2307 1172 tere
2325 1118 2543 1174 directo
2557 1118 2731 1174 fuerit
2751 1121 3087 1191 aggregata,
3108 1117 3362 1189 priorem
3381 1117 3627 1190 quidem
3650 1116 3849 1173 locum

2188 1211 2320 1278 post
2347 1207 2543 1280 ipsum
2599 1211 2788 1264 rector
2816 1207 2946 1277 ejus
2975 1206 3252 1275 obtineat,
3285 1207 3346 1261 in
3378 1206 3734 1280 proferenda
3761 1222 3852 1263 sa—

2189 1318 2419 1359 crorum
2435 1314 2724 1354 canonum
2748 1296 3094 1352 auctoritate
3110 1296 3273 1368 prior
3285 1296 3515 1362 existat,
3538 1296 3617 1351 ita
3643 1300 3848 1353 tamen

2190 1396 2255 1448 ut
2296 1391 2448 1448 sicut
2486 1392 2575 1443 est
2623 1385 2779 1458 prior
2823 1383 2883 1439 in
2914 1383 3022 1439 hac
3073 1383 3364 1456 probabili
3394 1383 3700 1456 dignitate,
3765 1384 3853 1440 ita

2189 1483 2365 1537 etiam
2382 1478 2595 1551 polleat
2613 1475 2770 1547 prior
2782 1490 3010 1530 morum
3035 1473 3347 1547 probitate,
3363 1473 3491 1530 vitae
3513 1473 3854 1541 honestate,

2193 1574 2257 1626 ut
2284 1570 2454 1640 cujus
2476 1563 3097 1622 annuntiaveritverba
3115 1563 3245 1634 ejus
3268 1562 3527 1619 imitetur
3548 1562 3852 1635 exempla.

2265 1658 2503 1731 Regiam
2549 1651 3071 1719 consecrationem,
3103 1651 3257 1707 infra
3294 1650 3518 1708 limites
3545 1668 3662 1707 suae
3692 1650 3854 1706 dite-

513 1745 590 1799 sis
612 1729 918 1811 confirmat.
936 1729 1273 1794 'Hermann'o
1295 1733 1700 1802 archiepiscopo
1729 1729 1945 1853 eiusigie
1967 1742 2079 1780 suc-

513 1815 810 1853 noccnrihsu
855 1808 1099 1853 mmnedii
1140 1808 1361 1853 titulum
1409 1802 1732 1853 ηαηεεὶὶανίι
1758 1800 1813 1853 8.
1899 1841 1911 1853 .
1942 1800 2003 1853 Ε.
2035 1800 2085 1852 εἰ

2266 1729 2717 1809 sis'l‘aciendam,
2741 1739 3047 1813 potestatis
3072 1738 3405 1812 apostolicae
3441 1740 3759 1796 munimini
3790 1739 3849 1795 ei

2360 1835 2373 1853 ι
2412 1848 2674 1853 γηγμ,η-Α
2729 1829 3055 1853 L-L-...'|..._
3101 1828 3431 1853 -1--ιε-..-...
3485 1845 3714 1853 ...η----ρ
3756 1846 3819 1853 --

511 1800 810 1870 cessoribus
855 1808 1099 1865 concedii
1139 1808 1361 1861 titulum
1409 1800 1732 1858 cahcettarit
1758 1800 1813 1854 S.

508 1883 812 1940 cardinatis
838 1881 894 1937 S.
925 1879 1165 1936 Joannis
1204 1878 1275 1931 ad
1303 1878 1527 1932 Portam
1556 1875 1838 1935 Latinam;
1893 1872 1951 1923 in
1998 1884 2081 1923 ec-

507 1956 676 2011 clesia
704 1967 834 2009 vero
864 1949 1174 2007 Coloniensi
1196 1951 1341 2002 creat
1373 1953 1573 2014 septem
1603 1943 1943 2014 presbyteros
1972 1957 2083 1995 car-

509 2024 722 2082 dinales
754 2021 1078 2094 totidemque
1106 2018 1361 2075 diaconos
1395 2021 1446 2073 et
1473 2016 1849 2071 subdiaconus.

885 2110 967 2165 Ex
993 2106 1251 2164 Historia
1280 2104 1629 2163 Coloniensi.

1056 2200 1248 2268 (Anno
1277 2195 1438 2268 4052)

744 2289 1021 2363 [Miraeus,
1054 2287 1186 2359 Opp.
1218 2285 1466 2357 diplom.,
1500 2283 1570 2351 ΙΙ,
1606 2281 1787 2352 1181·]

512 2383 625 2437 Leo
654 2378 986 2451 episcopus,
1030 2390 1233 2430 servus
1264 2387 1563 2427 servorum
1594 2368 1726 2439 gDei,
1750 2367 2088 2439 μΙΙειιΜΑΝΝο

441 2472 502 2526 S.
550 2465 916 2524 Coloniensis
971 2461 1240 2518 Ecclesiae
1298 2458 1612 2515 venerabili
1653 2455 2089 2528 archiepiscopo

443 2557 689 2628 suisque
732 2550 1174 2611 successoribus
1226 2548 1365 2604 illuc
1406 2545 1682 2603 canonice
1733 2543 2090 2600 intrantibus

443 2646 696 2705 salutem
725 2641 785 2699 in
816 2644 1184 2715 perpetuum.

515 2733 747 2793 Gratias
776 2730 1007 2804 agimus
1037 2729 1152 2785 Deo
1185 2731 1241 2784 et
1273 2726 1514 2783 Domino
1541 2729 1741 2781 nostro
1762 2724 1901 2779 Jesu
1932 2721 2093 2778 Chri-

447 2829 559 2891 sto,
591 2822 694 2895 qui
723 2819 902 2878 nullis
953 2835 1059 2874 nos
1089 2816 1551 2890 przscedentibus
1592 2814 1819 2870 meritis
1850 2813 1918 2869 ad
1953 2828 2092 2885 apo-

448 2911 663 2971 stolicae
692 2908 1000 2983 dignitatis
1047 2906 1279 2963 culmen
1310 2905 1445 2961 fecit
1475 2904 1806 2971 ascendere,
1841 2906 1898 2959 et
1929 2901 2095 2958 solli-

449 3001 772 3059 citudinem
820 2996 1086 3054 omnium
1124 2994 1512 3051 Ecclesiarum
1545 3008 1741 3066 gerere
1775 3006 2096 3064 earumque

454 3090 778 3149 rectoribus
808 3086 1040 3160 pietatis
1071 3100 1376 3142 assensum
1408 3084 1683 3156 praebere.

524 3179 670 3245 Quia
696 3174 1007 3251 postulasti
1038 3192 1073 3231 a
1100 3179 1364 3230 Romana
1391 3172 1527 3229 sede
1548 3168 1881 3227 conﬁrmari
1920 3168 2096 3242 privi-
2128 3149 2170 3215 Ο

451 3268 605 3342 legia
634 3283 762 3341 quae
802 3265 875 3322 ab
905 3262 1376 3321 antecessoribus
1422 3259 1644 3316 nostris
1685 3263 1825 3315 sunt
1870 3262 1982 3314 tua:
2014 3275 2099 3314 ec-

453 3357 642 3415 clesiae
697 3370 994 3422 concessa,
1047 3352 1240 3409 visum
1300 3351 1468 3407 nobis
1526 3348 1635 3404 fuit
1679 3348 1987 3404 honestum
2043 3351 2100 3403 et

453 3445 718 3505 Ecclesia:
751 3443 1149 3502 necessarium
1182 3439 1446 3515 petitioni
1476 3444 1592 3494 tuae
1620 3437 1969 3494 consentire.

525 3533 853 3593 Praesertim
885 3550 1020 3590 cum
1042 3529 1289 3588 ecclesia
1317 3530 1439 3586 haec
1470 3528 1580 3585 sub
1614 3527 1849 3583 nomine
1879 3525 2094 3598 princi-

450 3625 542 3700 pis
572 3623 971 3699 apostolorum
996 3619 1324 3678 beatissimi
1350 3618 1502 3674 Petri
1528 3617 1604 3672 sit
1629 3618 1984 3683 consecrata,
2019 3612 2096 3669 si-

450 3718 549 3772 cut
576 3716 765 3771 mater
791 3729 919 3780 sua,
943 3710 1037 3767 cui
1062 3709 1444 3783 praesidemus
1466 3705 1663 3761 divina
1680 3704 2007 3771 clementia,
2034 3707 2102 3758 ut

450 3821 579 3878 quae
628 3805 878 3860 matrem
930 3798 1199 3856 imitatur
1240 3814 1309 3854 ex
1352 3795 1587 3852 nomine
1640 3793 1779 3864 ﬁlia,
1840 3792 2101 3849 imitetur

449 3892 628 3951 etiam
659 3889 1085 3964 aliquantisper
1127 3887 1186 3943 in
1218 3885 1504 3959 dignitate
1532 3882 1787 3940 ecclesiae
1826 3885 2101 3955 protega-

447 3986 667 4055 turque
695 3980 809 4037 sub
841 3978 952 4036 alis
985 3976 1344 4033 defensionis
1374 3991 1512 4029 suae.

520 4072 640 4129 Nos
669 4069 852 4144 igitur
880 4072 1004 4136 tua,
1040 4065 1194 4123 sicut
1213 4069 1269 4120 et
1294 4063 1558 4119 omnium
1589 4061 1803 4117 Christi
1836 4059 2099 4115 fidelium

452 4159 756 4220 devotione
785 4155 1036 4226 incitati,
1070 4158 1270 4210 nostra
1302 4157 1360 4207 et
1403 4149 1723 4222 apostolica
1757 4149 2100 4205 auctoritate

453 4249 875 4306 confirmamus
911 4242 1017 4299 tibi
1040 4241 1275 4312 .omnia,
1310 4239 1804 4311 quemadmodum
1839 4237 1898 4293 in
1929 4237 2101 4309 privi-

450 4337 623 4410 legiis
653 4335 894 4390 Patrum
928 4334 1285 4397 nostrorum,
1321 4326 1775 4401 apostolicorum
1815 4325 2094 4396 virorum,

453 4429 595 4482 sunt
623 4421 859 4494 scripta,
893 4436 1125 4475 crucem
1154 4417 1423 4474 videlicet
1452 4420 1509 4472 et
1536 4414 1781 4489 pallium
1813 4432 1919 4471 suo
1950 4419 2096 4471 tem-

2192 1835 2678 1897 corroboramus;
2729 1829 3060 1884 habendam
3098 1828 3437 1885 electionem
3480 1845 3717 1902 quoque
3752 1846 3849 1887 ar-

2192 1921 2567 1997 chiepiscopi,
2603 1919 2927 1976 secundum
2957 1918 3741 1987 auctoritatemcanonicam,
3777 1919 3857 1973 ﬁ-

2192 2015 2287 2070 liis
2319 2012 2583 2068 Ecclesizs
2618 2008 2916 2064 sancimus
2948 2023 3050 2079 per
3076 2006 3224 2063 banc
3256 2007 3660 2079 praeceptionis
3691 2025 3857 2064 nos-

2195 2110 2297 2159 trae
2330 2101 2625 2175 paginam.

2270 2194 2428 2248 Bona
2466 2194 2684 2256 autem,
2714 2204 2841 2258 quae
2873 2200 3056 2257 usque
3077 2184 3245 2240 modo
3262 2183 3450 2240 tenuit
3468 2183 3559 2240 vel
3586 2184 3651 2238 in
3673 2187 3861 2240 aeter-

2200 2298 2341 2337 num
2372 2274 2504 2335 cum
2523 2277 2760 2349 justitia
2789 2275 3085 2347 acquirere
3112 2273 3342 2345 poterit,
3375 2272 3487 2329 hoc
3515 2270 3854 2345 apostolico

2201 2369 2361 2426 muni
2372 2369 2528 2425 mine
2544 2367 2856 2422 laudamus
2877 2369 2932 2420 et
2949 2364 3357 2420 corroboramu
3369 2378 3412 2433 ς,
3436 2360 3710 2417 videlicet
3722 2378 3856 2418 mo-

2201 2467 2475 2536 nasteria,
2507 2470 2563 2521 et
2587 2464 2861 2521 ecclesias
2892 2462 3141 2520 Coloniae
3164 2459 3855 2534 positas,monasterium

2202 2557 2389 2615 sancti
2443 2554 2725 2611 Heriberti
2773 2570 2905 2609 cum
2960 2551 3237 2608 omnibus
3297 2550 3422 2606 suis
3451 2549 3852 2623 pertinentiis,

2202 2644 2505 2703 ecclesiam
2537 2643 2595 2701 S.
2630 2642 2840 2710 Mariis,
2874 2641 3027 2697 infra
3051 2641 3283 2708 urbem,
3322 2639 3629 2697 ecclesiam
3659 2640 3854 2695 sancti

2200 2734 2474 2793 Gcrconis
2492 2750 2558 2789 cu
2569 2750 2625 2787 m
2639 2748 2731 2788 om
2742 2729 2936 2787 nibuis
2952 2729 3076 2787 suis
3089 2728 3707 2803 pertinentiis.Czstera
3717 2745 3858 2784 vero

2203 2841 2371 2880 sacra
2418 2823 2564 2890 loca,
2616 2825 2672 2877 et
2710 2821 2862 2875 infra
2907 2819 3114 2874 urbem
3146 2822 3202 2873 et
3226 2818 3401 2884 circa,
3433 2817 3860 2874 confirmamus

2205 2913 2310 2969 tibi
2334 2910 2678 2967 auctoritate
2699 2907 3033 2980 apostolica,
3060 2910 3327 2963 monetae
3347 2905 3534 2973 urbis,
3554 2906 3860 2963 teloneum

2206 3005 2264 3058 et
2294 3016 2465 3056 omne
2487 2999 2589 3070 jus
2620 2996 2801 3063 civile,
2836 2995 2948 3050 sub
2979 2997 3267 3067 potestate
3298 2992 3757 3065 archipraesulis.

2280 3087 2560 3145 Abbatias
2590 3090 2784 3142 autem
2818 3101 2920 3157 per
2949 3083 3181 3140 diversa
3209 3083 3360 3151 loca,
3387 3082 3579 3149 villas,
3608 3083 3772 3139 vicos
3802 3086 3864 3139 et

2208 3177 2470 3244 castella,
2520 3176 2577 3231 in
2610 3174 2884 3231 omnibus
2914 3172 3038 3229 suis
3068 3171 3458 3246 pertinentiis,
3507 3173 3715 3241 servis,
3749 3189 3862 3228 an-

2208 3265 2557 3335 cillis,terris
2586 3263 2764 3320 cultis
2794 3267 2851 3319 et
2880 3261 3138 3330 incultis,
3162 3261 3354 3334 aquis,
3375 3261 3583 3334 pratis,
3606 3261 3858 3335 campis,

2207 3356 2390 3423 silvis,
2422 3353 2673 3412 forestis.

2280 3446 2561 3501 Praeterea
2592 3441 3041 3498 corroboramus
3058 3438 3314 3496 ecclesiis
3334 3439 3554 3511 prmdia
3574 3456 3701 3513 que
3735 3440 3864 3514 ipse

2209 3533 2445 3600 dedisti,
2474 3531 2744 3588 videlicet
2772 3529 3194 3587 monasterium
3225 3528 3621 3585 Brauwellare
3651 3533 3711 3586 et
3741 3547 3865 3587 cas-

2208 3628 2386 3691 trum,
2420 3621 2656 3677 nomine
2683 3620 3052 3692 Zonneburg,
3083 3635 3219 3675 cum
3254 3618 3531 3674 omnibus
3563 3618 3690 3675 suis
3723 3636 3864 3693 per-

2206 3712 2491 3782 tinentiis,
2534 3711 2615 3766 ita
2650 3709 2816 3777 fsicut
2867 3708 3161 3764 neminem
3213 3707 3865 3782 coarchiepiscoporum

2210 3802 2314 3858 tibi
2346 3799 2721 3873 subjicimus,
2754 3798 2836 3855 ita
2867 3798 2977 3854 sub
2999 3796 3162 3853 nullo
3188 3797 3441 3869 primate
3471 3802 3526 3853 te
3550 3797 3647 3871 agi
3679 3798 3871 3855 decre-

2208 3892 2403 3947 vimus
2429 3909 2442 3960 ;
2476 3888 2635 3946 salva
2663 3886 2832 3943 nobis
2864 3887 2921 3942 in
2947 3890 3027 3957 te,
3058 3885 3210 3942 sicut
3238 3885 3299 3941 in
3322 3884 3546 3942 caeteris
3576 3885 3870 3961 archiepi-

2211 3978 2425 4051 scopis,
2459 3994 2584 4050 que
2608 3978 2743 4049 jure
2782 3976 3070 4032 debentur
3095 3973 3426 4049 apostolicae
3477 3975 3870 4048 subjectionis

2211 4068 2574 4124 auctoritate.

2281 4158 2614 4213 Statuentes
2631 4153 2950 4227 apostolica
2965 4170 3218 4210 censura
3230 4156 3295 4209 ut
3307 4152 3508 4211 nullus
3520 4154 3868 4228 imperator,

2211 4264 2329 4314 rex,
2353 4246 2491 4314 dux,
2525 4243 2809 4315 marchio,
2843 4260 3061 4311 comes,
3092 4243 3473 4312 vice-comes,
3498 4248 3557 4300 et
3586 4249 3870 4317 praeterea

2212 4334 2409 4391 nullus
2458 4332 2953 4406 archiepiscopus,
3003 4333 3313 4406 episcopus
3361 4334 3739 4407 praepositus,
3778 4332 3868 4391 vel

2211 4423 2412 4496 aliqua
2441 4438 2656 4495 magna
2685 4439 2977 4495 parvaque
2998 4440 3269 4495 persona,
3298 4421 3621 4496 cujuslibet
3639 4422 3864 4480 ordinis

454 4529 593 4587 pore
639 4526 867 4582 suoque
911 4508 1037 4565 loco
1086 4507 1411 4575 ferendum,
1457 4505 1686 4578 insigne
1717 4522 1957 4594 quoque
1983 4504 2092 4561 fes-
2126 4529 2173 4594 D
2205 4518 2263 4569 et
2291 4511 2617 4585 dignitatis,
2648 4515 2852 4567 contra
2882 4512 3034 4568 hanc
3070 4516 3281 4569 nostrae
3314 4514 3731 4586 praeceptionis
3760 4529 3863 4587 pa-

452 4600 554 4659 tivi
584 4598 720 4673 equi
754 4615 927 4672 quem
957 4598 1214 4654 Naccum
1247 4601 1454 4653 vocant
1484 4595 1665 4651 nostri
1717 4593 1986 4649 Romani.

524 4689 959 4747 Confirmamus
988 4704 1220 4760 quoque
1242 4687 1369 4756 tibi,
1395 4702 1497 4758 per
1516 4684 1667 4740 hanc
1688 4682 2097 4757 prmceptionis

451 4785 666 4838 nostra;
695 4776 992 4852 paginam,
1026 4782 1239 4833 sancta:
1260 4780 1318 4832 et
1338 4774 1666 4848 apostolicae
1698 4772 1854 4830 sedis
1875 4772 2099 4829 cancel-

449 4871 704 4929 laturam
749 4872 806 4925 et
853 4866 1158 4925 ecclesiam
1190 4864 1375 4923 sancti
1433 4863 1679 4920 Joannis
1733 4861 2101 4935 evangelistae

450 4964 584 5019 ante
630 4962 865 5016 Portam
912 4957 1200 5022 Latinam,
1240 4960 1307 5010 ut
1352 4957 1409 5009 te
1440 4957 1647 5008 l’etrus
1686 4951 2098 5008 cancellarium

449 5050 683 5115 habeat,
715 5046 974 5104 Joannes
1003 5043 1327 5117 hospitium
1369 5042 1640 5115 praebeat.

522 5135 912 5195 Concedimus
949 5134 1126 5190 etiam
1172 5136 1348 5205 atque
1393 5135 1673 5205 perpetuo
1710 5129 1998 5201 largimur
2039 5134 2103 5185 ut

453 5229 649 5300 majus
681 5226 867 5293 altare
909 5222 1162 5281 ecclesiae
1206 5225 1318 5278 tuae
1344 5220 1568 5287 matris,
1604 5218 1861 5292 Virginis
1893 5219 2099 5274 honori

452 5315 805 5384 dedicatum,
840 5318 898 5370 at
931 5313 1091 5370 aliud
1123 5312 1362 5373 ibidem,
1396 5308 1795 5383 apostolorum
1827 5308 2101 5380 principi,

420 5403 517 5458 ‘B.
547 5405 738 5475 Petro,
786 5403 1110 5471 addictum,
1151 5404 1480 5459 reverenter
1526 5396 1920 5453 ministrando
1969 5413 2101 5469 pro;

455 5497 660 5548 curent
689 5496 912 5565 septem
929 5492 1123 5549 idonei
1146 5489 1472 5548 cardinales
1503 5485 1848 5559 presbyteri,
1881 5484 2103 5540 dalma-

453 5575 588 5635 ticis
617 5579 829 5650 induti,
861 5580 1080 5655 quibus
1110 5579 1286 5636 etiam
1316 5592 1449 5634 cum
1482 5574 1724 5632 totidem
1755 5572 2102 5630 diaconibus

2207 4602 2404 4676 ginem
2436 4606 2494 4657 et
2522 4600 2989 4657 conﬁrmationis
3029 4602 3242 4657 audeat
3270 4607 3645 4675 praesentare.

2281 4692 2340 4747 Si
2398 4691 2530 4763 quis
2588 4690 2745 4763 quod
2806 4706 2921 4745 non
2979 4695 3275 4762 optamus,
3340 4693 3654 4748 temerario
3713 4706 3869 4748 ausu

2210 4785 2411 4837 contra
2457 4780 2636 4849 hujus
2667 4777 2997 4850 apostolicae
3025 4785 3237 4836 nostris
3279 4780 3643 4837 auctoritatis
3672 4782 3871 4852 scrip-

2211 4875 2337 4926 tum
2383 4870 2477 4943 pie
2509 4887 2543 4925 a
2572 4867 2743 4924 nobis
2783 4868 3192 4941 pervulgatum
3238 4869 3560 4934 tentaverit,
3612 4867 3872 4925 anathe-

2210 4959 2385 5014 matis
2429 4956 2681 5014 vinculis
2724 4957 3042 5013 innodatus
3086 4976 3119 5014 a
3159 4975 3339 5031 regno
3392 4959 3490 5014 Dei
3528 4957 3608 5014 sit
3636 4956 3874 5014 alienus

2212 5048 2394 5103 donec
2426 5047 2751 5119 resipiscat.
2789 5047 2896 5113 Qui
2928 5063 3059 5102 vero
3095 5048 3188 5120 pio
3220 5049 3436 5104 intuitu
3456 5047 3649 5104 cultor
3676 5051 3737 5103 et
3766 5048 3873 5104 ob-

2211 5139 2469 5192 servator
2496 5135 2803 5206 exstiterit,
2835 5137 3258 5194 benedictionis
3291 5138 3543 5210 gratiam
3578 5143 3637 5194 et
3666 5135 3872 5193 cccles-

2210 5225 2286 5280 tis
2317 5225 2479 5296 regni
2511 5225 2725 5297 gaudia
2745 5242 2780 5282 a
2801 5225 3353 5283 misericordissima
3384 5226 3638 5284 Domino
3670 5229 3871 5284 nostro

2211 5313 2488 5383 consequi
2518 5317 2831 5370 mereatur.

2282 5400 2432 5454 Data
2476 5400 2656 5456 Nonis
2687 5401 2844 5471 Maii,
2877 5420 2981 5476 per
3023 5421 3236 5461 manus
3281 5405 3566 5463 Friderici
3612 5405 3870 5474 diaconi,

2210 5488 2268 5544 S.
2294 5487 2571 5543 Romanis
2587 5489 2852 5547 Ecclesiae
2866 5492 3296 5553 bibliothecarii
3314 5498 3494 5568 atque
3510 5494 3869 5565 cancellarii,

2211 5575 2333 5635 vice
2350 5574 2571 5633 domini
2584 5580 2902 5639 Hermanni
2921 5582 3459 5649 archichanoellarii
3478 5590 3538 5643 et
3553 5586 3761 5645 Colon.
3778 5602 3870 5644 ar-

3730 268 3855 334 688
3946 286 3947 289 γ
