3974 6206
114 471 242 535 689

1119 468 1524 532 EPISTOLJE
1566 467 1666 531 ET
1711 465 2074 530 DECRETA
2115 465 2590 533 PONTIFICIA.

3423 473 3545 538 690

118 602 696 679 chiepiscopi.Anno
714 599 1260 660 Dominimillesino
1287 600 1776 675 quinquagesimo
1808 599 1865 666 Α
1893 601 2113 658 domini
2159 601 2475 659 Hermanni
2524 601 3021 662 archicancellarii
3067 607 3125 662 et
3171 602 3539 664 Coloniensis

119 697 388 754 secundo
421 694 628 751 Leonis
656 694 728 749 IX
758 709 922 766 papas
944 697 1170 765 quarto,
1208 692 1525 748 indictione
1547 691 1772 763 quinta.

861 782 1042 838 LXIX.

266 874 440 931 Bulla
471 874 527 930 S.
561 873 755 930 Leonis
783 873 851 928 IX
885 888 983 944 pro
1021 872 1263 928 coenobio
1299 871 1628 940 Altorﬁensi.

795 979 947 1017 anno
982 962 1120 1016 1052

589 1051 760 1124 [GalL
795 1051 1010 1107 Christ.
1054 1050 1123 1119 V,
1159 1051 1306 1121 473.]

193 1145 311 1200 Leo
341 1143 671 1216 episcopus,
705 1155 1010 1196 servorum
1040 1139 1140 1196 Dei
1169 1155 1394 1205 servus,
1419 1141 1776 1192 JUGITBERTO

123 1233 325 1289 abbati
358 1230 623 1286 Ecclesiae
664 1229 849 1285 sancti
901 1229 1145 1300 Cyriaci,
1201 1228 1399 1301 positae
1434 1227 1490 1282 in
1522 1226 1772 1291 Alsatiae,

121 1321 253 1378 loco
271 1321 374 1394 qui
392 1320 606 1375 dicitur
626 1318 824 1374 Altum
843 1318 1196 1382 emnobium,
1217 1318 1461 1388 ejusque
1485 1332 1777 1371 successo-

124 1411 315 1478 ribus,
347 1414 402 1465 et
426 1426 526 1481 per
545 1425 679 1464 eum
704 1407 1010 1463 monachis
1034 1407 1250 1461 ibidem
1287 1408 1564 1478 perpetuo
1587 1406 1773 1460 famu-

122 1500 354 1566 laturis,
391 1503 736 1571 perpetuam
764 1496 824 1551 in
860 1497 1102 1552 Domino
1146 1495 1416 1550 salutem.

194 1588 483 1654 Quoniam
534 1587 774 1658 quidem
822 1585 1151 1657 apostolicae
1203 1584 1472 1639 convenit
1517 1601 1773 1639 censurae

125 1676 478 1734 venerabilia
493 1675 622 1731 loca
637 1674 873 1747 propria
889 1677 1188 1746 protegere
1204 1674 1467 1739 tuitione,
1485 1677 1774 1744 quatenus

125 1769 245 1824 Deo
271 1765 627 1821 famulantes
657 1765 726 1819 ab
759 1763 1166 1836 impotentium
1190 1779 1251 1819 se
1281 1763 1566 1833 injuste...
1592 1761 1772 1833 quieti

124 1862 183 1913 et
203 1855 377 1911 liberi
403 1872 630 1926 semper
648 1854 875 1909 valeant
902 1869 1155 1908 manere.
1185 1855 1546 1924 Quapropter
1568 1850 1773 1923 aequis-

126 1946 349 2002 simum
400 1943 737 2000 censuimus
777 1946 986 1998 nostrae
1040 1941 1358 1998 sanctionis
1409 1941 1768 2014 paginajam
1801 1973 1850 2039 B

124 2034 463 2106 praedictam
493 2031 822 2099 ecclesiam,
856 2049 889 2087 a
910 2032 1126 2087 nostris
1148 2029 1618 2103 progenitoribus
1639 2047 1771 2085 con-

125 2125 428 2188 structam,
461 2125 742 2192 perpetuo
766 2135 998 2175 manere
1020 2119 1308 2174 munitam
1334 2119 1770 2191 monasticoque

125 2211 313 2268 ordini
347 2208 761 2264 inviolabiliter
791 2209 950 2264 omni
980 2213 1240 2280 tempore
1271 2225 1398 2263 esse
1420 2208 1766 2263 dedicatam.

122 2301 305 2374 Igitur
333 2315 400 2354 ea
421 2297 764 2353 auctoritate
792 2315 904 2369 qua
928 2297 1113 2353 sancti
1136 2297 1286 2352 Petri
1304 2297 1605 2370 fungimur
1624 2297 1769 2366 vice,

121 2389 546 2446 conﬁrmamus
576 2391 751 2459 atque
782 2388 1232 2441 corroboramus
1263 2386 1515 2441 ecclesiae
1547 2404 1767 2458 praeno-

119 2479 361 2534 minatae
391 2477 572 2532 nostri
608 2475 909 2548 apostolici
962 2475 1249 2548 privilegii
1295 2479 1578 2548 potestate
1612 2492 1767 2548 qua:-

119 2583 359 2639 cunque
390 2583 423 2620 a
461 2565 673 2621 nostris
715 2563 1058 2637 parentibus
1106 2564 1323 2620 ibidem
1373 2581 1649 2620 concessa
1679 2564 1767 2620 vel

119 2655 498 2714 concedenda
531 2658 686 2722 sunt,
725 2657 788 2708 ut
821 2653 1038 2709 nemini
1086 2652 1260 2708 liceat
1309 2652 1530 2724 aliquid
1564 2653 1769 2708 exinde

119 2746 410 2812 minuere,
430 2742 514 2798 vel
534 2743 859 2815 quidquam
879 2743 1124 2808 auferre,
1141 2742 1240 2796 sed
1257 2741 1452 2798 omnia
1468 2742 1769 2798 monachis

117 2838 242 2895 Deo
285 2833 431 2889 inibi
494 2831 884 2888 servientibus
927 2831 1305 2904 integerrima
1366 2847 1598 2904 semper
1646 2849 1766 2887 ma-

116 2928 319 2983 neant.
340 2923 487 2979 Illud
506 2922 684 2979 etiam
708 2922 1176 2977 conﬁrmandum
1202 2920 1563 2976 decrevimus
1588 2924 1650 2975 ut
1673 2921 1770 2975 ab-

115 3017 255 3071 hate
306 3013 497 3086 ipsius
545 3011 657 3066 loci
706 3011 902 3083 aliquo
942 3011 1058 3065 vita
1114 3011 1443 3078 decedente,
1499 3011 1766 3066 monachi

114 3101 375 3160 cmnobii
408 3101 673 3172 ejusdem
707 3100 998 3168 abbatem,
1023 3099 1122 3171 qui
1145 3099 1229 3153 eis
1250 3098 1514 3171 legaliter
1535 3101 1767 3170 etjuste

105 3195 290 3264 juxta
335 3189 659 3245 beatissimi
710 3188 1002 3244 Benedicti
1070 3187 1499 3243 institutionem
1549 3188 1764 3260 praesit,

111 3283 470 3356 potestatem
503 3278 755 3332 habeant
783 3277 1014 3350 eligere,
1049 3294 1188 3332 sane
1210 3281 1271 3331 ut
1292 3277 1362 3332 de
1386 3277 1532 3344 suis,
1563 3278 1609 3332 si
1639 3295 1768 3332 con-

1887 691 2330 763 archiepiscopi,
2349 710 2500 749 anno
2514 693 2736 749 domini
2753 695 2961 753 Leonis
2977 696 3112 752 noni
3127 713 3291 770 papae
3306 703 3534 771 quarto,

1885 781 2086 837 indict.
2120 799 2174 850 v,
2210 783 2455 839 Domino
2487 800 2620 839 vero
2667 785 2821 839 1052.

2641 874 2800 928 LXX.

1886 960 1941 1015 S.
1979 962 2166 1017 Leonis
2197 963 2261 1016 I.\’
2285 963 2641 1033 pri-vilegz'mn
2683 979 2784 1034 pro
2831 965 3171 1022 monasterio
3227 965 3533 1024 Casinensz'.

2526 1052 2712 1121 (Anno
2748 1052 2932 1124 1052.)

2270 1139 2543 1210 [Gattula,
2578 1141 2713 1195 Hist.
2763 1141 2971 1210 Casz'n.,
3006 1144 3152 1214 117.]

1958 1229 2070 1282 Leo
2100 1227 2432 1299 episcopus,
2481 1246 2682 1284 servus
2731 1245 3029 1286 servorum
3079 1231 3203 1300 Dei,
3255 1233 3534 1292 RICHERIO

1885 1317 2079 1372 abbati
2134 1317 2471 1371 monasterii
2534 1316 2859 1371 beatissimi
2921 1318 3131 1376 Christi
3183 1322 3535 1380 confessoris

1886 1405 2205 1474 Benedicti,
2241 1407 2394 1477 quod
2426 1409 2512 1461 est
2543 1410 2944 1462 constructum
2978 1407 3037 1461 in
3065 1414 3261 1465 monte
3294 1412 3395 1483 qui
3423 1413 3533 1468 Ca-

1885 1496 2050 1550 sinus
2083 1495 2316 1562 dicitur,
2341 1495 2395 1548 in
2427 1493 2716 1549 territorio
2743 1499 3168 1565 Beneventano,
3191 1499 3534 1572 cunctisque

1883 1585 2002 1640 tuis
2030 1584 2469 1639 successoribus
2492 1585 2662 1655 juxta
2694 1583 2953 1656 praedicti
2976 1586 3327 1642 confessoris
3360 1588 3534 1643 Bene-

1883 1673 2020 1728 dicti
2054 1677 2336 1729 statutum
2370 1674 2647 1729 canonice
2677 1673 2817 1729 illuc
2849 1673 3205 1732 intrantibus
3236 1676 3297 1732 in
3328 1693 3531 1750 perpe-

1882 1766 2071 1818 tuum.

1955 1852 2238 1918 Quoniam
2281 1852 2518 1926 quidem
2572 1852 2900 1925 apostolica).
2958 1855 3226 1909 convenit
3271 1872 3530 1914 censum

1883 1941 1996 1997 Deo
2020 1941 2441 1997 famulantibus
2463 1942 2656 1997 omnis
2679 1943 3236 2013 protectionisjusta
3257 1946 3533 2017 etmquis-

1881 2021 2031 2086 sima
2053 2048 2301 2103 semper,
2326 2035 2381 2085 et
2403 2031 2693 2086 indeﬁcua
2714 2031 2989 2086 adhibere
3012 2032 3362 2102 munimina,
3387 2052 3530 2107 qua-

1883 2124 2054 2175 tenus
2086 2136 2359 2192 possessa
2389 2120 2609 2192 absque
2642 2118 2763 2175 ulla
2783 2119 2945 2189 juste
2977 2119 3360 2193 inquetudine
3390 2139 3531 2195 pos-

1882 2209 2194 2277 sideant,et
2216 2210 2433 2280 injuste
2456 2208 2566 2264 sibi
2590 2209 2890 2264 subtracta
2913 2227 3257 2283 recuperare
3276 2211 3525 2270 valeant.

1880 2298 2127 2353 Proinde
2159 2316 2291 2353 cum
2327 2303 2518 2370 partes
2562 2299 3054 2370 pertransiremus
3102 2300 3451 2373 Campaniae,
3476 2306 3532 2358 et

1881 2386 2035 2458 apud
2066 2387 2125 2440 S.
2158 2387 2513 2441 Germanum
2546 2387 2654 2441 sub
2704 2387 2975 2456 prmdicto
3025 2392 3222 2444 monte
3269 2389 3525 2460 positum

1880 2492 2386 2531 commaneremus
2405 2491 2538 2530 cum
2562 2474 2777 2530 nostris
2800 2475 3189 2532 confratribus
3207 2493 3382 2549 quam
3406 2478 3531 2551 plu-

1880 2564 2044 2619 ribus
2073 2563 2339 2620 videlicet
2378 2563 2830 2635 archiepiscopis
2859 2567 2916 2620 et
2946 2564 3254 2637 episcopis,
3282 2565 3528 2640 aliisque

1881 2654 1938 2708 S.
1969 2653 2140 2720 Petri,
2183 2653 2517 2726 nostrisque
2567 2651 2858 2720 fidelibus,
2909 2657 3049 2709 tunc
3099 2655 3376 2726 praefatus
3398 2658 3525 2729 jam

1879 2742 2184 2797 Ricberius
2203 2759 2268 2798 su
2280 2742 2588 2814 prascripti
2612 2741 2950 2798 monasterii
2974 2743 3356 2801 benedicendi
3379 2763 3529 2802 sem-

1880 2850 1981 2907 per
2002 2835 2061 2888 S.
2085 2833 2377 2888 Benedicti
2401 2831 2629 2888 abbatis
2653 2849 2787 2888 cum
2811 2832 2934 2888 suis
2956 2833 3366 2905 confratribus,
3388 2852 3528 2908 quo-

1878 2939 2012 2979 rum
2033 2940 2184 2978 unus
2201 2924 2440 2977 vocatur
2456 2921 2705 2987 Firmus,
2726 2922 3029 2994 conquesti
3051 2926 3191 2978 sunt
3208 2923 3522 2980 Ecclesiam

1879 3017 1931 3065 et
1963 3005 2292 3066 cmnobium
2317 3010 2443 3082 jam
2488 3009 2627 3064 dicti
2678 3010 2972 3065 Benedicti
3007 3011 3364 3068 sanctissimi
3407 3013 3522 3086 pri-

1875 3102 2073 3155 vatum
2105 3104 2160 3154 et
2191 3100 2477 3154 nudatum
2533 3097 2780 3155 ecclesia
2815 3102 2872 3154 et
2917 3100 3272 3157 monasterio
3300 3103 3359 3158 S.
3395 3104 3526 3160 Ste-

1878 3189 2055 3260 phani
2079 3189 2251 3259 juxta
2281 3187 2573 3244 civitatem
2605 3189 3083 3246 Terracinensem
3125 3191 3333 3264 posito,
3367 3195 3522 3264 quod

1878 3278 2191 3351 praedictus
2220 3281 2276 3332 et
2313 3278 2426 3332 Deo
2476 3277 2862 3350 dignissimus
2909 3279 2999 3334 vir
3043 3280 3409 3350 Benedictus,
3439 3283 3522 3338 vi-

111 3341 369 3443 dignum
407 3367 673 3422 invenere
702 3367 1016 3438 potuerint,
1067 3365 1304 3437 eligant,
1355 3367 1764 3439 praecipimus;
1798 3341 1841 3409 Ο
1878 3371 2046 3423 vente
2114 3384 2372 3439 corpore,
2422 3370 2844 3422 construxerat.
2911 3367 3174 3441 Denique
3221 3371 3349 3443 ejus
3395 3372 3524 3428 vita;

113 3460 213 3516 sin
247 3462 466 3523 autem,
502 3473 616 3528 quo
659 3454 963 3511 meliorem
995 3455 1292 3528 potuerint
1341 3455 1592 3528 reperire
1623 3456 1769 3511 acci-

116 3549 312 3622 piant,
329 3545 647 3602 etelectum
670 3545 1132 3600 consecrandum
1156 3541 1429 3616 episcopo
1453 3545 1770 3614 deducant;

119 3636 283 3709 quod
316 3634 365 3690 si
397 3636 573 3705 justas
605 3634 856 3688 fratrum
889 3632 1154 3705 petitioni
1195 3633 1524 3704 acquiscere
1548 3634 1775 3706 episco-

118 3741 239 3798 pus
260 3721 642 3787 renuerit,vcl
665 3721 1040 3777 simonialein
1066 3737 1200 3776 eum
1224 3738 1394 3793 agere
1417 3721 1635 3794 aliquid
1659 3727 1778 3778 ten-

119 3810 362 3875 taverit,
393 3813 737 3882 potestatem
781 3811 1122 3865 auctoritate
1176 3809 1493 3882 apostolica
1525 3813 1775 3867 adeundi

120 3904 398 3958 nostram
440 3898 694 3954 habeant
722 3899 1110 3970 prasentiam.

195 3990 485 4044 Praeterea
514 3987 882 4044 decernimus
932 3993 997 4043 ut
1044 3987 1242 4043 nullus
1293 4006 1551 4061 unquam
1585 3989 1783 4061 aliqua

123 4094 346 4148 magna
375 4093 671 4150 parvaque
693 4094 960 4148 persona,
986 4077 1386 4149 cujuscunque
1408 4079 1778 4148 conditionis,

125 4185 231 4223 seu
260 4165 562 4238 potestatis
586 4165 912 4220 munimine
933 4166 1262 4236 roboratus,
1293 4184 1325 4221 a
1348 4168 1585 4239 praefata
1607 4169 1783 4226 eccle-

126 4257 216 4312 sia
248 4272 352 4311 seu
385 4255 742 4311 monasterio
775 4255 972 4327 aliqua
1001 4256 1229 4327 exigere
1250 4257 1480 4325 audeat,
1508 4259 1617 4313 nisi
1644 4261 1780 4330 quid

127 4363 239 4402 sua
259 4345 610 4416 spontejam
641 4343 781 4399 dicti
801 4344 1104 4400 lociabbas
1125 4344 1419 4400 obtulerit.
1446 4345 1626 4418 Igitur
1648 4366 1785 4420 apo-

125 4433 341 4491 stolica
369 4450 620 4489 censura
650 4433 1022 4488 decernimus
1063 4437 1120 4488 et
1168 4434 1618 4492 irrevocabiliter
1649 4455 1784 4494 con-

130 4524 447 4578 ﬁrmamus
477 4526 540 4577 ut
571 4521 772 4577 nullus
792 4521 1130 4594 imperator,
1151 4527 1650 4594 autrex,autdux,
1671 4527 1788 4583 sive

130 4609 425 4677 marchio,
459 4627 673 4681 comes,
717 4628 816 4667 seu
858 4611 1198 4678 vicecomes,
1249 4612 1566 4685 nullusque
1616 4617 1786 4672 advo-

1881 3456 2184 3511 historiam
2220 3473 2253 3510 a
2283 3455 2622 3511 beatissimo
2655 3473 2805 3528 papa
2833 3457 3108 3529 Gregorio
3131 3459 3348 3514 editam
3380 3465 3529 3516 attu-

1882 3544 2076 3600 lerunt
2107 3545 2164 3598 in
2207 3544 2498 3599 medium:
2551 3543 2748 3616 ibique
2797 3545 3187 3616 perquisitum
3228 3548 3528 3605 inventum

1885 3639 1971 3690 est
2003 3639 2065 3688 ut
2096 3632 2347 3704 qualiter
2378 3633 2564 3688 isdem
2591 3636 2833 3688 sanctus
2865 3650 2899 3688 a
2929 3636 3184 3704 quodam
3211 3641 3450 3708 rogatus
3471 3637 3529 3692 in

1887 3724 2013 3793 ejus
2033 3723 2248 3793 prmdio
2273 3721 2694 3775 monasterium
2711 3724 3068 3790 construere,
3087 3723 3380 3792 abbatem,
3402 3742 3540 3798 pra:-

1887 3812 2289 3884 positumque,
2321 3809 2420 3881 qui
2447 3809 2530 3863 illi
2553 3814 2707 3865 esset
2729 3812 3047 3884 secundus,
3072 3812 3128 3867 in
3151 3815 3542 3870 construendo

1890 3900 2174 3973 delegavit
2197 3899 2480 3966 coenobio,
2510 3899 2866 3955 denuntians
2888 3899 3041 3956 diem
3067 3919 3181 3974 quo
3204 3906 3360 3959 esset
3374 3903 3545 3958 adfu-

1891 3993 2082 4055 turus,
2119 3992 2183 4042 ut
2215 3987 2448 4059 singula
2477 3987 2560 4042 eis
2591 3989 2944 4054 ostenderet,
2976 4006 3091 4061 quo
3137 3995 3548 4047 construerent

1891 4077 2036 4145 loca,
2063 4076 2327 4132 ofﬁcinas
2349 4077 2789 4132 commanendis
2813 4078 3138 4148 monachis,
3156 4083 3214 4135 et
3233 4079 3547 4136 advenien-

1894 4167 2004 4236 dis,
2021 4183 2121 4222 seu
2138 4165 2530 4238 suscipiendis
2563 4165 3256 4239 hospitibusnecessaria.
3281 4173 3544 4241 Cumque

1897 4255 2196 4328 promissae
2228 4256 2343 4310 diei
2385 4273 2495 4310 nox
2527 4256 2850 4328 perveniret
2879 4256 2938 4311 in
2970 4257 3216 4326 somnis,
3243 4257 3544 4315 sanctissi-

1898 4362 2030 4399 mus
2059 4346 2145 4398 vir
2181 4345 2431 4412 Domini,
2465 4345 2828 4416 Benedictus,
2853 4347 3106 4418 praefatis
3129 4348 3419 4406 ambobus
3441 4347 3550 4405 sci-

1900 4433 2030 4488 licet
2097 4432 2277 4489 electo
2341 4434 2535 4488 abbati
2601 4435 2846 4507 ejusque
2904 4437 3213 4508 praeposito
3255 4437 3549 4511 apparuit-

1899 4522 2101 4594 cisque
2155 4521 2281 4577 loca
2336 4523 2588 4595 singula,
2647 4528 2709 4578 ut
2764 4525 3134 4596 promiserat,
3201 4526 3546 4602 designavit.

1900 4612 2165 4683 Quinque
2220 4628 2346 4682 qua:
2392 4611 2691 4684 sigillatim
2739 4613 3004 4669 viderant
3065 4615 3390 4673 retulerunt
3437 4617 3550 4675 sibi

133 4705 326 4764 catus,
348 4698 544 4755 nullus
562 4700 1058 4773 archiepiscopus,
1078 4717 1181 4756 seu
1204 4700 1537 4774 episcopus,
1565 4708 1619 4758 et
1642 4723 1782 4776 prm-
1821 4716 1866 4779 [ι
1896 4701 2154 4756 vicissim
2185 4700 2492 4756 collatione
2534 4706 2760 4770 mutua,
2811 4720 2924 4757 non
2976 4707 3173 4759 tamen
3221 4705 3433 4761 visioni
3465 4705 3551 4761 illi

132 4794 295 4845 terea
311 4787 790 4844 nullahominum
807 4805 1054 4861 persona
1066 4788 1372 4861 utriusque
1384 4796 1792 4864 sexus,tatisue,

133 4881 339 4933 contra
359 4877 511 4933 hanc
534 4882 745 4933 nostrae
760 4877 1090 4950 apostolicae
1105 4880 1466 4936 auctoritatis
1482 4898 1584 4936 con
1596 4884 1626 4936 ﬁ
1638 4902 1790 4942 rma-

132 4967 356 5022 tionem
372 4971 550 5038 atque
562 4967 1044 5022 constitutionem
1065 4971 1244 5023 tentet
1257 4968 1448 5024 venire
1465 4987 1477 5036 ;
1496 4971 1593 5024 sed
1610 4990 1796 5046 neque

133 5055 493 5111 constitutus
515 5055 596 5111 ibi
621 5056 802 5111 abbas
826 5057 979 5112 bona
997 5057 1333 5111 monasterii
1356 5057 1569 5128 injuste
1587 5064 1799 5121 audeat

129 5144 386 5199 vendere
400 5145 487 5200 vel
506 5144 877 5200 distribuere.
901 5145 1061 5210 Quod
1078 5145 1457 5217 quincunque
1471 5147 1688 5220 fecerit,
1704 5169 1798 5208 no-

132 5237 258 5289 stro
291 5231 613 5304 apostolico
637 5234 1010 5289 anathemate
1032 5250 1218 5305 usque
1240 5235 1310 5289 ad
1336 5235 1796 5297 satisfactionem

135 5322 380 5394 dignam
414 5339 734 5394 percussus
760 5323 985 5378 existat.
1011 5323 1120 5388 Qui
1144 5340 1274 5377 vero
1297 5341 1357 5378 se
1381 5327 1723 5383 custodierit
1744 5335 1802 5385 et

136 5411 542 5467 observaverit
580 5411 653 5466 ad
686 5411 1190 5467 conﬁrmationem
1223 5416 1277 5466 et
1299 5413 1799 5487 constitutionem,

139 5504 348 5556 nostra
391 5501 801 5557 accumuletur
847 5500 1250 5556 benedictione
1296 5505 1353 5556 et
1400 5501 1528 5556 vitae
1577 5510 1800 5562 aeterna:

140 5589 438 5661 particeps
472 5589 779 5646 efﬁciatur.

215 5677 366 5733 Data
392 5677 591 5734 Nonas
623 5680 759 5735 Maii
781 5696 884 5752 per
907 5695 1117 5733 manus
1147 5677 1421 5733 Friderici
1463 5680 1712 5753 diaconi,
1744 5685 1800 5738 S.

143 5765 428 5824 Romanae
460 5768 731 5826 Ecclesiae
762 5766 1191 5825 bibliothecarii
1223 5770 1279 5822 et
1302 5766 1654 5836 cancellarii,
1687 5772 1808 5828 vice

1903 4791 2076 4845 ﬁdem
2124 4791 2632 4846 accommodantes
2683 4791 3042 4862 corporalem
3080 4794 3394 4863 prmstolati
3412 4797 3552 4850 sunt

1903 4879 2292 4951 praesentiam.
2317 4881 2497 4944 Quem
2521 4880 2662 4934 dum
2685 4883 2980 4951 expectato
3005 4879 3246 4936 minime
3266 4881 3555 4936 vidissent

1908 4967 1999 5022 die
2026 4968 2277 5035 venisse,
2293 4967 2484 5021 moesti
2501 4967 2888 5036 suntreversi,
2917 4971 3337 5038 conquerentes
3351 4969 3551 5024 adver-

1909 5077 2013 5114 sus
2041 5056 2139 5112 Dei
2196 5055 2480 5110 famulum
2532 5073 2593 5112 se
2643 5056 2810 5112 illum
2855 5054 3268 5128 expectavisse,
3299 5070 3552 5129 eumque

1910 5147 2153 5202 minime
2177 5146 2346 5216 juxta
2377 5161 2544 5199 suam
2576 5147 2950 5216 sponsionem
2984 5143 3307 5201 advenisse.
3331 5143 3556 5210 Quibus

1910 5238 2051 5292 dum
2094 5234 2473 5304 approbasset
2522 5234 2676 5303 quod
2724 5235 3076 5305 promiserat
3155 5250 3258 5306 pro
3307 5236 3462 5289 certo
3494 5247 3557 5289 se

1913 5321 2296 5394 complevisse
2327 5321 2469 5375 dum
2504 5320 2873 5376 uniformiter
2922 5321 3257 5379 alternatim
3307 5319 3561 5394 singulis

1912 5410 2302 5486 apparuisset.
2326 5412 2381 5464 et
2402 5409 2603 5464 eadem
2624 5408 2750 5464 loca
2767 5409 3015 5481 singulis
3035 5411 3391 5468 utilitatibus
3412 5426 3568 5467 com-

1916 5503 2084 5558 moda
2116 5504 2180 5555 ut
2238 5499 2336 5554 uni
2397 5502 2453 5553 et
2509 5498 2672 5553 alteri
2705 5497 3098 5555 ostendisset:
3145 5501 3421 5575 praecepit
3452 5501 3561 5558 ita-

1915 5607 2048 5662 que,
2083 5594 2147 5644 ut
2182 5589 2333 5644 sicut
2365 5605 2432 5642 ex
2462 5586 2681 5644 visione
2712 5587 3058 5655 didicerant,
3083 5604 3151 5643 ea
3173 5590 3561 5660 perﬁcerent:

1917 5679 2070 5752 quod
2107 5683 2161 5733 et.
2191 5679 2401 5733 factum
2434 5684 2541 5734 est.
2573 5679 2755 5751 igitur
2784 5678 2905 5733 haec
2936 5677 3133 5733 omnia
3164 5693 3299 5734 cum
3332 5681 3562 5735 confra-

1919 5768 2105 5825 tribus
2141 5767 2355 5822 nostris
2405 5765 2852 5840 diligentissime
2905 5766 3284 5842 respicientes
3311 5783 3566 5840 veraque
