  <div class='ocr_page' id='page_1' title='image "/cluster/home/n/w/nwhite01/storage/ocr_20150623/143/uva.x000829790/359.png"; bbox 0 0 3974 6206; ppageno 0'>
   <div class='ocr_carea' id='block_1_1' title="bbox 452 496 569 565">
    <p class='ocr_par' dir='ltr' id='par_1_1' title="bbox 452 496 569 565">
     <span class='ocr_line' id='line_1_1' title="bbox 452 496 569 565; baseline -0.017 0"><span class='ocrx_word' id='word_1_1' title='bbox 452 496 569 565; x_wconf 76' lang='grc'><strong>691</strong></span> 
     </span>
    </p>
   </div>
   <div class='ocr_carea' id='block_1_2' title="bbox 1546 497 2806 565">
    <p class='ocr_par' dir='ltr' id='par_1_2' title="bbox 1546 497 2806 565">
     <span class='ocr_line' id='line_1_2' title="bbox 1546 497 2806 565; baseline -0.002 -1"><span class='ocrx_word' id='word_1_2' title='bbox 1546 502 1608 564; x_wconf 91' lang='lat' dir='ltr'><strong>S.</strong></span> <span class='ocrx_word' id='word_1_3' title='bbox 1662 500 1935 564; x_wconf 87' lang='lat' dir='ltr'><strong>LEONIS</strong></span> <span class='ocrx_word' id='word_1_4' title='bbox 1977 499 2059 563; x_wconf 80' lang='lat' dir='ltr'><strong>IX</strong></span> <span class='ocrx_word' id='word_1_5' title='bbox 2100 497 2327 563; x_wconf 75' lang='grc' dir='ltr'><strong>ΡΑΡίΕ</strong></span> <span class='ocrx_word' id='word_1_6' title='bbox 2370 500 2806 565; x_wconf 83' lang='lat' dir='ltr'><strong>OPUSCULA.</strong></span> 
     </span>
    </p>
   </div>
   <div class='ocr_carea' id='block_1_3' title="bbox 3760 462 3877 573">
    <p class='ocr_par' dir='ltr' id='par_1_3' title="bbox 3760 462 3877 573">
     <span class='ocr_line' id='line_1_3' title="bbox 3760 462 3877 573; baseline 0 0"><span class='ocrx_word' id='word_1_7' title='bbox 3760 462 3877 573; x_wconf 57' lang='lat'><strong>6&#39;92</strong></span> 
     </span>
    </p>
   </div>
   <div class='ocr_carea' id='block_1_4' title="bbox 454 632 3877 711">
    <p class='ocr_par' dir='ltr' id='par_1_4' title="bbox 454 632 3877 711">
     <span class='ocr_line' id='line_1_4' title="bbox 454 632 3877 711; baseline 0.002 -18"><span class='ocrx_word' id='word_1_8' title='bbox 454 650 583 693; x_wconf 76' lang='lat' dir='ltr'><strong>esse</strong></span> <span class='ocrx_word' id='word_1_9' title='bbox 612 638 1049 707; x_wconf 88' lang='lat' dir='ltr'><strong>cognoscentes,</strong></span> <span class='ocrx_word' id='word_1_10' title='bbox 1090 635 1506 707; x_wconf 88' lang='lat' dir='ltr'><strong>dignissimum</strong></span> <span class='ocrx_word' id='word_1_11' title='bbox 1554 636 1823 691; x_wconf 88' lang='lat' dir='ltr'><strong>arbitrari</strong></span> <span class='ocrx_word' id='word_1_12' title='bbox 1869 651 2097 700; x_wconf 89' lang='lat' dir='ltr'><strong>sumus,</strong></span> <span class='ocrx_word' id='word_1_13' title='bbox 2127 632 2184 700; x_wconf 85' lang='grc' dir='ltr'><strong>Α</strong></span> <span class='ocrx_word' id='word_1_14' title='bbox 2214 636 2271 691; x_wconf 92' lang='lat' dir='ltr'><strong>S.</strong></span> <span class='ocrx_word' id='word_1_15' title='bbox 2321 635 2599 707; x_wconf 83' lang='lat' dir='ltr'><strong>Stephani</strong></span> <span class='ocrx_word' id='word_1_16' title='bbox 2643 636 2815 705; x_wconf 81' lang='lat' dir='ltr'><strong>juxta</strong></span> <span class='ocrx_word' id='word_1_17' title='bbox 2857 636 3233 693; x_wconf 90' lang='lat' dir='ltr'><strong>Terraemam</strong></span> <span class='ocrx_word' id='word_1_18' title='bbox 3288 639 3481 711; x_wconf 89' lang='lat' dir='ltr'><strong>posita</strong></span> <span class='ocrx_word' id='word_1_19' title='bbox 3531 658 3643 698; x_wconf 93' lang='lat' dir='ltr'><strong>nos</strong></span> <span class='ocrx_word' id='word_1_20' title='bbox 3675 644 3877 700; x_wconf 86' lang='lat' dir='ltr'><strong>reddi-</strong></span> 
     </span>
    </p>
   </div>
   <div class='ocr_carea' id='block_1_5' title="bbox 451 724 2094 797">
    <p class='ocr_par' dir='ltr' id='par_1_5' title="bbox 451 724 2094 797">
     <span class='ocr_line' id='line_1_5' title="bbox 451 724 2094 797; baseline 0 -17"><span class='ocrx_word' id='word_1_21' title='bbox 451 728 508 780; x_wconf 90' lang='lat' dir='ltr'><strong>et</strong></span> <span class='ocrx_word' id='word_1_22' title='bbox 564 724 907 779; x_wconf 84' lang='lat' dir='ltr'><strong>censuimus</strong></span> <span class='ocrx_word' id='word_1_23' title='bbox 938 726 1236 795; x_wconf 79' lang='lat' dir='ltr'><strong>praefatam</strong></span> <span class='ocrx_word' id='word_1_24' title='bbox 1297 726 1354 780; x_wconf 91' lang='lat' dir='ltr'><strong>S.</strong></span> <span class='ocrx_word' id='word_1_25' title='bbox 1437 727 1717 797; x_wconf 81' lang='lat' dir='ltr'><strong>Stephani</strong></span> <span class='ocrx_word' id='word_1_26' title='bbox 1788 726 2094 782; x_wconf 84' lang='lat' dir='ltr'><strong>ecclesiam</strong></span> 
     </span>
    </p>
   </div>
   <div class='ocr_carea' id='block_1_6' title="bbox 450 813 2097 885">
    <p class='ocr_par' dir='ltr' id='par_1_6' title="bbox 450 813 2097 885">
     <span class='ocr_line' id='line_1_6' title="bbox 450 813 2097 885; baseline -0.001 -16"><span class='ocrx_word' id='word_1_27' title='bbox 450 813 786 869; x_wconf 67' lang='lat' dir='ltr'><strong>monasticae</strong></span> <span class='ocrx_word' id='word_1_28' title='bbox 818 813 1084 885; x_wconf 82' lang='lat' dir='ltr'><strong>religioni</strong></span> <span class='ocrx_word' id='word_1_29' title='bbox 1116 831 1150 869; x_wconf 91' lang='lat' dir='ltr'><strong>a</strong></span> <span class='ocrx_word' id='word_1_30' title='bbox 1177 814 1461 885; x_wconf 85' lang='lat' dir='ltr'><strong>principio</strong></span> <span class='ocrx_word' id='word_1_31' title='bbox 1496 814 1585 869; x_wconf 90' lang='lat' dir='ltr'><strong>sui</strong></span> <span class='ocrx_word' id='word_1_32' title='bbox 1618 815 2097 878; x_wconf 73' lang='lat' dir='ltr'><strong>dedicatam,sic—</strong></span> 
     </span>
    </p>
   </div>
   <div class='ocr_carea' id='block_1_7' title="bbox 450 904 2101 975">
    <p class='ocr_par' dir='ltr' id='par_1_7' title="bbox 450 904 2101 975">
     <span class='ocr_line' id='line_1_7' title="bbox 450 904 2101 975; baseline -0.002 -15"><span class='ocrx_word' id='word_1_33' title='bbox 450 908 517 961; x_wconf 89' lang='lat' dir='ltr'><strong>ut</strong></span> <span class='ocrx_word' id='word_1_34' title='bbox 538 904 663 975; x_wconf 87' lang='lat' dir='ltr'><strong>jam</strong></span> <span class='ocrx_word' id='word_1_35' title='bbox 695 904 917 960; x_wconf 90' lang='lat' dir='ltr'><strong>dictum</strong></span> <span class='ocrx_word' id='word_1_36' title='bbox 948 908 1055 969; x_wconf 89' lang='lat' dir='ltr'><strong>est,</strong></span> <span class='ocrx_word' id='word_1_37' title='bbox 1082 904 1253 974; x_wconf 84' lang='lat' dir='ltr'><strong>juxta</strong></span> <span class='ocrx_word' id='word_1_38' title='bbox 1282 905 1654 959; x_wconf 77' lang='lat' dir='ltr'><strong>Terracinam</strong></span> <span class='ocrx_word' id='word_1_39' title='bbox 1680 905 1931 975; x_wconf 82' lang='lat' dir='ltr'><strong>positam</strong></span> <span class='ocrx_word' id='word_1_40' title='bbox 1964 920 2101 975; x_wconf 64' lang='lat' dir='ltr'><strong>prae-</strong></span> 
     </span>
    </p>
   </div>
   <div class='ocr_carea' id='block_1_8' title="bbox 450 991 2099 1064">
    <p class='ocr_par' dir='ltr' id='par_1_8' title="bbox 450 991 2099 1064">
     <span class='ocr_line' id='line_1_8' title="bbox 450 991 2099 1064; baseline -0.003 -14"><span class='ocrx_word' id='word_1_41' title='bbox 450 992 776 1059; x_wconf 90' lang='lat' dir='ltr'><strong>nominato,</strong></span> <span class='ocrx_word' id='word_1_42' title='bbox 809 997 866 1048; x_wconf 92' lang='lat' dir='ltr'><strong>et</strong></span> <span class='ocrx_word' id='word_1_43' title='bbox 896 1010 1010 1064; x_wconf 74' lang='lat' dir='ltr'><strong>prae</strong></span> <span class='ocrx_word' id='word_1_44' title='bbox 1042 992 1224 1048; x_wconf 90' lang='lat' dir='ltr'><strong>electo</strong></span> <span class='ocrx_word' id='word_1_45' title='bbox 1258 994 1357 1048; x_wconf 89' lang='lat' dir='ltr'><strong>SS.</strong></span> <span class='ocrx_word' id='word_1_46' title='bbox 1394 994 1757 1047; x_wconf 81' lang='lat' dir='ltr'><strong>Conl&#39;essoris</strong></span> <span class='ocrx_word' id='word_1_47' title='bbox 1806 991 2099 1047; x_wconf 76' lang='lat' dir='ltr'><strong>Benedicti</strong></span> 
     </span>
    </p>
   </div>
   <div class='ocr_carea' id='block_1_9' title="bbox 452 1081 2101 1153">
    <p class='ocr_par' dir='ltr' id='par_1_9' title="bbox 452 1081 2101 1153">
     <span class='ocr_line' id='line_1_9' title="bbox 452 1081 2101 1153; baseline -0.002 -14"><span class='ocrx_word' id='word_1_48' title='bbox 452 1081 714 1139; x_wconf 72' lang='lat' dir='ltr'><strong>cmnobio</strong></span> <span class='ocrx_word' id='word_1_49' title='bbox 754 1082 994 1137; x_wconf 85' lang='lat' dir='ltr'><strong>reddere</strong></span> <span class='ocrx_word' id='word_1_50' title='bbox 1040 1086 1098 1136; x_wconf 90' lang='lat' dir='ltr'><strong>et</strong></span> <span class='ocrx_word' id='word_1_51' title='bbox 1144 1081 1461 1153; x_wconf 89' lang='lat' dir='ltr'><strong>apostolica</strong></span> <span class='ocrx_word' id='word_1_52' title='bbox 1507 1082 1846 1137; x_wconf 80' lang='lat' dir='ltr'><strong>auctoritate</strong></span> <span class='ocrx_word' id='word_1_53' title='bbox 1892 1081 2101 1136; x_wconf 85' lang='lat' dir='ltr'><strong>conﬁr-</strong></span> 
     </span>
    </p>
   </div>
   <div class='ocr_carea' id='block_1_10' title="bbox 455 1169 2098 1243">
    <p class='ocr_par' dir='ltr' id='par_1_10' title="bbox 455 1169 2098 1243">
     <span class='ocr_line' id='line_1_10' title="bbox 455 1169 2098 1243; baseline -0.004 -14"><span class='ocrx_word' id='word_1_54' title='bbox 455 1188 639 1229; x_wconf 88' lang='lat' dir='ltr'><strong>mare.</strong></span> <span class='ocrx_word' id='word_1_55' title='bbox 674 1173 972 1237; x_wconf 86' lang='lat' dir='ltr'><strong>Quatenus</strong></span> <span class='ocrx_word' id='word_1_56' title='bbox 1005 1188 1132 1243; x_wconf 76' lang='lat' dir='ltr'><strong>quae</strong></span> <span class='ocrx_word' id='word_1_57' title='bbox 1165 1172 1294 1241; x_wconf 88' lang='lat' dir='ltr'><strong>ejus</strong></span> <span class='ocrx_word' id='word_1_58' title='bbox 1344 1171 1588 1226; x_wconf 84' lang='lat' dir='ltr'><strong>fundata</strong></span> <span class='ocrx_word' id='word_1_59' title='bbox 1628 1176 1716 1225; x_wconf 85' lang='lat' dir='ltr'><strong>est</strong></span> <span class='ocrx_word' id='word_1_60' title='bbox 1762 1169 2098 1241; x_wconf 84' lang='lat' dir='ltr'><strong>magisterio</strong></span> 
     </span>
    </p>
   </div>
   <div class='ocr_carea' id='block_1_11' title="bbox 452 1258 2104 1333">
    <p class='ocr_par' dir='ltr' id='par_1_11' title="bbox 452 1258 2104 1333">
     <span class='ocr_line' id='line_1_11' title="bbox 452 1258 2104 1333; baseline -0.002 -16"><span class='ocrx_word' id='word_1_61' title='bbox 452 1259 613 1317; x_wconf 87' lang='lat' dir='ltr'><strong>illius</strong></span> <span class='ocrx_word' id='word_1_62' title='bbox 630 1274 863 1332; x_wconf 86' lang='lat' dir='ltr'><strong>semper</strong></span> <span class='ocrx_word' id='word_1_63' title='bbox 877 1263 1297 1333; x_wconf 87' lang='lat' dir='ltr'><strong>regaturatque</strong></span> <span class='ocrx_word' id='word_1_64' title='bbox 1315 1259 1890 1331; x_wconf 86' lang='lat' dir='ltr'><strong>muniaturimperio.</strong></span> <span class='ocrx_word' id='word_1_65' title='bbox 1910 1258 2104 1328; x_wconf 77' lang='lat' dir='ltr'><strong>Itaque</strong></span> 
     </span>
    </p>
   </div>
   <div class='ocr_carea' id='block_1_12' title="bbox 452 1347 2104 1420">
    <p class='ocr_par' dir='ltr' id='par_1_12' title="bbox 452 1347 2104 1420">
     <span class='ocr_line' id='line_1_12' title="bbox 452 1347 2104 1420; baseline -0.004 -13"><span class='ocrx_word' id='word_1_66' title='bbox 452 1349 561 1407; x_wconf 86' lang='lat' dir='ltr'><strong>tibi</strong></span> <span class='ocrx_word' id='word_1_67' title='bbox 593 1350 860 1405; x_wconf 79' lang='lat' dir='ltr'><strong>Richerio</strong></span> <span class='ocrx_word' id='word_1_68' title='bbox 893 1348 1112 1416; x_wconf 83' lang='lat' dir='ltr'><strong>abbati,</strong></span> <span class='ocrx_word' id='word_1_69' title='bbox 1147 1350 1456 1420; x_wconf 87' lang='lat' dir='ltr'><strong>cuntisque</strong></span> <span class='ocrx_word' id='word_1_70' title='bbox 1497 1350 1614 1404; x_wconf 89' lang='lat' dir='ltr'><strong>tuis</strong></span> <span class='ocrx_word' id='word_1_71' title='bbox 1669 1347 2104 1404; x_wconf 88' lang='lat' dir='ltr'><strong>successoribus</strong></span> 
     </span>
    </p>
   </div>
   <div class='ocr_carea' id='block_1_13' title="bbox 449 1437 2105 1511">
    <p class='ocr_par' dir='ltr' id='par_1_13' title="bbox 449 1437 2105 1511">
     <span class='ocr_line' id='line_1_13' title="bbox 449 1437 2105 1511; baseline -0.003 -17"><span class='ocrx_word' id='word_1_72' title='bbox 449 1440 612 1511; x_wconf 85' lang='lat' dir='ltr'><strong>juste</strong></span> <span class='ocrx_word' id='word_1_73' title='bbox 640 1437 699 1493; x_wconf 91' lang='lat' dir='ltr'><strong>in</strong></span> <span class='ocrx_word' id='word_1_74' title='bbox 733 1438 1153 1492; x_wconf 81' lang='lat' dir='ltr'><strong>monasterium</strong></span> <span class='ocrx_word' id='word_1_75' title='bbox 1187 1438 1244 1492; x_wconf 92' lang='lat' dir='ltr'><strong>in</strong></span> <span class='ocrx_word' id='word_1_76' title='bbox 1278 1441 1473 1494; x_wconf 90' lang='lat' dir='ltr'><strong>monte</strong></span> <span class='ocrx_word' id='word_1_77' title='bbox 1525 1437 1735 1492; x_wconf 90' lang='lat' dir='ltr'><strong>Casino</strong></span> <span class='ocrx_word' id='word_1_78' title='bbox 1788 1437 2043 1508; x_wconf 87' lang='lat' dir='ltr'><strong>positum</strong></span> <span class='ocrx_word' id='word_1_79' title='bbox 2073 1453 2105 1489; x_wconf 74' lang='grc' dir='ltr'>ει</span> 
     </span>
    </p>
   </div>
   <div class='ocr_carea' id='block_1_14' title="bbox 456 1524 2101 1592">
    <p class='ocr_par' dir='ltr' id='par_1_14' title="bbox 456 1524 2101 1592">
     <span class='ocr_line' id='line_1_14' title="bbox 456 1524 2101 1592; baseline -0.003 -10"><span class='ocrx_word' id='word_1_80' title='bbox 456 1525 769 1582; x_wconf 88' lang='lat' dir='ltr'><strong>Benedicto</strong></span> <span class='ocrx_word' id='word_1_81' title='bbox 781 1524 1122 1581; x_wconf 86' lang='lat' dir='ltr'><strong>beatissimo</strong></span> <span class='ocrx_word' id='word_1_82' title='bbox 1138 1524 1301 1581; x_wconf 81' lang='lat' dir='ltr'><strong>Patre</strong></span> <span class='ocrx_word' id='word_1_83' title='bbox 1315 1530 1711 1580; x_wconf 83' lang='lat' dir='ltr'><strong>constructum</strong></span> <span class='ocrx_word' id='word_1_84' title='bbox 1727 1524 2101 1592; x_wconf 84' lang='lat' dir='ltr'><strong>intrantibus,</strong></span> 
     </span>
    </p>
   </div>
   <div class='ocr_carea' id='block_1_15' title="bbox 458 1613 2105 1688">
    <p class='ocr_par' dir='ltr' id='par_1_15' title="bbox 458 1613 2105 1688">
     <span class='ocr_line' id='line_1_15' title="bbox 458 1613 2105 1688; baseline -0.004 -15"><span class='ocrx_word' id='word_1_85' title='bbox 458 1619 633 1688; x_wconf 87' lang='lat' dir='ltr'><strong>atque</strong></span> <span class='ocrx_word' id='word_1_86' title='bbox 662 1616 938 1688; x_wconf 64' lang='lat' dir='ltr'><strong>prtefatis,</strong></span> <span class='ocrx_word' id='word_1_87' title='bbox 974 1619 1031 1671; x_wconf 89' lang='lat' dir='ltr'><strong>et</strong></span> <span class='ocrx_word' id='word_1_88' title='bbox 1059 1633 1209 1687; x_wconf 70' lang='lat' dir='ltr'><strong>scepe</strong></span> <span class='ocrx_word' id='word_1_89' title='bbox 1239 1614 1518 1671; x_wconf 84' lang='lat' dir='ltr'><strong>nominati</strong></span> <span class='ocrx_word' id='word_1_90' title='bbox 1569 1613 1860 1669; x_wconf 82' lang='lat' dir='ltr'><strong>Benedicti</strong></span> <span class='ocrx_word' id='word_1_91' title='bbox 1902 1631 2105 1668; x_wconf 90' lang='lat' dir='ltr'><strong>mona-</strong></span> 
     </span>
    </p>
   </div>
   <div class='ocr_carea' id='block_1_16' title="bbox 458 1702 2105 1777">
    <p class='ocr_par' dir='ltr' id='par_1_16' title="bbox 458 1702 2105 1777">
     <span class='ocr_line' id='line_1_16' title="bbox 458 1702 2105 1777; baseline -0.004 -14"><span class='ocrx_word' id='word_1_92' title='bbox 458 1707 637 1763; x_wconf 86' lang='lat' dir='ltr'><strong>sterio</strong></span> <span class='ocrx_word' id='word_1_93' title='bbox 667 1709 726 1762; x_wconf 89' lang='lat' dir='ltr'><strong>et</strong></span> <span class='ocrx_word' id='word_1_94' title='bbox 752 1704 1007 1762; x_wconf 66' lang='lat' dir='ltr'><strong>ecclesia&quot;:</strong></span> <span class='ocrx_word' id='word_1_95' title='bbox 1040 1705 1375 1777; x_wconf 69' lang='lat' dir='ltr'><strong>praedictam</strong></span> <span class='ocrx_word' id='word_1_96' title='bbox 1408 1704 1591 1759; x_wconf 89' lang='lat' dir='ltr'><strong>sancti</strong></span> <span class='ocrx_word' id='word_1_97' title='bbox 1624 1703 1901 1774; x_wconf 85' lang='lat' dir='ltr'><strong>Stephani</strong></span> <span class='ocrx_word' id='word_1_98' title='bbox 1933 1702 2105 1757; x_wconf 90' lang='lat' dir='ltr'><strong>eccle-</strong></span> 
     </span>
    </p>
   </div>
   <div class='ocr_carea' id='block_1_17' title="bbox 459 1791 2108 1863">
    <p class='ocr_par' dir='ltr' id='par_1_17' title="bbox 459 1791 2108 1863">
     <span class='ocr_line' id='line_1_17' title="bbox 459 1791 2108 1863; baseline -0.004 -10"><span class='ocrx_word' id='word_1_99' title='bbox 459 1797 609 1854; x_wconf 87' lang='lat' dir='ltr'><strong>siam</strong></span> <span class='ocrx_word' id='word_1_100' title='bbox 626 1799 683 1851; x_wconf 84' lang='lat' dir='ltr'><strong>et</strong></span> <span class='ocrx_word' id='word_1_101' title='bbox 702 1794 1122 1851; x_wconf 85' lang='lat' dir='ltr'><strong>monasterium</strong></span> <span class='ocrx_word' id='word_1_102' title='bbox 1144 1812 1279 1849; x_wconf 92' lang='lat' dir='ltr'><strong>cum</strong></span> <span class='ocrx_word' id='word_1_103' title='bbox 1301 1794 1575 1848; x_wconf 89' lang='lat' dir='ltr'><strong>omnibus</strong></span> <span class='ocrx_word' id='word_1_104' title='bbox 1599 1793 1722 1847; x_wconf 87' lang='lat' dir='ltr'><strong>suis</strong></span> <span class='ocrx_word' id='word_1_105' title='bbox 1740 1791 2108 1863; x_wconf 89' lang='lat' dir='ltr'><strong>pertinentiis</strong></span> 
     </span>
    </p>
   </div>
   <div class='ocr_carea' id='block_1_18' title="bbox 460 1880 2107 1951">
    <p class='ocr_par' dir='ltr' id='par_1_18' title="bbox 460 1880 2107 1951">
     <span class='ocr_line' id='line_1_18' title="bbox 460 1880 2107 1951; baseline -0.004 -10"><span class='ocrx_word' id='word_1_106' title='bbox 460 1884 782 1951; x_wconf 82' lang='lat' dir='ltr'><strong>reddimus,</strong></span> <span class='ocrx_word' id='word_1_107' title='bbox 797 1884 1257 1947; x_wconf 90' lang='lat' dir='ltr'><strong>concedimus,et</strong></span> <span class='ocrx_word' id='word_1_108' title='bbox 1269 1880 2107 1937; x_wconf 87' lang='lat' dir='ltr'><strong>corroboramus.Constituen-</strong></span> 
     </span>
    </p>
   </div>
   <div class='ocr_carea' id='block_1_19' title="bbox 2206 724 3870 803">
    <p class='ocr_par' dir='ltr' id='par_1_19' title="bbox 2206 724 3870 803">
     <span class='ocr_line' id='line_1_19' title="bbox 2206 724 3870 803; baseline 0.005 -24"><span class='ocrx_word' id='word_1_109' title='bbox 2206 724 2387 788; x_wconf 88' lang='lat' dir='ltr'><strong>disse,</strong></span> <span class='ocrx_word' id='word_1_110' title='bbox 2440 730 2496 778; x_wconf 87' lang='lat' dir='ltr'><strong>et</strong></span> <span class='ocrx_word' id='word_1_111' title='bbox 2552 724 2931 779; x_wconf 82' lang='lat' dir='ltr'><strong>confirmasse</strong></span> <span class='ocrx_word' id='word_1_112' title='bbox 2993 728 3351 783; x_wconf 86' lang='lat' dir='ltr'><strong>monasterio</strong></span> <span class='ocrx_word' id='word_1_113' title='bbox 3419 731 3478 785; x_wconf 93' lang='lat' dir='ltr'><strong>S.</strong></span> <span class='ocrx_word' id='word_1_114' title='bbox 3547 730 3870 803; x_wconf 86' lang='lat' dir='ltr'><strong>Benedicti,</strong></span> 
     </span>
    </p>
   </div>
   <div class='ocr_carea' id='block_1_20' title="bbox 2208 812 3874 891">
    <p class='ocr_par' dir='ltr' id='par_1_20' title="bbox 2208 812 3874 891">
     <span class='ocr_line' id='line_1_20' title="bbox 2208 812 3874 891; baseline 0.005 -23"><span class='ocrx_word' id='word_1_115' title='bbox 2208 818 2405 869; x_wconf 89' lang='lat' dir='ltr'><strong>monte</strong></span> <span class='ocrx_word' id='word_1_116' title='bbox 2433 812 2641 869; x_wconf 88' lang='lat' dir='ltr'><strong>Casino</strong></span> <span class='ocrx_word' id='word_1_117' title='bbox 2674 813 2929 883; x_wconf 90' lang='lat' dir='ltr'><strong>positum</strong></span> <span class='ocrx_word' id='word_1_118' title='bbox 2963 831 3096 869; x_wconf 92' lang='lat' dir='ltr'><strong>cum</strong></span> <span class='ocrx_word' id='word_1_119' title='bbox 3119 816 3398 873; x_wconf 92' lang='lat' dir='ltr'><strong>omnibus</strong></span> <span class='ocrx_word' id='word_1_120' title='bbox 3427 818 3555 875; x_wconf 91' lang='lat' dir='ltr'><strong>suis</strong></span> <span class='ocrx_word' id='word_1_121' title='bbox 3576 821 3874 891; x_wconf 87' lang='lat' dir='ltr'><strong>pertinen-</strong></span> 
     </span>
    </p>
   </div>
   <div class='ocr_carea' id='block_1_21' title="bbox 2209 901 3864 981">
    <p class='ocr_par' dir='ltr' id='par_1_21' title="bbox 2209 901 3864 981">
     <span class='ocr_line' id='line_1_21' title="bbox 2209 901 3864 981; baseline 0.004 -23"><span class='ocrx_word' id='word_1_122' title='bbox 2209 902 2327 965; x_wconf 86' lang='lat' dir='ltr'><strong>tiis,</strong></span> <span class='ocrx_word' id='word_1_123' title='bbox 2363 919 2487 973; x_wconf 69' lang='lat' dir='ltr'><strong>quae</strong></span> <span class='ocrx_word' id='word_1_124' title='bbox 2518 901 2625 957; x_wconf 90' lang='lat' dir='ltr'><strong>sibi</strong></span> <span class='ocrx_word' id='word_1_125' title='bbox 2653 903 2814 971; x_wconf 86' lang='lat' dir='ltr'><strong>juste</strong></span> <span class='ocrx_word' id='word_1_126' title='bbox 2845 902 3151 957; x_wconf 88' lang='lat' dir='ltr'><strong>debentur.</strong></span> <span class='ocrx_word' id='word_1_127' title='bbox 3184 905 3437 961; x_wconf 89' lang='lat' dir='ltr'><strong>Proinde</strong></span> <span class='ocrx_word' id='word_1_128' title='bbox 3484 908 3864 981; x_wconf 70' lang='lat' dir='ltr'><strong>praecipimus</strong></span> 
     </span>
    </p>
   </div>
   <div class='ocr_carea' id='block_1_22' title="bbox 2210 989 3875 1070">
    <p class='ocr_par' dir='ltr' id='par_1_22' title="bbox 2210 989 3875 1070">
     <span class='ocr_line' id='line_1_22' title="bbox 2210 989 3875 1070; baseline 0.005 -24"><span class='ocrx_word' id='word_1_129' title='bbox 2210 991 2552 1046; x_wconf 89' lang='lat' dir='ltr'><strong>auctoritate</strong></span> <span class='ocrx_word' id='word_1_130' title='bbox 2583 989 2901 1061; x_wconf 87' lang='lat' dir='ltr'><strong>apostolica</strong></span> <span class='ocrx_word' id='word_1_131' title='bbox 2943 995 3006 1045; x_wconf 92' lang='lat' dir='ltr'><strong>ut</strong></span> <span class='ocrx_word' id='word_1_132' title='bbox 3054 991 3256 1049; x_wconf 90' lang='lat' dir='ltr'><strong>nullus</strong></span> <span class='ocrx_word' id='word_1_133' title='bbox 3303 994 3687 1067; x_wconf 79' lang='lat' dir='ltr'><strong>privilegium</strong></span> <span class='ocrx_word' id='word_1_134' title='bbox 3724 1000 3875 1070; x_wconf 88' lang='lat' dir='ltr'><strong>quod</strong></span> 
     </span>
    </p>
   </div>
   <div class='ocr_carea' id='block_1_23' title="bbox 2210 1080 3875 1144">
    <p class='ocr_par' dir='ltr' id='par_1_23' title="bbox 2210 1080 3875 1144">
     <span class='ocr_line' id='line_1_23' title="bbox 2210 1080 3875 1144; baseline 0.004 -9"><span class='ocrx_word' id='word_1_135' title='bbox 2210 1080 2399 1135; x_wconf 83' lang='lat' dir='ltr'><strong>eidem</strong></span> <span class='ocrx_word' id='word_1_136' title='bbox 2432 1080 2781 1135; x_wconf 88' lang='lat' dir='ltr'><strong>monasterio</strong></span> <span class='ocrx_word' id='word_1_137' title='bbox 2822 1080 3070 1136; x_wconf 83' lang='lat' dir='ltr'><strong>fecimus</strong></span> <span class='ocrx_word' id='word_1_138' title='bbox 3119 1087 3175 1137; x_wconf 89' lang='lat' dir='ltr'><strong>et</strong></span> <span class='ocrx_word' id='word_1_139' title='bbox 3225 1085 3746 1144; x_wconf 88' lang='lat' dir='ltr'><strong>corroboravimus</strong></span> <span class='ocrx_word' id='word_1_140' title='bbox 3772 1106 3875 1143; x_wconf 88' lang='lat' dir='ltr'><strong>au-</strong></span> 
     </span>
    </p>
   </div>
   <div class='ocr_carea' id='block_1_24' title="bbox 2212 1168 3874 1246">
    <p class='ocr_par' dir='ltr' id='par_1_24' title="bbox 2212 1168 3874 1246">
     <span class='ocr_line' id='line_1_24' title="bbox 2212 1168 3874 1246; baseline 0.005 -22"><span class='ocrx_word' id='word_1_141' title='bbox 2212 1170 2341 1224; x_wconf 84' lang='lat' dir='ltr'><strong>deat</strong></span> <span class='ocrx_word' id='word_1_142' title='bbox 2372 1168 2704 1237; x_wconf 73' lang='lat' dir='ltr'><strong>infringere,</strong></span> <span class='ocrx_word' id='word_1_143' title='bbox 2737 1169 2835 1240; x_wconf 87' lang='lat' dir='ltr'><strong>qui</strong></span> <span class='ocrx_word' id='word_1_144' title='bbox 2867 1170 3259 1228; x_wconf 88' lang='lat' dir='ltr'><strong>anathematis</strong></span> <span class='ocrx_word' id='word_1_145' title='bbox 3306 1192 3541 1246; x_wconf 84' lang='lat' dir='ltr'><strong>poenam</strong></span> <span class='ocrx_word' id='word_1_146' title='bbox 3575 1192 3717 1232; x_wconf 89' lang='lat' dir='ltr'><strong>mon</strong></span> <span class='ocrx_word' id='word_1_147' title='bbox 3753 1176 3874 1232; x_wconf 88' lang='lat' dir='ltr'><strong>vult</strong></span> 
     </span>
    </p>
   </div>
   <div class='ocr_carea' id='block_1_25' title="bbox 2211 1258 3876 1336">
    <p class='ocr_par' dir='ltr' id='par_1_25' title="bbox 2211 1258 3876 1336">
     <span class='ocr_line' id='line_1_25' title="bbox 2211 1258 3876 1336; baseline 0.004 -23"><span class='ocrx_word' id='word_1_148' title='bbox 2211 1259 2543 1323; x_wconf 87' lang='lat' dir='ltr'><strong>incurrere;</strong></span> <span class='ocrx_word' id='word_1_149' title='bbox 2587 1259 2686 1312; x_wconf 80' lang='lat' dir='ltr'><strong>sed</strong></span> <span class='ocrx_word' id='word_1_150' title='bbox 2720 1258 3063 1331; x_wconf 87' lang='lat' dir='ltr'><strong>quicunque</strong></span> <span class='ocrx_word' id='word_1_151' title='bbox 3133 1261 3355 1331; x_wconf 88' lang='lat' dir='ltr'><strong>injuste</strong></span> <span class='ocrx_word' id='word_1_152' title='bbox 3386 1263 3614 1336; x_wconf 88' lang='lat' dir='ltr'><strong>aliquid</strong></span> <span class='ocrx_word' id='word_1_153' title='bbox 3649 1265 3876 1321; x_wconf 77' lang='lat' dir='ltr'><strong>detinet</strong></span> 
     </span>
    </p>
   </div>
   <div class='ocr_carea' id='block_1_26' title="bbox 2210 1345 3877 1416">
    <p class='ocr_par' dir='ltr' id='par_1_26' title="bbox 2210 1345 3877 1416">
     <span class='ocr_line' id='line_1_26' title="bbox 2210 1345 3877 1416; baseline 0.003 -14"><span class='ocrx_word' id='word_1_154' title='bbox 2210 1364 2278 1402; x_wconf 88' lang='lat' dir='ltr'><strong>ex</strong></span> <span class='ocrx_word' id='word_1_155' title='bbox 2306 1347 2555 1416; x_wconf 87' lang='lat' dir='ltr'><strong>cajuste</strong></span> <span class='ocrx_word' id='word_1_156' title='bbox 2598 1345 2889 1413; x_wconf 83' lang='lat' dir='ltr'><strong>restituat,</strong></span> <span class='ocrx_word' id='word_1_157' title='bbox 2939 1351 3003 1402; x_wconf 90' lang='lat' dir='ltr'><strong>ut</strong></span> <span class='ocrx_word' id='word_1_158' title='bbox 3049 1349 3525 1411; x_wconf 86' lang='lat' dir='ltr'><strong>benedictionem</strong></span> <span class='ocrx_word' id='word_1_159' title='bbox 3571 1353 3793 1411; x_wconf 88' lang='lat' dir='ltr'><strong>habeat</strong></span> <span class='ocrx_word' id='word_1_160' title='bbox 3822 1358 3877 1409; x_wconf 87' lang='lat' dir='ltr'><strong>et</strong></span> 
     </span>
    </p>
   </div>
   <div class='ocr_carea' id='block_1_27' title="bbox 2214 1436 3441 1513">
    <p class='ocr_par' dir='ltr' id='par_1_27' title="bbox 2214 1436 3441 1513">
     <span class='ocr_line' id='line_1_27' title="bbox 2214 1436 3441 1513; baseline 0.005 -23"><span class='ocrx_word' id='word_1_161' title='bbox 2214 1452 2405 1491; x_wconf 90' lang='lat' dir='ltr'><strong>meam</strong></span> <span class='ocrx_word' id='word_1_162' title='bbox 2436 1436 2646 1491; x_wconf 76' lang='lat' dir='ltr'><strong>bonam</strong></span> <span class='ocrx_word' id='word_1_163' title='bbox 2678 1436 3034 1494; x_wconf 89' lang='lat' dir='ltr'><strong>voluntatem</strong></span> <span class='ocrx_word' id='word_1_164' title='bbox 3064 1456 3180 1495; x_wconf 92' lang='lat' dir='ltr'><strong>non</strong></span> <span class='ocrx_word' id='word_1_165' title='bbox 3214 1441 3441 1513; x_wconf 88' lang='lat' dir='ltr'><strong>perdat.</strong></span> 
     </span>
    </p>
   </div>
   <div class='ocr_carea' id='block_1_28' title="bbox 2936 1529 3150 1584">
    <p class='ocr_par' dir='ltr' id='par_1_28' title="bbox 2936 1529 3150 1584">
     <span class='ocr_line' id='line_1_28' title="bbox 2936 1529 3150 1584; baseline 0 -1"><span class='ocrx_word' id='word_1_166' title='bbox 2936 1529 3150 1584; x_wconf 79' lang='lat' dir='ltr'><strong>LXXII.</strong></span> 
     </span>
    </p>
   </div>
   <div class='ocr_carea' id='block_1_29' title="bbox 2215 1616 3878 1693">
    <p class='ocr_par' dir='ltr' id='par_1_29' title="bbox 2215 1616 3878 1693">
     <span class='ocr_line' id='line_1_29' title="bbox 2215 1616 3878 1693; baseline 0.003 -21"><span class='ocrx_word' id='word_1_167' title='bbox 2215 1617 2267 1672; x_wconf 93' lang='lat' dir='ltr'><strong>S.</strong></span> <span class='ocrx_word' id='word_1_168' title='bbox 2305 1618 2402 1671; x_wconf 77' lang='lat' dir='ltr'><strong>Leo</strong></span> <span class='ocrx_word' id='word_1_169' title='bbox 2432 1617 2497 1671; x_wconf 79' lang='lat' dir='ltr'><strong><em>IX</em></strong></span> <span class='ocrx_word' id='word_1_170' title='bbox 2523 1618 2846 1671; x_wconf 80' lang='lat' dir='ltr'><strong>monasterii</strong></span> <span class='ocrx_word' id='word_1_171' title='bbox 2874 1616 2929 1671; x_wconf 87' lang='lat' dir='ltr'><strong>S.</strong></span> <span class='ocrx_word' id='word_1_172' title='bbox 2973 1616 3202 1687; x_wconf 77' lang='lat' dir='ltr'><strong>Saphiae</strong></span> <span class='ocrx_word' id='word_1_173' title='bbox 3249 1620 3614 1676; x_wconf 79' lang='lat' dir='ltr'><strong>Beneventani</strong></span> <span class='ocrx_word' id='word_1_174' title='bbox 3653 1637 3878 1693; x_wconf 72' lang='lat' dir='ltr'><strong>posses-</strong></span> 
     </span>
    </p>
   </div>
   <div class='ocr_carea' id='block_1_30' title="bbox 2574 1704 3489 1778">
    <p class='ocr_par' dir='ltr' id='par_1_30' title="bbox 2574 1704 3489 1778">
     <span class='ocr_line' id='line_1_30' title="bbox 2574 1704 3489 1778; baseline 0.007 -19"><span class='ocrx_word' id='word_1_175' title='bbox 2574 1704 2829 1776; x_wconf 53' lang='lat' dir='ltr'><strong>sionesZet</strong></span> <span class='ocrx_word' id='word_1_176' title='bbox 2857 1707 3154 1777; x_wconf 81' lang='lat' dir='ltr'><strong>privilegia</strong></span> <span class='ocrx_word' id='word_1_177' title='bbox 3178 1709 3489 1778; x_wconf 80' lang='lat' dir='ltr'><strong>conﬁrmat.</strong></span> 
     </span>
    </p>
   </div>
   <div class='ocr_carea' id='block_1_31' title="bbox 2836 1794 3241 1866">
    <p class='ocr_par' dir='ltr' id='par_1_31' title="bbox 2836 1794 3241 1866">
     <span class='ocr_line' id='line_1_31' title="bbox 2836 1794 3241 1866; baseline 0.007 -19"><span class='ocrx_word' id='word_1_178' title='bbox 2836 1794 3022 1864; x_wconf 83' lang='lat' dir='ltr'><strong>(Anno</strong></span> <span class='ocrx_word' id='word_1_179' title='bbox 3054 1797 3241 1866; x_wconf 83' lang='grc'><strong>1052.)</strong></span> 
     </span>
    </p>
   </div>
   <div class='ocr_carea' id='block_1_32' title="bbox 2606 1882 3474 1958">
    <p class='ocr_par' dir='ltr' id='par_1_32' title="bbox 2606 1882 3474 1958">
     <span class='ocr_line' id='line_1_32' title="bbox 2606 1882 3474 1958; baseline 0.003 -21"><span class='ocrx_word' id='word_1_180' title='bbox 2606 1882 2841 1952; x_wconf 86' lang='lat' dir='ltr'><strong>[Mansi,</strong></span> <span class='ocrx_word' id='word_1_181' title='bbox 2874 1883 3107 1950; x_wconf 74' lang='lat' dir='ltr'><strong>Concil.,</strong></span> <span class='ocrx_word' id='word_1_182' title='bbox 3148 1885 3291 1952; x_wconf 82' lang='lat' dir='ltr'><strong>XIX,</strong></span> <span class='ocrx_word' id='word_1_183' title='bbox 3322 1887 3474 1958; x_wconf 80' lang='lat'><strong>687.]</strong></span> 
     </span>
    </p>
   </div>
   <div class='ocr_carea' id='block_1_33' title="bbox 457 1969 3878 2065">
    <p class='ocr_par' dir='ltr' id='par_1_33' title="bbox 457 1969 3878 2065">
     <span class='ocr_line' id='line_1_33' title="bbox 457 1969 3878 2065; baseline 0.001 -38"><span class='ocrx_word' id='word_1_184' title='bbox 457 1972 738 2045; x_wconf 87' lang='lat' dir='ltr'><strong>tesigitur</strong></span> <span class='ocrx_word' id='word_1_185' title='bbox 754 1976 1053 2027; x_wconf 88' lang='lat' dir='ltr'><strong>summaet</strong></span> <span class='ocrx_word' id='word_1_186' title='bbox 1070 1970 1387 2043; x_wconf 90' lang='lat' dir='ltr'><strong>apostolica</strong></span> <span class='ocrx_word' id='word_1_187' title='bbox 1400 1988 1649 2026; x_wconf 88' lang='lat' dir='ltr'><strong>censura</strong></span> <span class='ocrx_word' id='word_1_188' title='bbox 1666 1969 2103 2037; x_wconf 86' lang='lat' dir='ltr'><strong>constituimus,</strong></span> <span class='ocrx_word' id='word_1_189' title='bbox 2136 2000 2186 2065; x_wconf 80' lang='grc' dir='ltr'><strong>Β</strong></span> <span class='ocrx_word' id='word_1_190' title='bbox 2289 1975 2401 2028; x_wconf 75' lang='lat' dir='ltr'><strong>Leo</strong></span> <span class='ocrx_word' id='word_1_191' title='bbox 2430 1971 2761 2043; x_wconf 89' lang='lat' dir='ltr'><strong>episcopus,</strong></span> <span class='ocrx_word' id='word_1_192' title='bbox 2794 1988 2995 2028; x_wconf 89' lang='lat' dir='ltr'><strong>servus</strong></span> <span class='ocrx_word' id='word_1_193' title='bbox 3014 1989 3309 2029; x_wconf 89' lang='lat' dir='ltr'><strong>servorum</strong></span> <span class='ocrx_word' id='word_1_194' title='bbox 3332 1974 3454 2042; x_wconf 91' lang='lat' dir='ltr'><strong>Dei,</strong></span> <span class='ocrx_word' id='word_1_195' title='bbox 3478 1975 3878 2041; x_wconf 79' lang='lat' dir='ltr'><strong>SICENOLPHO,</strong></span> 
     </span>
    </p>
   </div>
   <div class='ocr_carea' id='block_1_34' title="bbox 458 2058 2106 2133">
    <p class='ocr_par' dir='ltr' id='par_1_34' title="bbox 458 2058 2106 2133">
     <span class='ocr_line' id='line_1_34' title="bbox 458 2058 2106 2133; baseline -0.003 -16"><span class='ocrx_word' id='word_1_196' title='bbox 458 2064 524 2117; x_wconf 89' lang='lat' dir='ltr'><strong>ut</strong></span> <span class='ocrx_word' id='word_1_197' title='bbox 538 2059 1192 2133; x_wconf 86' lang='lat' dir='ltr'><strong>nullicuiquamaliquo</strong></span> <span class='ocrx_word' id='word_1_198' title='bbox 1215 2059 1273 2115; x_wconf 93' lang='lat' dir='ltr'><strong>in</strong></span> <span class='ocrx_word' id='word_1_199' title='bbox 1297 2064 1555 2132; x_wconf 90' lang='lat' dir='ltr'><strong>tempore</strong></span> <span class='ocrx_word' id='word_1_200' title='bbox 1577 2059 1748 2114; x_wconf 89' lang='lat' dir='ltr'><strong>liceat</strong></span> <span class='ocrx_word' id='word_1_201' title='bbox 1768 2058 2106 2132; x_wconf 60' lang='lat' dir='ltr'><strong>praedictam</strong></span> 
     </span>
    </p>
   </div>
   <div class='ocr_carea' id='block_1_35' title="bbox 456 2147 2106 2221">
    <p class='ocr_par' dir='ltr' id='par_1_35' title="bbox 456 2147 2106 2221">
     <span class='ocr_line' id='line_1_35' title="bbox 456 2147 2106 2221; baseline -0.002 -16"><span class='ocrx_word' id='word_1_202' title='bbox 456 2149 749 2215; x_wconf 85' lang='lat' dir='ltr'><strong>invadere,</strong></span> <span class='ocrx_word' id='word_1_203' title='bbox 780 2148 867 2204; x_wconf 89' lang='lat' dir='ltr'><strong>vel</strong></span> <span class='ocrx_word' id='word_1_204' title='bbox 896 2148 1587 2221; x_wconf 55' lang='lat' dir='ltr'><strong>tsubriperegecclesiam,</strong></span> <span class='ocrx_word' id='word_1_205' title='bbox 1649 2152 1752 2202; x_wconf 91' lang='lat' dir='ltr'><strong>aut</strong></span> <span class='ocrx_word' id='word_1_206' title='bbox 1804 2147 1860 2200; x_wconf 91' lang='lat' dir='ltr'><strong>in</strong></span> <span class='ocrx_word' id='word_1_207' title='bbox 1911 2147 2106 2219; x_wconf 89' lang='lat' dir='ltr'><strong>aliquo</strong></span> 
     </span>
    </p>
   </div>
   <div class='ocr_carea' id='block_1_36' title="bbox 448 2235 2108 2311">
    <p class='ocr_par' dir='ltr' id='par_1_36' title="bbox 448 2235 2108 2311">
     <span class='ocr_line' id='line_1_36' title="bbox 448 2235 2108 2311; baseline -0.002 -18"><span class='ocrx_word' id='word_1_208' title='bbox 448 2239 611 2311; x_wconf 91' lang='lat' dir='ltr'><strong>juste</strong></span> <span class='ocrx_word' id='word_1_209' title='bbox 627 2237 739 2293; x_wconf 90' lang='lat' dir='ltr'><strong>sibi</strong></span> <span class='ocrx_word' id='word_1_210' title='bbox 757 2255 826 2293; x_wconf 87' lang='lat' dir='ltr'><strong>ex</strong></span> <span class='ocrx_word' id='word_1_211' title='bbox 845 2237 1313 2310; x_wconf 89' lang='lat' dir='ltr'><strong>competentibus</strong></span> <span class='ocrx_word' id='word_1_212' title='bbox 1328 2253 1452 2291; x_wconf 91' lang='lat' dir='ltr'><strong>eam</strong></span> <span class='ocrx_word' id='word_1_213' title='bbox 1469 2236 1695 2303; x_wconf 70' lang='lat' dir='ltr'><strong>lmdere,</strong></span> <span class='ocrx_word' id='word_1_214' title='bbox 1714 2235 1799 2290; x_wconf 88' lang='lat' dir='ltr'><strong>vel</strong></span> <span class='ocrx_word' id='word_1_215' title='bbox 1822 2236 2108 2301; x_wconf 83' lang='lat' dir='ltr'><strong>minuere,</strong></span> 
     </span>
    </p>
   </div>
   <div class='ocr_carea' id='block_1_37' title="bbox 453 2323 2107 2399">
    <p class='ocr_par' dir='ltr' id='par_1_37' title="bbox 453 2323 2107 2399">
     <span class='ocr_line' id='line_1_37' title="bbox 453 2323 2107 2399; baseline -0.002 -17"><span class='ocrx_word' id='word_1_216' title='bbox 453 2326 545 2383; x_wconf 84' lang='lat' dir='ltr'><strong>vel</strong></span> <span class='ocrx_word' id='word_1_217' title='bbox 574 2326 804 2399; x_wconf 90' lang='lat' dir='ltr'><strong>direpta</strong></span> <span class='ocrx_word' id='word_1_218' title='bbox 830 2325 1053 2396; x_wconf 86' lang='lat' dir='ltr'><strong>injuste</strong></span> <span class='ocrx_word' id='word_1_219' title='bbox 1083 2325 1533 2398; x_wconf 51' lang='lat' dir='ltr'><strong>eiicontendere,</strong></span> <span class='ocrx_word' id='word_1_220' title='bbox 1565 2342 1665 2379; x_wconf 89' lang='lat' dir='ltr'><strong>seu</strong></span> <span class='ocrx_word' id='word_1_221' title='bbox 1700 2342 1732 2379; x_wconf 89' lang='lat' dir='ltr'><strong>a</strong></span> <span class='ocrx_word' id='word_1_222' title='bbox 1755 2323 2107 2379; x_wconf 89' lang='lat' dir='ltr'><strong>monasterio</strong></span> 
     </span>
    </p>
   </div>
   <div class='ocr_carea' id='block_1_38' title="bbox 457 2413 2107 2484">
    <p class='ocr_par' dir='ltr' id='par_1_38' title="bbox 457 2413 2107 2484">
     <span class='ocr_line' id='line_1_38' title="bbox 457 2413 2107 2484; baseline -0.003 -13"><span class='ocrx_word' id='word_1_223' title='bbox 457 2414 647 2471; x_wconf 83' lang='lat' dir='ltr'><strong>sancti</strong></span> <span class='ocrx_word' id='word_1_224' title='bbox 677 2418 735 2469; x_wconf 90' lang='lat' dir='ltr'><strong>et</strong></span> <span class='ocrx_word' id='word_1_225' title='bbox 762 2413 1087 2470; x_wconf 87' lang='lat' dir='ltr'><strong>beatissimi</strong></span> <span class='ocrx_word' id='word_1_226' title='bbox 1126 2413 1419 2468; x_wconf 92' lang='lat' dir='ltr'><strong>Benedicti</strong></span> <span class='ocrx_word' id='word_1_227' title='bbox 1468 2418 1665 2469; x_wconf 88' lang='lat' dir='ltr'><strong>monte</strong></span> <span class='ocrx_word' id='word_1_228' title='bbox 1713 2413 1921 2468; x_wconf 84' lang='lat' dir='ltr'><strong>Casino</strong></span> <span class='ocrx_word' id='word_1_229' title='bbox 1954 2413 2107 2484; x_wconf 91' lang='lat' dir='ltr'><strong>posi-</strong></span> 
     </span>
    </p>
   </div>
   <div class='ocr_carea' id='block_1_39' title="bbox 457 2500 2110 2575">
    <p class='ocr_par' dir='ltr' id='par_1_39' title="bbox 457 2500 2110 2575">
     <span class='ocr_line' id='line_1_39' title="bbox 457 2500 2110 2575; baseline -0.001 -17"><span class='ocrx_word' id='word_1_230' title='bbox 457 2501 883 2575; x_wconf 57' lang='lat' dir='ltr'><strong>tumgavellere,</strong></span> <span class='ocrx_word' id='word_1_231' title='bbox 917 2502 1039 2556; x_wconf 88' lang='lat' dir='ltr'><strong>sive</strong></span> <span class='ocrx_word' id='word_1_232' title='bbox 1068 2500 1343 2567; x_wconf 88' lang='lat' dir='ltr'><strong>alienare,</strong></span> <span class='ocrx_word' id='word_1_233' title='bbox 1376 2506 1479 2557; x_wconf 89' lang='lat' dir='ltr'><strong>aut</strong></span> <span class='ocrx_word' id='word_1_234' title='bbox 1524 2502 1809 2574; x_wconf 84' lang='lat' dir='ltr'><strong>quidquid</strong></span> <span class='ocrx_word' id='word_1_235' title='bbox 1842 2501 1926 2556; x_wconf 92' lang='lat' dir='ltr'><strong>illi</strong></span> <span class='ocrx_word' id='word_1_236' title='bbox 1949 2503 2110 2573; x_wconf 90' lang='lat' dir='ltr'><strong>juste</strong></span> 
     </span>
    </p>
   </div>
   <div class='ocr_carea' id='block_1_40' title="bbox 457 2590 2108 2665">
    <p class='ocr_par' dir='ltr' id='par_1_40' title="bbox 457 2590 2108 2665">
     <span class='ocr_line' id='line_1_40' title="bbox 457 2590 2108 2665; baseline -0.002 -17"><span class='ocrx_word' id='word_1_237' title='bbox 457 2592 580 2665; x_wconf 87' lang='lat' dir='ltr'><strong>jam</strong></span> <span class='ocrx_word' id='word_1_238' title='bbox 611 2606 888 2647; x_wconf 88' lang='lat' dir='ltr'><strong>concessa</strong></span> <span class='ocrx_word' id='word_1_239' title='bbox 918 2590 1187 2661; x_wconf 84' lang='lat' dir='ltr'><strong>quamvis</strong></span> <span class='ocrx_word' id='word_1_240' title='bbox 1216 2590 1523 2645; x_wconf 89' lang='lat' dir='ltr'><strong>videantur</strong></span> <span class='ocrx_word' id='word_1_241' title='bbox 1545 2592 1616 2645; x_wconf 89' lang='lat' dir='ltr'><strong>ab</strong></span> <span class='ocrx_word' id='word_1_242' title='bbox 1637 2590 1768 2645; x_wconf 91' lang='lat' dir='ltr'><strong>aliis</strong></span> <span class='ocrx_word' id='word_1_243' title='bbox 1791 2608 1944 2647; x_wconf 91' lang='lat' dir='ltr'><strong>nunc</strong></span> <span class='ocrx_word' id='word_1_244' title='bbox 1977 2608 2108 2662; x_wconf 91' lang='lat' dir='ltr'><strong>pos-</strong></span> 
     </span>
    </p>
   </div>
   <div class='ocr_carea' id='block_1_41' title="bbox 459 2677 2112 2750">
    <p class='ocr_par' dir='ltr' id='par_1_41' title="bbox 459 2677 2112 2750">
     <span class='ocr_line' id='line_1_41' title="bbox 459 2677 2112 2750; baseline -0.002 -13"><span class='ocrx_word' id='word_1_245' title='bbox 459 2696 646 2747; x_wconf 87' lang='lat' dir='ltr'><strong>sessa,</strong></span> <span class='ocrx_word' id='word_1_246' title='bbox 676 2677 765 2735; x_wconf 85' lang='lat' dir='ltr'><strong>vel</strong></span> <span class='ocrx_word' id='word_1_247' title='bbox 798 2695 925 2750; x_wconf 66' lang='lat' dir='ltr'><strong>qua:</strong></span> <span class='ocrx_word' id='word_1_248' title='bbox 954 2677 1058 2733; x_wconf 92' lang='lat' dir='ltr'><strong>tibi</strong></span> <span class='ocrx_word' id='word_1_249' title='bbox 1091 2682 1231 2733; x_wconf 89' lang='lat' dir='ltr'><strong>sunt</strong></span> <span class='ocrx_word' id='word_1_250' title='bbox 1260 2678 1451 2733; x_wconf 90' lang='lat' dir='ltr'><strong>adhuc</strong></span> <span class='ocrx_word' id='word_1_251' title='bbox 1491 2680 1875 2746; x_wconf 88' lang='lat' dir='ltr'><strong>concedenda,</strong></span> <span class='ocrx_word' id='word_1_252' title='bbox 1910 2684 2112 2734; x_wconf 90' lang='lat' dir='ltr'><strong>contra</strong></span> 
     </span>
    </p>
   </div>
   <div class='ocr_carea' id='block_1_42' title="bbox 460 2767 2111 2842">
    <p class='ocr_par' dir='ltr' id='par_1_42' title="bbox 460 2767 2111 2842">
     <span class='ocr_line' id='line_1_42' title="bbox 460 2767 2111 2842; baseline -0.003 -16"><span class='ocrx_word' id='word_1_253' title='bbox 460 2768 756 2842; x_wconf 65' lang='lat' dir='ltr'><strong>aequitatis</strong></span> <span class='ocrx_word' id='word_1_254' title='bbox 779 2767 1075 2838; x_wconf 89' lang='lat' dir='ltr'><strong>justitiam</strong></span> <span class='ocrx_word' id='word_1_255' title='bbox 1108 2767 1430 2839; x_wconf 88' lang='lat' dir='ltr'><strong>subripere,</strong></span> <span class='ocrx_word' id='word_1_256' title='bbox 1464 2768 1752 2831; x_wconf 89' lang='lat' dir='ltr'><strong>invadere,</strong></span> <span class='ocrx_word' id='word_1_257' title='bbox 1788 2785 1891 2823; x_wconf 89' lang='lat' dir='ltr'><strong>seu</strong></span> <span class='ocrx_word' id='word_1_258' title='bbox 1924 2767 2111 2823; x_wconf 90' lang='lat' dir='ltr'><strong>diver-</strong></span> 
     </span>
    </p>
   </div>
   <div class='ocr_carea' id='block_1_43' title="bbox 458 2854 2107 2928">
    <p class='ocr_par' dir='ltr' id='par_1_43' title="bbox 458 2854 2107 2928">
     <span class='ocr_line' id='line_1_43' title="bbox 458 2854 2107 2928; baseline -0.001 -16"><span class='ocrx_word' id='word_1_259' title='bbox 458 2854 712 2927; x_wconf 67' lang='lat' dir='ltr'><strong>tire,§vel</strong></span> <span class='ocrx_word' id='word_1_260' title='bbox 743 2855 1147 2928; x_wconf 64' lang='lat' dir='ltr'><strong>aliquo&#39;,modo</strong></span> <span class='ocrx_word' id='word_1_261' title='bbox 1191 2857 1556 2911; x_wconf 87' lang='lat' dir='ltr'><strong>contendere.</strong></span> <span class='ocrx_word' id='word_1_262' title='bbox 1591 2855 1714 2911; x_wconf 91' lang='lat' dir='ltr'><strong>Non</strong></span> <span class='ocrx_word' id='word_1_263' title='bbox 1749 2856 2107 2927; x_wconf 90' lang='lat' dir='ltr'><strong>imperiator,</strong></span> 
     </span>
    </p>
   </div>
   <div class='ocr_carea' id='block_1_44' title="bbox 460 2943 2111 3015">
    <p class='ocr_par' dir='ltr' id='par_1_44' title="bbox 460 2943 2111 3015">
     <span class='ocr_line' id='line_1_44' title="bbox 460 2943 2111 3015; baseline -0.001 -13"><span class='ocrx_word' id='word_1_264' title='bbox 460 2948 564 3002; x_wconf 87' lang='lat' dir='ltr'><strong>aut</strong></span> <span class='ocrx_word' id='word_1_265' title='bbox 593 2960 713 3012; x_wconf 84' lang='lat' dir='ltr'><strong>rex,</strong></span> <span class='ocrx_word' id='word_1_266' title='bbox 746 2961 883 3011; x_wconf 92' lang='lat' dir='ltr'><strong>non,</strong></span> <span class='ocrx_word' id='word_1_267' title='bbox 908 2943 1173 3015; x_wconf 89' lang='lat' dir='ltr'><strong>inquam,</strong></span> <span class='ocrx_word' id='word_1_268' title='bbox 1208 2944 1345 3012; x_wconf 88' lang='lat' dir='ltr'><strong>dux,</strong></span> <span class='ocrx_word' id='word_1_269' title='bbox 1370 2944 1456 2999; x_wconf 88' lang='lat' dir='ltr'><strong>vel</strong></span> <span class='ocrx_word' id='word_1_270' title='bbox 1483 2944 1763 3012; x_wconf 80' lang='lat' dir='ltr'><strong>mnrcbio,</strong></span> <span class='ocrx_word' id='word_1_271' title='bbox 1792 2962 1986 3000; x_wconf 89' lang='lat' dir='ltr'><strong>comes</strong></span> <span class='ocrx_word' id='word_1_272' title='bbox 2009 2950 2111 3000; x_wconf 90' lang='lat' dir='ltr'><strong>aut</strong></span> 
     </span>
    </p>
   </div>
   <div class='ocr_carea' id='block_1_45' title="bbox 455 3032 2106 3105">
    <p class='ocr_par' dir='ltr' id='par_1_45' title="bbox 455 3032 2106 3105">
     <span class='ocr_line' id='line_1_45' title="bbox 455 3032 2106 3105; baseline -0.001 -14"><span class='ocrx_word' id='word_1_273' title='bbox 455 3034 963 3101; x_wconf 43' lang='lat' dir='ltr'><strong>vicecomes,~&quot;,_.non</strong></span> <span class='ocrx_word' id='word_1_274' title='bbox 1024 3032 1519 3105; x_wconf 86' lang='lat' dir='ltr'><strong>archiepiscopus,</strong></span> <span class='ocrx_word' id='word_1_275' title='bbox 1597 3051 1698 3089; x_wconf 91' lang='lat' dir='ltr'><strong>seu</strong></span> <span class='ocrx_word' id='word_1_276' title='bbox 1776 3035 2106 3104; x_wconf 86' lang='lat' dir='ltr'><strong>episcopus,</strong></span> 
     </span>
    </p>
   </div>
   <div class='ocr_carea' id='block_1_46' title="bbox 455 3121 2110 3194">
    <p class='ocr_par' dir='ltr' id='par_1_46' title="bbox 455 3121 2110 3194">
     <span class='ocr_line' id='line_1_46' title="bbox 455 3121 2110 3194; baseline -0.002 -15"><span class='ocrx_word' id='word_1_277' title='bbox 455 3126 559 3180; x_wconf 84' lang='lat' dir='ltr'><strong>aut</strong></span> <span class='ocrx_word' id='word_1_278' title='bbox 578 3121 1170 3194; x_wconf 78' lang='lat' dir='ltr'><strong>aliquiscujusquam</strong></span> <span class='ocrx_word' id='word_1_279' title='bbox 1192 3122 1433 3188; x_wconf 88' lang='lat' dir='ltr'><strong>ordinis,</strong></span> <span class='ocrx_word' id='word_1_280' title='bbox 1453 3122 1572 3177; x_wconf 90' lang='lat' dir='ltr'><strong>sive</strong></span> <span class='ocrx_word' id='word_1_281' title='bbox 1592 3123 1897 3193; x_wconf 87' lang='lat' dir='ltr'><strong>potestatis</strong></span> <span class='ocrx_word' id='word_1_282' title='bbox 1922 3122 2110 3176; x_wconf 86' lang='lat' dir='ltr'><strong>muni-</strong></span> 
     </span>
    </p>
   </div>
   <div class='ocr_carea' id='block_1_47' title="bbox 461 3209 2109 3282">
    <p class='ocr_par' dir='ltr' id='par_1_47' title="bbox 461 3209 2109 3282">
     <span class='ocr_line' id='line_1_47' title="bbox 461 3209 2109 3282; baseline -0.001 -15"><span class='ocrx_word' id='word_1_283' title='bbox 461 3212 622 3267; x_wconf 83' lang='lat' dir='ltr'><strong>mine</strong></span> <span class='ocrx_word' id='word_1_284' title='bbox 668 3209 1329 3282; x_wconf 68' lang='lat' dir='ltr'><strong>fultus,§cujuscunque</strong></span> <span class='ocrx_word' id='word_1_285' title='bbox 1378 3210 1747 3277; x_wconf 89' lang='lat' dir='ltr'><strong>conditionis,</strong></span> <span class='ocrx_word' id='word_1_286' title='bbox 1797 3209 1886 3265; x_wconf 90' lang='lat' dir='ltr'><strong>vel</strong></span> <span class='ocrx_word' id='word_1_287' title='bbox 1935 3227 2109 3266; x_wconf 83' lang='lat' dir='ltr'><strong>sexus</strong></span> 
     </span>
    </p>
   </div>
   <div class='ocr_carea' id='block_1_48' title="bbox 460 3299 2107 3374">
    <p class='ocr_par' dir='ltr' id='par_1_48' title="bbox 460 3299 2107 3374">
     <span class='ocr_line' id='line_1_48' title="bbox 460 3299 2107 3374; baseline -0.001 -17"><span class='ocrx_word' id='word_1_288' title='bbox 460 3316 734 3374; x_wconf 88' lang='lat' dir='ltr'><strong>persona,</strong></span> <span class='ocrx_word' id='word_1_289' title='bbox 766 3299 1096 3371; x_wconf 86' lang='lat' dir='ltr'><strong>contra|hoc</strong></span> <span class='ocrx_word' id='word_1_290' title='bbox 1116 3304 1329 3354; x_wconf 60' lang='lat' dir='ltr'><strong>nostra;</strong></span> <span class='ocrx_word' id='word_1_291' title='bbox 1376 3299 1697 3355; x_wconf 85' lang='lat' dir='ltr'><strong>sanctionis</strong></span> <span class='ocrx_word' id='word_1_292' title='bbox 1741 3299 2107 3371; x_wconf 83' lang='lat' dir='ltr'><strong>privilegium</strong></span> 
     </span>
    </p>
   </div>
   <div class='ocr_carea' id='block_1_49' title="bbox 467 3387 2110 3460">
    <p class='ocr_par' dir='ltr' id='par_1_49' title="bbox 467 3387 2110 3460">
     <span class='ocr_line' id='line_1_49' title="bbox 467 3387 2110 3460; baseline -0.001 -13"><span class='ocrx_word' id='word_1_293' title='bbox 467 3390 628 3447; x_wconf 88' lang='lat' dir='ltr'><strong>adire</strong></span> <span class='ocrx_word' id='word_1_294' title='bbox 657 3389 888 3445; x_wconf 90' lang='lat' dir='ltr'><strong>audeat.</strong></span> <span class='ocrx_word' id='word_1_295' title='bbox 923 3388 1266 3460; x_wconf 87' lang='lat' dir='ltr'><strong>Quicunque</strong></span> <span class='ocrx_word' id='word_1_296' title='bbox 1295 3388 1476 3460; x_wconf 84' lang='lat' dir='ltr'><strong>igitur</strong></span> <span class='ocrx_word' id='word_1_297' title='bbox 1504 3392 1706 3443; x_wconf 88' lang='lat' dir='ltr'><strong>contra</strong></span> <span class='ocrx_word' id='word_1_298' title='bbox 1752 3387 1861 3443; x_wconf 93' lang='lat' dir='ltr'><strong>hoc</strong></span> <span class='ocrx_word' id='word_1_299' title='bbox 1900 3389 2110 3459; x_wconf 89' lang='lat' dir='ltr'><strong>justis-</strong></span> 
     </span>
    </p>
   </div>
   <div class='ocr_carea' id='block_1_50' title="bbox 467 3477 2112 3551">
    <p class='ocr_par' dir='ltr' id='par_1_50' title="bbox 467 3477 2112 3551">
     <span class='ocr_line' id='line_1_50' title="bbox 467 3477 2112 3551; baseline -0.002 -15"><span class='ocrx_word' id='word_1_300' title='bbox 467 3480 630 3537; x_wconf 73' lang='lat' dir='ltr'><strong>simaa</strong></span> <span class='ocrx_word' id='word_1_301' title='bbox 662 3478 1080 3534; x_wconf 89' lang='lat' dir='ltr'><strong>moderationis</strong></span> <span class='ocrx_word' id='word_1_302' title='bbox 1128 3479 1446 3543; x_wconf 89' lang='lat' dir='ltr'><strong>decretum,</strong></span> <span class='ocrx_word' id='word_1_303' title='bbox 1498 3483 1672 3549; x_wconf 89' lang='lat' dir='ltr'><strong>atque</strong></span> <span class='ocrx_word' id='word_1_304' title='bbox 1723 3477 2112 3551; x_wconf 86' lang='lat' dir='ltr'><strong>privilegium,</strong></span> 
     </span>
    </p>
   </div>
   <div class='ocr_carea' id='block_1_51' title="bbox 468 3566 2115 3643">
    <p class='ocr_par' dir='ltr' id='par_1_51' title="bbox 468 3566 2115 3643">
     <span class='ocr_line' id='line_1_51' title="bbox 468 3566 2115 3643; baseline -0.001 -18"><span class='ocrx_word' id='word_1_305' title='bbox 468 3569 625 3643; x_wconf 88' lang='lat' dir='ltr'><strong>quod</strong></span> <span class='ocrx_word' id='word_1_306' title='bbox 655 3567 997 3623; x_wconf 87' lang='lat' dir='ltr'><strong>auctoritate</strong></span> <span class='ocrx_word' id='word_1_307' title='bbox 1026 3566 1365 3639; x_wconf 90' lang='lat' dir='ltr'><strong>apostolica,</strong></span> <span class='ocrx_word' id='word_1_308' title='bbox 1400 3571 1695 3622; x_wconf 90' lang='lat' dir='ltr'><strong>annuente</strong></span> <span class='ocrx_word' id='word_1_309' title='bbox 1716 3567 1832 3622; x_wconf 91' lang='lat' dir='ltr'><strong>Deo</strong></span> <span class='ocrx_word' id='word_1_310' title='bbox 1854 3568 2115 3639; x_wconf 87' lang='lat' dir='ltr'><strong>omnipo-</strong></span> 
     </span>
    </p>
   </div>
   <div class='ocr_carea' id='block_1_52' title="bbox 469 3655 2113 3728">
    <p class='ocr_par' dir='ltr' id='par_1_52' title="bbox 469 3655 2113 3728">
     <span class='ocr_line' id='line_1_52' title="bbox 469 3655 2113 3728; baseline -0.001 -14"><span class='ocrx_word' id='word_1_311' title='bbox 469 3662 647 3725; x_wconf 88' lang='lat' dir='ltr'><strong>tente,</strong></span> <span class='ocrx_word' id='word_1_312' title='bbox 667 3656 1022 3713; x_wconf 90' lang='lat' dir='ltr'><strong>monasterio</strong></span> <span class='ocrx_word' id='word_1_313' title='bbox 1036 3656 1152 3711; x_wconf 90' lang='lat' dir='ltr'><strong>Deo</strong></span> <span class='ocrx_word' id='word_1_314' title='bbox 1175 3655 1506 3728; x_wconf 86' lang='lat' dir='ltr'><strong>dignissimi</strong></span> <span class='ocrx_word' id='word_1_315' title='bbox 1532 3656 1843 3721; x_wconf 88' lang='lat' dir='ltr'><strong>Benedicti,</strong></span> <span class='ocrx_word' id='word_1_316' title='bbox 1863 3657 2113 3712; x_wconf 82' lang='lat' dir='ltr'><strong>cunctis-</strong></span> 
     </span>
    </p>
   </div>
   <div class='ocr_carea' id='block_1_53' title="bbox 467 3743 2112 3820">
    <p class='ocr_par' dir='ltr' id='par_1_53' title="bbox 467 3743 2112 3820">
     <span class='ocr_line' id='line_1_53' title="bbox 467 3743 2112 3820; baseline -0.002 -18"><span class='ocrx_word' id='word_1_317' title='bbox 467 3763 583 3820; x_wconf 87' lang='lat' dir='ltr'><strong>que</strong></span> <span class='ocrx_word' id='word_1_318' title='bbox 607 3745 745 3801; x_wconf 92' lang='lat' dir='ltr'><strong>illuc</strong></span> <span class='ocrx_word' id='word_1_319' title='bbox 767 3747 929 3817; x_wconf 86' lang='lat' dir='ltr'><strong>juste</strong></span> <span class='ocrx_word' id='word_1_320' title='bbox 941 3744 1346 3817; x_wconf 64' lang='lat' dir='ltr'><strong>praeordinatis</strong></span> <span class='ocrx_word' id='word_1_321' title='bbox 1360 3744 1668 3799; x_wconf 84' lang='lat' dir='ltr'><strong>abbatibus</strong></span> <span class='ocrx_word' id='word_1_322' title='bbox 1689 3743 1793 3800; x_wconf 87' lang='lat' dir='ltr'><strong>feci</strong></span> <span class='ocrx_word' id='word_1_323' title='bbox 1805 3760 1957 3809; x_wconf 91' lang='lat' dir='ltr'><strong>mus,</strong></span> <span class='ocrx_word' id='word_1_324' title='bbox 1975 3761 2112 3799; x_wconf 92' lang='lat' dir='ltr'><strong>con-</strong></span> 
     </span>
    </p>
   </div>
   <div class='ocr_carea' id='block_1_54' title="bbox 461 3832 2114 3908">
    <p class='ocr_par' dir='ltr' id='par_1_54' title="bbox 461 3832 2114 3908">
     <span class='ocr_line' id='line_1_54' title="bbox 461 3832 2114 3908; baseline -0.002 -17"><span class='ocrx_word' id='word_1_325' title='bbox 461 3834 853 3903; x_wconf 80' lang='lat' dir='ltr'><strong>ﬁrmavimus,</strong></span> <span class='ocrx_word' id='word_1_326' title='bbox 903 3839 1078 3908; x_wconf 89' lang='lat' dir='ltr'><strong>atque</strong></span> <span class='ocrx_word' id='word_1_327' title='bbox 1125 3833 1630 3889; x_wconf 89' lang='lat' dir='ltr'><strong>corroboravimus</strong></span> <span class='ocrx_word' id='word_1_328' title='bbox 1680 3832 2015 3888; x_wconf 88' lang='lat' dir='ltr'><strong>contraierit</strong></span> <span class='ocrx_word' id='word_1_329' title='bbox 2057 3838 2114 3889; x_wconf 91' lang='lat' dir='ltr'><strong>et</strong></span> 
     </span>
    </p>
   </div>
   <div class='ocr_carea' id='block_1_55' title="bbox 462 3921 2108 3994">
    <p class='ocr_par' dir='ltr' id='par_1_55' title="bbox 462 3921 2108 3994">
     <span class='ocr_line' id='line_1_55' title="bbox 462 3921 2108 3994; baseline -0.002 -14"><span class='ocrx_word' id='word_1_330' title='bbox 462 3922 697 3980; x_wconf 82' lang='lat' dir='ltr'><strong>rebellis</strong></span> <span class='ocrx_word' id='word_1_331' title='bbox 722 3923 997 3988; x_wconf 79' lang='lat' dir='ltr'><strong>extiterit,</strong></span> <span class='ocrx_word' id='word_1_332' title='bbox 1028 3922 1140 3979; x_wconf 89' lang='lat' dir='ltr'><strong>nisi</strong></span> <span class='ocrx_word' id='word_1_333' title='bbox 1184 3921 1513 3994; x_wconf 88' lang='lat' dir='ltr'><strong>resipuerit,</strong></span> <span class='ocrx_word' id='word_1_334' title='bbox 1560 3927 1838 3993; x_wconf 88' lang='lat' dir='ltr'><strong>perpetuo</strong></span> <span class='ocrx_word' id='word_1_335' title='bbox 1885 3922 2108 3977; x_wconf 87' lang='lat' dir='ltr'><strong>confes-</strong></span> 
     </span>
    </p>
   </div>
   <div class='ocr_carea' id='block_1_56' title="bbox 460 4010 2109 4082">
    <p class='ocr_par' dir='ltr' id='par_1_56' title="bbox 460 4010 2109 4082">
     <span class='ocr_line' id='line_1_56' title="bbox 460 4010 2109 4082; baseline -0.002 -14"><span class='ocrx_word' id='word_1_336' title='bbox 460 4029 563 4068; x_wconf 83' lang='lat' dir='ltr'><strong>sus</strong></span> <span class='ocrx_word' id='word_1_337' title='bbox 593 4010 1233 4080; x_wconf 40' lang='lat' dir='ltr'><strong>anathemateLultrices</strong></span> <span class='ocrx_word' id='word_1_338' title='bbox 1281 4010 1635 4065; x_wconf 84' lang='lat' dir='ltr'><strong>aeternaliter</strong></span> <span class='ocrx_word' id='word_1_339' title='bbox 1680 4027 1881 4082; x_wconf 70' lang='lat' dir='ltr'><strong>pmnas</strong></span> <span class='ocrx_word' id='word_1_340' title='bbox 1930 4011 2109 4064; x_wconf 90' lang='lat' dir='ltr'><strong>susti-</strong></span> 
     </span>
    </p>
   </div>
   <div class='ocr_carea' id='block_1_57' title="bbox 432 4088 2107 4170">
    <p class='ocr_par' dir='ltr' id='par_1_57' title="bbox 432 4088 2107 4170">
     <span class='ocr_line' id='line_1_57' title="bbox 432 4088 2107 4170; baseline -0.001 -14"><span class='ocrx_word' id='word_1_341' title='bbox 432 4088 610 4156; x_wconf 50' lang='lat' dir='ltr'><strong>&#39;neat.</strong></span> <span class='ocrx_word' id='word_1_342' title='bbox 645 4100 1028 4157; x_wconf 88' lang='lat' dir='ltr'><strong>Conservator</strong></span> <span class='ocrx_word' id='word_1_343' title='bbox 1055 4098 1544 4170; x_wconf 61' lang='lat' dir='ltr'><strong>vero-&quot;gbeatissimi</strong></span> <span class='ocrx_word' id='word_1_344' title='bbox 1577 4097 1871 4154; x_wconf 89' lang='lat' dir='ltr'><strong>Benedicti</strong></span> <span class='ocrx_word' id='word_1_345' title='bbox 1904 4115 2107 4154; x_wconf 90' lang='lat' dir='ltr'><strong>mona-</strong></span> 
     </span>
    </p>
   </div>
   <div class='ocr_carea' id='block_1_58' title="bbox 452 4186 2106 4258">
    <p class='ocr_par' dir='ltr' id='par_1_58' title="bbox 452 4186 2106 4258">
     <span class='ocr_line' id='line_1_58' title="bbox 452 4186 2106 4258; baseline -0.001 -14"><span class='ocrx_word' id='word_1_346' title='bbox 452 4188 697 4244; x_wconf 85' lang='lat' dir='ltr'><strong>chorum</strong></span> <span class='ocrx_word' id='word_1_347' title='bbox 727 4187 938 4253; x_wconf 89' lang='lat' dir='ltr'><strong>Patris,</strong></span> <span class='ocrx_word' id='word_1_348' title='bbox 971 4193 1025 4241; x_wconf 92' lang='lat' dir='ltr'><strong>et</strong></span> <span class='ocrx_word' id='word_1_349' title='bbox 1057 4187 1222 4241; x_wconf 90' lang='lat' dir='ltr'><strong>ducis</strong></span> <span class='ocrx_word' id='word_1_350' title='bbox 1248 4186 1462 4258; x_wconf 85' lang='lat' dir='ltr'><strong>egregii</strong></span> <span class='ocrx_word' id='word_1_351' title='bbox 1486 4186 1775 4258; x_wconf 91' lang='lat' dir='ltr'><strong>precibus,</strong></span> <span class='ocrx_word' id='word_1_352' title='bbox 1800 4191 1856 4241; x_wconf 92' lang='lat' dir='ltr'><strong>et</strong></span> <span class='ocrx_word' id='word_1_353' title='bbox 1882 4186 2106 4243; x_wconf 90' lang='lat' dir='ltr'><strong>meritis</strong></span> 
     </span>
    </p>
   </div>
   <div class='ocr_carea' id='block_1_59' title="bbox 454 4273 2101 4343">
    <p class='ocr_par' dir='ltr' id='par_1_59' title="bbox 454 4273 2101 4343">
     <span class='ocr_line' id='line_1_59' title="bbox 454 4273 2101 4343; baseline 0.001 -13"><span class='ocrx_word' id='word_1_354' title='bbox 454 4275 711 4343; x_wconf 86' lang='lat' dir='ltr'><strong>auditus,</strong></span> <span class='ocrx_word' id='word_1_355' title='bbox 764 4276 835 4329; x_wconf 88' lang='lat' dir='ltr'><strong>ab</strong></span> <span class='ocrx_word' id='word_1_356' title='bbox 875 4273 1037 4329; x_wconf 91' lang='lat' dir='ltr'><strong>omni</strong></span> <span class='ocrx_word' id='word_1_357' title='bbox 1085 4278 1246 4328; x_wconf 91' lang='lat' dir='ltr'><strong>reatu</strong></span> <span class='ocrx_word' id='word_1_358' title='bbox 1295 4273 1619 4342; x_wconf 88' lang='lat' dir='ltr'><strong>absolutus,</strong></span> <span class='ocrx_word' id='word_1_359' title='bbox 1682 4274 2101 4331; x_wconf 88' lang='lat' dir='ltr'><strong>benedictionis</strong></span> 
     </span>
    </p>
   </div>
   <div class='ocr_carea' id='block_1_60' title="bbox 455 4360 1959 4435">
    <p class='ocr_par' dir='ltr' id='par_1_60' title="bbox 455 4360 1959 4435">
     <span class='ocr_line' id='line_1_60' title="bbox 455 4360 1959 4435; baseline 0 -18"><span class='ocrx_word' id='word_1_360' title='bbox 455 4360 819 4435; x_wconf 73' lang='lat' dir='ltr'><strong>gratiam,‘et</strong></span> <span class='ocrx_word' id='word_1_361' title='bbox 846 4362 1027 4416; x_wconf 89' lang='lat' dir='ltr'><strong>vitam</strong></span> <span class='ocrx_word' id='word_1_362' title='bbox 1059 4361 1307 4431; x_wconf 90' lang='lat' dir='ltr'><strong>adipisci</strong></span> <span class='ocrx_word' id='word_1_363' title='bbox 1339 4366 1630 4417; x_wconf 87' lang='lat' dir='ltr'><strong>mereatur</strong></span> <span class='ocrx_word' id='word_1_364' title='bbox 1662 4367 1959 4418; x_wconf 69' lang='lat' dir='ltr'><strong>aeternam.</strong></span> 
     </span>
    </p>
   </div>
   <div class='ocr_carea' id='block_1_61' title="bbox 527 4450 2101 4522">
    <p class='ocr_par' dir='ltr' id='par_1_61' title="bbox 527 4450 2101 4522">
     <span class='ocr_line' id='line_1_61' title="bbox 527 4450 2101 4522; baseline 0.002 -16"><span class='ocrx_word' id='word_1_365' title='bbox 527 4451 675 4506; x_wconf 84' lang='lat' dir='ltr'><strong>Data</strong></span> <span class='ocrx_word' id='word_1_366' title='bbox 703 4465 807 4522; x_wconf 89' lang='lat' dir='ltr'><strong>per</strong></span> <span class='ocrx_word' id='word_1_367' title='bbox 835 4467 1048 4506; x_wconf 91' lang='lat' dir='ltr'><strong>manus</strong></span> <span class='ocrx_word' id='word_1_368' title='bbox 1080 4450 1363 4505; x_wconf 88' lang='lat' dir='ltr'><strong>Frederici</strong></span> <span class='ocrx_word' id='word_1_369' title='bbox 1412 4451 1663 4506; x_wconf 90' lang='lat' dir='ltr'><strong>diaconi.</strong></span> <span class='ocrx_word' id='word_1_370' title='bbox 1717 4453 1775 4507; x_wconf 91' lang='lat' dir='ltr'><strong>S.</strong></span> <span class='ocrx_word' id='word_1_371' title='bbox 1830 4453 2101 4509; x_wconf 65' lang='lat' dir='ltr'><strong>Romanis</strong></span> 
     </span>
    </p>
   </div>
   <div class='ocr_carea' id='block_1_62' title="bbox 454 4537 2101 4607">
    <p class='ocr_par' dir='ltr' id='par_1_62' title="bbox 454 4537 2101 4607">
     <span class='ocr_line' id='line_1_62' title="bbox 454 4537 2101 4607; baseline 0.001 -12"><span class='ocrx_word' id='word_1_372' title='bbox 454 4537 727 4595; x_wconf 65' lang='lat' dir='ltr'><strong>Ecclesia</strong></span> <span class='ocrx_word' id='word_1_373' title='bbox 754 4538 1084 4595; x_wconf 89' lang='lat' dir='ltr'><strong>cancellarii</strong></span> <span class='ocrx_word' id='word_1_374' title='bbox 1139 4543 1195 4595; x_wconf 93' lang='lat' dir='ltr'><strong>et</strong></span> <span class='ocrx_word' id='word_1_375' title='bbox 1234 4538 1677 4607; x_wconf 87' lang='lat' dir='ltr'><strong>bibliothecarii,</strong></span> <span class='ocrx_word' id='word_1_376' title='bbox 1728 4541 1851 4596; x_wconf 91' lang='lat' dir='ltr'><strong>vice</strong></span> <span class='ocrx_word' id='word_1_377' title='bbox 1901 4541 2101 4597; x_wconf 91' lang='lat' dir='ltr'><strong>domni</strong></span> 
     </span>
    </p>
   </div>
   <div class='ocr_carea' id='block_1_63' title="bbox 452 4626 2100 4700">
    <p class='ocr_par' dir='ltr' id='par_1_63' title="bbox 452 4626 2100 4700">
     <span class='ocr_line' id='line_1_63' title="bbox 452 4626 2100 4700; baseline 0.001 -15"><span class='ocrx_word' id='word_1_378' title='bbox 452 4627 793 4699; x_wconf 87' lang='lat' dir='ltr'><strong>Hermanni,</strong></span> <span class='ocrx_word' id='word_1_379' title='bbox 846 4626 1337 4683; x_wconf 89' lang='lat' dir='ltr'><strong>archicancellarii</strong></span> <span class='ocrx_word' id='word_1_380' title='bbox 1381 4632 1559 4700; x_wconf 90' lang='lat' dir='ltr'><strong>atque</strong></span> <span class='ocrx_word' id='word_1_381' title='bbox 1607 4628 1855 4685; x_wconf 65' lang='lat' dir='ltr'><strong>Coloniae</strong></span> <span class='ocrx_word' id='word_1_382' title='bbox 1911 4630 2100 4685; x_wconf 89' lang='lat' dir='ltr'><strong>archi-</strong></span> 
     </span>
    </p>
   </div>
   <div class='ocr_carea' id='block_1_64' title="bbox 2217 2059 3886 2119">
    <p class='ocr_par' dir='ltr' id='par_1_64' title="bbox 2217 2059 3886 2119">
     <span class='ocr_line' id='line_1_64' title="bbox 2217 2059 3886 2119; baseline 0 -1"><span class='ocrx_word' id='word_1_383' title='bbox 2217 2062 2425 2119; x_wconf 89' lang='lat' dir='ltr'><strong>dilecto</strong></span> <span class='ocrx_word' id='word_1_384' title='bbox 2456 2066 2653 2117; x_wconf 86' lang='lat' dir='ltr'><strong>nostro</strong></span> <span class='ocrx_word' id='word_1_385' title='bbox 2681 2060 2738 2113; x_wconf 91' lang='lat' dir='ltr'><strong>in</strong></span> <span class='ocrx_word' id='word_1_386' title='bbox 2780 2059 3009 2116; x_wconf 90' lang='lat' dir='ltr'><strong>Christo</strong></span> <span class='ocrx_word' id='word_1_387' title='bbox 3041 2061 3156 2116; x_wconf 84' lang='lat' dir='ltr'><strong>filio</strong></span> <span class='ocrx_word' id='word_1_388' title='bbox 3186 2066 3240 2117; x_wconf 90' lang='lat' dir='ltr'><strong>et</strong></span> <span class='ocrx_word' id='word_1_389' title='bbox 3267 2062 3460 2117; x_wconf 89' lang='lat' dir='ltr'><strong>abbati</strong></span> <span class='ocrx_word' id='word_1_390' title='bbox 3508 2063 3886 2118; x_wconf 78' lang='lat' dir='ltr'><strong>venerabilis</strong></span> 
     </span>
    </p>
   </div>
   <div class='ocr_carea' id='block_1_65' title="bbox 2217 2148 3881 2222">
    <p class='ocr_par' dir='ltr' id='par_1_65' title="bbox 2217 2148 3881 2222">
     <span class='ocr_line' id='line_1_65' title="bbox 2217 2148 3881 2222; baseline -0.001 -14"><span class='ocrx_word' id='word_1_391' title='bbox 2217 2150 2463 2207; x_wconf 82' lang='lat' dir='ltr'><strong>ccenobii</strong></span> <span class='ocrx_word' id='word_1_392' title='bbox 2494 2148 2660 2205; x_wconf 71' lang='lat' dir='ltr'><strong>almae</strong></span> <span class='ocrx_word' id='word_1_393' title='bbox 2706 2153 2761 2204; x_wconf 90' lang='lat' dir='ltr'><strong>et</strong></span> <span class='ocrx_word' id='word_1_394' title='bbox 2807 2154 3098 2205; x_wconf 66' lang='lat' dir='ltr'><strong>coaeterme</strong></span> <span class='ocrx_word' id='word_1_395' title='bbox 3147 2150 3389 2205; x_wconf 92' lang='lat' dir='ltr'><strong>Domino</strong></span> <span class='ocrx_word' id='word_1_396' title='bbox 3437 2150 3595 2205; x_wconf 89' lang='lat' dir='ltr'><strong>Patri</strong></span> <span class='ocrx_word' id='word_1_397' title='bbox 3627 2151 3881 2222; x_wconf 71' lang='lat' dir='ltr'><strong>Sophia:</strong></span> 
     </span>
    </p>
   </div>
   <div class='ocr_carea' id='block_1_66' title="bbox 2218 2238 3875 2310">
    <p class='ocr_par' dir='ltr' id='par_1_66' title="bbox 2218 2238 3875 2310">
     <span class='ocr_line' id='line_1_66' title="bbox 2218 2238 3875 2310; baseline 0.001 -15"><span class='ocrx_word' id='word_1_398' title='bbox 2218 2242 2372 2297; x_wconf 87' lang='lat' dir='ltr'><strong>intra</strong></span> <span class='ocrx_word' id='word_1_399' title='bbox 2401 2239 2905 2304; x_wconf 88' lang='lat' dir='ltr'><strong>Beneventum,_in</strong></span> <span class='ocrx_word' id='word_1_400' title='bbox 2936 2238 3057 2294; x_wconf 91' lang='lat' dir='ltr'><strong>loco</strong></span> <span class='ocrx_word' id='word_1_401' title='bbox 3087 2243 3421 2310; x_wconf 90' lang='lat' dir='ltr'><strong>nuncupato</strong></span> <span class='ocrx_word' id='word_1_402' title='bbox 3450 2239 3875 2307; x_wconf 81' lang='lat' dir='ltr'><strong>Urbe-Vetere,</strong></span> 
     </span>
    </p>
   </div>
   <div class='ocr_carea' id='block_1_67' title="bbox 2219 2326 3879 2398">
    <p class='ocr_par' dir='ltr' id='par_1_67' title="bbox 2219 2326 3879 2398">
     <span class='ocr_line' id='line_1_67' title="bbox 2219 2326 3879 2398; baseline 0 -14"><span class='ocrx_word' id='word_1_403' title='bbox 2219 2328 2561 2394; x_wconf 91' lang='lat' dir='ltr'><strong>constructi,</strong></span> <span class='ocrx_word' id='word_1_404' title='bbox 2613 2331 2671 2383; x_wconf 90' lang='lat' dir='ltr'><strong>et</strong></span> <span class='ocrx_word' id='word_1_405' title='bbox 2718 2331 2847 2398; x_wconf 90' lang='lat' dir='ltr'><strong>post</strong></span> <span class='ocrx_word' id='word_1_406' title='bbox 2909 2332 2964 2382; x_wconf 91' lang='lat' dir='ltr'><strong>te</strong></span> <span class='ocrx_word' id='word_1_407' title='bbox 3032 2327 3089 2381; x_wconf 91' lang='lat' dir='ltr'><strong>in</strong></span> <span class='ocrx_word' id='word_1_408' title='bbox 3159 2327 3359 2382; x_wconf 90' lang='lat' dir='ltr'><strong>eodem</strong></span> <span class='ocrx_word' id='word_1_409' title='bbox 3429 2326 3703 2382; x_wconf 73' lang='lat' dir='ltr'><strong>cmnobio</strong></span> <span class='ocrx_word' id='word_1_410' title='bbox 3755 2328 3879 2385; x_wconf 91' lang='lat' dir='ltr'><strong>tuis</strong></span> 
     </span>
    </p>
   </div>
   <div class='ocr_carea' id='block_1_68' title="bbox 2220 2415 3877 2489">
    <p class='ocr_par' dir='ltr' id='par_1_68' title="bbox 2220 2415 3877 2489">
     <span class='ocr_line' id='line_1_68' title="bbox 2220 2415 3877 2489; baseline -0.001 -15"><span class='ocrx_word' id='word_1_411' title='bbox 2220 2417 2656 2474; x_wconf 89' lang='lat' dir='ltr'><strong>successoribus</strong></span> <span class='ocrx_word' id='word_1_412' title='bbox 2729 2416 3001 2472; x_wconf 88' lang='lat' dir='ltr'><strong>canonice</strong></span> <span class='ocrx_word' id='word_1_413' title='bbox 3074 2415 3485 2488; x_wconf 87' lang='lat' dir='ltr'><strong>promovendis</strong></span> <span class='ocrx_word' id='word_1_414' title='bbox 3543 2415 3605 2470; x_wconf 93' lang='lat' dir='ltr'><strong>in</strong></span> <span class='ocrx_word' id='word_1_415' title='bbox 3666 2432 3877 2489; x_wconf 84' lang='lat' dir='ltr'><strong>perpe-</strong></span> 
     </span>
    </p>
   </div>
   <div class='ocr_carea' id='block_1_69' title="bbox 2219 2513 2410 2563">
    <p class='ocr_par' dir='ltr' id='par_1_69' title="bbox 2219 2513 2410 2563">
     <span class='ocr_line' id='line_1_69' title="bbox 2219 2513 2410 2563; baseline -0.005 0"><span class='ocrx_word' id='word_1_416' title='bbox 2219 2513 2410 2563; x_wconf 92' lang='lat' dir='ltr'><strong>tuum.</strong></span> 
     </span>
    </p>
   </div>
   <div class='ocr_carea' id='block_1_70' title="bbox 2290 2591 3874 2650">
    <p class='ocr_par' dir='ltr' id='par_1_70' title="bbox 2290 2591 3874 2650">
     <span class='ocr_line' id='line_1_70' title="bbox 2290 2591 3874 2650; baseline -0.001 0"><span class='ocrx_word' id='word_1_417' title='bbox 2290 2596 2371 2650; x_wconf 89' lang='lat' dir='ltr'><strong>Ad</strong></span> <span class='ocrx_word' id='word_1_418' title='bbox 2412 2594 2519 2649; x_wconf 91' lang='lat' dir='ltr'><strong>hoc</strong></span> <span class='ocrx_word' id='word_1_419' title='bbox 2556 2593 2615 2648; x_wconf 93' lang='lat' dir='ltr'><strong>in</strong></span> <span class='ocrx_word' id='word_1_420' title='bbox 2647 2592 2990 2649; x_wconf 84' lang='lat' dir='ltr'><strong>sacerdotali</strong></span> <span class='ocrx_word' id='word_1_421' title='bbox 3023 2591 3280 2648; x_wconf 90' lang='lat' dir='ltr'><strong>culmine</strong></span> <span class='ocrx_word' id='word_1_422' title='bbox 3321 2591 3628 2647; x_wconf 88' lang='lat' dir='ltr'><strong>constituti</strong></span> <span class='ocrx_word' id='word_1_423' title='bbox 3663 2609 3874 2648; x_wconf 90' lang='lat' dir='ltr'><strong>sumus</strong></span> 
     </span>
    </p>
   </div>
   <div class='ocr_carea' id='block_1_71' title="bbox 2219 2680 3877 2749">
    <p class='ocr_par' dir='ltr' id='par_1_71' title="bbox 2219 2680 3877 2749">
     <span class='ocr_line' id='line_1_71' title="bbox 2219 2680 3877 2749; baseline -0.002 -10"><span class='ocrx_word' id='word_1_424' title='bbox 2219 2688 2285 2739; x_wconf 89' lang='lat' dir='ltr'><strong>ut</strong></span> <span class='ocrx_word' id='word_1_425' title='bbox 2313 2682 2652 2745; x_wconf 91' lang='lat' dir='ltr'><strong>avellamus,</strong></span> <span class='ocrx_word' id='word_1_426' title='bbox 2679 2698 2899 2737; x_wconf 90' lang='lat' dir='ltr'><strong>necnon</strong></span> <span class='ocrx_word' id='word_1_427' title='bbox 2924 2685 2980 2737; x_wconf 90' lang='lat' dir='ltr'><strong>et</strong></span> <span class='ocrx_word' id='word_1_428' title='bbox 3000 2681 3400 2749; x_wconf 91' lang='lat' dir='ltr'><strong>destruamus,</strong></span> <span class='ocrx_word' id='word_1_429' title='bbox 3434 2684 3491 2735; x_wconf 90' lang='lat' dir='ltr'><strong>et</strong></span> <span class='ocrx_word' id='word_1_430' title='bbox 3519 2680 3877 2736; x_wconf 82' lang='lat' dir='ltr'><strong>aedificemus</strong></span> 
     </span>
    </p>
   </div>
   <div class='ocr_carea' id='block_1_72' title="bbox 2210 2768 3875 2845">
    <p class='ocr_par' dir='ltr' id='par_1_72' title="bbox 2210 2768 3875 2845">
     <span class='ocr_line' id='line_1_72' title="bbox 2210 2768 3875 2845; baseline -0.003 -17"><span class='ocrx_word' id='word_1_431' title='bbox 2210 2775 2380 2845; x_wconf 84' lang='lat' dir='ltr'><strong>juxta</strong></span> <span class='ocrx_word' id='word_1_432' title='bbox 2411 2789 2476 2827; x_wconf 91' lang='lat' dir='ltr'><strong>ac</strong></span> <span class='ocrx_word' id='word_1_433' title='bbox 2508 2771 2837 2843; x_wconf 88' lang='lat' dir='ltr'><strong>plantemus</strong></span> <span class='ocrx_word' id='word_1_434' title='bbox 2872 2770 2929 2824; x_wconf 91' lang='lat' dir='ltr'><strong>in</strong></span> <span class='ocrx_word' id='word_1_435' title='bbox 2963 2769 3199 2825; x_wconf 91' lang='lat' dir='ltr'><strong>nomine</strong></span> <span class='ocrx_word' id='word_1_436' title='bbox 3231 2770 3382 2841; x_wconf 89' lang='lat' dir='ltr'><strong>ejus.</strong></span> <span class='ocrx_word' id='word_1_437' title='bbox 3438 2768 3646 2825; x_wconf 89' lang='lat' dir='ltr'><strong>Debito</strong></span> <span class='ocrx_word' id='word_1_438' title='bbox 3700 2769 3875 2825; x_wconf 80' lang='lat' dir='ltr'><strong>ofﬁcii</strong></span> 
     </span>
    </p>
   </div>
   <div class='ocr_carea' id='block_1_73' title="bbox 2219 2857 3874 2932">
    <p class='ocr_par' dir='ltr' id='par_1_73' title="bbox 2219 2857 3874 2932">
     <span class='ocr_line' id='line_1_73' title="bbox 2219 2857 3874 2932; baseline -0.003 -15"><span class='ocrx_word' id='word_1_439' title='bbox 2219 2862 2403 2917; x_wconf 90' lang='lat' dir='ltr'><strong>nostri</strong></span> <span class='ocrx_word' id='word_1_440' title='bbox 2435 2861 2718 2932; x_wconf 80' lang='lat' dir='ltr'><strong>exigente,</strong></span> <span class='ocrx_word' id='word_1_441' title='bbox 2750 2860 3039 2932; x_wconf 90' lang='lat' dir='ltr'><strong>optimum</strong></span> <span class='ocrx_word' id='word_1_442' title='bbox 3068 2857 3349 2914; x_wconf 90' lang='lat' dir='ltr'><strong>duximus</strong></span> <span class='ocrx_word' id='word_1_443' title='bbox 3391 2858 3604 2915; x_wconf 90' lang='lat' dir='ltr'><strong>diebus</strong></span> <span class='ocrx_word' id='word_1_444' title='bbox 3635 2858 3874 2925; x_wconf 87' lang='lat' dir='ltr'><strong>nostris,</strong></span> 
     </span>
    </p>
   </div>
   <div class='ocr_carea' id='block_1_74' title="bbox 2219 2946 3879 3022">
    <p class='ocr_par' dir='ltr' id='par_1_74' title="bbox 2219 2946 3879 3022">
     <span class='ocr_line' id='line_1_74' title="bbox 2219 2946 3879 3022; baseline -0.002 -18"><span class='ocrx_word' id='word_1_445' title='bbox 2219 2952 2391 3022; x_wconf 92' lang='lat' dir='ltr'><strong>prout</strong></span> <span class='ocrx_word' id='word_1_446' title='bbox 2438 2965 2694 3019; x_wconf 90' lang='lat' dir='ltr'><strong>superna</strong></span> <span class='ocrx_word' id='word_1_447' title='bbox 2739 2948 2926 3019; x_wconf 86' lang='lat' dir='ltr'><strong>gratia</strong></span> <span class='ocrx_word' id='word_1_448' title='bbox 2978 2946 3354 3012; x_wconf 87' lang='lat' dir='ltr'><strong>concesserit,</strong></span> <span class='ocrx_word' id='word_1_449' title='bbox 3416 2946 3589 3003; x_wconf 91' lang='lat' dir='ltr'><strong>obvia</strong></span> <span class='ocrx_word' id='word_1_450' title='bbox 3634 2962 3879 3018; x_wconf 67' lang='lat' dir='ltr'><strong>quaeque</strong></span> 
     </span>
    </p>
   </div>
   <div class='ocr_carea' id='block_1_75' title="bbox 2221 3035 3876 3108">
    <p class='ocr_par' dir='ltr' id='par_1_75' title="bbox 2221 3035 3876 3108">
     <span class='ocr_line' id='line_1_75' title="bbox 2221 3035 3876 3108; baseline -0.002 -15"><span class='ocrx_word' id='word_1_451' title='bbox 2221 3038 2387 3094; x_wconf 87' lang='lat' dir='ltr'><strong>nobis</strong></span> <span class='ocrx_word' id='word_1_452' title='bbox 2420 3036 2622 3092; x_wconf 91' lang='lat' dir='ltr'><strong>illicita</strong></span> <span class='ocrx_word' id='word_1_453' title='bbox 2668 3036 2813 3092; x_wconf 87' lang='lat' dir='ltr'><strong>falce</strong></span> <span class='ocrx_word' id='word_1_454' title='bbox 2850 3035 3255 3091; x_wconf 68' lang='lat' dir='ltr'><strong>ecclesiasticas</strong></span> <span class='ocrx_word' id='word_1_455' title='bbox 3305 3035 3632 3108; x_wconf 62' lang='lat' dir='ltr'><strong>disciplina</strong></span> <span class='ocrx_word' id='word_1_456' title='bbox 3684 3036 3876 3092; x_wconf 87' lang='lat' dir='ltr'><strong>deme-</strong></span> 
     </span>
    </p>
   </div>
   <div class='ocr_carea' id='block_1_76' title="bbox 2218 3124 3877 3197">
    <p class='ocr_par' dir='ltr' id='par_1_76' title="bbox 2218 3124 3877 3197">
     <span class='ocr_line' id='line_1_76' title="bbox 2218 3124 3877 3197; baseline -0.002 -15"><span class='ocrx_word' id='word_1_457' title='bbox 2218 3132 2359 3194; x_wconf 89' lang='lat' dir='ltr'><strong>tere,</strong></span> <span class='ocrx_word' id='word_1_458' title='bbox 2392 3132 2449 3181; x_wconf 93' lang='lat' dir='ltr'><strong>et</strong></span> <span class='ocrx_word' id='word_1_459' title='bbox 2477 3125 2652 3181; x_wconf 88' lang='lat' dir='ltr'><strong>licitis</strong></span> <span class='ocrx_word' id='word_1_460' title='bbox 2680 3126 2906 3197; x_wconf 90' lang='lat' dir='ltr'><strong>copiam</strong></span> <span class='ocrx_word' id='word_1_461' title='bbox 2925 3124 3316 3179; x_wconf 85' lang='lat' dir='ltr'><strong>fructificandi</strong></span> <span class='ocrx_word' id='word_1_462' title='bbox 3345 3125 3572 3197; x_wconf 90' lang='lat' dir='ltr'><strong>passim</strong></span> <span class='ocrx_word' id='word_1_463' title='bbox 3601 3124 3877 3197; x_wconf 87' lang='lat' dir='ltr'><strong>suppedi-</strong></span> 
     </span>
    </p>
   </div>
   <div class='ocr_carea' id='block_1_77' title="bbox 2218 3212 3875 3285">
    <p class='ocr_par' dir='ltr' id='par_1_77' title="bbox 2218 3212 3875 3285">
     <span class='ocr_line' id='line_1_77' title="bbox 2218 3212 3875 3285; baseline -0.002 -15"><span class='ocrx_word' id='word_1_464' title='bbox 2218 3219 2360 3271; x_wconf 90' lang='lat' dir='ltr'><strong>tare.</strong></span> <span class='ocrx_word' id='word_1_465' title='bbox 2396 3216 2784 3279; x_wconf 88' lang='lat' dir='ltr'><strong>Quamobrem</strong></span> <span class='ocrx_word' id='word_1_466' title='bbox 2818 3217 2949 3285; x_wconf 92' lang='lat' dir='ltr'><strong>post</strong></span> <span class='ocrx_word' id='word_1_467' title='bbox 2980 3213 3227 3268; x_wconf 88' lang='lat' dir='ltr'><strong>nimiam</strong></span> <span class='ocrx_word' id='word_1_468' title='bbox 3261 3212 3665 3269; x_wconf 84' lang='lat' dir='ltr'><strong>calamitatem</strong></span> <span class='ocrx_word' id='word_1_469' title='bbox 3701 3214 3875 3269; x_wconf 88' lang='lat' dir='ltr'><strong>Bene-</strong></span> 
     </span>
    </p>
   </div>
   <div class='ocr_carea' id='block_1_78' title="bbox 2221 3300 3874 3373">
    <p class='ocr_par' dir='ltr' id='par_1_78' title="bbox 2221 3300 3874 3373">
     <span class='ocr_line' id='line_1_78' title="bbox 2221 3300 3874 3373; baseline -0.001 -16"><span class='ocrx_word' id='word_1_470' title='bbox 2221 3307 2628 3368; x_wconf 87' lang='lat' dir='ltr'><strong>ventanorum,</strong></span> <span class='ocrx_word' id='word_1_471' title='bbox 2661 3319 2839 3369; x_wconf 85' lang='lat' dir='ltr'><strong>quam</strong></span> <span class='ocrx_word' id='word_1_472' title='bbox 2864 3300 3405 3373; x_wconf 90' lang='lat' dir='ltr'><strong>pertuleruntjuste</strong></span> <span class='ocrx_word' id='word_1_473' title='bbox 3427 3303 3501 3357; x_wconf 93' lang='lat' dir='ltr'><strong>ob</strong></span> <span class='ocrx_word' id='word_1_474' title='bbox 3518 3301 3807 3373; x_wconf 82' lang='lat' dir='ltr'><strong>injuriam</strong></span> <span class='ocrx_word' id='word_1_475' title='bbox 3828 3307 3874 3356; x_wconf 82' lang='lat' dir='ltr'><strong>et</strong></span> 
     </span>
    </p>
   </div>
   <div class='ocr_carea' id='block_1_79' title="bbox 2223 3389 3873 3463">
    <p class='ocr_par' dir='ltr' id='par_1_79' title="bbox 2223 3389 3873 3463">
     <span class='ocr_line' id='line_1_79' title="bbox 2223 3389 3873 3463; baseline -0.001 -17"><span class='ocrx_word' id='word_1_476' title='bbox 2223 3392 2559 3463; x_wconf 85' lang='lat' dir='ltr'><strong>superbiam</strong></span> <span class='ocrx_word' id='word_1_477' title='bbox 2593 3392 2986 3446; x_wconf 81' lang='lat' dir='ltr'><strong>Romanorum</strong></span> <span class='ocrx_word' id='word_1_478' title='bbox 3018 3389 3364 3462; x_wconf 82' lang='lat' dir='ltr'><strong>pontiﬁcum</strong></span> <span class='ocrx_word' id='word_1_479' title='bbox 3413 3394 3470 3446; x_wconf 92' lang='lat' dir='ltr'><strong>et</strong></span> <span class='ocrx_word' id='word_1_480' title='bbox 3501 3390 3873 3447; x_wconf 87' lang='lat' dir='ltr'><strong>dominorum</strong></span> 
     </span>
    </p>
   </div>
   <div class='ocr_carea' id='block_1_80' title="bbox 2223 3478 3875 3552">
    <p class='ocr_par' dir='ltr' id='par_1_80' title="bbox 2223 3478 3875 3552">
     <span class='ocr_line' id='line_1_80' title="bbox 2223 3478 3875 3552; baseline 0 -18"><span class='ocrx_word' id='word_1_481' title='bbox 2223 3480 2667 3552; x_wconf 84' lang='lat' dir='ltr'><strong>imperatorum,</strong></span> <span class='ocrx_word' id='word_1_482' title='bbox 2691 3484 2935 3552; x_wconf 89' lang='lat' dir='ltr'><strong>postque</strong></span> <span class='ocrx_word' id='word_1_483' title='bbox 2949 3495 3152 3534; x_wconf 92' lang='lat' dir='ltr'><strong>eorum</strong></span> <span class='ocrx_word' id='word_1_484' title='bbox 3167 3478 3573 3535; x_wconf 87' lang='lat' dir='ltr'><strong>miserabilem</strong></span> <span class='ocrx_word' id='word_1_485' title='bbox 3588 3484 3648 3535; x_wconf 91' lang='lat' dir='ltr'><strong>et</strong></span> <span class='ocrx_word' id='word_1_486' title='bbox 3668 3479 3875 3536; x_wconf 83' lang='lat' dir='ltr'><strong>luctuo-</strong></span> 
     </span>
    </p>
   </div>
   <div class='ocr_carea' id='block_1_81' title="bbox 2224 3566 3872 3640">
    <p class='ocr_par' dir='ltr' id='par_1_81' title="bbox 2224 3566 3872 3640">
     <span class='ocr_line' id='line_1_81' title="bbox 2224 3566 3872 3640; baseline -0.001 -17"><span class='ocrx_word' id='word_1_487' title='bbox 2224 3586 2351 3623; x_wconf 89' lang='lat' dir='ltr'><strong>sam</strong></span> <span class='ocrx_word' id='word_1_488' title='bbox 2369 3568 2846 3632; x_wconf 87' lang='lat' dir='ltr'><strong>satisfactionem,</strong></span> <span class='ocrx_word' id='word_1_489' title='bbox 2872 3566 2976 3621; x_wconf 91' lang='lat' dir='ltr'><strong>tibi</strong></span> <span class='ocrx_word' id='word_1_490' title='bbox 2993 3567 3117 3637; x_wconf 88' lang='lat' dir='ltr'><strong>jam</strong></span> <span class='ocrx_word' id='word_1_491' title='bbox 3141 3566 3294 3622; x_wconf 92' lang='lat' dir='ltr'><strong>dicto</strong></span> <span class='ocrx_word' id='word_1_492' title='bbox 3315 3566 3695 3640; x_wconf 89' lang='lat' dir='ltr'><strong>Sicenolpho,</strong></span> <span class='ocrx_word' id='word_1_493' title='bbox 3713 3584 3872 3640; x_wconf 88' lang='lat' dir='ltr'><strong>quem</strong></span> 
     </span>
    </p>
   </div>
   <div class='ocr_carea' id='block_1_82' title="bbox 2220 3654 3873 3728">
    <p class='ocr_par' dir='ltr' id='par_1_82' title="bbox 2220 3654 3873 3728">
     <span class='ocr_line' id='line_1_82' title="bbox 2220 3654 3873 3728; baseline -0.001 -16"><span class='ocrx_word' id='word_1_494' title='bbox 2220 3658 2345 3712; x_wconf 93' lang='lat' dir='ltr'><strong>loco</strong></span> <span class='ocrx_word' id='word_1_495' title='bbox 2393 3656 2553 3712; x_wconf 88' lang='lat' dir='ltr'><strong>illius</strong></span> <span class='ocrx_word' id='word_1_496' title='bbox 2602 3656 2808 3726; x_wconf 83' lang='lat' dir='ltr'><strong>dejecti</strong></span> <span class='ocrx_word' id='word_1_497' title='bbox 2858 3672 2922 3709; x_wconf 91' lang='lat' dir='ltr'><strong>ac</strong></span> <span class='ocrx_word' id='word_1_498' title='bbox 2968 3654 3233 3711; x_wconf 88' lang='lat' dir='ltr'><strong>scelerati</strong></span> <span class='ocrx_word' id='word_1_499' title='bbox 3295 3654 3586 3728; x_wconf 84' lang='lat' dir='ltr'><strong>Gregorii,</strong></span> <span class='ocrx_word' id='word_1_500' title='bbox 3655 3657 3873 3711; x_wconf 85' lang='lat' dir='ltr'><strong>abbatis</strong></span> 
     </span>
    </p>
   </div>
   <div class='ocr_carea' id='block_1_83' title="bbox 2222 3742 3875 3818">
    <p class='ocr_par' dir='ltr' id='par_1_83' title="bbox 2222 3742 3875 3818">
     <span class='ocr_line' id='line_1_83' title="bbox 2222 3742 3875 3818; baseline -0.002 -17"><span class='ocrx_word' id='word_1_501' title='bbox 2222 3746 2513 3802; x_wconf 89' lang='lat' dir='ltr'><strong>immerito</strong></span> <span class='ocrx_word' id='word_1_502' title='bbox 2535 3745 2695 3811; x_wconf 89' lang='lat' dir='ltr'><strong>dicti,</strong></span> <span class='ocrx_word' id='word_1_503' title='bbox 2720 3745 2965 3814; x_wconf 89' lang='lat' dir='ltr'><strong>necjam</strong></span> <span class='ocrx_word' id='word_1_504' title='bbox 2990 3742 3242 3811; x_wconf 91' lang='lat' dir='ltr'><strong>dicendi,</strong></span> <span class='ocrx_word' id='word_1_505' title='bbox 3260 3744 3701 3811; x_wconf 89' lang='lat' dir='ltr'><strong>ordinavimus,</strong></span> <span class='ocrx_word' id='word_1_506' title='bbox 3721 3746 3875 3818; x_wconf 81' lang='lat' dir='ltr'><strong>juxta</strong></span> 
     </span>
    </p>
   </div>
   <div class='ocr_carea' id='block_1_84' title="bbox 2220 3831 3874 3908">
    <p class='ocr_par' dir='ltr' id='par_1_84' title="bbox 2220 3831 3874 3908">
     <span class='ocr_line' id='line_1_84' title="bbox 2220 3831 3874 3908; baseline -0.001 -18"><span class='ocrx_word' id='word_1_507' title='bbox 2220 3835 2518 3908; x_wconf 84' lang='lat' dir='ltr'><strong>petitionis</strong></span> <span class='ocrx_word' id='word_1_508' title='bbox 2566 3838 2679 3887; x_wconf 72' lang='lat' dir='ltr'><strong>tuae</strong></span> <span class='ocrx_word' id='word_1_509' title='bbox 2729 3837 3012 3899; x_wconf 90' lang='lat' dir='ltr'><strong>tenorem,</strong></span> <span class='ocrx_word' id='word_1_510' title='bbox 3073 3831 3501 3888; x_wconf 83' lang='lat' dir='ltr'><strong>conﬁrmamus</strong></span> <span class='ocrx_word' id='word_1_511' title='bbox 3553 3850 3627 3889; x_wconf 87' lang='lat' dir='ltr'><strong>ex</strong></span> <span class='ocrx_word' id='word_1_512' title='bbox 3659 3834 3874 3907; x_wconf 85' lang='lat' dir='ltr'><strong>integro</strong></span> 
     </span>
    </p>
   </div>
   <div class='ocr_carea' id='block_1_85' title="bbox 2220 3918 3874 3996">
    <p class='ocr_par' dir='ltr' id='par_1_85' title="bbox 2220 3918 3874 3996">
     <span class='ocr_line' id='line_1_85' title="bbox 2220 3918 3874 3996; baseline -0.001 -19"><span class='ocrx_word' id='word_1_513' title='bbox 2220 3924 2516 3996; x_wconf 68' lang='lat' dir='ltr'><strong>praefatam</strong></span> <span class='ocrx_word' id='word_1_514' title='bbox 2549 3921 2843 3976; x_wconf 85' lang='lat' dir='ltr'><strong>abbatiam</strong></span> <span class='ocrx_word' id='word_1_515' title='bbox 2876 3921 2934 3976; x_wconf 92' lang='lat' dir='ltr'><strong>S.</strong></span> <span class='ocrx_word' id='word_1_516' title='bbox 2964 3920 3216 3991; x_wconf 65' lang='lat' dir='ltr'><strong>Sophim,</strong></span> <span class='ocrx_word' id='word_1_517' title='bbox 3248 3937 3385 3975; x_wconf 92' lang='lat' dir='ltr'><strong>cum</strong></span> <span class='ocrx_word' id='word_1_518' title='bbox 3431 3918 3729 3991; x_wconf 74' lang='lat' dir='ltr'><strong>ecclesiis,</strong></span> <span class='ocrx_word' id='word_1_519' title='bbox 3761 3939 3874 3979; x_wconf 90' lang='lat' dir='ltr'><strong>cor-</strong></span> 
     </span>
    </p>
   </div>
   <div class='ocr_carea' id='block_1_86' title="bbox 2217 4007 3874 4077">
    <p class='ocr_par' dir='ltr' id='par_1_86' title="bbox 2217 4007 3874 4077">
     <span class='ocr_line' id='line_1_86' title="bbox 2217 4007 3874 4077; baseline -0.002 -11"><span class='ocrx_word' id='word_1_520' title='bbox 2217 4012 2395 4077; x_wconf 91' lang='lat' dir='ltr'><strong>tibus,</strong></span> <span class='ocrx_word' id='word_1_521' title='bbox 2426 4008 2602 4074; x_wconf 85' lang='lat' dir='ltr'><strong>villis,</strong></span> <span class='ocrx_word' id='word_1_522' title='bbox 2632 4007 2946 4076; x_wconf 88' lang='lat' dir='ltr'><strong>casalibus,</strong></span> <span class='ocrx_word' id='word_1_523' title='bbox 2979 4008 3184 4076; x_wconf 90' lang='lat' dir='ltr'><strong>vineis,</strong></span> <span class='ocrx_word' id='word_1_524' title='bbox 3217 4008 3411 4075; x_wconf 91' lang='lat' dir='ltr'><strong>terris,</strong></span> <span class='ocrx_word' id='word_1_525' title='bbox 3456 4010 3650 4065; x_wconf 89' lang='lat' dir='ltr'><strong>servis</strong></span> <span class='ocrx_word' id='word_1_526' title='bbox 3681 4027 3750 4064; x_wconf 87' lang='lat' dir='ltr'><strong>ac</strong></span> <span class='ocrx_word' id='word_1_527' title='bbox 3783 4027 3874 4064; x_wconf 89' lang='lat' dir='ltr'><strong>an-</strong></span> 
     </span>
    </p>
   </div>
   <div class='ocr_carea' id='block_1_87' title="bbox 2217 4095 3874 4167">
    <p class='ocr_par' dir='ltr' id='par_1_87' title="bbox 2217 4095 3874 4167">
     <span class='ocr_line' id='line_1_87' title="bbox 2217 4095 3874 4167; baseline -0.001 -13"><span class='ocrx_word' id='word_1_528' title='bbox 2217 4096 2796 4167; x_wconf 87' lang='lat' dir='ltr'><strong>cillis,omnibusque</strong></span> <span class='ocrx_word' id='word_1_529' title='bbox 2827 4095 3145 4152; x_wconf 90' lang='lat' dir='ltr'><strong>mobilibus</strong></span> <span class='ocrx_word' id='word_1_530' title='bbox 3175 4096 3263 4152; x_wconf 90' lang='lat' dir='ltr'><strong>vel</strong></span> <span class='ocrx_word' id='word_1_531' title='bbox 3298 4096 3715 4154; x_wconf 88' lang='lat' dir='ltr'><strong>immobilibus</strong></span> <span class='ocrx_word' id='word_1_532' title='bbox 3733 4098 3801 4154; x_wconf 89' lang='lat' dir='ltr'><strong>ad</strong></span> <span class='ocrx_word' id='word_1_533' title='bbox 3822 4114 3874 4153; x_wconf 88' lang='lat' dir='ltr'><strong>se</strong></span> 
     </span>
    </p>
   </div>
   <div class='ocr_carea' id='block_1_88' title="bbox 2206 4184 3875 4259">
    <p class='ocr_par' dir='ltr' id='par_1_88' title="bbox 2206 4184 3875 4259">
     <span class='ocr_line' id='line_1_88' title="bbox 2206 4184 3875 4259; baseline -0.001 -17"><span class='ocrx_word' id='word_1_534' title='bbox 2206 4190 2370 4259; x_wconf 90' lang='lat' dir='ltr'><strong>juste</strong></span> <span class='ocrx_word' id='word_1_535' title='bbox 2405 4184 2851 4257; x_wconf 88' lang='lat' dir='ltr'><strong>pertinentibus,</strong></span> <span class='ocrx_word' id='word_1_536' title='bbox 2870 4189 2991 4239; x_wconf 89' lang='lat' dir='ltr'><strong>tam</strong></span> <span class='ocrx_word' id='word_1_537' title='bbox 3024 4200 3091 4240; x_wconf 90' lang='lat' dir='ltr'><strong>ea</strong></span> <span class='ocrx_word' id='word_1_538' title='bbox 3112 4201 3237 4257; x_wconf 75' lang='lat' dir='ltr'><strong>quas</strong></span> <span class='ocrx_word' id='word_1_539' title='bbox 3260 4184 3553 4241; x_wconf 91' lang='lat' dir='ltr'><strong>hactenus</strong></span> <span class='ocrx_word' id='word_1_540' title='bbox 3578 4186 3875 4259; x_wconf 87' lang='lat' dir='ltr'><strong>acquirere</strong></span> 
     </span>
    </p>
   </div>
   <div class='ocr_carea' id='block_1_89' title="bbox 2216 4272 3873 4348">
    <p class='ocr_par' dir='ltr' id='par_1_89' title="bbox 2216 4272 3873 4348">
     <span class='ocr_line' id='line_1_89' title="bbox 2216 4272 3873 4348; baseline 0 -18"><span class='ocrx_word' id='word_1_541' title='bbox 2216 4274 2403 4348; x_wconf 91' lang='lat' dir='ltr'><strong>potuit</strong></span> <span class='ocrx_word' id='word_1_542' title='bbox 2437 4290 2615 4346; x_wconf 91' lang='lat' dir='ltr'><strong>quam</strong></span> <span class='ocrx_word' id='word_1_543' title='bbox 2642 4291 2770 4344; x_wconf 80' lang='lat' dir='ltr'><strong>quae</strong></span> <span class='ocrx_word' id='word_1_544' title='bbox 2811 4273 3083 4346; x_wconf 88' lang='lat' dir='ltr'><strong>deinceps</strong></span> <span class='ocrx_word' id='word_1_545' title='bbox 3132 4272 3511 4342; x_wconf 88' lang='lat' dir='ltr'><strong>liberalitate,</strong></span> <span class='ocrx_word' id='word_1_546' title='bbox 3567 4275 3873 4332; x_wconf 84' lang='lat' dir='ltr'><strong>collatione</strong></span> 
     </span>
    </p>
   </div>
   <div class='ocr_carea' id='block_1_90' title="bbox 2214 4359 3870 4433">
    <p class='ocr_par' dir='ltr' id='par_1_90' title="bbox 2214 4359 3870 4433">
     <span class='ocr_line' id='line_1_90' title="bbox 2214 4359 3870 4433; baseline -0.002 -13"><span class='ocrx_word' id='word_1_547' title='bbox 2214 4366 2331 4421; x_wconf 92' lang='lat' dir='ltr'><strong>sive</strong></span> <span class='ocrx_word' id='word_1_548' title='bbox 2344 4361 2712 4417; x_wconf 87' lang='lat' dir='ltr'><strong>concessione</strong></span> <span class='ocrx_word' id='word_1_549' title='bbox 2726 4361 3123 4433; x_wconf 90' lang='lat' dir='ltr'><strong>quorumlibet</strong></span> <span class='ocrx_word' id='word_1_550' title='bbox 3135 4359 3553 4433; x_wconf 86' lang='lat' dir='ltr'><strong>religiosorum</strong></span> <span class='ocrx_word' id='word_1_551' title='bbox 3567 4362 3870 4419; x_wconf 86' lang='lat' dir='ltr'><strong>hominum</strong></span> 
     </span>
    </p>
   </div>
   <div class='ocr_carea' id='block_1_91' title="bbox 2213 4448 3868 4524">
    <p class='ocr_par' dir='ltr' id='par_1_91' title="bbox 2213 4448 3868 4524">
     <span class='ocr_line' id='line_1_91' title="bbox 2213 4448 3868 4524; baseline -0.002 -17"><span class='ocrx_word' id='word_1_552' title='bbox 2213 4448 2888 4524; x_wconf 85' lang='lat' dir='ltr'><strong>poteritadipisci,atque</strong></span> <span class='ocrx_word' id='word_1_553' title='bbox 2909 4465 3172 4521; x_wconf 89' lang='lat' dir='ltr'><strong>prorsus,</strong></span> <span class='ocrx_word' id='word_1_554' title='bbox 3198 4464 3575 4521; x_wconf 66' lang='lat' dir='ltr'><strong>quaecunque</strong></span> <span class='ocrx_word' id='word_1_555' title='bbox 3593 4466 3868 4508; x_wconf 86' lang='lat' dir='ltr'><strong>concessa</strong></span> 
     </span>
    </p>
   </div>
   <div class='ocr_carea' id='block_1_92' title="bbox 2212 4536 3872 4614">
    <p class='ocr_par' dir='ltr' id='par_1_92' title="bbox 2212 4536 3872 4614">
     <span class='ocr_line' id='line_1_92' title="bbox 2212 4536 3872 4614; baseline -0.002 -17"><span class='ocrx_word' id='word_1_556' title='bbox 2212 4545 2349 4597; x_wconf 89' lang='lat' dir='ltr'><strong>sunt</strong></span> <span class='ocrx_word' id='word_1_557' title='bbox 2368 4537 2476 4608; x_wconf 89' lang='lat' dir='ltr'><strong>illi,</strong></span> <span class='ocrx_word' id='word_1_558' title='bbox 2503 4537 2873 4592; x_wconf 89' lang='lat' dir='ltr'><strong>corroborata</strong></span> <span class='ocrx_word' id='word_1_559' title='bbox 2888 4537 3120 4609; x_wconf 90' lang='lat' dir='ltr'><strong>piorum</strong></span> <span class='ocrx_word' id='word_1_560' title='bbox 3142 4536 3577 4609; x_wconf 88' lang='lat' dir='ltr'><strong>imperatorum</strong></span> <span class='ocrx_word' id='word_1_561' title='bbox 3606 4539 3695 4595; x_wconf 90' lang='lat' dir='ltr'><strong>vel</strong></span> <span class='ocrx_word' id='word_1_562' title='bbox 3724 4539 3872 4614; x_wconf 89' lang='lat' dir='ltr'><strong>prin-</strong></span> 
     </span>
    </p>
   </div>
   <div class='ocr_carea' id='block_1_93' title="bbox 2209 4624 3877 4702">
    <p class='ocr_par' dir='ltr' id='par_1_93' title="bbox 2209 4624 3877 4702">
     <span class='ocr_line' id='line_1_93' title="bbox 2209 4624 3877 4702; baseline -0.002 -17"><span class='ocrx_word' id='word_1_563' title='bbox 2209 4631 2406 4702; x_wconf 91' lang='lat' dir='ltr'><strong>cipum</strong></span> <span class='ocrx_word' id='word_1_564' title='bbox 2438 4625 2738 4698; x_wconf 71' lang='lat' dir='ltr'><strong>praeceptis</strong></span> <span class='ocrx_word' id='word_1_565' title='bbox 2770 4629 2871 4680; x_wconf 90' lang='lat' dir='ltr'><strong>aut</strong></span> <span class='ocrx_word' id='word_1_566' title='bbox 2902 4624 3325 4697; x_wconf 85' lang='lat' dir='ltr'><strong>chirographis.</strong></span> <span class='ocrx_word' id='word_1_567' title='bbox 3363 4625 3660 4684; x_wconf 73' lang='lat' dir='ltr'><strong>Praeterea</strong></span> <span class='ocrx_word' id='word_1_568' title='bbox 3692 4633 3877 4685; x_wconf 91' lang='lat' dir='ltr'><strong>aucto-</strong></span> 
     </span>
    </p>
   </div>
   <div class='ocr_carea' id='block_1_94' title="bbox 450 4713 3875 4792">
    <p class='ocr_par' dir='ltr' id='par_1_94' title="bbox 450 4713 3875 4792">
     <span class='ocr_line' id='line_1_94' title="bbox 450 4713 3875 4792; baseline -0.001 -17"><span class='ocrx_word' id='word_1_569' title='bbox 450 4717 731 4791; x_wconf 86' lang='lat' dir='ltr'><strong>episoopi,</strong></span> <span class='ocrx_word' id='word_1_570' title='bbox 761 4716 933 4773; x_wconf 90' lang='lat' dir='ltr'><strong>tertio</strong></span> <span class='ocrx_word' id='word_1_571' title='bbox 955 4717 1178 4773; x_wconf 89' lang='lat' dir='ltr'><strong>decimo</strong></span> <span class='ocrx_word' id='word_1_572' title='bbox 1202 4717 1491 4773; x_wconf 88' lang='lat' dir='ltr'><strong>Kalendas</strong></span> <span class='ocrx_word' id='word_1_573' title='bbox 1510 4717 1697 4784; x_wconf 90' lang='lat' dir='ltr'><strong>Junii,</strong></span> <span class='ocrx_word' id='word_1_574' title='bbox 1726 4718 1926 4772; x_wconf 91' lang='lat' dir='ltr'><strong>domni</strong></span> <span class='ocrx_word' id='word_1_575' title='bbox 1954 4719 2095 4774; x_wconf 85' lang='lat' dir='ltr'><strong>Leo-</strong></span> <span class='ocrx_word' id='word_1_576' title='bbox 2128 4727 2175 4792; x_wconf 78' lang='grc' dir='ltr'><strong>Ι)</strong></span> <span class='ocrx_word' id='word_1_577' title='bbox 2210 4722 2379 4775; x_wconf 89' lang='lat' dir='ltr'><strong>ritate</strong></span> <span class='ocrx_word' id='word_1_578' title='bbox 2424 4713 2749 4787; x_wconf 69' lang='lat' dir='ltr'><strong>apostolicae</strong></span> <span class='ocrx_word' id='word_1_579' title='bbox 2800 4713 2957 4768; x_wconf 90' lang='lat' dir='ltr'><strong>sedis</strong></span> <span class='ocrx_word' id='word_1_580' title='bbox 3027 4714 3302 4769; x_wconf 65' lang='lat' dir='ltr'><strong>Romanae</strong></span> <span class='ocrx_word' id='word_1_581' title='bbox 3377 4716 3768 4772; x_wconf 86' lang='lat' dir='ltr'><strong>concedimus</strong></span> <span class='ocrx_word' id='word_1_582' title='bbox 3817 4732 3875 4771; x_wconf 92' lang='lat' dir='ltr'><strong>ac</strong></span> 
     </span>
    </p>
   </div>
   <div class='ocr_carea' id='block_1_95' title="bbox 447 4806 1941 4880">
    <p class='ocr_par' dir='ltr' id='par_1_95' title="bbox 447 4806 1941 4880">
     <span class='ocr_line' id='line_1_95' title="bbox 447 4806 1941 4880; baseline -0.003 -16"><span class='ocrx_word' id='word_1_583' title='bbox 447 4807 540 4865; x_wconf 91' lang='lat' dir='ltr'><strong>nis</strong></span> <span class='ocrx_word' id='word_1_584' title='bbox 572 4807 709 4864; x_wconf 91' lang='lat' dir='ltr'><strong>noni</strong></span> <span class='ocrx_word' id='word_1_585' title='bbox 740 4823 901 4880; x_wconf 84' lang='lat' dir='ltr'><strong>papae</strong></span> <span class='ocrx_word' id='word_1_586' title='bbox 932 4824 1082 4863; x_wconf 87' lang='lat' dir='ltr'><strong>anno</strong></span> <span class='ocrx_word' id='word_1_587' title='bbox 1112 4813 1340 4878; x_wconf 88' lang='lat' dir='ltr'><strong>quarto,</strong></span> <span class='ocrx_word' id='word_1_588' title='bbox 1374 4806 1688 4862; x_wconf 89' lang='lat' dir='ltr'><strong>indictione</strong></span> <span class='ocrx_word' id='word_1_589' title='bbox 1718 4806 1941 4877; x_wconf 91' lang='lat' dir='ltr'><strong>quinta.</strong></span> 
     </span>
    </p>
   </div>
   <div class='ocr_carea' id='block_1_96' title="bbox 1198 4912 1383 4967">
    <p class='ocr_par' dir='ltr' id='par_1_96' title="bbox 1198 4912 1383 4967">
     <span class='ocr_line' id='line_1_96' title="bbox 1198 4912 1383 4967; baseline -0.005 0"><span class='ocrx_word' id='word_1_590' title='bbox 1198 4912 1383 4967; x_wconf 74' lang='lat' dir='ltr'><strong>LXXI.</strong></span> 
     </span>
    </p>
   </div>
   <div class='ocr_carea' id='block_1_97' title="bbox 444 5001 2096 5072">
    <p class='ocr_par' dir='ltr' id='par_1_97' title="bbox 444 5001 2096 5072">
     <span class='ocr_line' id='line_1_97' title="bbox 444 5001 2096 5072; baseline -0.001 -10"><span class='ocrx_word' id='word_1_591' title='bbox 444 5005 499 5062; x_wconf 72' lang='lat'><strong>3.</strong></span> <span class='ocrx_word' id='word_1_592' title='bbox 550 5006 655 5060; x_wconf 87' lang='lat' dir='ltr'><strong>Leo</strong></span> <span class='ocrx_word' id='word_1_593' title='bbox 702 5006 769 5060; x_wconf 80' lang='lat' dir='ltr'><strong>IX</strong></span> <span class='ocrx_word' id='word_1_594' title='bbox 808 5004 1019 5062; x_wconf 80' lang='lat' dir='ltr'><strong>Joanm’</strong></span> <span class='ocrx_word' id='word_1_595' title='bbox 1080 5003 1324 5072; x_wconf 72' lang='lat' dir='ltr'><strong>episcopo</strong></span> <span class='ocrx_word' id='word_1_596' title='bbox 1388 5007 1438 5055; x_wconf 80' lang='lat' dir='ltr'><strong>et</strong></span> <span class='ocrx_word' id='word_1_597' title='bbox 1482 5001 1730 5056; x_wconf 84' lang='lat' dir='ltr'><strong>omnibus</strong></span> <span class='ocrx_word' id='word_1_598' title='bbox 1789 5003 2096 5061; x_wconf 70' lang='lat' dir='ltr'><strong>Terracina:</strong></span> 
     </span>
    </p>
   </div>
   <div class='ocr_carea' id='block_1_98' title="bbox 512 5072 2092 5150">
    <p class='ocr_par' dir='ltr' id='par_1_98' title="bbox 512 5072 2092 5150">
     <span class='ocr_line' id='line_1_98' title="bbox 512 5072 2092 5150; baseline -0.003 -17"><span class='ocrx_word' id='word_1_599' title='bbox 512 5076 1016 5150; x_wconf 18' lang='lat' dir='ltr'><strong>positiseccglesiam</strong></span> <span class='ocrx_word' id='word_1_600' title='bbox 1059 5082 1110 5150; x_wconf 76' lang='lat' dir='ltr'><strong>et</strong></span> <span class='ocrx_word' id='word_1_601' title='bbox 1146 5073 1544 5150; x_wconf 76' lang='lat' dir='ltr'><strong>monasterium</strong></span> <span class='ocrx_word' id='word_1_602' title='bbox 1583 5072 1639 5127; x_wconf 91' lang='lat' dir='ltr'><strong>S.</strong></span> <span class='ocrx_word' id='word_1_603' title='bbox 1691 5073 1951 5150; x_wconf 72' lang='lat' dir='ltr'><strong>Stephani</strong></span> <span class='ocrx_word' id='word_1_604' title='bbox 1977 5092 2092 5130; x_wconf 86' lang='lat' dir='ltr'><strong>mo-</strong></span> 
     </span>
    </p>
   </div>
   <div class='ocr_carea' id='block_1_99' title="bbox 511 5145 1829 5204">
    <p class='ocr_par' dir='ltr' id='par_1_99' title="bbox 511 5145 1829 5204">
     <span class='ocr_line' id='line_1_99' title="bbox 511 5145 1829 5204; baseline -0.005 0"><span class='ocrx_word' id='word_1_605' title='bbox 511 5145 753 5204; x_wconf 59' lang='lat' dir='ltr'><strong>nasterio</strong></span> <span class='ocrx_word' id='word_1_606' title='bbox 786 5146 1068 5201; x_wconf 75' lang='lat' dir='ltr'><strong>Casinensi</strong></span> <span class='ocrx_word' id='word_1_607' title='bbox 1096 5161 1129 5199; x_wconf 90' lang='lat' dir='ltr'><strong>a</strong></span> <span class='ocrx_word' id='word_1_608' title='bbox 1156 5159 1269 5199; x_wconf 78' lang='lat' dir='ltr'><strong>sese</strong></span> <span class='ocrx_word' id='word_1_609' title='bbox 1304 5145 1556 5198; x_wconf 71' lang='lat' dir='ltr'><strong>restituta</strong></span> <span class='ocrx_word' id='word_1_610' title='bbox 1588 5146 1829 5199; x_wconf 77' lang='lat' dir='ltr'><strong>nuntiat.</strong></span> 
     </span>
    </p>
   </div>
   <div class='ocr_carea' id='block_1_100' title="bbox 1069 5232 1471 5304">
    <p class='ocr_par' dir='ltr' id='par_1_100' title="bbox 1069 5232 1471 5304">
     <span class='ocr_line' id='line_1_100' title="bbox 1069 5232 1471 5304; baseline -0.005 -17"><span class='ocrx_word' id='word_1_611' title='bbox 1069 5234 1255 5304; x_wconf 83' lang='lat' dir='ltr'><strong>(Anno</strong></span> <span class='ocrx_word' id='word_1_612' title='bbox 1286 5232 1471 5303; x_wconf 71' lang='grc'><strong>4052.)</strong></span> 
     </span>
    </p>
   </div>
   <div class='ocr_carea' id='block_1_101' title="bbox 800 5320 1709 5394">
    <p class='ocr_par' dir='ltr' id='par_1_101' title="bbox 800 5320 1709 5394">
     <span class='ocr_line' id='line_1_101' title="bbox 800 5320 1709 5394; baseline -0.003 -16"><span class='ocrx_word' id='word_1_613' title='bbox 800 5321 1101 5394; x_wconf 89' lang='lat' dir='ltr'><strong>[Gattulla,</strong></span> <span class='ocrx_word' id='word_1_614' title='bbox 1137 5323 1280 5376; x_wconf 78' lang='lat' dir='ltr'><strong>Hist.</strong></span> <span class='ocrx_word' id='word_1_615' title='bbox 1316 5320 1525 5375; x_wconf 65' lang='lat' dir='ltr'><strong>Cassia.</strong></span> <span class='ocrx_word' id='word_1_616' title='bbox 1558 5321 1709 5392; x_wconf 73' lang='lat'><strong>118.]</strong></span> 
     </span>
    </p>
   </div>
   <div class='ocr_carea' id='block_1_102' title="bbox 512 5427 2094 5499">
    <p class='ocr_par' dir='ltr' id='par_1_102' title="bbox 512 5427 2094 5499">
     <span class='ocr_line' id='line_1_102' title="bbox 512 5427 2094 5499; baseline -0.002 -13"><span class='ocrx_word' id='word_1_617' title='bbox 512 5431 627 5486; x_wconf 81' lang='lat' dir='ltr'><strong>LEO</strong></span> <span class='ocrx_word' id='word_1_618' title='bbox 657 5427 989 5499; x_wconf 76' lang='lat' dir='ltr'><strong>episcopus,</strong></span> <span class='ocrx_word' id='word_1_619' title='bbox 1023 5443 1225 5482; x_wconf 89' lang='lat' dir='ltr'><strong>servus</strong></span> <span class='ocrx_word' id='word_1_620' title='bbox 1256 5441 1552 5481; x_wconf 88' lang='lat' dir='ltr'><strong>servorum</strong></span> <span class='ocrx_word' id='word_1_621' title='bbox 1585 5427 1707 5493; x_wconf 89' lang='lat' dir='ltr'><strong>Dei,</strong></span> <span class='ocrx_word' id='word_1_622' title='bbox 1739 5427 1947 5481; x_wconf 76' lang='lat' dir='ltr'><strong>JOANNI</strong></span> <span class='ocrx_word' id='word_1_623' title='bbox 1978 5429 2094 5499; x_wconf 86' lang='lat' dir='ltr'><strong>epi-</strong></span> 
     </span>
    </p>
   </div>
   <div class='ocr_carea' id='block_1_103' title="bbox 443 5513 2091 5588">
    <p class='ocr_par' dir='ltr' id='par_1_103' title="bbox 443 5513 2091 5588">
     <span class='ocr_line' id='line_1_103' title="bbox 443 5513 2091 5588; baseline 0 -16"><span class='ocrx_word' id='word_1_624' title='bbox 443 5532 618 5588; x_wconf 85' lang='lat' dir='ltr'><strong>scopo</strong></span> <span class='ocrx_word' id='word_1_625' title='bbox 668 5519 726 5570; x_wconf 88' lang='lat' dir='ltr'><strong>et</strong></span> <span class='ocrx_word' id='word_1_626' title='bbox 772 5516 1048 5569; x_wconf 90' lang='lat' dir='ltr'><strong>omnibus</strong></span> <span class='ocrx_word' id='word_1_627' title='bbox 1093 5514 1416 5569; x_wconf 74' lang='lat' dir='ltr'><strong>Terracinae</strong></span> <span class='ocrx_word' id='word_1_628' title='bbox 1467 5516 1672 5586; x_wconf 87' lang='lat' dir='ltr'><strong>positis</strong></span> <span class='ocrx_word' id='word_1_629' title='bbox 1718 5514 1804 5569; x_wconf 91' lang='lat' dir='ltr'><strong>vel</strong></span> <span class='ocrx_word' id='word_1_630' title='bbox 1853 5513 1909 5566; x_wconf 92' lang='lat' dir='ltr'><strong>in</strong></span> <span class='ocrx_word' id='word_1_631' title='bbox 1963 5517 2091 5586; x_wconf 88' lang='lat' dir='ltr'><strong>ejus</strong></span> 
     </span>
    </p>
   </div>
   <div class='ocr_carea' id='block_1_104' title="bbox 444 5600 2091 5671">
    <p class='ocr_par' dir='ltr' id='par_1_104' title="bbox 444 5600 2091 5671">
     <span class='ocr_line' id='line_1_104' title="bbox 444 5600 2091 5671; baseline 0.003 -15"><span class='ocrx_word' id='word_1_632' title='bbox 444 5601 776 5657; x_wconf 80' lang='lat' dir='ltr'><strong>conﬁnibus</strong></span> <span class='ocrx_word' id='word_1_633' title='bbox 810 5603 869 5655; x_wconf 92' lang='lat' dir='ltr'><strong>S.</strong></span> <span class='ocrx_word' id='word_1_634' title='bbox 915 5601 1089 5669; x_wconf 90' lang='lat' dir='ltr'><strong>Petri,</strong></span> <span class='ocrx_word' id='word_1_635' title='bbox 1140 5601 1473 5671; x_wconf 83' lang='lat' dir='ltr'><strong>nostrisque</strong></span> <span class='ocrx_word' id='word_1_636' title='bbox 1519 5603 1807 5667; x_wconf 77' lang='lat' dir='ltr'><strong>ﬁdelibus,</strong></span> <span class='ocrx_word' id='word_1_637' title='bbox 1841 5600 2091 5661; x_wconf 84' lang='lat' dir='ltr'><strong>salutem</strong></span> 
     </span>
    </p>
   </div>
   <div class='ocr_carea' id='block_1_105' title="bbox 443 5686 1398 5755">
    <p class='ocr_par' dir='ltr' id='par_1_105' title="bbox 443 5686 1398 5755">
     <span class='ocr_line' id='line_1_105' title="bbox 443 5686 1398 5755; baseline -0.006 -12"><span class='ocrx_word' id='word_1_638' title='bbox 443 5705 581 5743; x_wconf 85' lang='lat' dir='ltr'><strong>cum</strong></span> <span class='ocrx_word' id='word_1_639' title='bbox 620 5686 1022 5740; x_wconf 87' lang='lat' dir='ltr'><strong>benedictione</strong></span> <span class='ocrx_word' id='word_1_640' title='bbox 1059 5686 1398 5755; x_wconf 87' lang='lat' dir='ltr'><strong>apostolica.</strong></span> 
     </span>
    </p>
   </div>
   <div class='ocr_carea' id='block_1_106' title="bbox 514 5770 2090 5837">
    <p class='ocr_par' dir='ltr' id='par_1_106' title="bbox 514 5770 2090 5837">
     <span class='ocr_line' id='line_1_106' title="bbox 514 5770 2090 5837; baseline 0.006 -8"><span class='ocrx_word' id='word_1_641' title='bbox 514 5770 751 5829; x_wconf 85' lang='lat' dir='ltr'><strong>Noverit</strong></span> <span class='ocrx_word' id='word_1_642' title='bbox 781 5770 1009 5825; x_wconf 77' lang='lat' dir='ltr'><strong>dilectio</strong></span> <span class='ocrx_word' id='word_1_643' title='bbox 1041 5775 1233 5826; x_wconf 80' lang='lat' dir='ltr'><strong>vestra</strong></span> <span class='ocrx_word' id='word_1_644' title='bbox 1261 5770 1561 5831; x_wconf 88' lang='lat' dir='ltr'><strong>ecclesiam</strong></span> <span class='ocrx_word' id='word_1_645' title='bbox 1590 5781 1647 5834; x_wconf 93' lang='lat' dir='ltr'><strong>et</strong></span> <span class='ocrx_word' id='word_1_646' title='bbox 1669 5777 2090 5837; x_wconf 88' lang='lat' dir='ltr'><strong>monasterium</strong></span> 
     </span>
    </p>
   </div>
   <div class='ocr_carea' id='block_1_107' title="bbox 2196 4802 3873 4875">
    <p class='ocr_par' dir='ltr' id='par_1_107' title="bbox 2196 4802 3873 4875">
     <span class='ocr_line' id='line_1_107' title="bbox 2196 4802 3873 4875; baseline -0.005 -8"><span class='ocrx_word' id='word_1_647' title='bbox 2196 4803 2731 4868; x_wconf 84' lang='lat' dir='ltr'><strong>confirmamustibi</strong></span> <span class='ocrx_word' id='word_1_648' title='bbox 2747 4803 2980 4874; x_wconf 80' lang='lat' dir='ltr'><strong>tuisque</strong></span> <span class='ocrx_word' id='word_1_649' title='bbox 2991 4802 3504 4860; x_wconf 88' lang='lat' dir='ltr'><strong>successoribusin</strong></span> <span class='ocrx_word' id='word_1_650' title='bbox 3515 4811 3873 4875; x_wconf 85' lang='lat' dir='ltr'><strong>perpetuum</strong></span> 
     </span>
    </p>
   </div>
   <div class='ocr_carea' id='block_1_108' title="bbox 2206 4888 3874 4963">
    <p class='ocr_par' dir='ltr' id='par_1_108' title="bbox 2206 4888 3874 4963">
     <span class='ocr_line' id='line_1_108' title="bbox 2206 4888 3874 4963; baseline -0.004 -9"><span class='ocrx_word' id='word_1_651' title='bbox 2206 4911 2413 4954; x_wconf 90' lang='lat' dir='ltr'><strong>omnes</strong></span> <span class='ocrx_word' id='word_1_652' title='bbox 2436 4894 2495 4948; x_wconf 93' lang='lat' dir='ltr'><strong>in</strong></span> <span class='ocrx_word' id='word_1_653' title='bbox 2517 4891 2811 4963; x_wconf 86' lang='lat' dir='ltr'><strong>integrum</strong></span> <span class='ocrx_word' id='word_1_654' title='bbox 2837 4890 3159 4946; x_wconf 90' lang='lat' dir='ltr'><strong>oblationes</strong></span> <span class='ocrx_word' id='word_1_655' title='bbox 3176 4892 3443 4947; x_wconf 90' lang='lat' dir='ltr'><strong>vivorum</strong></span> <span class='ocrx_word' id='word_1_656' title='bbox 3469 4906 3534 4946; x_wconf 87' lang='lat' dir='ltr'><strong>ac</strong></span> <span class='ocrx_word' id='word_1_657' title='bbox 3555 4888 3874 4948; x_wconf 86' lang='lat' dir='ltr'><strong>defuncte-</strong></span> 
     </span>
    </p>
   </div>
   <div class='ocr_carea' id='block_1_109' title="bbox 2205 4978 3872 5055">
    <p class='ocr_par' dir='ltr' id='par_1_109' title="bbox 2205 4978 3872 5055">
     <span class='ocr_line' id='line_1_109' title="bbox 2205 4978 3872 5055; baseline -0.005 -13"><span class='ocrx_word' id='word_1_658' title='bbox 2205 5003 2359 5051; x_wconf 90' lang='lat' dir='ltr'><strong>rum,</strong></span> <span class='ocrx_word' id='word_1_659' title='bbox 2395 4998 2521 5055; x_wconf 67' lang='lat' dir='ltr'><strong>quae</strong></span> <span class='ocrx_word' id='word_1_660' title='bbox 2554 4978 2761 5034; x_wconf 88' lang='lat' dir='ltr'><strong>amodo</strong></span> <span class='ocrx_word' id='word_1_661' title='bbox 2794 4983 2851 5034; x_wconf 92' lang='lat' dir='ltr'><strong>et</strong></span> <span class='ocrx_word' id='word_1_662' title='bbox 2896 4979 3172 5051; x_wconf 90' lang='lat' dir='ltr'><strong>deinceps</strong></span> <span class='ocrx_word' id='word_1_663' title='bbox 3227 4980 3343 5052; x_wconf 91' lang='lat' dir='ltr'><strong>ipsi</strong></span> <span class='ocrx_word' id='word_1_664' title='bbox 3392 4980 3762 5037; x_wconf 84' lang='lat' dir='ltr'><strong>monasterio</strong></span> <span class='ocrx_word' id='word_1_665' title='bbox 3791 4979 3872 5037; x_wconf 88' lang='lat' dir='ltr'><strong>vel</strong></span> 
     </span>
    </p>
   </div>
   <div class='ocr_carea' id='block_1_110' title="bbox 2203 5068 3870 5143">
    <p class='ocr_par' dir='ltr' id='par_1_110' title="bbox 2203 5068 3870 5143">
     <span class='ocr_line' id='line_1_110' title="bbox 2203 5068 3870 5143; baseline -0.004 -11"><span class='ocrx_word' id='word_1_666' title='bbox 2203 5072 2465 5131; x_wconf 87' lang='lat' dir='ltr'><strong>ecclesiis</strong></span> <span class='ocrx_word' id='word_1_667' title='bbox 2488 5068 2571 5124; x_wconf 92' lang='lat' dir='ltr'><strong>illi</strong></span> <span class='ocrx_word' id='word_1_668' title='bbox 2593 5068 2875 5139; x_wconf 89' lang='lat' dir='ltr'><strong>subjectis</strong></span> <span class='ocrx_word' id='word_1_669' title='bbox 2890 5084 2924 5122; x_wconf 90' lang='lat' dir='ltr'><strong>a</strong></span> <span class='ocrx_word' id='word_1_670' title='bbox 2946 5068 3407 5141; x_wconf 90' lang='lat' dir='ltr'><strong>quibuscunque</strong></span> <span class='ocrx_word' id='word_1_671' title='bbox 3435 5069 3716 5143; x_wconf 89' lang='lat' dir='ltr'><strong>personis</strong></span> <span class='ocrx_word' id='word_1_672' title='bbox 3734 5071 3870 5126; x_wconf 62' lang='lat' dir='ltr'><strong>data:</strong></span> 
     </span>
    </p>
   </div>
   <div class='ocr_carea' id='block_1_111' title="bbox 2204 5155 3870 5227">
    <p class='ocr_par' dir='ltr' id='par_1_111' title="bbox 2204 5155 3870 5227">
     <span class='ocr_line' id='line_1_111' title="bbox 2204 5155 3870 5227; baseline -0.004 -8"><span class='ocrx_word' id='word_1_673' title='bbox 2204 5162 2458 5223; x_wconf 86' lang='lat' dir='ltr'><strong>fuerint;</strong></span> <span class='ocrx_word' id='word_1_674' title='bbox 2491 5158 2661 5212; x_wconf 86' lang='lat' dir='ltr'><strong>liceat</strong></span> <span class='ocrx_word' id='word_1_675' title='bbox 2704 5173 2937 5227; x_wconf 85' lang='lat' dir='ltr'><strong>quoque</strong></span> <span class='ocrx_word' id='word_1_676' title='bbox 2987 5155 3133 5224; x_wconf 91' lang='lat' dir='ltr'><strong>ipsis</strong></span> <span class='ocrx_word' id='word_1_677' title='bbox 3184 5158 3501 5213; x_wconf 88' lang='lat' dir='ltr'><strong>monachis</strong></span> <span class='ocrx_word' id='word_1_678' title='bbox 3553 5175 3628 5214; x_wconf 85' lang='lat' dir='ltr'><strong>ex</strong></span> <span class='ocrx_word' id='word_1_679' title='bbox 3673 5160 3870 5215; x_wconf 83' lang='lat' dir='ltr'><strong>eadem</strong></span> 
     </span>
    </p>
   </div>
   <div class='ocr_carea' id='block_1_112' title="bbox 2202 5243 3869 5320">
    <p class='ocr_par' dir='ltr' id='par_1_112' title="bbox 2202 5243 3869 5320">
     <span class='ocr_line' id='line_1_112' title="bbox 2202 5243 3869 5320; baseline 0 -17"><span class='ocrx_word' id='word_1_680' title='bbox 2202 5246 2650 5320; x_wconf 82' lang='lat' dir='ltr'><strong>congregatione</strong></span> <span class='ocrx_word' id='word_1_681' title='bbox 2664 5243 2874 5317; x_wconf 89' lang='lat' dir='ltr'><strong>eligere</strong></span> <span class='ocrx_word' id='word_1_682' title='bbox 2887 5245 3157 5301; x_wconf 89' lang='lat' dir='ltr'><strong>abbatem</strong></span> <span class='ocrx_word' id='word_1_683' title='bbox 3180 5245 3316 5316; x_wconf 91' lang='lat' dir='ltr'><strong>sibi,</strong></span> <span class='ocrx_word' id='word_1_684' title='bbox 3333 5246 3385 5301; x_wconf 88' lang='lat' dir='ltr'><strong>si</strong></span> <span class='ocrx_word' id='word_1_685' title='bbox 3413 5246 3565 5303; x_wconf 91' lang='lat' dir='ltr'><strong>inibi</strong></span> <span class='ocrx_word' id='word_1_686' title='bbox 3594 5247 3869 5305; x_wconf 90' lang='lat' dir='ltr'><strong>idoneum</strong></span> 
     </span>
    </p>
   </div>
   <div class='ocr_carea' id='block_1_113' title="bbox 2202 5333 3869 5409">
    <p class='ocr_par' dir='ltr' id='par_1_113' title="bbox 2202 5333 3869 5409">
     <span class='ocr_line' id='line_1_113' title="bbox 2202 5333 3869 5409; baseline -0.002 -16"><span class='ocrx_word' id='word_1_687' title='bbox 2202 5339 2276 5396; x_wconf 90' lang='lat' dir='ltr'><strong>ad</strong></span> <span class='ocrx_word' id='word_1_688' title='bbox 2306 5337 2415 5390; x_wconf 89' lang='lat' dir='ltr'><strong>hoc</strong></span> <span class='ocrx_word' id='word_1_689' title='bbox 2446 5333 2704 5389; x_wconf 80' lang='lat' dir='ltr'><strong>officium</strong></span> <span class='ocrx_word' id='word_1_690' title='bbox 2739 5334 3100 5389; x_wconf 91' lang='lat' dir='ltr'><strong>invenerint:</strong></span> <span class='ocrx_word' id='word_1_691' title='bbox 3138 5334 3231 5389; x_wconf 90' lang='lat' dir='ltr'><strong>sin</strong></span> <span class='ocrx_word' id='word_1_692' title='bbox 3264 5333 3439 5405; x_wconf 90' lang='lat' dir='ltr'><strong>alias,</strong></span> <span class='ocrx_word' id='word_1_693' title='bbox 3476 5338 3869 5409; x_wconf 88' lang='lat' dir='ltr'><strong>undecunque</strong></span> 
     </span>
    </p>
   </div>
   <div class='ocr_carea' id='block_1_114' title="bbox 2202 5420 3868 5500">
    <p class='ocr_par' dir='ltr' id='par_1_114' title="bbox 2202 5420 3868 5500">
     <span class='ocr_line' id='line_1_114' title="bbox 2202 5420 3868 5500; baseline -0.001 -20"><span class='ocrx_word' id='word_1_694' title='bbox 2202 5426 2472 5500; x_wconf 87' lang='lat' dir='ltr'><strong>possunt,</strong></span> <span class='ocrx_word' id='word_1_695' title='bbox 2496 5421 2738 5490; x_wconf 88' lang='lat' dir='ltr'><strong>dignum</strong></span> <span class='ocrx_word' id='word_1_696' title='bbox 2764 5426 3044 5477; x_wconf 88' lang='lat' dir='ltr'><strong>rectorem</strong></span> <span class='ocrx_word' id='word_1_697' title='bbox 3068 5420 3181 5477; x_wconf 85' lang='lat' dir='ltr'><strong>sibi</strong></span> <span class='ocrx_word' id='word_1_698' title='bbox 3202 5422 3431 5494; x_wconf 87' lang='lat' dir='ltr'><strong>eligant</strong></span> <span class='ocrx_word' id='word_1_699' title='bbox 3456 5442 3470 5491; x_wconf 89' lang='lat'>;</span> <span class='ocrx_word' id='word_1_700' title='bbox 3497 5428 3558 5480; x_wconf 91' lang='lat' dir='ltr'><strong>et</strong></span> <span class='ocrx_word' id='word_1_701' title='bbox 3592 5432 3868 5499; x_wconf 90' lang='lat' dir='ltr'><strong>perpetuo</strong></span> 
     </span>
    </p>
   </div>
   <div class='ocr_carea' id='block_1_115' title="bbox 2202 5508 3868 5577">
    <p class='ocr_par' dir='ltr' id='par_1_115' title="bbox 2202 5508 3868 5577">
     <span class='ocr_line' id='line_1_115' title="bbox 2202 5508 3868 5577; baseline -0.001 -8"><span class='ocrx_word' id='word_1_702' title='bbox 2202 5513 2439 5570; x_wconf 87' lang='lat' dir='ltr'><strong>maneat</strong></span> <span class='ocrx_word' id='word_1_703' title='bbox 2461 5508 2586 5575; x_wconf 82' lang='lat' dir='ltr'><strong>jam</strong></span> <span class='ocrx_word' id='word_1_704' title='bbox 2618 5523 2767 5577; x_wconf 73' lang='lat' dir='ltr'><strong>szepe</strong></span> <span class='ocrx_word' id='word_1_705' title='bbox 2796 5508 2983 5564; x_wconf 85' lang='lat' dir='ltr'><strong>fatum</strong></span> <span class='ocrx_word' id='word_1_706' title='bbox 3022 5510 3358 5566; x_wconf 78' lang='lat' dir='ltr'><strong>cmnobium</strong></span> <span class='ocrx_word' id='word_1_707' title='bbox 3394 5513 3514 5567; x_wconf 89' lang='lat' dir='ltr'><strong>sub</strong></span> <span class='ocrx_word' id='word_1_708' title='bbox 3551 5514 3745 5570; x_wconf 89' lang='lat' dir='ltr'><strong>tutela</strong></span> <span class='ocrx_word' id='word_1_709' title='bbox 3773 5530 3868 5569; x_wconf 90' lang='lat' dir='ltr'><strong>seu</strong></span> 
     </span>
    </p>
   </div>
   <div class='ocr_carea' id='block_1_116' title="bbox 2201 5594 3869 5676">
    <p class='ocr_par' dir='ltr' id='par_1_116' title="bbox 2201 5594 3869 5676">
     <span class='ocr_line' id='line_1_116' title="bbox 2201 5594 3869 5676; baseline 0.002 -23"><span class='ocrx_word' id='word_1_710' title='bbox 2201 5605 2331 5676; x_wconf 85' lang='lat' dir='ltr'><strong>jure</strong></span> <span class='ocrx_word' id='word_1_711' title='bbox 2361 5599 2574 5651; x_wconf 71' lang='lat' dir='ltr'><strong>sanctae</strong></span> <span class='ocrx_word' id='word_1_712' title='bbox 2608 5594 2878 5649; x_wconf 79' lang='lat' dir='ltr'><strong>Romanae</strong></span> <span class='ocrx_word' id='word_1_713' title='bbox 2909 5597 3173 5653; x_wconf 71' lang='lat' dir='ltr'><strong>Ecclesiae</strong></span> <span class='ocrx_word' id='word_1_714' title='bbox 3205 5597 3467 5655; x_wconf 89' lang='lat' dir='ltr'><strong>liberum</strong></span> <span class='ocrx_word' id='word_1_715' title='bbox 3517 5607 3578 5658; x_wconf 91' lang='lat' dir='ltr'><strong>et</strong></span> <span class='ocrx_word' id='word_1_716' title='bbox 3610 5603 3869 5659; x_wconf 88' lang='lat' dir='ltr'><strong>immune</strong></span> 
     </span>
    </p>
   </div>
   <div class='ocr_carea' id='block_1_117' title="bbox 2201 5682 3866 5759">
    <p class='ocr_par' dir='ltr' id='par_1_117' title="bbox 2201 5682 3866 5759">
     <span class='ocr_line' id='line_1_117' title="bbox 2201 5682 3866 5759; baseline 0.003 -17"><span class='ocrx_word' id='word_1_717' title='bbox 2201 5694 2274 5748; x_wconf 81' lang='lat' dir='ltr'><strong>ab</strong></span> <span class='ocrx_word' id='word_1_718' title='bbox 2303 5685 2462 5742; x_wconf 90' lang='lat' dir='ltr'><strong>omni</strong></span> <span class='ocrx_word' id='word_1_719' title='bbox 2495 5682 2853 5753; x_wconf 86' lang='lat' dir='ltr'><strong>subjectioue</strong></span> <span class='ocrx_word' id='word_1_720' title='bbox 2866 5687 3088 5759; x_wconf 86' lang='lat' dir='ltr'><strong>acjugo</strong></span> <span class='ocrx_word' id='word_1_721' title='bbox 3109 5687 3454 5745; x_wconf 83' lang='lat' dir='ltr'><strong>Casinensis</strong></span> <span class='ocrx_word' id='word_1_722' title='bbox 3480 5693 3866 5758; x_wconf 83' lang='lat' dir='ltr'><strong>monasterii;</strong></span> 
     </span>
    </p>
   </div>
   <div class='ocr_carea' id='block_1_118' title="bbox 2200 5768 3869 5855">
    <p class='ocr_par' dir='ltr' id='par_1_118' title="bbox 2200 5768 3869 5855">
     <span class='ocr_line' id='line_1_118' title="bbox 2200 5768 3869 5855; baseline -0.003 -16"><span class='ocrx_word' id='word_1_723' title='bbox 2200 5784 2283 5839; x_wconf 87' lang='lat' dir='ltr'><strong>ita</strong></span> <span class='ocrx_word' id='word_1_724' title='bbox 2314 5778 2379 5831; x_wconf 92' lang='lat' dir='ltr'><strong>ut</strong></span> <span class='ocrx_word' id='word_1_725' title='bbox 2407 5789 2512 5829; x_wconf 91' lang='lat' dir='ltr'><strong>nec</strong></span> <span class='ocrx_word' id='word_1_726' title='bbox 2543 5787 2650 5827; x_wconf 85' lang='lat' dir='ltr'><strong>vox</strong></span> <span class='ocrx_word' id='word_1_727' title='bbox 2678 5768 3169 5833; x_wconf 86' lang='lat' dir='ltr'><strong>calmuniatorum</strong></span> <span class='ocrx_word' id='word_1_728' title='bbox 3200 5792 3380 5849; x_wconf 89' lang='lat' dir='ltr'><strong>super</strong></span> <span class='ocrx_word' id='word_1_729' title='bbox 3412 5778 3530 5836; x_wconf 89' lang='lat' dir='ltr'><strong>hoc</strong></span> <span class='ocrx_word' id='word_1_730' title='bbox 3553 5780 3869 5855; x_wconf 86' lang='lat' dir='ltr'><strong>recipiatur</strong></span> 
     </span>
    </p>
   </div>
  </div>
