3974 6206
193 432 321 501 693

1182 432 1588 496 EPISTOLJE
1630 432 1730 495 ET
1775 429 2137 497 DECRETA
2176 434 2644 504 PONTIFIGIA.

3488 441 3611 508 69]

203 568 425 644 aliqua,
454 565 555 625 sed
586 564 821 640 penitus
838 564 1124 623 habeatur
1144 565 1349 625 frivola
1369 572 1425 624 et
1450 568 1635 638 irrita,
1661 566 1853 640 sitque
1881 566 1937 633 Α
1966 569 2264 641 Bernardi,
2288 573 2545 649 episcopi
2565 577 2624 633 S.
2647 574 2912 635 Ecclesiae
2933 574 3254 645 Esculante,
3279 577 3608 652 apostolica;

205 664 336 716 rata
364 655 764 715 controversiae
794 655 955 711 illius
980 655 1289 712 manifeste
1328 674 1393 713 ac
1442 658 1673 729 publice
1705 658 1855 713 facta

202 746 465 805 definitio
513 763 548 802 a
598 743 890 818 religiosis
956 745 1327 818 principibus
1387 746 1742 819 Jandolpho,
1788 763 1854 802 ac

202 836 559 908 Pandolpbo,
584 834 962 907 magnatibus
994 851 1060 889 ac
1086 835 1335 891 ducibus
1365 853 1588 900 eorum,
1620 837 1852 906 quando

201 927 365 1000 prius
397 923 745 996 Malepotus,
780 923 990 979 deinde
1019 924 1279 980 Joannes
1312 924 1658 980 Casinenses
1681 925 1855 979 abba-

202 1019 313 1085 tes,
370 1014 655 1071 adversus
716 1012 929 1067 Ursum
991 1028 1057 1067 ac
1101 1012 1446 1084 Gregorium
1496 1014 1740 1068 abbatiaa
1790 1014 1847 1069 S.

202 1104 432 1176 Sophiae
464 1106 737 1167 rectores,
772 1118 948 1173 super
970 1100 1093 1156 haec
1123 1102 1284 1157 litem
1318 1117 1645 1173 suscepere.
1692 1101 1848 1157 Obti-

206 1197 342 1250 neat
370 1210 506 1266 ergo
536 1195 591 1249 et
621 1190 918 1264 possideat
948 1206 1180 1262 semper
1226 1191 1555 1246 libertatem
1588 1194 1849 1246 anteces-

206 1299 408 1339 sorum
440 1284 767 1337 nostrorum
788 1278 1106 1351 privilegiis
1127 1283 1184 1335 et
1204 1280 1620 1350 imperatorum
1641 1296 1849 1351 praece-

209 1371 325 1443 ptis
356 1371 637 1427 hactenus
657 1369 768 1425 sibi
794 1384 1128 1424 concessam
1155 1373 1212 1424 et
1233 1360 1661 1440 conﬁrmatam,
1685 1368 1853 1423 itaut

208 1460 407 1517 nullus
436 1458 713 1530 deinceps
740 1458 1183 1530 imperatorum,
1218 1474 1443 1531 regum,
1503 1460 1720 1513 ducum
1762 1458 1850 1513 vel

207 1548 560 1623 principum,
582 1550 684 1604 aut
707 1547 1140 1615 marchionum,
1163 1564 1266 1603 nec
1287 1547 1405 1604 ulla
1426 1548 1849 1619 cujuscumque

202 1637 503 1712 dignitatis
515 1653 767 1710 persona
782 1639 986 1692 contra
1001 1635 1152 1692 hanc
1166 1642 1425 1693 nostram
1441 1637 1846 1692 auctoritatem

207 1731 309 1784 aut
338 1727 728 1783 conditionem
760 1725 1199 1799 privilegiorum
1238 1727 1432 1783 venire
1477 1726 1711 1795 audeat,
1745 1728 1848 1781 aut

205 1817 277 1872 de
306 1817 478 1873 bonis
507 1817 768 1887 ejusdem
791 1815 1036 1871 abbatiaa
1058 1833 1158 1888 per
1181 1833 1287 1872 nos
1320 1821 1421 1872 aut
1442 1830 1847 1888 quoscumque

204 1905 517 1974 concessis,
532 1921 833 1977 usurpare,
850 1904 1115 1960 minuere
1129 1909 1231 1961 aut
1247 1905 1500 1961 alienare
1520 1905 1843 1978 quidquam

207 2012 554 2068 quocunque
602 1994 774 2050 modo
819 1997 920 2049 aut
962 1994 1196 2066 ingenio
1240 1999 1577 2066 priesumat,
1629 2011 1700 2050 ne
1735 1994 1846 2049 sub

194 2084 417 2155 judicio
446 2082 696 2138 districti
723 2081 1115 2138 anathematis
1136 2083 1385 2138 decidat.
1412 2084 1587 2139 Porro
1612 2084 1751 2155 quia
1770 2085 1842 2140 ab

201 2172 497 2244 aliquibus
527 2171 819 2245 episcOpis
849 2170 1038 2227 solent
1066 2172 1329 2228 ccenobia
1352 2173 1692 2245 gravamina
1712 2190 1842 2229 sus-

201 2262 406 2327 tinere,
438 2277 547 2316 nos
578 2277 711 2315 vero
758 2259 935 2315 alicui
982 2260 1388 2332 praejudicium
1435 2277 1541 2316 nec
1571 2260 1844 2317 volumus

202 2367 303 2405 nec
332 2349 618 2406 debemus
648 2348 870 2417 facere;
904 2348 1012 2403 hoc
1042 2350 1280 2404 tandem
1329 2350 1707 2406 concedimus
1740 2349 1844 2404 tibi

199 2438 308 2494 hac
343 2442 543 2494 nostra
571 2437 934 2504 auctoritate,
968 2442 1031 2492 ut
1056 2438 1105 2493 si
1136 2440 1209 2494 ab
1258 2438 1529 2511 episcopo
1581 2439 1639 2493 in
1674 2441 1842 2510 cujus

199 2526 435 2584 dioecesi
467 2527 758 2594 consistis,
791 2526 1122 2598 nequiveris
1152 2527 1578 2584 ecclesiasticas
1609 2528 1841 2585 ordina-

198 2617 389 2672 tiones
403 2617 585 2688 gratis
602 2616 945 2672 etcanonice
966 2616 1287 2687 acquirere,
1308 2615 1602 2673 licentiam
1625 2617 1842 2673 habeas

196 2720 594 2778 aquocunque
616 2704 721 2761 tibi
739 2704 972 2777 tuisque
986 2704 1323 2776 acquirendi
1341 2722 1438 2760 eas
1451 2706 1630 2777 juste.
1652 2706 1840 2777 Hujus

196 2794 384 2852 nostri
415 2793 702 2867 privilegii
732 2798 952 2851 statuta
974 2794 1287 2867 infringere
1308 2798 1366 2850 et
1390 2812 1619 2851 cassare
1644 2794 1842 2851 nullus

194 2884 513 2959 aliquando
543 2900 895 2956 quacunque
915 2888 1037 2939 arte
1056 2888 1393 2956 praesumat,
1419 2900 1490 2940 ne
1512 2885 1839 2941 damnatio-

194 2990 324 3030 nem
361 2973 436 3029 ab
466 2972 633 3027 initio
663 2990 696 3027 a
726 2972 946 3028 sanctis
974 2972 1243 3028 Patribus
1275 2972 1705 3046 promulgatam
1736 2991 1840 3046 pro

190 3062 494 3135 sacrilegis
522 3062 803 3118 incurrat.
835 3061 982 3117 Nam
1013 3062 1283 3134 quisquis
1326 3062 1449 3117 haec
1494 3063 1589 3136 pio
1621 3063 1839 3118 Divini-

190 3153 329 3209 tatis
368 3155 633 3224 respectu
668 3155 996 3207 reverenter
1024 3151 1437 3219 observaverit,
1487 3151 1839 3208 conﬁdimus

190 3241 614 3314 quiaasancta
636 3240 917 3296 Trinitate
966 3240 1428 3296 benedictionem
1477 3241 1735 3309 habebit,
1784 3245 1840 3295 et

190 3312 416 3387 sortem
448 3329 813 3387 nanciscetur
842 3347 975 3385 cum
1008 3330 1093 3386 eis
1110 3330 1210 3402 qui
1232 3335 1519 3403 praecepta
1538 3329 1840 3386 Dominica
1869 3312 1912 3380 C

191 3422 594 3487 servaverunt,
626 3424 682 3476 et
712 3420 785 3475 ad
806 3418 1066 3476 caelestes
1088 3419 1395 3476 thesauros
1418 3424 1646 3476 terrena
1667 3418 1839 3492 patri-

193 3509 392 3566 monia
420 3509 871 3566 transtulerunt.

259 3600 410 3655 Data
438 3616 519 3653 xu
547 3598 674 3653 Kal.
706 3597 866 3653 Junii
898 3615 1001 3671 per
1030 3615 1243 3655 manus
1272 3598 1558 3655 Frederici
1589 3600 1838 3668 diaconi,

190 3687 250 3744 S.
284 3688 356 3742 ll.
394 3688 455 3741 Ε.
508 3685 962 3753 bibliothecarii,
1012 3704 1234 3744 necnon
1283 3692 1339 3745 et
1359 3688 1689 3744 cancellarii
1721 3689 1843 3744 vice

190 3774 422 3831 domini
480 3775 791 3832 Hermanni
838 3776 1329 3833 archicancellarii
1362 3781 1418 3833 et
1484 3777 1843 3835 Coloniensis

190 3862 639 3936 archiepiscopi,
692 3882 842 3921 anno
890 3865 1114 3921 domini
1161 3867 1369 3923 Leonis
1417 3884 1580 3940 papa:
1612 3873 1840 3940 quarto,

198 3953 401 4010 indict.
438 3972 492 4012 v.

902 4044 1140 4100 LXXIII.

195 4131 249 4186 S.
273 4118 376 4189 leo
400 4134 469 4189 IX
492 4134 757 4220 {Ecclesiae
773 4134 1064 4220 Asculum?
1076 4138 1439 4220 possessione?
1458 4146 1508 4193 et
1524 4140 1844 4220 privilegia,

440 4207 653 4276 petente
682 4206 961 4262 Bernardo
991 4206 1262 4280 ερίςεορο,
1293 4206 1595 4278 conﬁrmat.

821 4296 1007 4367 (Anno
1042 4296 1225 4367 1052.)

560 4382 832 4457 [Ughelli,
859 4386 1025 4441 Italia
1054 4402 1234 4454 sacra,
1270 4387 1313 4457 Ι,
1343 4387 1490 4455 1449.]

278 4487 395 4543 Lso
445 4488 777 4563 episcopus,
830 4509 1031 4548 servus
1077 4510 1377 4549 servorum
1421 4493 1543 4562 Dei,
1578 4496 1849 4550 Bsmnno

207 4577 464 4632 secundo
500 4579 774 4652 episcopo
821 4580 1085 4636 Ecclesiae
1134 4586 1190 4637 et
1236 4581 1608 4654 epis00patus
1656 4584 1713 4639 S.
1755 4584 1846 4639 Dei

1964 663 2326 719 auctoritatis
2388 666 2713 723 munimem
2764 668 3166 737 concedentes,
3223 671 3280 723 et
3328 683 3433 741 per
3479 686 3608 728 eam

1963 751 2198 821 praefato
2249 754 2541 827 episcopo,
2593 758 2934 830 cunctisque
2990 759 3119 829 ejus
3168 758 3608 817 successoribus

1963 842 2239 897 canonice
2271 843 2417 898 inibi
2447 846 2875 915 inthronizatis,
2910 864 3034 918 quae
3071 848 3143 903 ad
3191 847 3472 905 honorem
3507 850 3606 907 Dei

1962 930 2259 999 genitricis
2291 950 2636 1007 semperque
2690 936 2936 1008 virginis
2997 936 3188 992 Marias
3207 940 3298 993 est
3316 937 3604 1010 dedicata,

1964 1034 2069 1071 nec
2084 1019 2140 1072 in
2163 1019 2453 1077 inferioris
2471 1024 2842 1080 liberalitatis
2855 1025 3282 1098 praescriptum,
3302 1028 3403 1083 sed
3415 1028 3605 1085 obsta-

1965 1106 2159 1162 culum
2194 1114 2250 1163 et
2280 1111 2459 1166 totius
2492 1112 2864 1182 protectionis
2884 1114 3149 1186 clypeum
3171 1115 3459 1189 privilegii
3479 1134 3604 1173 mu-

1962 1194 2162 1251 nimen
2192 1200 2569 1269 conferimus,
2601 1204 2666 1256 ut
2689 1202 2933 1257 ecclesia
2962 1220 3088 1274 qum
3120 1204 3342 1261 nomini
3382 1206 3602 1262 summi

1964 1284 2383 1356 omnipotentis
2402 1289 2573 1360 Regis
2592 1294 2913 1361 martyrum
2931 1295 3019 1346 est
3034 1292 3320 1362 dedicata,
3335 1294 3599 1351 sitetiam

1960 1374 2177 1428 summi
2211 1376 2413 1433 militis
2444 1378 2572 1447 ejus
2603 1377 2705 1432 ﬁlii
2735 1380 2952 1450 scripto
2996 1384 3255 1451 protecta
3291 1382 3602 1456 gladioque

1962 1459 2218 1519 defensa.
2255 1465 2503 1537 Ideoque
2535 1466 2853 1539 apostolica
2866 1468 3211 1525 auctoritate
3232 1470 3601 1540 providentes

1958 1550 2211 1624 singula,
2244 1555 2530 1627 quidquid
2555 1557 2718 1626 juste
2746 1556 2934 1610 eidem
2973 1556 3297 1611 deferretur
3323 1557 3599 1631 ecclesiae,

1956 1643 2375 1699 conﬁrmamus
2407 1649 2463 1700 et
2493 1646 2940 1701 corroboramus
2967 1645 3092 1715 tibi,
3116 1648 3183 1701 ut
3203 1660 3375 1702 nemo
3396 1645 3604 1704 exinde

1956 1748 2091 1787 eum
2125 1734 2338 1789 audeat
2366 1735 2677 1802 devestire,
2708 1735 2797 1791 vel
2829 1736 3160 1802 molestare,
3206 1752 3310 1792 seu
3341 1735 3601 1808 aliquam

1957 1821 2422 1893 inquietudinem
2456 1823 2541 1879 illi
2571 1824 2820 1880 inferre:
2857 1824 2911 1878 id
2947 1828 3037 1880 est
3089 1824 3385 1880 civitatem
3415 1825 3600 1882 Escu-

1957 1908 2153 1965 lanam
2184 1928 2253 1966 ex
2280 1912 2507 1984 integro
2538 1930 2671 1968 cum
2702 1914 2832 1985 ipsa
2862 1930 2968 1967 sua
2999 1912 3263 1984 portione
3293 1915 3365 1969 de
3396 1930 3601 1971 mona-

1956 2001 2134 2056 sterio
2166 2002 2364 2057 Sancti
2394 2002 2618 2075 Angeli,
2652 2004 2807 2075 quod
2839 2002 2897 2057 in
2932 2003 3058 2073 ipsa
3087 2002 3317 2060 civitate
3346 2008 3437 2060 est
3462 2022 3601 2061 con-

1955 2092 2265 2156 structum,
2295 2095 2354 2146 et
2383 2091 2806 2147 monasterium
2828 2092 3051 2148 Sanctae
3073 2091 3286 2159 Marias,
3310 2091 3369 2147 in
3396 2097 3598 2152 sancto

1954 2182 2152 2234 monte
2181 2180 2460 2251 positum,
2490 2197 2624 2235 cum
2656 2180 3105 2251 omnibusjuste
3122 2178 3234 2235 sibi
3257 2181 3599 2252 pertinenti-

1953 2269 2085 2337 bus,
2145 2268 2231 2324 vel
2290 2286 2416 2340 quae
2474 2269 2711 2325 inantea
2765 2269 3099 2341 aliquorum
3145 2270 3312 2340 justa
3366 2270 3600 2329 datione

1951 2356 2214 2429 legaliter
2245 2358 2535 2429 perlinere
2563 2362 2860 2430 poterunt.
2893 2357 3236 2426 Castellum,
3268 2360 3421 2431 quod
3454 2360 3599 2418 dici-

1951 2449 2048 2502 tur
2076 2446 2289 2503 Trione
2318 2463 2451 2501 cum
2481 2446 2838 2503 monasterio
2882 2446 3082 2502 Sancti
3132 2447 3431 2503 Laurentii
3463 2465 3599 2506 cum

1952 2535 2227 2590 omnibus
2254 2534 2624 2607 pertinentiis
2648 2535 2793 2604 suis,
2844 2539 3069 2591 curtem
3118 2536 3190 2591 de
3238 2536 3435 2592 Massa
3462 2554 3599 2595 cum
3639 2582 3648 2591 .

1952 2624 2078 2697 ipso
2106 2624 2242 2695 Pojo
2275 2625 2345 2680 de
2374 2624 2521 2680 valle
2549 2624 2763 2692 lucida,
2796 2627 3019 2680 curtem
3042 2624 3113 2679 de
3136 2625 3351 2692 Monte,
3375 2630 3600 2684 curtem

1951 2714 2022 2769 de
2052 2713 2299 2782 Pazano,
2333 2714 2487 2769 sicut
2507 2714 2567 2769 in
2590 2714 2861 2770 chartula
2882 2713 3186 2786 Maynardi
3213 2714 3314 2769 ﬁlii
3336 2715 3600 2788 Sigolphi

1949 2801 2199 2857 habetur
2238 2808 2295 2859 et
2324 2802 2556 2875 legitur.
2592 2803 2796 2859 Castra
2826 2820 2953 2875 qua:
2985 2803 3265 2858 dicuntur
3301 2803 3596 2874 Sculcula,

1950 2890 2209 2959 Matrice,
2259 2890 2593 2963 Spinetula;
2647 2896 2871 2948 curtem
2915 2891 2986 2947 de
3030 2890 3190 2957 Hica,
3252 2894 3478 2947 curtem
3527 2893 3600 2949 de

1949 2978 2215 3048 Cariano,
2245 2985 2469 3034 curtem
2528 2981 2599 3036 de
2647 2981 2810 3047 Core,
2861 2984 3085 3037 curtem
3141 2981 3213 3037 de
3251 2979 3597 3053 Belenterio,

1950 3072 2176 3124 curtem
2204 3069 2274 3124 de
2306 3068 2692 3137 Flaminiano,
2725 3074 2949 3125 curtem
2980 3069 3050 3125 de
3078 3070 3207 3143 Api,
3260 3077 3481 3127 curtem
3524 3072 3597 3129 de

1947 3158 2280 3223 Tarracina,
2332 3162 2557 3213 curtem
2605 3160 2676 3215 de
2721 3159 2964 3231 Bapino,
3010 3163 3236 3217 curtem
3275 3160 3347 3216 de
3373 3159 3595 3217 Vuasto

1950 3246 2309 3315 Promarese,
2368 3252 2591 3303 curtem
2649 3249 2721 3303 de
2780 3250 2949 3317 Saxa,
3009 3253 3232 3305 curtem
3290 3250 3361 3306 de
3428 3248 3591 3317 Salli,

1952 3342 2173 3392 curtem
2239 3338 2311 3392 de
2367 3337 2627 3406 Patarco,
2691 3340 2916 3393 curtem
2991 3338 3061 3394 de
3128 3337 3281 3394 Villa
3355 3355 3591 3412 magna,

1951 3428 2007 3481 et
2064 3426 2263 3481 omnia
2319 3443 2445 3498 qua:
2525 3425 2798 3498 praedicto
2873 3425 3256 3498 episcopatui,
3331 3430 3454 3483 tam
3532 3427 3593 3484 in

1951 3514 2421 3587 supradictorum
2454 3519 2779 3570 castrorum
2812 3530 2987 3585 quam
3017 3518 3243 3571 curtem
3275 3516 3347 3570 de
3378 3516 3599 3572 Monta-

1952 3602 2269 3659 riolointus
2284 3603 2579 3659 civitatem
2603 3602 3000 3674 Spoletanam,
3024 3606 3251 3659 curtem
3271 3602 3340 3657 de
3354 3602 3598 3660 Paterno

1952 3692 2013 3747 in
2044 3691 2167 3747 loco
2210 3691 2310 3763 qui
2357 3692 2535 3746 Ponte
2585 3691 2819 3761 dicitur,
2872 3693 3094 3746 curtem
3137 3691 3209 3746 de
3240 3690 3599 3762 Primocasu,

1952 3779 2243 3837 Gualdum
2263 3781 2335 3835 de
2361 3780 2679 3853 Languine,
2700 3780 2759 3834 in
2783 3780 3284 3846 Nursiamoasam,
3306 3782 3364 3835 et
3378 3784 3603 3838 curtem

1952 3870 2106 3925 infra
2135 3869 2352 3938 locum,
2392 3869 2493 3924 ubi
2526 3868 2662 3924 olim
2700 3868 2809 3924 fuit
2839 3868 3086 3925 civitas:
3119 3872 3344 3925 curtem
3374 3870 3446 3925 de
3475 3870 3611 3927 Sala

1956 3959 2014 4014 in
2038 3959 2241 4015 eadem
2269 3957 2503 4023 Nursia,
2531 3956 2824 4013 Gualdum
2846 3958 2918 4013 de
2937 3958 3131 4026 Fesso,
3155 3960 3379 4014 curtem
3396 3956 3610 4015 Savelli

1957 4047 2015 4103 in
2049 4047 2331 4105 comitatu
2356 4047 2497 4102 item
2522 4046 2831 4116 Esculano,
2850 4046 2910 4101 in
2930 4046 3057 4102 loco
3071 4046 3170 4118 qui
3184 4048 3352 4119 Aqua
3371 4045 3608 4113 dicitur,

1958 4136 2267 4194 castellum
2299 4138 2369 4192 de
2403 4137 2579 4203 Luco,
2614 4139 2670 4191 et
2692 4136 2903 4191 turrim
2934 4136 3005 4191 de
3029 4135 3294 4203 Fotiano,
3319 4139 3378 4192 et
3409 4135 3612 4207 Pojum

1957 4227 2026 4283 de
2043 4226 2506 4293 Quintodecimo,
2525 4227 3081 4282 curtemMazzanam
3095 4242 3231 4281 cum
3244 4224 3451 4282 salinis
3463 4224 3611 4293 suis,

1958 4314 2263 4373 castellum
2284 4315 2353 4370 de
2377 4315 2570 4371 Murro
2590 4319 2849 4371 castrum
2873 4314 3614 4384 Fundanianum,montem

1959 4406 2177 4461 Purum
2212 4420 2346 4459 cum
2381 4404 2613 4460 torestis
2643 4407 2699 4459 et
2733 4403 2918 4469 silvis,
2948 4420 3083 4459 cum
3114 4404 3252 4475 Pojo
3302 4403 3456 4476 quod
3487 4401 3618 4459 Cla-

1962 4493 2277 4550 matorium
2311 4493 2544 4564 dicitur,
2580 4492 2750 4565 Plage
2775 4510 2912 4549 cum
2938 4497 3129 4549 castro
3150 4493 3623 4561 Lusiano,Villa—

1961 4600 2180 4656 magna
2211 4599 2343 4637 cum
2378 4583 2539 4653 Pojo,
2572 4587 2628 4637 et
2656 4581 2917 4649 castello,
2949 4582 3312 4652 Cicilianum,
3363 4583 3620 4639 Montem

204 4663 505 4734 genitricis
568 4668 814 4741 virginis
880 4669 1075 4725 Maria:
1143 4675 1200 4725 et
1257 4671 1583 4726 beatissimi
1642 4671 1935 4748 ClirEstiD
1970 4672 2230 4738 Calvum,
2291 4672 2643 4742 Baiuanum,
2706 4674 2963 4726 castrum
3016 4672 3087 4726 de
3117 4672 3363 4735 Gualdo,
3397 4674 3623 4728 curtem

203 4754 479 4827 martyris
527 4757 798 4829 Emigdii,
849 4758 1051 4830 positae
1124 4760 1181 4814 in
1238 4760 1517 4816 comitatu
1570 4761 1858 4818 lisculano

198 4840 350 4899 intra
364 4844 685 4916 civitatem,
707 4847 1053 4921 cunctisque
1076 4849 1200 4905 suis
1223 4849 1665 4905 successoribus
1686 4867 1858 4908 cano-

204 4928 332 4987 nice
364 4931 509 4988 illuc
539 4933 901 4992 intrantibus
932 4936 991 4992 in
1023 4940 1388 5009 perpetuum.

268 5021 415 5086 Quia
429 5022 628 5078 divina
646 5023 918 5098 largitate
933 5025 1133 5098 gratia:
1154 5026 1215 5081 B.
1242 5029 1433 5094 Petro,
1458 5024 1859 5099 apostolorum

204 5107 478 5182 principi,
509 5127 729 5185 regere,
765 5113 1126 5187 dispensare,
1162 5116 1314 5170 etab
1349 5115 1509 5170 omni
1548 5132 1862 5187 pravorum

206 5196 582 5255 infestationc
599 5201 924 5269 defensare,
942 5205 1134 5259 omnis
1152 5205 1471 5259 commissa
1489 5209 1576 5259 est
1590 5204 1862 5272 Ecclesia,

209 5291 271 5341 ut
319 5289 493 5359 cujus
545 5291 807 5361 pascitur
856 5293 1141 5363 doctrina,
1193 5300 1248 5349 et
1299 5294 1428 5365 ejus
1481 5293 1783 5347 muniatur
1814 5299 1869 5348 et

208 5376 412 5446 tutela,
443 5380 713 5435 convenit
742 5399 871 5450 nos,
903 5383 1001 5455 qui
1033 5385 1161 5454 ejus
1192 5383 1312 5439 vice
1339 5381 1701 5455 apostolatus
1738 5382 1866 5437 qu-

209 5464 405 5536 gimur
426 5467 705 5539 culmine,
729 5472 980 5545 singulis
1006 5473 1467 5545 Ecclesiaejustai
1489 5471 1870 5545 prolectionis

214 5568 436 5612 manus
467 5557 781 5632 porrigere,
815 5566 1126 5634 quatenus,
1152 5562 1307 5634 quod
1330 5561 1446 5617 illis
1467 5561 1537 5615 ad
1562 5559 1871 5615 tutamiuis

208 5643 448 5715 proficit
477 5646 908 5719 fulcimentum,
960 5670 1066 5709 nos
1116 5651 1383 5723 expediat
1412 5669 1446 5706 a
1476 5647 1672 5704 debito
1716 5648 1871 5720 quod

212 5732 500 5793 debemus
513 5737 808 5799 omnibus.
826 5740 1074 5797 Proinde
1085 5744 1292 5812 rogatu
1306 5740 1371 5796 D.
1391 5754 1575 5810 supra
1589 5736 1875 5792 nominati

1968 4759 2176 4833 Agelli,
2211 4763 2469 4821 castrum
2499 4759 2914 4831 Ligunianum,
2948 4762 3169 4815 curtem
3209 4757 3627 4830 Pupillianam,

1971 4852 2201 4903 curtem
2236 4848 2292 4902 S.
2329 4845 2631 4918 Stephani,
2656 4852 2881 4901 curtem
2901 4846 2972 4901 de
2992 4845 3261 4912 Paterno,
3289 4848 3347 4899 et
3366 4847 3630 4900 castrum

1972 4938 2043 4992 de
2076 4936 2366 5008 Spelunca
2398 4952 2531 4989 eum
2568 4935 2695 5007 ipsa
2726 4939 2887 4991 curte
2917 4934 2987 4991 de
3030 4931 3360 5000 Valeriano,
3401 4933 3629 4988 curtem

1973 5026 2044 5081 de
2074 5025 2331 5090 Botiano,
2354 5028 2612 5078 montem
2625 5024 3112 5096 Andreae,Pojum
3127 5021 3452 5089 Silvistum,
3471 5020 3631 5093 quod

1974 5118 2065 5170 est
2096 5117 2229 5167 ante
2261 5110 2570 5166 castellum
2604 5111 2953 5180 Gusianum,
2986 5130 3092 5170 nec
3123 5128 3238 5168 non
3285 5113 3343 5166 et
3370 5114 3632 5167 castrum

1976 5204 2045 5257 de
2078 5200 2386 5272 Spinctulo
2419 5215 2549 5254 cum
2576 5203 2741 5253 curte
2765 5217 2893 5269 sua,
2918 5218 3047 5273 quae
3066 5200 3375 5259 Francisca
3395 5197 3633 5265 dicitur,

1977 5295 2200 5345 curtem
2235 5287 2604 5352 Fassiauam,
2638 5291 2861 5341 curtem
2887 5291 3284 5358 Prostitulam,
3312 5287 3640 5362 PojumVa—

1980 5378 2179 5434 lcutcri
2194 5396 2221 5431 u
2236 5395 2310 5443 m,
2329 5373 2631 5431 castellum
2655 5376 2722 5429 de
2737 5376 2958 5443 Ollavo,
2975 5379 3179 5449 Pojum
3194 5377 3634 5443 Gaminaldum,

1980 5474 2205 5524 curtem
2237 5463 2653 5530 Ccrvinariaxu,
2705 5467 2928 5518 curtem
2982 5465 3369 5539 Chrisianam,
3411 5468 3636 5526 curtem

1980 5559 2052 5614 de
2081 5557 2332 5624 Vivario,
2367 5558 2590 5611 curtem
2625 5554 2682 5609 S.
2720 5551 2951 5623 Felicis,
3004 5556 3214 5627 Pojum
3274 5558 3346 5614 de
3378 5555 3636 5631 Pignole,

1981 5651 2200 5701 curtem
2236 5649 2290 5701 ἐξ.
2326 5644 2580 5712 Martini,
2638 5647 2899 5700 castrum
2954 5644 3024 5701 de
3074 5645 3277 5700 Corato
3330 5663 3466 5702 cum
3498 5644 3639 5716 Pojo

1981 5734 2221 5791 lleliccti
2277 5740 2333 5791 et
2391 5733 2708 5802 Cisimuloe,
2762 5737 2991 5793 curtem
3049 5733 3370 5807 Popiliano,
3415 5738 3640 5792 curtem
