3974 6206
364 438 485 504 693

1432 439 1499 502 S.
1546 436 1824 501 LEONIS
1867 440 1947 502 IX
1993 438 2223 503 ΡΑΡΕ
2264 437 2701 505 OPUSGULA.

369 574 802 641 Lauretianam,
834 576 1057 628 curtem
1089 571 1511 639 Maltinianam,
1566 571 1874 628 castellum
1913 573 2012 629 Ca-
2039 573 2095 642 Α
2123 573 2557 647 archiepiscopo
2574 573 2937 648 Moguntina,
2950 574 3164 633 dilecto
3177 574 3299 633 filio
3312 579 3516 635 nostro
3542 576 3786 637 etfratri

368 666 546 732 stelli,
581 666 639 719 in
673 663 1013 731 Frondaria,
1047 666 1270 717 curtem
1303 660 1571 730 Porilem,
1624 666 1845 717 curtem
1877 662 2012 719 Dia-

368 756 759 821 nam,curtem
790 753 860 806 de
891 754 1126 819 Quarto,
1160 750 1474 806 Castellum
1501 752 1572 806 de
1593 752 2010 817 Post-montes,

370 846 594 899 curtem
624 840 1040 912 Capitinulam,
1064 843 1286 895 curtcm
1305 840 1690 907 Paternionis,
1712 858 1843 896 cum
1877 842 2014 912 Pojo

367 930 709 1004 Avignonis,
742 928 1049 985 castellum
1075 931 1145 985 de
1178 929 1513 985 Callonnata
1536 947 1666 984 cum
1693 932 1817 985 suis
1843 931 2017 985 curti-

369 1022 503 1086 bus,
535 1025 758 1076 curtem
789 1019 1004 1075 Ciniari
1063 1036 1197 1075 cum
1238 1036 1344 1074 suo
1401 1018 1657 1087 castello,
1692 1024 1915 1075 curtem
1946 1021 2017 1075 de

370 1109 600 1177 Casule,
629 1113 687 1163 et
711 1108 1018 1164 castellum
1048 1109 1117 1163 de
1138 1108 1303 1163 Vina.

442 1200 575 1255 Haec
603 1199 802 1255 omnia
814 1198 1299 1269 supranominata
1319 1214 1451 1253 cum
1478 1197 1747 1270 plebibus
1767 1201 1825 1254 et
1846 1198 2019 1253 eccle-

373 1289 480 1346 siis
511 1288 785 1361 singulis,
826 1302 1147 1358 earumque
1196 1287 1512 1355 dotalibus,
1566 1305 1700 1343 cum
1752 1288 1933 1343 servis
1963 1292 2019 1342 et

373 1378 624 1448 ancillis,
654 1377 865 1444 viduis,
901 1377 1269 1446 massaritiis,
1302 1377 1748 1433 commendatiis
1778 1382 1836 1432 et
1865 1377 2019 1432 colo-

374 1468 471 1524 nis
503 1467 777 1540 singulis,
809 1483 945 1521 cum
968 1468 1199 1538 alpibus
1214 1466 1797 1537 etmontibus,silvis,
1813 1466 2015 1539 pratis,

376 1558 635 1631 pascuis,
663 1556 865 1625 vineis,
919 1555 1164 1625 olivetis,
1213 1556 1386 1612 cultis
1429 1560 1486 1611 et
1532 1556 1791 1623 incultis,
1826 1557 2015 1629 aquis,

378 1646 753 1713 molendinis,
788 1644 1074 1718 piscariis,
1107 1645 1548 1717 piscationibus,
1582 1646 1809 1714 salinis,
1841 1662 2019 1717 aqua-

380 1752 632 1808 rumque
655 1734 1021 1800 decursibus,
1050 1750 1153 1789 nec
1175 1751 1287 1789 non
1307 1738 1361 1788 et
1383 1734 1683 1799 armentis,
1712 1750 2021 1805 equorum-

380 1841 496 1896 que
527 1824 781 1892 forestis,
813 1840 912 1879 seu
935 1823 1210 1878 omnibus
1233 1824 1393 1893 juste
1425 1822 1535 1878 sibi
1569 1822 2017 1895 pertinentibus,

2123 662 2437 735 spirituali.

2195 752 2253 808 Si
2286 756 2547 824 pastores
2579 752 2773 808 ovium
2804 751 2989 809 solem
3018 752 3274 826 geluque
3296 770 3402 826 pro
3434 757 3638 829 gregis
3690 759 3789 813 sui

2124 841 2390 897 custodia
2419 841 2511 896 die
2541 858 2605 897 ac
2637 834 2805 897 nocte
2836 842 2983 897 ferre
3014 842 3271 899 contenti
3303 847 3464 911 sunt,
3491 849 3549 900 et
3571 863 3646 902 ne
3668 862 3787 919 qua

2124 947 2193 985 ex
2215 930 2301 985 eis
2331 933 2431 985 aut
2458 931 2704 986 errando
2739 934 2955 1002 pereat,
2990 936 3092 987 aut
3121 931 3325 988 ferinis
3349 933 3575 991 laniata
3627 951 3791 992 mor-

2126 1019 2291 1076 sibus
2321 1020 2603 1092 rapiatur,
2633 1020 2818 1076 oculis
2850 1037 3084 1094 semper
3112 1020 3497 1095 vigilantibus
3529 1023 3787 1081 circum-

2127 1113 2392 1181 spectant
2417 1127 2430 1177 ;
2464 1113 2683 1181 quanto
2715 1111 2947 1176 sudore,
2972 1113 3312 1183 quantaque
3334 1129 3476 1168 cura
3495 1112 3791 1171 debemus

2126 1214 2253 1255 esse
2284 1197 2612 1271 pervigiles,
2646 1215 2752 1253 nos
2783 1198 2885 1270 qui
2931 1204 3199 1271 pastores
3249 1200 3587 1257 animarum
3636 1202 3784 1259 dici-

2127 1302 2279 1342 mur.
2312 1287 2721 1354 Attendamus,
2752 1291 2808 1342 et
2837 1292 3180 1361 susceptum
3212 1289 3475 1346 officium
3505 1290 3787 1347 exhibere

2128 1391 2266 1449 erga
2292 1376 2616 1432 custodiam
2640 1376 3078 1434 Dominicarum
3105 1377 3301 1434 ovium
3319 1395 3437 1435 non
3456 1396 3785 1447 cessemus,

2128 1482 2199 1521 ne
2228 1466 2287 1521 in
2322 1466 2413 1521 die
2443 1466 2693 1522 districti
2724 1466 3009 1523 examinis
3040 1483 3144 1539 pro
3170 1467 3399 1524 desidia
3420 1473 3620 1525 nostra
3637 1473 3781 1525 ante

2129 1571 2428 1612 summum
2460 1559 2759 1612 Pastorem
2804 1555 3169 1629 negligentia;
3215 1560 3415 1613 reatus
3463 1557 3775 1625 excruciet,

2128 1645 2285 1700 unde
2314 1644 2487 1701 modo
2517 1644 2755 1713 honore,
2788 1644 3129 1713 reverentia,
3153 1645 3310 1702 inter
3331 1648 3571 1702 caeteros
3591 1645 3782 1704 subli-

2130 1734 2344 1790 miores
2366 1734 2726 1805 judicamur.

2198 1822 2449 1879 Pallium
2468 1826 2662 1879 autem
2687 1823 3036 1879 fraternitati
3052 1825 3171 1880 tua;
3195 1839 3263 1880 ex
3279 1841 3459 1893 more,
3483 1825 3555 1881 ad
3572 1824 3783 1881 missa-

379 1913 441 1968 in
468 1914 759 1984 integrum
791 1913 1230 1977 confirmamus,
1265 1915 1439 1983 atque
1469 1911 1787 1984 apostolica
1816 1916 2021 1968 aucto-
2048 1945 2097 2011 Β
2129 1929 2261 1968 rum
2283 1912 2568 1969 solemnia
2590 1912 2934 1969 celebranda
2955 1914 3351 1980 concedimus,
3377 1913 3634 1986 quotibi,
3663 1930 3783 1969 non

380 2002 549 2057 ritate
578 2001 1046 2056 corroboramus.
1084 2001 1343 2055 Decimas
1366 2000 1561 2069 etiam,
1582 2017 1685 2057 seu
1708 2000 2017 2074 primitias,

378 2095 438 2147 et
464 2089 1057 2160 cunctasIoblationes
1090 2090 1348 2145 fidelium
1378 2090 1640 2146 vivorum
1671 2094 1730 2146 et
1762 2095 2021 2147 mortuo-

377 2194 510 2234 rum
541 2178 730 2234 eidem
762 2179 1119 2251 episcopatui
1147 2181 1307 2251 juste
1334 2184 1390 2234 et
1418 2180 1694 2234 canonice
1727 2181 2021 2252 pertinen-

376 2282 466 2329 tes
494 2268 619 2335 tibi,
632 2269 802 2339 juxta
824 2268 1164 2324 canonicam
1186 2269 1618 2323 institutionem
1636 2270 1737 2325 SS.
1761 2268 2022 2335 Patrum,

380 2357 779 2414 concedimus.
795 2357 909 2411 Nec
932 2374 1048 2411 non
1074 2361 1130 2411 et
1146 2356 1290 2412 illud
1305 2358 1613 2412 statuendo
1636 2358 2024 2425 decernimus,

382 2463 456 2501 ne
486 2445 701 2516 aliquis
732 2445 1064 2516 episcopus,
1097 2444 1347 2516 alicujus
1398 2447 1757 2512 auctoritate,
1813 2446 1898 2501 vel
1926 2464 2025 2519 po-

382 2537 591 2590 testate
625 2532 901 2587 suﬂultus
933 2534 1145 2588 audeat
1174 2536 1395 2605 absque
1427 2534 1663 2590 licentia
1692 2535 1833 2589 inibi
1860 2537 2030 2607 juxta

384 2622 607 2697 praefati
659 2622 939 2693 episcopi,
992 2622 1388 2679 ordinationes
1445 2640 1545 2678 seu
1578 2624 2026 2680 constitutiones

385 2712 618 2784 aliquas
647 2711 853 2775 facere,
906 2710 991 2765 vel
1018 2711 1242 2781 judicia
1271 2711 1601 2784 disponere,
1634 2730 1735 2769 seu
1767 2713 2030 2784 clericos,

386 2805 490 2858 aut
520 2800 890 2873 presbyteros
903 2800 1123 2872 synodo
1141 2801 1535 2875 qualicunque
1548 2803 1923 2874 distringere,
1941 2803 2028 2859 vel

387 2889 653 2961 fatigare.
705 2889 1038 2945 Statuentes
1084 2890 1263 2962 igitur
1315 2891 1636 2964 apostolica
1664 2893 2031 2960 auctoritate,

390 2996 519 3053 quae
550 2979 835 3034 servanda
863 2979 1035 3034 estab
1052 2981 1489 3049 omnibus,etin
1524 2983 1800 3037 omnibus
1831 2981 2031 3039 statui-

391 3084 549 3138 mus,
574 3070 630 3123 et
659 3067 769 3122 sub
803 3067 1170 3125 anathemate
1208 3070 1686 3143 constringimus,
1737 3076 1801 3127 ut
1832 3071 2031 3129 nullus

392 3158 731 3229 imperator,
764 3156 882 3212 sive
914 3173 1031 3225 rex,
1064 3157 1264 3213 nullus
1312 3160 1447 3229 dux,
1496 3160 1584 3215 vel
1624 3160 1906 3228 marchio,
1936 3178 2030 3217 co-

2132 2001 2319 2068 aliter,
2352 2001 2619 2057 Ecclesiae
2649 2008 2761 2058 tua:
2793 2002 3111 2075 privilegiis
3141 2003 3199 2058 in
3222 2019 3327 2058 suo
3351 2006 3504 2058 statu
3528 2017 3782 2057 manen-

2129 2092 2291 2148 tibus
2322 2091 2407 2146 uti
2438 2092 2836 2160 concedimus,
2868 2107 3047 2163 quam
3077 2092 3403 2148 decessores
3445 2089 3777 2162 predeces-

2133 2195 2411 2252 soresque
2435 2184 2568 2235 tuos
2607 2197 2746 2236 usos
2794 2195 2945 2250 esse,
2993 2179 3348 2252 incognitum
3397 2195 3515 2234 non
3557 2177 3782 2233 habes.

2131 2268 2415 2324 Videlicet
2446 2269 2505 2324 in
2538 2269 2630 2325 die
2661 2268 2871 2325 natalis
2901 2267 3150 2333 Domini,
3197 2268 3258 2323 in
3306 2265 3658 2339 Epiphania,
3717 2264 3785 2320 in

2135 2375 2300 2413 omna
2328 2357 2579 2425 Domini,
2613 2356 2669 2412 in
2702 2358 2953 2413 Sabbato
2992 2359 3219 2424 sancto,
3264 2354 3326 2411 in
3373 2355 3468 2411 die
3515 2369 3784 2411 resurre-

2137 2446 2347 2502 ctionis
2372 2446 2620 2512 Domini,
2643 2446 2700 2501 in
2724 2445 3080 2501 Ascensione
3101 2443 3353 2513 Domini,
3375 2443 3438 2498 in
3461 2443 3557 2499 die
3578 2447 3785 2499 sancto

2139 2535 2524 2603 Pentecostes,
2557 2536 2617 2591 in
2664 2534 3084 2591 festivitatibus
3117 2534 3174 2589 S.
3228 2532 3446 2598 Mariae,
3498 2531 3786 2588 natalitiis

2140 2624 2558 2696 apostolorum,
2588 2624 2646 2678 in
2672 2623 2983 2679 festivitate
3005 2624 3063 2679 S.
3079 2622 3339 2688 Martini,
3354 2626 3412 2678 et
3427 2621 3528 2678 SS.
3550 2620 3785 2689 Albani,

2138 2714 2319 2787 Sergii
2351 2717 2408 2769 et
2438 2713 2668 2780 Bacchi,
2703 2712 2869 2769 Aurei
2902 2716 2960 2768 et
2986 2712 3274 2779 Justinus;
3315 2711 3376 2766 in
3421 2708 3789 2767 ordinatione

2141 2802 2544 2875 episcoporum
2577 2806 2633 2858 et
2663 2802 3031 2871 clericorum,
3065 2801 3126 2857 in
3147 2800 3239 2858 die
3255 2798 3471 2857 natalis
3486 2799 3593 2868 tui,
3615 2799 3676 2855 in
3689 2800 3789 2856 de-

2143 2892 2429 2947 dicatione
2458 2892 2733 2948 ecclesiae.

2214 2982 2281 3036 Et
2310 2981 2449 3053 quia
2479 2981 2538 3036 in
2569 2980 2694 3037 loco
2728 2979 2831 3035 filii
2862 2984 2918 3036 te
2949 2979 3273 3053 diligimus,
3305 2979 3456 3034 duos
3504 2977 3616 3034 hos
3664 2977 3793 3033 dies

2143 3087 2291 3143 quos
2320 3070 2774 3143 przedecessores
2812 3070 2897 3125 tui
2945 3086 3061 3125 non
3110 3069 3468 3137 habuerunt,
3525 3070 3792 3124 octavam

2143 3159 2363 3216 scilicet
2382 3160 2636 3223 Domini,
2659 3163 2717 3216 et
2738 3158 3109 3216 festivitatem
3132 3157 3399 3214 omnium
3423 3161 3792 3225 sanctorum,

394 3261 540 3313 mes,
598 3244 937 3313 vicccomes,
993 3246 1308 3314 castaldus,
1377 3247 1462 3303 vel
1513 3248 1759 3321 quilibet
1805 3249 2035 3322 publice
2076 3314 2108 3322 _
2145 3249 2251 3305 tibi
2273 3248 2610 3305 charitative
2632 3249 3026 3305 concedimus.
3053 3250 3297 3320 Insuper
3315 3245 3791 3319 etcuphiamtibi

400 3336 615 3407 pariter
660 3338 913 3405 exactor,
958 3352 1059 3391 seu
1113 3336 1429 3409 cujuslibet
1468 3338 1725 3394 hominis
1765 3355 2033 3412 persona,
2067 3314 2109 3380 α
2147 3338 2562 3411 permittimus,
2583 3342 2641 3395 et
2660 3356 2835 3412 super
2857 3341 3082 3394 nattum
3101 3336 3364 3409 equitare
3388 3335 3795 3403 concedimus,

399 3426 807 3496 cujuscunque
856 3425 932 3480 sit
973 3425 1217 3493 ordinis,
1264 3426 1351 3482 vel
1402 3427 1727 3500 dignitatis,
1769 3445 1870 3484 seu
1904 3428 2035 3484 reli-

395 3514 607 3587 gionis,
658 3514 809 3569 hanc
859 3516 1281 3588 pragmaticum
1327 3516 1612 3589 privilegii
1673 3518 2034 3575 sanctionem

389 3604 599 3659 audeat
621 3603 1034 3676 refragare,vel
1058 3604 1114 3659 in
1140 3622 1435 3677 quoquam
1462 3606 1824 3679 confringere
1848 3609 2034 3681 ;quod

381 3692 481 3762 qui
530 3692 841 3747 tcntaverit
892 3710 925 3748 a
974 3695 1014 3747 B
1060 3692 1248 3761 Petro,
1301 3695 1700 3766 apostolorum
1743 3697 2029 3769 principe,

377 3779 749 3838 anathemate
794 3781 989 3837 divino
1042 3799 1359 3853 percussus
1422 3782 1691 3849 intereat,
1743 3784 1879 3856 quia
1928 3784 2027 3839 Dei

371 3868 753 3938 Genitricem,
786 3870 958 3942 eique
982 3870 1332 3927 famulantes
1355 3873 1646 3929 offendere
1670 3889 1784 3928 non
1807 3873 2025 3941 timuit,

373 3956 676 4031 Deumque
733 3960 842 4014 hoc
871 3960 1159 4032 inspicere
1189 3978 1292 4032 pro
1342 3961 1525 4017 nihilo
1574 3962 1759 4033 duxit,
1790 3978 2025 4018 conser-

375 4051 539 4103 vator
564 4065 699 4105 vero
730 4049 1134 4105 benedictione
1164 4049 1444 4105 suffultus
1494 4050 1811 4122 apostolica
1842 4069 1875 4107 a
1907 4052 2022 4108 Deo

376 4137 777 4208 omnipotente
803 4138 978 4191 vitam
1014 4143 1411 4208 consequatur
1438 4144 1730 4194 aeternam.

449 4226 596 4281 Data
623 4224 747 4280 Kal.
780 4224 917 4279 Julii
948 4242 1049 4296 per
1094 4242 1307 4280 manus
1352 4226 1643 4294 Friderici,
1695 4228 1925 4285 diaconi
1957 4230 2014 4286 S.

376 4312 445 4367 Β.
481 4313 544 4365 Ε.
594 4311 1043 4378 hihliothecarii,
1103 4318 1158 4368 et
1198 4314 1523 4371 cancellarii
1598 4317 1715 4372 vice
1761 4319 1825 4373 D.
1856 4318 2016 4373 Heri-

373 4399 576 4455 manni
599 4399 1112 4470 archicancellarii,
1136 4408 1192 4458 et
1213 4402 1538 4461 Coloniensi
1594 4406 2013 4480 archiepiSCOpi

371 4505 526 4544 anno
558 4489 625 4543 D.
660 4490 871 4546 Leonis
901 4490 994 4560 IX,
1031 4510 1190 4566 papae
1226 4512 1298 4564 1v,
1334 4494 1533 4551 indict.
1578 4513 1632 4566 ν,
1678 4500 1873 4552 actum
1908 4498 2012 4553 Be-

368 4577 624 4646 neventi,
656 4578 715 4633 in
747 4578 848 4637 Dei
879 4582 1110 4638 nomine
1138 4582 1395 4640 feliciter.
1429 4588 1633 4641 Amen.

1068 4692 1305 4749 LXXIV.

366 4773 420 4830 S.
454 4776 653 4856 Leo_I_X
681 4777 1021 4856 Matheo-ldo,
1057 4783 1453 4854 archiepiSwpo
1484 4782 1816 4853 Moguntina,
1846 4785 2011 4856 pallii

436 4850 779 4976 culpltiwiiue
808 4851 954 4923 (433)
988 4858 1211 4909 usumct
1233 4850 1260 4903 ἱ(
1280 4850 1672 4925 ,ςιιρὶννηαιίωη
1693 4850 2009 4929 (Βάγεᾳαί-

436 4921 585 4976 tandi
620 4943 647 4971 »
703 4924 960 4976 icentiam
989 4924 1247 4976 concedit.

431 4921 588 4976 tondi
620 4943 647 4971 »
680 4921 960 4977 licentiam
989 4924 1247 4980 concedit.

988 5015 1172 5084 (Anno
1206 5013 1388 5081 1052.)

697 5101 1019 5171 [Gudenus,
1054 5102 1181 5160 Cod.
1215 5102 1440 5175 diplom.
1477 5105 1518 5172 Ι,
1550 5105 1660 5177 l7.]

424 5207 540 5262 Lso
566 5207 901 5281 episcopus,
936 5225 1236 5266 servorum
1270 5228 1473 5267 servus
1498 5212 1617 5279 Dei,
1639 5213 2004 5270 LUITHBALDO

420 5322 569 5402 (433)
600 5324 817 5402 Cuphia
844 5325 1001 5382 Idem
1032 5344 1098 5402 ac
1118 5328 1322 5402 mitra,
1360 5345 1458 5384 seu
1494 5336 1725 5402 tegmen
1770 5331 2001 5402 capitis,

352 5395 509 5474 quod
541 5401 720 5466 caput
741 5400 1285 5474 totumambiebat.
1313 5395 1653 5471 (Durassvss,
1683 5395 1857 5459 Gloss:
1879 5402 1918 5458 l.
1947 5395 2001 5474 v,

351 5468 396 5519 t.
430 5465 693 5539 Ill.pag.
733 5469 869 5521 1233
898 5470 1017 5524 edit
1049 5489 1177 5525 nov.
1216 5473 1252 5539 ).

387 5604 398 5615 .
424 5536 577 5616 (134)
605 5536 853 5616 Notium.
890 5541 1132 5616 Scotum
1158 5536 1251 5616 vel
1289 5547 1494 5616 nactus
1529 5546 1759 5616 proprie
1789 5552 1877 5601 est
1908 5546 2001 5600 in-

354 5609 519 5685 signe
551 5609 738 5685 festivi
783 5611 960 5685 equi,_
990 5630 1023 5665 a
1070 5615 1420 5683 quibusdam
1471 5609 1702 5685 quoque
1760 5619 2006 5672 Nucuum

357 5680 661 5756 vocatu-In.
686 5680 1122 5756 Insterncbatur
1152 5685 1308 5737 enim
1336 5680 1785 5756 stragulo-totus
1815 5705 2005 5756 equus

363 5707 650 5757 .vuuutulu.
688 5707 1122 5735 unawuwuuuu‘
1152 5707 1308 5737 unuu
1336 5707 1596 5756 StragUIO
1628 5707 1785 5742 LOLUS
1815 5707 1843 5743 Θ
1894 5707 2003 5744 uus

361 5761 422 5800 1n
454 5745 787 5815 festivitate,
812 5750 899 5802 vel
925 5766 1158 5821 pompa.
1180 5756 1370 5823 Atque
1394 5755 1546 5811 inter
1564 5756 1776 5815 eximia
1795 5707 2003 5815 refere-

2148 3432 2205 3484 et
2235 3445 2461 3485 crucem
2497 3431 2631 3484 ante
2660 3433 2718 3483 te
2749 3428 3043 3483 deferendi
3094 3425 3393 3481 licentiam
3441 3425 3681 3480 damus.
3729 3424 3798 3481 Et

2147 3517 2196 3572 si
2227 3517 2367 3589 quid
2400 3518 2459 3589 in
2490 3516 2736 3573 ecclesia
2762 3521 2883 3583 tua,
2916 3515 3006 3571 vel
3036 3515 3504 3588 sufiraganorum
3550 3517 3794 3570 tuorum

2144 3606 2440 3677 acciderit,
2473 3607 2625 3679 quod
2640 3605 2926 3675 judicium
2949 3603 3358 3678 apostolicum,
3374 3601 3460 3658 vel
3481 3602 3793 3674 apostolici

2140 3695 2317 3768 legati
2376 3695 2747 3768 praesentiam
2800 3697 3047 3767 expetat,
3108 3697 3169 3749 et
3230 3696 3398 3747 tanta
3465 3691 3792 3748 necessitas

2139 3789 2308 3857 urget
2336 3788 2401 3839 ut
2428 3788 2729 3857 expectare
2757 3782 2920 3839 nulla
2974 3782 3200 3838 ratione
3255 3779 3522 3849 valeatis,
3588 3784 3794 3835 nostra

2137 3875 2257 3930 vice
2287 3890 2389 3930 vos
2436 3872 2753 3929 terminare
2803 3871 3122 3945 apostolica
3167 3869 3517 3926 auctoritate
3556 3867 3792 3940 judica-

2137 3981 2291 4020 mus.

2202 4052 2457 4115 Quarum
2488 4051 2843 4124 dignitatum
2871 4047 3224 4120 honor,quia
3254 4047 3522 4103 modesta
3541 4049 3790 4123 actuum

2130 4142 2430 4197 vivacitate
2461 4140 2778 4196 servandus
2817 4142 2925 4207 est,
2976 4137 3300 4203 hortamur,
3348 4139 3415 4190 ut
3463 4135 3516 4190 ei
3566 4138 3787 4190 cuncta

2129 4247 2357 4286 morum
2390 4235 2627 4285 tuorum
2678 4230 3021 4284 ornamenta
3066 4223 3433 4291 conveniant,
3485 4227 3786 4296 quatenus

2126 4324 2362 4375 auctore
2382 4319 2495 4374 Deo
2518 4322 2673 4374 recte
2694 4316 3007 4388 utrobique
3027 4314 3218 4388 possis
3248 4329 3377 4370 esse
3390 4312 3788 4384 conspicuus.

2126 4410 2325 4480 Itaque
2356 4408 2471 4463 vita
2499 4411 2601 4461 tua
2636 4405 2768 4461 filiis
2802 4405 2918 4461 tuis
2950 4404 3027 4460 sit
3057 4402 3259 4477 regula
3306 4401 3364 4456 in
3397 4401 3545 4473 ipsa.
3576 4401 3633 4456 Si
3665 4417 3785 4473 qua

2120 4497 2404 4553 tortitudo
2429 4494 2547 4552 illis
2577 4494 2788 4566 injecta
2818 4498 2924 4562 est,
2958 4492 3215 4565 dirigant
3241 4508 3254 4559 ;
3289 4490 3348 4545 in
3378 4505 3449 4546 ea
3477 4489 3625 4561 quid
3642 4488 3783 4545 imi—

2118 4590 2317 4644 tentur
2343 4585 2651 4658 aspiciant,
2686 4584 2743 4639 in
2776 4583 2905 4657 ipsa
2957 4598 3019 4638 se
3067 4596 3298 4654 semper
3347 4578 3779 4635 considerando

2043 4685 2088 4751 Ι)
2120 4677 2446 4752 proﬁciant,
2480 4678 2544 4730 ut
2573 4679 2763 4742 tuum,
2798 4675 2932 4746 post
2960 4672 3168 4739 Deum,
3202 4669 3472 4726 videatur
3499 4683 3634 4724 esse
3673 4668 3781 4723 bo-

2120 4782 2261 4822 num
2293 4765 2447 4838 quod
2478 4762 2745 4819 vixerint.
2778 4762 2888 4817 Cor
2912 4776 3049 4833 ergo
3082 4775 3273 4831 neque
3303 4773 3604 4831 prospera,
3654 4773 3780 4827 qua

2119 4853 2516 4929 temporaliter
2544 4850 2952 4917 blandiuntur,
2986 4846 3290 4915 extollant,
3314 4861 3499 4918 neque
3520 4844 3779 4899 adversa

2114 4945 2411 5019 dejiciant,
2426 4942 2526 4999 sed
2542 4938 2829 5015 quidquid
2852 4938 2997 4993 illud
3022 4937 3219 5007 fuerit,
3242 4936 3459 4992 virtute
3475 4930 3779 5007 patientiae

2116 5036 2478 5093 devincatur.
3786 5092 3793 5095 _

2184 5124 2423 5181 Nullum
2456 5122 2609 5194 apud
2642 5125 2696 5176 te
2725 5120 2921 5175 locum
2950 5116 3105 5185 odia,
3134 5114 3337 5171 nullus
3376 5114 3542 5170 favor
3583 5110 3779 5168 indis-

2113 5221 2306 5273 cretus
2340 5211 2615 5268 inveniat.
2650 5208 3075 5266 Discretionem
3108 5204 3249 5261 mali
3279 5205 3626 5276 agnoscant.
3676 5202 3776 5258 In-

2112 5333 2287 5387 batur
2318 5326 2639 5400 privilegia,
2674 5321 3225 5400 sicunepiscopoin
3252 5317 3777 5400 processionePal-

2115 5390 2367 5473 marum,
2402 5402 2459 5453 et
2488 5390 2631 5452 fevria
2661 5390 2931 5473 secunda'
2962 5390 3095 5473 post
3142 5390 3400 5473 Pascha,
3426 5390 3775 5473 _equo_albo

2114 5473 2213 5546 qui
2249 5463 2438 5546 udone
2470 5483 2572 5546 seu
2605 5472 2775 5546 nacta
2792 5463 3102 5546 coopertus
3122 5468 3266 5546 erat,
3284 5463 3631 5546 insidereet
3643 5479 3775 5546 pro:

2114 5533 2317 5601 cedere
2351 5538 2599 5595 facultas
2630 5541 2764 5596 data
2786 5533 2995 5595 fuerat.
3016 5537 3178 5604 Quod
3200 5534 3347 5591 nulli
3370 5533 3781 5605 planelicebat

2113 5617 2337 5682 absque
2367 5610 2604 5683 speciali
2637 5612 3033 5683 concessione.
3057 5641 3126 5650 —
3146 5609 3331 5683 (Idem
3362 5622 3505 5683 voco
3549 5609 3776 5680 Equus,

2115 5695 2156 5744 t.
2198 5680 2290 5754 IIl,
2322 5680 2537 5756 p.119,
2572 5682 2695 5737 add.
2731 5688 2770 5737 t.
2808 5684 2875 5750 ll,
2911 5699 2965 5755 p.
3002 5682 3125 5751 134,
3158 5680 3213 5735 v.
3247 5680 3514 5735 Naclum.
