3974 6206
147 443 278 515 θθἿ

1148 439 1556 506 EPISTOLE
1595 441 1697 506 ET
1739 439 2105 505 DECRETA
2147 439 2614 508 PONTIFICIA.

3445 446 3574 512 698

152 586 391 643 sontem
423 581 576 655 apud
607 581 666 636 te
694 577 1048 652 culpabilem
1080 579 1379 651 suggestio
1407 577 1563 634 mala
1586 595 1700 633 non
1733 576 1813 632 fa-
1843 575 1895 642 A
1924 582 2234 639 ecclesiam
2281 584 2474 639 hanno
2523 581 2838 655 episcopali
2883 585 2939 639 et
2977 583 3254 657 episcopii
3297 584 3572 648 termino.

153 675 297 732 ciat.
344 673 658 728 Nocentem
706 669 898 742 gratia
927 685 1043 723 non
1079 671 1347 736 excuset;
1400 668 1716 724 remissum
1762 672 1818 722 te

154 760 648 834 delinquentibus
674 776 791 814 non
835 759 1134 837 ostendas,
1182 774 1255 813 ne
1297 759 1450 829 quod
1511 757 1672 813 ultus
1703 774 1815 811 non

153 850 363 918 fueris,
387 849 713 923 perpetrari
737 847 1068 920 permittas.

231 941 322 998 Sit
350 940 410 995 in
438 944 497 995 te
527 943 586 995 et
618 937 756 993 boni
785 936 1040 1009 pastoris
1071 935 1335 1003 dulcedo,
1365 936 1442 992 sit
1471 936 1820 1006 etiamjudi-

159 1030 246 1086 cis
278 1029 462 1086 severi
487 1027 781 1083 discretio.
805 1024 1201 1095 lramjudicio
1225 1024 1474 1092 refrena,
1493 1029 1549 1079 et
1572 1041 1821 1080 censura

161 1118 494 1192 disciplina
544 1117 626 1173 sic
657 1120 839 1180 utere,
877 1119 940 1169 ut
970 1118 1027 1169 et
1057 1113 1263 1186 culpas
1299 1113 1491 1183 ferias,
1527 1118 1584 1169 et
1613 1132 1646 1169 a
1679 1113 1818 1168 dile-

165 1207 364 1263 ctione
393 1221 774 1279 personarum
798 1220 974 1275 quam
1007 1202 1253 1275 corrigis
1285 1218 1398 1258 non
1426 1204 1681 1258 recedas.
1717 1204 1821 1257 Mi-

167 1295 527 1352 sericordem
560 1298 612 1349 te
640 1293 699 1347 in
730 1293 1007 1347 omnibus
1039 1292 1312 1363 operibus
1352 1292 1578 1363 exhibe,
1612 1296 1669 1346 et
1707 1309 1820 1347 non

167 1385 250 1440 sit
297 1400 680 1457 personarum
733 1381 956 1454 accptio
1007 1382 1160 1453 apud
1205 1385 1281 1436 te.
1335 1380 1569 1436 Nullius
1615 1381 1821 1436 faciem

169 1477 374 1530 contra
394 1472 691 1544 justitiam
725 1471 998 1542 accipias,
1029 1469 1256 1525 nullum
1289 1474 1645 1541 quarentem
1661 1471 1826 1541 justa

169 1563 483 1638 despicias.
517 1560 794 1618 Custodia
824 1560 882 1614 in
913 1562 969 1614 te
1001 1559 1292 1631 aquitatis
1321 1559 1582 1626 excellat,
1619 1565 1817 1631 quate-

168 1671 286 1712 nus
314 1653 433 1708 Deo
462 1651 782 1706 miserante
803 1653 860 1704 et
883 1653 1175 1704 annuente
1195 1648 1330 1705 talis
1353 1649 1545 1720 possis
1575 1649 1823 1705 existere

173 1742 412 1816 qualem
455 1757 621 1796 sacra
661 1738 832 1794 lectio
873 1738 1122 1810 percipit
1162 1738 1363 1794 dicens
1398 1757 1410 1793 :
1446 1739 1659 1810 Oportet
1681 1741 1821 1810 epis-

173 1848 377 1905 copam
407 1828 937 1901 irreprehensibilem
975 1844 1087 1882 esse
1118 1828 1160 1898 (I
1192 1829 1321 1882 Tim.
1359 1845 1445 1891 III,
1475 1829 1554 1898 2).
1589 1829 1698 1882 Sed
1731 1828 1824 1882 his

179 1919 467 1978 omnibus
498 1917 808 1973 salubriter
837 1916 918 1970 uti
955 1917 1189 1987 poteris,
1223 1917 1270 1970 si
1295 1916 1662 1984 charitatem,
1697 1934 1823 1988 qua
1857 1952 1904 2018 B

176 2013 270 2066 est
294 2011 482 2063 mater
499 2006 785 2060 virtutum
806 2004 1250 2060 habueris.Ecce
1271 2005 1448 2059 frater
1463 2005 1826 2068 charissime,

173 2099 330 2155 inter
357 2094 545 2151 multa
576 2093 686 2150 alia
723 2094 835 2148 ista
865 2098 1005 2148 sunt
1037 2094 1364 2159 sacerdotii,
1401 2094 1514 2149 ista
1545 2099 1682 2149 sunt
1712 2094 1829 2166 pal-

173 2188 242 2244 lii
275 2203 289 2242 :
324 2203 448 2258 qua
479 2184 529 2240 si
555 2183 818 2239 studiose
849 2182 1187 2250 servaveris,
1213 2184 1370 2254 quod
1394 2183 1534 2238 foris
1557 2185 1826 2239 ostende-

178 2275 264 2333 ris
294 2274 607 2346 accepisse,
642 2273 800 2328 intus
829 2272 1027 2327 habes.

250 2366 468 2421 Sancta
483 2361 741 2417 Trinitas
787 2361 1211 2416 fraternitatem
1226 2364 1474 2416 vestram
1489 2361 1687 2433 gratia
1711 2378 1828 2416 sua

179 2451 545 2526 protectione
589 2450 890 2517 ronfortet,
944 2454 1116 2521 atque
1146 2450 1225 2504 ita
1264 2450 1322 2504 in
1355 2451 1583 2505 timoris
1617 2451 1706 2505 sui
1737 2451 1832 2505 via

183 2559 296 2599 nos
329 2541 564 2612 dirigat,
597 2544 662 2594 ut
691 2543 822 2611 post
839 2539 968 2593 vita
991 2538 1171 2609 hujus
1195 2539 1672 2606 amaritudinem,
1707 2557 1829 2610 per-

176 2631 380 2688 venire
402 2645 733 2685 mereamur
754 2629 823 2683 ad
847 2632 1069 2681 aeterna
1089 2627 1383 2682 felicitatis
1399 2627 1830 2684 interminabile

181 2719 488 2794 gaudium,
522 2719 679 2791 quod
711 2716 914 2772 oculus
936 2733 1052 2772 non
1084 2716 1244 2783 vidit,
1274 2733 1378 2771 nec
1395 2716 1554 2772 auris
1587 2717 1826 2785 audivit,

181 2825 290 2865 nec
319 2809 379 2863 in
410 2824 508 2863 cor
538 2805 798 2861 hominis
825 2805 1085 2860 ascendit
1118 2822 1130 2860 :
1165 2805 1437 2860 omnibus
1469 2805 1654 2860 Deum
1703 2805 1831 2860 dili-

180 2897 457 2972 gentibus
488 2894 949 2961 evidentissime,
978 2893 1304 2949 certissime
1341 2895 1725 2965 promissum.

253 2987 400 3042 Data
428 3001 532 3058 per
559 2999 774 3039 manus
796 2983 1068 3038 Friderici
1099 2983 1487 3038 archidiaconi
1521 2983 1831 3038 bibliolhe-

180 3075 322 3134 carii
359 3080 416 3131 et
445 3071 779 3130 cancellarii
811 3073 870 3128 S.
905 3073 1177 3127 Romana
1207 3071 1476 3126 Ecclesia
1507 3071 1662 3126 sedis
1695 3089 1833 3144 apo-

181 3163 437 3231 stolica;
477 3163 603 3218 vice
651 3161 850 3217 domni
892 3160 1206 3216 Hermanni
1251 3159 1614 3216 Coloniensis
1645 3159 1834 3215 archi-

184 3252 448 3328 episcopi
498 3249 1012 3307 archicancellarii.
1050 3249 1265 3314 Quinta
1293 3249 1521 3305 decima
1565 3249 1690 3303 Kal.
1723 3249 1832 3304 No-

1929 677 2164 745 accepta
2203 672 2416 744 placita
2462 672 2939 740 commutatione,
2987 674 3276 742 firmavit;
3323 693 3450 748 qua
3492 675 3574 732 sic

1929 766 2056 817 acta
2087 767 2176 817 est
2211 780 2222 815 :

1999 855 2146 905 Dum
2178 851 2504 918 Heinricus,
2535 851 2596 906 in
2627 852 2871 924 imperio
2903 853 3150 925 primus,
3184 854 3238 909 in
3275 871 3452 928 regno
3493 872 3579 911 se-

1929 940 2179 1004 cundus,
2213 940 2397 994 divini
2430 941 2582 1012 ignis
2614 958 2810 997 amore
2845 959 3186 1009 succensus,
3221 945 3292 999 de
3342 945 3574 1017 praediis

1929 1045 2056 1100 qua
2091 1028 2184 1084 Dei
2217 1029 2403 1100 gratia
2425 1029 2791 1085 hareditario
2809 1032 2940 1101 jure
2963 1031 3022 1086 in
3044 1050 3162 1088 sua
3185 1035 3578 1104 possessionis

1929 1118 2256 1172 dominium
2289 1123 2687 1188 pervenerant,
2721 1119 2818 1174 Dei
2853 1121 3150 1175 servitium
3175 1139 3405 1194 augere,
3440 1141 3577 1179 con-

1931 1207 2208 1262 struendo
2226 1207 2628 1278 episcopatum
2647 1212 2820 1278 atque
2839 1209 3181 1275 ordinando,
3199 1211 3577 1279 desideraret,

1931 1311 2046 1366 quo
2095 1296 2152 1349 id
2207 1295 2464 1366 legitime
2522 1295 3059 1368 rationabiliterque
3109 1299 3230 1354 fieri
3273 1302 3579 1372 potuisset,

1932 1384 2268 1439 Heinricum
2326 1384 2716 1439 venerabilem
2776 1385 3274 1457 VVirziburgensis
3327 1390 3582 1446 ecclesia

1932 1473 2312 1547 provisorem,
2329 1478 2621 1545 quatenus
2636 1474 2978 1546 pradictum
2994 1475 3187 1530 locum
3203 1477 3577 1533 Babenbeer

1933 1567 2362 1636 nuncupatum,
2387 1580 2518 1618 cum
2541 1581 2688 1635 pago
2709 1564 2807 1635 qui
2832 1565 3218 1636 Ratenzgowe
3233 1565 3467 1634 dicitur,
3484 1567 3583 1638 qui

1936 1653 2006 1707 ad
2056 1670 2173 1707 sua
2213 1653 2525 1708 diaceseos
2571 1658 2788 1708 statum
2831 1655 3119 1726 pertinere
3153 1653 3482 1723 videbatur,
3515 1657 3585 1711 de

1934 1759 2040 1797 suo
2064 1742 2274 1812 jurein
2302 1743 2545 1813 ejusjus
2564 1744 2634 1797 ad
2662 1744 2716 1796 id
2745 1743 3168 1814 perficiendum
3200 1744 3577 1799 transfunde-

1936 1835 2040 1897 ret,
2073 1831 2332 1886 studiose
2355 1832 2524 1902 capit
2551 1831 2834 1901 ﬂagitare.
2875 1832 3005 1895 Qui,
3030 1831 3308 1903 quoniam
3334 1833 3507 1903 justa
3531 1838 3588 1889 et

1935 1919 2311 1975 rationabiles
2341 1936 2526 1974 causa
2545 1919 2908 1984 videbantur,
2929 1920 3193 1990 ejusdem
3215 1921 3586 1978 invictissimi

1939 2010 2093 2080 regis
2122 2008 2503 2080 petitionibus
2535 2009 2930 2080 acquiesccns,
2952 2025 3084 2064 cum
3119 2012 3416 2066 communi
3450 2010 3584 2065 cieri

1940 2099 2029 2154 sui
2064 2103 2236 2169 atque
2269 2097 2524 2152 militum
2560 2115 2780 2153 necnon
2815 2098 2994 2153 totius
3028 2099 3226 2170 populi
3260 2093 3588 2155 consilio'et

1939 2203 2251 2255 consensu,
2285 2187 2587 2258 prafatum
2621 2186 2812 2242 locum
2836 2204 2967 2242 cum
2993 2187 3263 2260 praedicto
3285 2205 3452 2261 pago,
3484 2189 3585 2243 tri-

1939 2278 2051 2333 bus
2081 2276 2453 2348 parochianis
2483 2275 2743 2331 ecclesiis
2777 2294 2910 2331 cum
2943 2278 3069 2332 suis
3109 2279 3456 2347 adjacentiis
3490 2295 3585 2334 ex-

1940 2366 2122 2438 ceptis
2150 2377 2402 2437 quarum
2434 2365 2674 2419 nomina
2705 2370 2844 2420 sunt
2874 2366 2996 2421 hac
3025 2367 3450 2436 Wachenrode,
3485 2371 3586 2423 Lo-

1940 2457 2182 2520 nerstat,
2219 2453 2574 2522 Mulihusen,
2607 2455 2762 2508 omni
2799 2456 3177 2526 postmodum
3211 2459 3435 2511 remota
3460 2472 3588 2511 con-

1937 2543 2305 2611 tradictione,
2339 2561 2456 2599 sua
2489 2543 2757 2615 potestati
2793 2543 3072 2610 tradidit;
3115 2543 3358 2598 alterius
3390 2547 3587 2598 autem

1940 2633 2095 2704 pagi,
2129 2633 2227 2704 qui
2259 2631 2877 2695 Volcfeltnominatur,
2898 2632 2955 2686 in
2983 2648 3097 2703 quo
3122 2632 3393 2703 praefatus
3425 2633 3589 2688 locus

1940 2721 2090 2776 situs
2113 2725 2220 2788 est,
2253 2725 2475 2793 partem
2500 2721 2687 2776 eidem
2712 2720 2830 2790 regi
2856 2721 3162 2787 concessit,
3191 2726 3481 2792 quantum
3501 2726 3590 2778 est

1941 2811 2013 2864 de
2044 2809 2414 2864 Babenberch
2446 2824 2634 2879 usque
2679 2808 2751 2863 ad
2784 2808 3000 2863 ﬂumen
3034 2807 3226 2863 Uraha
3265 2808 3323 2862 in
3375 2809 3589 2864 Raten-

1939 2914 2067 2953 zam
2101 2899 2317 2953 ﬂumen
2348 2901 2404 2953 et
2434 2898 2518 2952 sic
2541 2899 2711 2968 juxta
2738 2898 3048 2952 decursum
3083 2897 3348 2966 ejusdem
3392 2897 3585 2952 ﬂumi-

1942 2987 2116 3043 nisin
2149 2986 2327 3052 Mein,
2357 2991 2414 3041 et
2446 2986 2582 3041 inde
2599 2987 2668 3040 ad
2695 2985 2946 3040 rivulum
2973 2985 3338 3050 Wichibach,
3375 2986 3585 3041 deinde

1944 3078 2015 3133 ad
2044 3081 2222 3148 caput
2251 3076 2518 3146 ejusdem
2569 3074 2760 3141 rivuli,
2804 3075 3002 3146 sicque
3044 3092 3160 3147 qua
3204 3075 3491 3131 citissime
3521 3093 3587 3131 ac

1945 3166 2204 3239 proxime
2234 3164 2518 3237 perveniri
2551 3168 2742 3236 potest
2771 3165 2840 3219 ad
2874 3164 3086 3219 Uraha.
3131 3164 3197 3218 Et
3227 3167 3292 3218 ut
3321 3163 3443 3219 hac
3475 3172 3586 3219 tra-

1944 3255 2089 3310 ditio
2119 3255 2290 3309 firma
2320 3259 2376 3308 et
2407 3253 2750 3309 inconvulsa
2773 3257 3160 3324 permaneret,
3193 3251 3316 3324 ipse
3350 3254 3588 3326 pradic-

183 3343 414 3401 vembr.
440 3357 455 3396 τ
489 3357 640 3397 anno
669 3339 983 3396 Dominica
1007 3338 1434 3394 Incarnationis
1463 3338 1634 3393 ML".
1676 3339 1833 3394 Indi-
1865 3323 1907 3388 Ο
1944 3348 2042 3400 tus
2074 3342 2284 3415 praesul
2315 3342 2622 3398 Heinricus
2653 3323 2787 3398 cum
2827 3343 3123 3398 canonicis
3154 3323 3279 3398 suris
3314 3323 3591 3398 εδιτοδο-

190 3433 381 3489 ctione
410 3449 489 3498 v1,
521 3447 673 3485 anno
703 3428 904 3484 domni
929 3428 1130 3484 Leonis
1161 3428 1226 3482 IX
1261 3444 1422 3500 papa
1464 3430 1690 3499 quarto.

912 3517 1123 3572 LXXV.

189 3611 247 3667 S.
301 3612 404 3665 Leo
461 3611 521 3664 IX
555 3608 840 3677 Harth'gi
900 3607 1311 3676 Bambergensis
1369 3610 1424 3660 et
1483 3605 1835 3661 Adalberonis

265 3681 747 3750 VVimburgensi:
762 3680 1134 3750 episwporum
1158 3679 1276 3740 lite,
1293 3681 1562 3750 prasente
1581 3679 1836 3732 Hez‘nrico

261 3749 612 3822 imperatore,
667 3749 985 3817 Bambergaz
1034 3751 1348 3822 composita,
1391 3749 1636 3822 ecclesiae
1665 3751 1836 3803 Bam-

262 3819 546 3892 bergensis
566 3823 919 3892 possessiones
947 3827 1000 3876 et
1017 3821 1316 3891 privilegia
1345 3819 1652 3889 conﬁrmat.

812 3892 997 3963 (Anno
1031 3892 1214 3959 1052.)
1318 3961 1326 3963 Α
1459 3960 1527 3963 7__

833 3898 997 3948 Anno
1031 3893 1214 3959 1052.)

312 3965 520 4035 [Pertz,
551 3964 788 4018 Monum.
820 3960 1004 4018 Germ.
1039 3964 1172 4017 Hist.
1208 3961 1419 4033 Script.
1456 3960 1548 4027 IV,
1580 3963 1729 4033 802.]

256 4055 372 4109 Lso
419 4051 750 4125 episcopus,
784 4069 986 4108 servus
1017 4067 1316 4107 servorum
1357 4051 1476 4116 Dei,
1519 4050 1834 4106 Han'rwmo

180 4142 651 4214 Babenbergensi
702 4141 975 4214 episcopo
1021 4140 1254 4212 sibique
1288 4139 1565 4195 canonice
1606 4139 1666 4194 in
1700 4141 1834 4195 sede

181 4232 554 4304 episcopatus
585 4230 1026 4287 successurisin
1059 4233 1430 4302 perpetuum,
1463 4233 1740 4284 aeternam
1773 4229 1830 4284 in

181 4321 432 4378 Domino
464 4320 737 4376 salutem.

253 4415 396 4465 Cum
449 4410 714 4483 exigente
758 4426 897 4465 cura
926 4407 1204 4481 pastorali
1247 4408 1428 4464 totius
1470 4410 1684 4462 sancta
1733 4407 1833 4462 Dei

180 4497 476 4568 Ecclesia,
495 4499 667 4555 nobis
691 4499 786 4554 Dei
806 4499 1172 4571 providentia
1193 4497 1543 4564 commissa,
1565 4496 1622 4551 in
1637 4501 1832 4568 partes

183 4586 510 4644 Germania
536 4587 906 4644 venissemus
936 4605 1062 4660 qua
1094 4587 1358 4643 orientali
1385 4586 1633 4641 Francia
1666 4587 1733 4640 ad
1735 4585 1833 4657 ja-

1948 3434 2094 3488 ravit
2125 3437 2181 3488 et
2209 3432 2581 3504 subscripsit.

2016 3523 2140 3585 Qua
2195 3521 2624 3592 conscriptione
2683 3520 2913 3586 reiecta,
2973 3537 3106 3574 cum
3159 3521 3332 3590 juxta
3392 3525 3590 3576 votum

1947 3612 2234 3675 omnium,
2285 3613 2350 3664 ut
2392 3625 2623 3680 semper
2662 3609 2843 3679 justis
2882 3609 3157 3679 operibus
3207 3610 3460 3664 favorem
3491 3611 3590 3665 de-

1945 3700 2174 3766 bemus,
2208 3703 2265 3752 et
2297 3714 2404 3752 nos
2432 3697 2775 3769 pradictum
2805 3697 3194 3752 venerabilem
3223 3697 3416 3753 locum
3450 3715 3594 3770 apo-

1945 3788 2150 3844 stolica
2190 3786 2534 3841 auctoritate
2581 3784 2864 3840 vellemus
2912 3785 3238 3850 corrobare,
3274 3787 3399 3858 ipse
3443 3804 3589 3858 pra-

1945 3877 2286 3933 nominatus
2353 3875 2615 3945 ejusdem
2675 3873 2784 3929 loci
2844 3875 3177 3946 episcopus,
3235 3876 3589 3946 Hartwicus,

1945 3965 2465 4039 proclamationem
2497 3979 2663 4018 suam
2699 3962 2833 4017 fecit
2866 3963 3004 4033 quia
3035 3963 3196 4018 locus
3227 3981 3371 4019 suus
3405 3982 3437 4019 a
3476 3963 3591 4019 cle-

1945 4055 2079 4111 ricis
2129 4052 2508 4126 Adelgeronis
2553 4051 3056 4125 Wigziburgensis
3106 4052 3362 4124 episcopi
3406 4057 3588 4109 teme-

1945 4144 2098 4200 raria
2129 4141 2581 4215 praesumptione
2611 4140 2846 4195 invasus
2890 4145 3064 4196 esset.
3097 4142 3259 4206 Quod
3292 4159 3417 4208 nos,
3453 4142 3593 4214 quia

1944 4234 2178 4304 utrique
2226 4231 2482 4303 episcopi
2540 4235 2854 4302 prasentes
2913 4231 3178 4295 aderant,
3236 4231 3389 4286 inter
3439 4248 3588 4302 quos

1939 4339 2114 4377 causa
2131 4320 2567 4384 stabat,ibidem
2592 4318 2851 4374 volentes
2872 4319 3162 4374 discutere
3186 4320 3213 4374 ?
3237 4319 3587 4376 Adelberoni

1943 4411 2236 4484 episcopo,
2269 4427 2302 4464 a
2337 4426 2451 4480 quo
2478 4409 2696 4478 injuria
2721 4407 2886 4463 illata
2916 4414 3057 4473 erat,
3109 4409 3588 4465 deliberationem

1945 4501 2210 4568 fecimus,
2245 4503 2310 4553 ut
2343 4498 2731 4569 objectionem
2755 4497 2904 4553 hanc
2936 4497 2984 4551 si
3017 4503 3232 4570 posset,
3267 4498 3590 4564 refelleret;

1944 4589 1990 4645 si
2025 4605 2160 4655 non,
2205 4586 2453 4658 justitia
2505 4586 2888 4641 satisfaceret.
2922 4587 3086 4641 Tunc
3118 4585 3234 4652 ille,
3282 4587 3425 4644 inito
3457 4604 3591 4642 cum

181 4679 340 4743 cent,
373 4691 539 4748 prece
563 4676 926 4733 dilectissimi
951 4676 1054 4732 filii
1081 4676 1261 4732 nostri
1296 4674 1568 4742 Heinrici,
1593 4675 1833 4730 secundi
1865 4696 1910 4760 D
1943 4677 2067 4734 suis
2097 4677 2372 4733 omnibus
2404 4676 2502 4747 qui
2523 4676 2768 4731 aderant
2789 4674 3013 4730 clericis
3044 4681 3099 4729 et
3129 4675 3293 4731 laicis
3325 4677 3588 4741 consilio,

178 4765 557 4837 imperatoris
584 4770 641 4821 et
659 4766 817 4822 tertii
840 4765 1015 4838 regis,
1035 4783 1098 4822 ac
1119 4781 1299 4837 supra
1335 4763 1434 4819 tati
1463 4762 1834 4819 dilectissimi

181 4854 495 4911 confratris
545 4854 730 4911 nostri
778 4855 1034 4927 episcopi
1085 4852 1387 4920 Hartwici,
1436 4852 1831 4908 Babemberch

178 4943 474 5010 venimus,
506 4947 562 5000 et
593 4944 652 4999 in
685 4943 777 4999 die
807 4944 1020 5000 natalis
1069 4943 1224 4999 beati
1260 4943 1403 4998 luea
1441 4941 1830 5013 evangelista,

178 5033 335 5089 inter
363 5031 685 5089 missarum
718 5033 1024 5102 solemnia,
1050 5050 1182 5089 cum
1209 5032 1454 5088 verbum
1476 5031 1578 5087 Dei
1598 5030 1839 5088 habere-

178 5137 315 5178 mus
332 5123 403 5178 ad
419 5121 1024 5195 populum,prasente
1039 5121 1338 5178 nominato
1354 5120 1702 5177 charissimo
1717 5121 1835 5176 ﬁlio

175 5215 380 5268 nostro
402 5212 696 5280 Heinrico,
719 5217 774 5268 ct
795 5212 1082 5285 episcopis
1101 5210 1432 5284 quampluri
1442 5210 1518 5265 mi
1528 5229 1577 5277 s,
1601 5211 1837 5266 astanti-

175 5301 291 5358 bus
321 5301 499 5357 etiam
533 5300 702 5356 laicis
733 5305 788 5356 et
815 5301 1060 5358 diversis
1082 5300 1468 5373 potestatibus
1491 5299 1712 5367 saeculi,
1747 5316 1834 5355 re-

174 5390 329 5447 lecta
379 5393 521 5446 sunt
563 5392 1062 5462 pradecessorum
1116 5394 1453 5446 nostrorum
1512 5389 1834 5462 privilegia,

176 5478 400 5553 quibus
424 5479 580 5535 idem
603 5478 768 5535 locus
801 5479 1080 5536 fundatus
1101 5483 1157 5535 et
1178 5478 1586 5534 corroboratus
1617 5483 1705 5533 est
1734 5497 1836 5533 au-

176 5569 449 5626 ctoritate
482 5568 747 5624 Romana
778 5573 991 5625 sancta
1026 5569 1182 5624 sedis
1217 5565 1569 5639 apostolica.
1607 5567 1839 5622 Relecta

176 5664 270 5718 est
299 5658 380 5714 ibi
413 5662 470 5714 et
493 5659 844 5732 conscriptio
872 5663 928 5714 et
957 5657 1320 5713 conﬁrmatio
1343 5655 1594 5728 Heinrici
1627 5655 1834 5710 Wirzi-

175 5747 790 5821 burgensisepiscopi,
810 5766 926 5822 qua
937 5747 1275 5821 pradictam
1289 5745 1836 5816 Babenbergensem

1944 4767 2278 4840 regrediens
2308 4766 2378 4820 ad
2403 4765 2736 4830 ambonem,
2761 4763 2830 4818 de
2851 4762 3010 4817 illata
3035 4762 3247 4831 iniuria
3266 4780 3328 4818 se
3349 4781 3482 4818 cum
3504 4781 3593 4819 sa-

1942 4857 2272 4913 tisfactione
2288 4854 2603 4922 excusavit,
2627 4858 2682 4908 et
2702 4853 2772 4907 de
2790 4852 3062 4907 omnibus
3086 4868 3210 4922 qua
3234 4851 3305 4905 ad
3328 4852 3588 4906 bannum

1945 4951 2003 5002 et
2016 4944 2405 5018 episcopalem
2412 4943 2704 5013 justitiam
2722 4945 2778 4997 et
2795 4944 3140 5013 potestatem
3157 4939 3593 5011 Babenbergen-

1946 5036 2029 5090 sis
2060 5032 2311 5106 episcopi
2344 5031 2722 5102 pertinerent,
2754 5035 2963 5086 cxtunc
2995 5033 3050 5086 et
3071 5029 3344 5101 deinceps
3375 5044 3589 5084 renun-

1943 5125 2128 5193 tiavit,
2162 5119 2413 5190 exceptis
2445 5117 2536 5172 his
2569 5118 2763 5172 causis
2791 5135 2937 5190 quas
2982 5119 3052 5175 de
3083 5118 3252 5174 bonis
3283 5117 3593 5190 utriusque

1945 5211 2221 5286 episcopii
2250 5207 2359 5280 ipsi
2398 5207 2548 5261 inter
2578 5223 2638 5261 sc
2669 5205 2926 5278 episcopi
2950 5206 3472 5281 possentlegaliter
3493 5208 3590 5262 de-

1947 5303 2134 5358 ﬁnire.
2160 5301 2376 5354 Verum
2410 5312 2535 5364 nos,
2557 5295 2712 5349 sicut
2742 5310 2972 5366 semper
2989 5298 3058 5352 de
3081 5302 3354 5368 provectu
3380 5297 3594 5370 gaude-

1949 5409 2082 5448 mus
2097 5388 2357 5444 ﬁdelium
2373 5383 2612 5456 etjustis
2625 5383 2782 5454 operi
2795 5383 3196 5442 busdebemus
3209 5393 3589 5461 augmentum

1947 5481 2220 5537 eumdem
2243 5477 2437 5532 locum
2454 5473 2988 5543 Babenbergensem
3002 5517 3015 5539 ,
3034 5474 3105 5527 ab
3122 5477 3592 5533 antecessoribus

1947 5569 2166 5626 nostris
2190 5566 2656 5628 corroboralum,
2679 5560 2992 5633 apostolica
3015 5564 3357 5620 auctoritate
3377 5568 3592 5622 ibidem

1946 5658 2073 5714 viva
2101 5673 2237 5711 voce
2283 5651 2802 5710 corroboravimus,
2846 5654 2902 5704 ot
2946 5650 3210 5706 eamdem
3258 5656 3592 5710 corrobora—

1945 5745 2163 5802 tionem
2188 5757 2342 5798 nunc
2365 5737 2539 5794 etiam
2559 5737 2774 5794 litteris
2796 5737 3119 5810 signemus,
3136 5743 3199 5796 ut
3220 5740 3492 5798 eumdem
3513 5741 3595 5795 lo-
