  <div class='ocr_page' id='page_1' title='image "/cluster/home/n/w/nwhite01/storage/ocr_20150623/143/uva.x000829790/363.png"; bbox 0 0 3974 6206; ppageno 0'>
   <div class='ocr_carea' id='block_1_1' title="bbox 413 430 530 499">
    <p class='ocr_par' dir='ltr' id='par_1_1' title="bbox 413 430 530 499">
     <span class='ocr_line' id='line_1_1' title="bbox 413 430 530 499; baseline -0.034 1"><span class='ocrx_word' id='word_1_1' title='bbox 413 430 530 499; x_wconf 82' lang='lat'><strong>699</strong></span> 
     </span>
    </p>
   </div>
   <div class='ocr_carea' id='block_1_2' title="bbox 1478 418 2745 490">
    <p class='ocr_par' dir='ltr' id='par_1_2' title="bbox 1478 418 2745 490">
     <span class='ocr_line' id='line_1_2' title="bbox 1478 418 2745 490; baseline -0.004 0"><span class='ocrx_word' id='word_1_2' title='bbox 1478 423 1544 490; x_wconf 88' lang='lat' dir='ltr'>S.</span> <span class='ocrx_word' id='word_1_3' title='bbox 1587 421 1868 489; x_wconf 87' lang='lat' dir='ltr'>LEONIS</span> <span class='ocrx_word' id='word_1_4' title='bbox 1910 419 1990 484; x_wconf 85' lang='lat' dir='ltr'>IX</span> <span class='ocrx_word' id='word_1_5' title='bbox 2033 418 2264 483; x_wconf 69' lang='lat' dir='ltr'>PAPJE</span> <span class='ocrx_word' id='word_1_6' title='bbox 2305 420 2745 489; x_wconf 79' lang='lat' dir='ltr'>OPUSCULA.</span> 
     </span>
    </p>
   </div>
   <div class='ocr_carea' id='block_1_3' title="bbox 3713 429 3842 495">
    <p class='ocr_par' dir='ltr' id='par_1_3' title="bbox 3713 429 3842 495">
     <span class='ocr_line' id='line_1_3' title="bbox 3713 429 3842 495; baseline 0.023 -3"><span class='ocrx_word' id='word_1_7' title='bbox 3713 429 3842 495; x_wconf 82' lang='lat'>700</span> 
     </span>
    </p>
   </div>
   <div class='ocr_carea' id='block_1_4' title="bbox 411 554 3837 634">
    <p class='ocr_par' dir='ltr' id='par_1_4' title="bbox 411 554 3837 634">
     <span class='ocr_line' id='line_1_4' title="bbox 411 554 3837 634; baseline 0.002 -18"><span class='ocrx_word' id='word_1_8' title='bbox 411 584 546 624; x_wconf 81' lang='lat' dir='ltr'>cum</span> <span class='ocrx_word' id='word_1_9' title='bbox 577 570 633 622; x_wconf 81' lang='lat' dir='ltr'>et</span> <span class='ocrx_word' id='word_1_10' title='bbox 663 561 877 629; x_wconf 84' lang='lat' dir='ltr'>omnia,</span> <span class='ocrx_word' id='word_1_11' title='bbox 913 577 1038 634; x_wconf 64' lang='lat' dir='ltr'>qua</span> <span class='ocrx_word' id='word_1_12' title='bbox 1070 559 1289 618; x_wconf 84' lang='lat' dir='ltr'>ibidem</span> <span class='ocrx_word' id='word_1_13' title='bbox 1322 565 1436 617; x_wconf 93' lang='lat' dir='ltr'>Deo</span> <span class='ocrx_word' id='word_1_14' title='bbox 1468 564 1785 633; x_wconf 88' lang='lat' dir='ltr'>sanctoque</span> <span class='ocrx_word' id='word_1_15' title='bbox 1831 565 1994 618; x_wconf 85' lang='lat' dir='ltr'>Petro</span> <span class='ocrx_word' id='word_1_16' title='bbox 2027 577 2060 616; x_wconf 89' lang='lat' dir='ltr'>a</span> <span class='ocrx_word' id='word_1_17' title='bbox 2089 554 2140 620; x_wconf 84' lang='lat' dir='ltr'><strong>A</strong></span> <span class='ocrx_word' id='word_1_18' title='bbox 2175 556 2285 611; x_wconf 93' lang='lat' dir='ltr'>bus</span> <span class='ocrx_word' id='word_1_19' title='bbox 2316 555 2405 611; x_wconf 86' lang='lat' dir='ltr'>vel</span> <span class='ocrx_word' id='word_1_20' title='bbox 2436 557 2628 612; x_wconf 60' lang='lat' dir='ltr'>setiam</span> <span class='ocrx_word' id='word_1_21' title='bbox 2659 555 3103 630; x_wconf 61' lang='lat' dir='ltr'>praelationibus</span> <span class='ocrx_word' id='word_1_22' title='bbox 3143 556 3332 632; x_wconf 83' lang='lat' dir='ltr'>ipsius</span> <span class='ocrx_word' id='word_1_23' title='bbox 3361 557 3474 618; x_wconf 90' lang='lat' dir='ltr'>loci</span> <span class='ocrx_word' id='word_1_24' title='bbox 3505 561 3837 634; x_wconf 77' lang='lat' dir='ltr'>emineant,</span> 
     </span>
    </p>
   </div>
   <div class='ocr_carea' id='block_1_5' title="bbox 415 649 2054 721">
    <p class='ocr_par' dir='ltr' id='par_1_5' title="bbox 415 649 2054 721">
     <span class='ocr_line' id='line_1_5' title="bbox 415 649 2054 721; baseline -0.004 -11"><span class='ocrx_word' id='word_1_25' title='bbox 415 654 596 710; x_wconf 82' lang='lat' dir='ltr'>felicis</span> <span class='ocrx_word' id='word_1_26' title='bbox 646 649 936 707; x_wconf 67' lang='lat' dir='ltr'>memoriae</span> <span class='ocrx_word' id='word_1_27' title='bbox 975 650 1265 718; x_wconf 90' lang='lat' dir='ltr'>Heinrico,</span> <span class='ocrx_word' id='word_1_28' title='bbox 1315 652 1569 706; x_wconf 90' lang='lat' dir='ltr'>secundo</span> <span class='ocrx_word' id='word_1_29' title='bbox 1621 667 1752 720; x_wconf 81' lang='lat' dir='ltr'>rege</span> <span class='ocrx_word' id='word_1_30' title='bbox 1783 655 1837 705; x_wconf 90' lang='lat' dir='ltr'>et</span> <span class='ocrx_word' id='word_1_31' title='bbox 1867 650 2054 721; x_wconf 90' lang='lat' dir='ltr'>primo</span> 
     </span>
    </p>
   </div>
   <div class='ocr_carea' id='block_1_6' title="bbox 411 739 2055 813">
    <p class='ocr_par' dir='ltr' id='par_1_6' title="bbox 411 739 2055 813">
     <span class='ocr_line' id='line_1_6' title="bbox 411 739 2055 813; baseline -0.002 -15"><span class='ocrx_word' id='word_1_32' title='bbox 411 744 779 813; x_wconf 84' lang='lat' dir='ltr'>imperatore,</span> <span class='ocrx_word' id='word_1_33' title='bbox 811 739 1027 794; x_wconf 89' lang='lat' dir='ltr'>tradita</span> <span class='ocrx_word' id='word_1_34' title='bbox 1057 744 1212 806; x_wconf 91' lang='lat' dir='ltr'>sunt,</span> <span class='ocrx_word' id='word_1_35' title='bbox 1247 743 1304 794; x_wconf 90' lang='lat' dir='ltr'>et</span> <span class='ocrx_word' id='word_1_36' title='bbox 1335 757 1460 810; x_wconf 76' lang='lat' dir='ltr'>quae</span> <span class='ocrx_word' id='word_1_37' title='bbox 1494 740 1552 793; x_wconf 91' lang='lat' dir='ltr'>in</span> <span class='ocrx_word' id='word_1_38' title='bbox 1585 747 1884 811; x_wconf 86' lang='lat' dir='ltr'>posterum</span> <span class='ocrx_word' id='word_1_39' title='bbox 1923 741 2055 810; x_wconf 85' lang='lat' dir='ltr'>jure</span> 
     </span>
    </p>
   </div>
   <div class='ocr_carea' id='block_1_7' title="bbox 409 829 2050 902">
    <p class='ocr_par' dir='ltr' id='par_1_7' title="bbox 409 829 2050 902">
     <span class='ocr_line' id='line_1_7' title="bbox 409 829 2050 902; baseline -0.002 -14"><span class='ocrx_word' id='word_1_40' title='bbox 409 830 633 902; x_wconf 84' lang='lat' dir='ltr'>acquiri</span> <span class='ocrx_word' id='word_1_41' title='bbox 681 833 930 900; x_wconf 85' lang='lat' dir='ltr'>possunt</span> <span class='ocrx_word' id='word_1_42' title='bbox 978 829 1066 883; x_wconf 80' lang='lat' dir='ltr'>vel</span> <span class='ocrx_word' id='word_1_43' title='bbox 1106 830 1268 898; x_wconf 88' lang='lat' dir='ltr'>juste</span> <span class='ocrx_word' id='word_1_44' title='bbox 1292 830 1582 899; x_wconf 83' lang='lat' dir='ltr'>acquisita</span> <span class='ocrx_word' id='word_1_45' title='bbox 1622 834 1781 895; x_wconf 90' lang='lat' dir='ltr'>sunt,</span> <span class='ocrx_word' id='word_1_46' title='bbox 1816 829 2050 899; x_wconf 63' lang='lat' dir='ltr'>praedia,</span> 
     </span>
    </p>
   </div>
   <div class='ocr_carea' id='block_1_8' title="bbox 411 918 2057 990">
    <p class='ocr_par' dir='ltr' id='par_1_8' title="bbox 411 918 2057 990">
     <span class='ocr_line' id='line_1_8' title="bbox 411 918 2057 990; baseline -0.001 -15"><span class='ocrx_word' id='word_1_47' title='bbox 411 918 726 990; x_wconf 86' lang='lat' dir='ltr'>mancipia,</span> <span class='ocrx_word' id='word_1_48' title='bbox 742 935 810 972; x_wconf 91' lang='lat' dir='ltr'>au</span> <span class='ocrx_word' id='word_1_49' title='bbox 823 935 973 984; x_wconf 90' lang='lat' dir='ltr'>rum,</span> <span class='ocrx_word' id='word_1_50' title='bbox 991 918 1524 989; x_wconf 82' lang='lat' dir='ltr'>argentum,pallia,</span> <span class='ocrx_word' id='word_1_51' title='bbox 1542 936 1700 983; x_wconf 74' lang='lat' dir='ltr'>vasa,</span> <span class='ocrx_word' id='word_1_52' title='bbox 1717 924 2057 973; x_wconf 87' lang='lat' dir='ltr'>ornamenta</span> 
     </span>
    </p>
   </div>
   <div class='ocr_carea' id='block_1_9' title="bbox 406 1004 2058 1077">
    <p class='ocr_par' dir='ltr' id='par_1_9' title="bbox 406 1004 2058 1077">
     <span class='ocr_line' id='line_1_9' title="bbox 406 1004 2058 1077; baseline -0.001 -14"><span class='ocrx_word' id='word_1_53' title='bbox 406 1007 492 1064; x_wconf 90' lang='lat' dir='ltr'>vel</span> <span class='ocrx_word' id='word_1_54' title='bbox 517 1007 632 1061; x_wconf 88' lang='lat' dir='ltr'>alia</span> <span class='ocrx_word' id='word_1_55' title='bbox 655 1004 980 1072; x_wconf 88' lang='lat' dir='ltr'>ustensilia,</span> <span class='ocrx_word' id='word_1_56' title='bbox 1003 1022 1175 1060; x_wconf 91' lang='lat' dir='ltr'>nemo</span> <span class='ocrx_word' id='word_1_57' title='bbox 1195 1007 1478 1061; x_wconf 87' lang='lat' dir='ltr'>audeatin</span> <span class='ocrx_word' id='word_1_58' title='bbox 1504 1012 1847 1077; x_wconf 89' lang='lat' dir='ltr'>perpetuum</span> <span class='ocrx_word' id='word_1_59' title='bbox 1871 1007 2058 1061; x_wconf 88' lang='lat' dir='ltr'>subri-</span> 
     </span>
    </p>
   </div>
   <div class='ocr_carea' id='block_1_10' title="bbox 408 1095 2056 1170">
    <p class='ocr_par' dir='ltr' id='par_1_10' title="bbox 408 1095 2056 1170">
     <span class='ocr_line' id='line_1_10' title="bbox 408 1095 2056 1170; baseline -0.001 -18"><span class='ocrx_word' id='word_1_60' title='bbox 408 1114 564 1170; x_wconf 85' lang='lat' dir='ltr'>pere,</span> <span class='ocrx_word' id='word_1_61' title='bbox 589 1095 815 1150; x_wconf 87' lang='lat' dir='ltr'>auferre</span> <span class='ocrx_word' id='word_1_62' title='bbox 833 1099 933 1148; x_wconf 89' lang='lat' dir='ltr'>aut</span> <span class='ocrx_word' id='word_1_63' title='bbox 951 1098 1333 1160; x_wconf 74' lang='lat' dir='ltr'>commutare,</span> <span class='ocrx_word' id='word_1_64' title='bbox 1355 1096 1464 1149; x_wconf 92' lang='lat' dir='ltr'>nisi</span> <span class='ocrx_word' id='word_1_65' title='bbox 1481 1097 1550 1149; x_wconf 89' lang='lat' dir='ltr'>ad</span> <span class='ocrx_word' id='word_1_66' title='bbox 1573 1095 1880 1150; x_wconf 78' lang='lat' dir='ltr'>utilitatem</span> <span class='ocrx_word' id='word_1_67' title='bbox 1901 1096 2056 1164; x_wconf 89' lang='lat' dir='ltr'>ejus-</span> 
     </span>
    </p>
   </div>
   <div class='ocr_carea' id='block_1_11' title="bbox 407 1183 2054 1254">
    <p class='ocr_par' dir='ltr' id='par_1_11' title="bbox 407 1183 2054 1254">
     <span class='ocr_line' id='line_1_11' title="bbox 407 1183 2054 1254; baseline -0.004 -12"><span class='ocrx_word' id='word_1_68' title='bbox 407 1187 540 1242; x_wconf 87' lang='lat' dir='ltr'>dem</span> <span class='ocrx_word' id='word_1_69' title='bbox 563 1183 854 1246; x_wconf 76' lang='lat' dir='ltr'>ecclesiae;</span> <span class='ocrx_word' id='word_1_70' title='bbox 881 1183 982 1238; x_wconf 88' lang='lat' dir='ltr'>sed</span> <span class='ocrx_word' id='word_1_71' title='bbox 1007 1183 1315 1253; x_wconf 61' lang='lat' dir='ltr'>cpisCOpus</span> <span class='ocrx_word' id='word_1_72' title='bbox 1335 1185 1594 1253; x_wconf 77' lang='lat' dir='ltr'>ejusdem</span> <span class='ocrx_word' id='word_1_73' title='bbox 1620 1185 1750 1251; x_wconf 91' lang='lat' dir='ltr'>loci,</span> <span class='ocrx_word' id='word_1_74' title='bbox 1768 1183 1853 1237; x_wconf 75' lang='lat' dir='ltr'>vel</span> <span class='ocrx_word' id='word_1_75' title='bbox 1877 1183 1976 1254; x_wconf 89' lang='lat' dir='ltr'>qui</span> <span class='ocrx_word' id='word_1_76' title='bbox 1997 1184 2054 1237; x_wconf 91' lang='lat' dir='ltr'>in</span> 
     </span>
    </p>
   </div>
   <div class='ocr_carea' id='block_1_12' title="bbox 409 1272 2056 1346">
    <p class='ocr_par' dir='ltr' id='par_1_12' title="bbox 409 1272 2056 1346">
     <span class='ocr_line' id='line_1_12' title="bbox 409 1272 2056 1346; baseline -0.003 -15"><span class='ocrx_word' id='word_1_77' title='bbox 409 1279 752 1346; x_wconf 86' lang='lat' dir='ltr'>perpetuum</span> <span class='ocrx_word' id='word_1_78' title='bbox 788 1273 1050 1342; x_wconf 84' lang='lat' dir='ltr'>ejusdem</span> <span class='ocrx_word' id='word_1_79' title='bbox 1079 1272 1296 1326; x_wconf 84' lang='lat' dir='ltr'>fuerint</span> <span class='ocrx_word' id='word_1_80' title='bbox 1313 1289 1701 1337; x_wconf 78' lang='lat' dir='ltr'>successores,</span> <span class='ocrx_word' id='word_1_81' title='bbox 1728 1290 1930 1327; x_wconf 89' lang='lat' dir='ltr'>secura</span> <span class='ocrx_word' id='word_1_82' title='bbox 1959 1290 2056 1327; x_wconf 88' lang='lat' dir='ltr'>eas</span> 
     </span>
    </p>
   </div>
   <div class='ocr_carea' id='block_1_13' title="bbox 407 1360 2059 1433">
    <p class='ocr_par' dir='ltr' id='par_1_13' title="bbox 407 1360 2059 1433">
     <span class='ocr_line' id='line_1_13' title="bbox 407 1360 2059 1433; baseline -0.002 -15"><span class='ocrx_word' id='word_1_83' title='bbox 407 1362 835 1433; x_wconf 76' lang='lat' dir='ltr'>tranquillitate</span> <span class='ocrx_word' id='word_1_84' title='bbox 864 1360 1227 1432; x_wconf 84' lang='lat' dir='ltr'>possideant,</span> <span class='ocrx_word' id='word_1_85' title='bbox 1259 1377 1324 1414; x_wconf 90' lang='lat' dir='ltr'>ac</span> <span class='ocrx_word' id='word_1_86' title='bbox 1354 1361 1596 1416; x_wconf 85' lang='lat' dir='ltr'>liberam</span> <span class='ocrx_word' id='word_1_87' title='bbox 1637 1362 1888 1417; x_wconf 88' lang='lat' dir='ltr'>babeant</span> <span class='ocrx_word' id='word_1_88' title='bbox 1910 1367 2059 1433; x_wconf 88' lang='lat' dir='ltr'>pote-</span> 
     </span>
    </p>
   </div>
   <div class='ocr_carea' id='block_1_14' title="bbox 409 1449 2055 1520">
    <p class='ocr_par' dir='ltr' id='par_1_14' title="bbox 409 1449 2055 1520">
     <span class='ocr_line' id='line_1_14' title="bbox 409 1449 2055 1520; baseline -0.003 -13"><span class='ocrx_word' id='word_1_89' title='bbox 409 1457 620 1508; x_wconf 89' lang='lat' dir='ltr'>statem</span> <span class='ocrx_word' id='word_1_90' title='bbox 647 1466 851 1504; x_wconf 89' lang='lat' dir='ltr'>omnes</span> <span class='ocrx_word' id='word_1_91' title='bbox 874 1466 966 1504; x_wconf 91' lang='lat' dir='ltr'>res</span> <span class='ocrx_word' id='word_1_92' title='bbox 988 1454 1046 1504; x_wconf 91' lang='lat' dir='ltr'>et</span> <span class='ocrx_word' id='word_1_93' title='bbox 1069 1449 1455 1520; x_wconf 84' lang='lat' dir='ltr'>proprietates</span> <span class='ocrx_word' id='word_1_94' title='bbox 1478 1451 1739 1518; x_wconf 83' lang='lat' dir='ltr'>ejusdem</span> <span class='ocrx_word' id='word_1_95' title='bbox 1769 1450 1874 1505; x_wconf 71' lang='lat' dir='ltr'>loci</span> <span class='ocrx_word' id='word_1_96' title='bbox 1902 1451 2055 1505; x_wconf 89' lang='lat' dir='ltr'>ordi-</span> 
     </span>
    </p>
   </div>
   <div class='ocr_carea' id='block_1_15' title="bbox 411 1538 2054 1610">
    <p class='ocr_par' dir='ltr' id='par_1_15' title="bbox 411 1538 2054 1610">
     <span class='ocr_line' id='line_1_15' title="bbox 411 1538 2054 1610; baseline -0.002 -14"><span class='ocrx_word' id='word_1_97' title='bbox 411 1558 548 1596; x_wconf 89' lang='lat' dir='ltr'>nare</span> <span class='ocrx_word' id='word_1_98' title='bbox 579 1544 753 1610; x_wconf 90' lang='lat' dir='ltr'>atque</span> <span class='ocrx_word' id='word_1_99' title='bbox 780 1555 1126 1610; x_wconf 84' lang='lat' dir='ltr'>componere</span> <span class='ocrx_word' id='word_1_100' title='bbox 1147 1538 1233 1592; x_wconf 85' lang='lat' dir='ltr'>vel</span> <span class='ocrx_word' id='word_1_101' title='bbox 1257 1540 1430 1594; x_wconf 88' lang='lat' dir='ltr'>etiam</span> <span class='ocrx_word' id='word_1_102' title='bbox 1464 1545 1860 1610; x_wconf 83' lang='lat' dir='ltr'>augmentare,</span> <span class='ocrx_word' id='word_1_103' title='bbox 1885 1539 2054 1594; x_wconf 88' lang='lat' dir='ltr'>dissi-</span> 
     </span>
    </p>
   </div>
   <div class='ocr_carea' id='block_1_16' title="bbox 411 1627 2056 1702">
    <p class='ocr_par' dir='ltr' id='par_1_16' title="bbox 411 1627 2056 1702">
     <span class='ocr_line' id='line_1_16' title="bbox 411 1627 2056 1702; baseline 0 -18"><span class='ocrx_word' id='word_1_104' title='bbox 411 1645 549 1702; x_wconf 91' lang='lat' dir='ltr'>pare</span> <span class='ocrx_word' id='word_1_105' title='bbox 598 1643 729 1682; x_wconf 90' lang='lat' dir='ltr'>vero</span> <span class='ocrx_word' id='word_1_106' title='bbox 779 1631 953 1697; x_wconf 82' lang='lat' dir='ltr'>atque</span> <span class='ocrx_word' id='word_1_107' title='bbox 998 1627 1351 1683; x_wconf 91' lang='lat' dir='ltr'>confundere</span> <span class='ocrx_word' id='word_1_108' title='bbox 1382 1627 1604 1684; x_wconf 90' lang='lat' dir='ltr'>nullam</span> <span class='ocrx_word' id='word_1_109' title='bbox 1637 1629 1889 1684; x_wconf 79' lang='lat' dir='ltr'>habeant</span> <span class='ocrx_word' id='word_1_110' title='bbox 1921 1629 2056 1684; x_wconf 92' lang='lat' dir='ltr'>inde</span> 
     </span>
    </p>
   </div>
   <div class='ocr_carea' id='block_1_17' title="bbox 410 1716 2055 1790">
    <p class='ocr_par' dir='ltr' id='par_1_17' title="bbox 410 1716 2055 1790">
     <span class='ocr_line' id='line_1_17' title="bbox 410 1716 2055 1790; baseline -0.001 -16"><span class='ocrx_word' id='word_1_111' title='bbox 410 1721 757 1790; x_wconf 90' lang='lat' dir='ltr'>potestatem</span> <span class='ocrx_word' id='word_1_112' title='bbox 788 1720 888 1770; x_wconf 91' lang='lat' dir='ltr'>aut</span> <span class='ocrx_word' id='word_1_113' title='bbox 919 1716 1398 1771; x_wconf 88' lang='lat' dir='ltr'>dominationem.</span> <span class='ocrx_word' id='word_1_114' title='bbox 1445 1718 1689 1788; x_wconf 88' lang='lat' dir='ltr'>Insuper</span> <span class='ocrx_word' id='word_1_115' title='bbox 1719 1735 1822 1789; x_wconf 90' lang='lat' dir='ltr'>pro</span> <span class='ocrx_word' id='word_1_116' title='bbox 1856 1723 2055 1773; x_wconf 90' lang='lat' dir='ltr'>nostra</span> 
     </span>
    </p>
   </div>
   <div class='ocr_carea' id='block_1_18' title="bbox 411 1804 2052 1878">
    <p class='ocr_par' dir='ltr' id='par_1_18' title="bbox 411 1804 2052 1878">
     <span class='ocr_line' id='line_1_18' title="bbox 411 1804 2052 1878; baseline 0.001 -16"><span class='ocrx_word' id='word_1_117' title='bbox 411 1807 718 1862; x_wconf 88' lang='lat' dir='ltr'>auloritale</span> <span class='ocrx_word' id='word_1_118' title='bbox 766 1804 1065 1859; x_wconf 88' lang='lat' dir='ltr'>sancimus</span> <span class='ocrx_word' id='word_1_119' title='bbox 1095 1810 1159 1858; x_wconf 91' lang='lat' dir='ltr'>ut</span> <span class='ocrx_word' id='word_1_120' title='bbox 1191 1805 1246 1858; x_wconf 90' lang='lat' dir='ltr'>in</span> <span class='ocrx_word' id='word_1_121' title='bbox 1279 1806 1546 1860; x_wconf 87' lang='lat' dir='ltr'>terminis</span> <span class='ocrx_word' id='word_1_122' title='bbox 1596 1824 1661 1861; x_wconf 87' lang='lat' dir='ltr'>ac</span> <span class='ocrx_word' id='word_1_123' title='bbox 1694 1809 1866 1862; x_wconf 87' lang='lat' dir='ltr'>rebus</span> <span class='ocrx_word' id='word_1_124' title='bbox 1896 1808 2052 1878; x_wconf 81' lang='lat' dir='ltr'>ejus-</span> 
     </span>
    </p>
   </div>
   <div class='ocr_carea' id='block_1_19' title="bbox 2167 645 3840 713">
    <p class='ocr_par' dir='ltr' id='par_1_19' title="bbox 2167 645 3840 713">
     <span class='ocr_line' id='line_1_19' title="bbox 2167 645 3840 713; baseline 0.007 -13"><span class='ocrx_word' id='word_1_125' title='bbox 2167 645 2258 701; x_wconf 90' lang='lat' dir='ltr'>his</span> <span class='ocrx_word' id='word_1_126' title='bbox 2278 646 2545 702; x_wconf 85' lang='lat' dir='ltr'>videlicet</span> <span class='ocrx_word' id='word_1_127' title='bbox 2565 647 2793 713; x_wconf 90' lang='lat' dir='ltr'>diebus,</span> <span class='ocrx_word' id='word_1_128' title='bbox 2819 648 2876 703; x_wconf 92' lang='lat' dir='ltr'>in</span> <span class='ocrx_word' id='word_1_129' title='bbox 2907 650 3211 706; x_wconf 86' lang='lat' dir='ltr'>nativitate</span> <span class='ocrx_word' id='word_1_130' title='bbox 3234 651 3467 706; x_wconf 87' lang='lat' dir='ltr'>Domini</span> <span class='ocrx_word' id='word_1_131' title='bbox 3490 657 3549 708; x_wconf 87' lang='lat' dir='ltr'>et</span> <span class='ocrx_word' id='word_1_132' title='bbox 3569 653 3840 712; x_wconf 87' lang='lat' dir='ltr'>Salvato-</span> 
     </span>
    </p>
   </div>
   <div class='ocr_carea' id='block_1_20' title="bbox 2164 736 3822 809">
    <p class='ocr_par' dir='ltr' id='par_1_20' title="bbox 2164 736 3822 809">
     <span class='ocr_line' id='line_1_20' title="bbox 2164 736 3822 809; baseline 0.007 -20"><span class='ocrx_word' id='word_1_133' title='bbox 2164 736 2308 790; x_wconf 89' lang='lat' dir='ltr'>toris</span> <span class='ocrx_word' id='word_1_134' title='bbox 2339 736 2519 792; x_wconf 86' lang='lat' dir='ltr'>nostri</span> <span class='ocrx_word' id='word_1_135' title='bbox 2567 736 2703 792; x_wconf 90' lang='lat' dir='ltr'>Jesu</span> <span class='ocrx_word' id='word_1_136' title='bbox 2737 737 2974 803; x_wconf 82' lang='lat' dir='ltr'>Christi,</span> <span class='ocrx_word' id='word_1_137' title='bbox 3003 742 3062 793; x_wconf 93' lang='lat' dir='ltr'>et</span> <span class='ocrx_word' id='word_1_138' title='bbox 3094 739 3150 792; x_wconf 92' lang='lat' dir='ltr'>in</span> <span class='ocrx_word' id='word_1_139' title='bbox 3183 755 3349 796; x_wconf 85' lang='lat' dir='ltr'>coena</span> <span class='ocrx_word' id='word_1_140' title='bbox 3379 740 3636 809; x_wconf 88' lang='lat' dir='ltr'>Domini,</span> <span class='ocrx_word' id='word_1_141' title='bbox 3670 748 3733 798; x_wconf 88' lang='lat' dir='ltr'>et</span> <span class='ocrx_word' id='word_1_142' title='bbox 3763 744 3822 801; x_wconf 87' lang='lat' dir='ltr'>in</span> 
     </span>
    </p>
   </div>
   <div class='ocr_carea' id='block_1_21' title="bbox 2164 825 3827 899">
    <p class='ocr_par' dir='ltr' id='par_1_21' title="bbox 2164 825 3827 899">
     <span class='ocr_line' id='line_1_21' title="bbox 2164 825 3827 899; baseline 0.006 -20"><span class='ocrx_word' id='word_1_143' title='bbox 2164 825 2414 880; x_wconf 88' lang='lat' dir='ltr'>Sabbato</span> <span class='ocrx_word' id='word_1_144' title='bbox 2461 830 2660 880; x_wconf 89' lang='lat' dir='ltr'>sancto</span> <span class='ocrx_word' id='word_1_145' title='bbox 2705 831 2760 880; x_wconf 87' lang='lat' dir='ltr'>et</span> <span class='ocrx_word' id='word_1_146' title='bbox 2802 827 2861 880; x_wconf 92' lang='lat' dir='ltr'>in</span> <span class='ocrx_word' id='word_1_147' title='bbox 2910 827 3002 882; x_wconf 90' lang='lat' dir='ltr'>die</span> <span class='ocrx_word' id='word_1_148' title='bbox 3051 827 3315 899; x_wconf 72' lang='lat' dir='ltr'>gloriosae</span> <span class='ocrx_word' id='word_1_149' title='bbox 3348 830 3827 890; x_wconf 85' lang='lat' dir='ltr'>Resurrectionis</span> 
     </span>
    </p>
   </div>
   <div class='ocr_carea' id='block_1_22' title="bbox 2165 914 3830 987">
    <p class='ocr_par' dir='ltr' id='par_1_22' title="bbox 2165 914 3830 987">
     <span class='ocr_line' id='line_1_22' title="bbox 2165 914 3830 987; baseline 0.005 -20"><span class='ocrx_word' id='word_1_150' title='bbox 2165 914 2451 983; x_wconf 79' lang='lat' dir='ltr'>ejusdem,</span> <span class='ocrx_word' id='word_1_151' title='bbox 2505 919 2561 969; x_wconf 91' lang='lat' dir='ltr'>et</span> <span class='ocrx_word' id='word_1_152' title='bbox 2600 919 2800 970; x_wconf 88' lang='lat' dir='ltr'>sancto</span> <span class='ocrx_word' id='word_1_153' title='bbox 2854 915 3249 987; x_wconf 89' lang='lat' dir='ltr'>Pentecostes,</span> <span class='ocrx_word' id='word_1_154' title='bbox 3285 922 3342 972; x_wconf 91' lang='lat' dir='ltr'>et</span> <span class='ocrx_word' id='word_1_155' title='bbox 3387 919 3444 973; x_wconf 91' lang='lat' dir='ltr'>in</span> <span class='ocrx_word' id='word_1_156' title='bbox 3489 919 3582 974; x_wconf 91' lang='lat' dir='ltr'>die</span> <span class='ocrx_word' id='word_1_157' title='bbox 3635 922 3830 976; x_wconf 87' lang='lat' dir='ltr'>sancti</span> 
     </span>
    </p>
   </div>
   <div class='ocr_carea' id='block_1_23' title="bbox 2168 1003 3827 1074">
    <p class='ocr_par' dir='ltr' id='par_1_23' title="bbox 2168 1003 3827 1074">
     <span class='ocr_line' id='line_1_23' title="bbox 2168 1003 3827 1074; baseline 0.005 -17"><span class='ocrx_word' id='word_1_158' title='bbox 2168 1003 2418 1074; x_wconf 84' lang='lat' dir='ltr'>Georgii,</span> <span class='ocrx_word' id='word_1_159' title='bbox 2453 1008 2508 1058; x_wconf 91' lang='lat' dir='ltr'>et</span> <span class='ocrx_word' id='word_1_160' title='bbox 2538 1003 2598 1059; x_wconf 91' lang='lat' dir='ltr'>in</span> <span class='ocrx_word' id='word_1_161' title='bbox 2631 1005 2724 1059; x_wconf 92' lang='lat' dir='ltr'>die</span> <span class='ocrx_word' id='word_1_162' title='bbox 2754 1009 3092 1060; x_wconf 89' lang='lat' dir='ltr'>sanctorum</span> <span class='ocrx_word' id='word_1_163' title='bbox 3126 1007 3278 1061; x_wconf 89' lang='lat' dir='ltr'>Petri</span> <span class='ocrx_word' id='word_1_164' title='bbox 3310 1012 3369 1062; x_wconf 91' lang='lat' dir='ltr'>et</span> <span class='ocrx_word' id='word_1_165' title='bbox 3402 1007 3590 1074; x_wconf 88' lang='lat' dir='ltr'>Pauli,</span> <span class='ocrx_word' id='word_1_166' title='bbox 3625 1015 3684 1064; x_wconf 91' lang='lat' dir='ltr'>et</span> <span class='ocrx_word' id='word_1_167' title='bbox 3713 1012 3827 1066; x_wconf 80' lang='lat' dir='ltr'>As-</span> 
     </span>
    </p>
   </div>
   <div class='ocr_carea' id='block_1_24' title="bbox 2166 1091 3822 1170">
    <p class='ocr_par' dir='ltr' id='par_1_24' title="bbox 2166 1091 3822 1170">
     <span class='ocr_line' id='line_1_24' title="bbox 2166 1091 3822 1170; baseline 0.003 -23"><span class='ocrx_word' id='word_1_168' title='bbox 2166 1091 2520 1162; x_wconf 90' lang='lat' dir='ltr'>sumptionis</span> <span class='ocrx_word' id='word_1_169' title='bbox 2569 1094 2921 1149; x_wconf 68' lang='lat' dir='ltr'>beatissima:</span> <span class='ocrx_word' id='word_1_170' title='bbox 2968 1095 3162 1149; x_wconf 75' lang='lat' dir='ltr'>Mariae</span> <span class='ocrx_word' id='word_1_171' title='bbox 3211 1099 3268 1150; x_wconf 90' lang='lat' dir='ltr'>et</span> <span class='ocrx_word' id='word_1_172' title='bbox 3312 1097 3500 1151; x_wconf 88' lang='lat' dir='ltr'>sancti</span> <span class='ocrx_word' id='word_1_173' title='bbox 3533 1097 3822 1170; x_wconf 76' lang='lat' dir='ltr'>Dionysii,</span> 
     </span>
    </p>
   </div>
   <div class='ocr_carea' id='block_1_25' title="bbox 2166 1182 3824 1256">
    <p class='ocr_par' dir='ltr' id='par_1_25' title="bbox 2166 1182 3824 1256">
     <span class='ocr_line' id='line_1_25' title="bbox 2166 1182 3824 1256; baseline 0.005 -21"><span class='ocrx_word' id='word_1_174' title='bbox 2166 1197 2270 1252; x_wconf 91' lang='lat' dir='ltr'>pro</span> <span class='ocrx_word' id='word_1_175' title='bbox 2287 1182 2605 1238; x_wconf 85' lang='lat' dir='ltr'>reverentia</span> <span class='ocrx_word' id='word_1_176' title='bbox 2626 1183 2807 1238; x_wconf 85' lang='lat' dir='ltr'>nostri</span> <span class='ocrx_word' id='word_1_177' title='bbox 2832 1183 3114 1254; x_wconf 72' lang='lat' dir='ltr'>praelibati</span> <span class='ocrx_word' id='word_1_178' title='bbox 3139 1185 3585 1256; x_wconf 65' lang='lat' dir='ltr'>przedecessoris</span> <span class='ocrx_word' id='word_1_179' title='bbox 3617 1186 3824 1243; x_wconf 86' lang='lat' dir='ltr'>domui</span> 
     </span>
    </p>
   </div>
   <div class='ocr_carea' id='block_1_26' title="bbox 2167 1270 3824 1343">
    <p class='ocr_par' dir='ltr' id='par_1_26' title="bbox 2167 1270 3824 1343">
     <span class='ocr_line' id='line_1_26' title="bbox 2167 1270 3824 1343; baseline 0.003 -19"><span class='ocrx_word' id='word_1_180' title='bbox 2167 1270 2478 1326; x_wconf 87' lang='lat' dir='ltr'>Clementis</span> <span class='ocrx_word' id='word_1_181' title='bbox 2529 1289 2707 1343; x_wconf 78' lang='lat' dir='ltr'>papae,</span> <span class='ocrx_word' id='word_1_182' title='bbox 2758 1273 2930 1343; x_wconf 91' lang='lat' dir='ltr'>cujus</span> <span class='ocrx_word' id='word_1_183' title='bbox 2959 1272 3352 1328; x_wconf 90' lang='lat' dir='ltr'>aniversarius</span> <span class='ocrx_word' id='word_1_184' title='bbox 3385 1274 3510 1328; x_wconf 87' lang='lat' dir='ltr'>dies</span> <span class='ocrx_word' id='word_1_185' title='bbox 3551 1279 3694 1329; x_wconf 88' lang='lat' dir='ltr'>tunc</span> <span class='ocrx_word' id='word_1_186' title='bbox 3748 1276 3824 1329; x_wconf 89' lang='lat' dir='ltr'>ab</span> 
     </span>
    </p>
   </div>
   <div class='ocr_carea' id='block_1_27' title="bbox 2165 1348 3824 1432">
    <p class='ocr_par' dir='ltr' id='par_1_27' title="bbox 2165 1348 3824 1432">
     <span class='ocr_line' id='line_1_27' title="bbox 2165 1348 3824 1432; baseline 0.003 -20"><span class='ocrx_word' id='word_1_187' title='bbox 2165 1348 2386 1414; x_wconf 83' lang='lat' dir='ltr'>eisdem</span> <span class='ocrx_word' id='word_1_188' title='bbox 2403 1360 2682 1415; x_wconf 82' lang='lat' dir='ltr'>fratribus</span> <span class='ocrx_word' id='word_1_189' title='bbox 2705 1361 2915 1432; x_wconf 88' lang='lat' dir='ltr'>agitur,</span> <span class='ocrx_word' id='word_1_190' title='bbox 2940 1361 3065 1415; x_wconf 91' lang='lat' dir='ltr'>etin</span> <span class='ocrx_word' id='word_1_191' title='bbox 3089 1361 3487 1419; x_wconf 86' lang='lat' dir='ltr'>anniversario</span> <span class='ocrx_word' id='word_1_192' title='bbox 3506 1363 3598 1417; x_wconf 89' lang='lat' dir='ltr'>die</span> <span class='ocrx_word' id='word_1_193' title='bbox 3612 1363 3824 1418; x_wconf 85' lang='lat' dir='ltr'>domui</span> 
     </span>
    </p>
   </div>
   <div class='ocr_carea' id='block_1_28' title="bbox 2166 1447 3825 1520">
    <p class='ocr_par' dir='ltr' id='par_1_28' title="bbox 2166 1447 3825 1520">
     <span class='ocr_line' id='line_1_28' title="bbox 2166 1447 3825 1520; baseline 0.002 -18"><span class='ocrx_word' id='word_1_194' title='bbox 2166 1447 2418 1503; x_wconf 89' lang='lat' dir='ltr'>Heinrici</span> <span class='ocrx_word' id='word_1_195' title='bbox 2448 1449 2839 1520; x_wconf 87' lang='lat' dir='ltr'>imperatoris,</span> <span class='ocrx_word' id='word_1_196' title='bbox 2866 1449 3130 1518; x_wconf 89' lang='lat' dir='ltr'>ejusdem</span> <span class='ocrx_word' id='word_1_197' title='bbox 3163 1448 3269 1503; x_wconf 92' lang='lat' dir='ltr'>loci</span> <span class='ocrx_word' id='word_1_198' title='bbox 3302 1450 3646 1505; x_wconf 85' lang='lat' dir='ltr'>venerabilis</span> <span class='ocrx_word' id='word_1_199' title='bbox 3678 1467 3825 1506; x_wconf 90' lang='lat' dir='ltr'>con-</span> 
     </span>
    </p>
   </div>
   <div class='ocr_carea' id='block_1_29' title="bbox 2165 1537 3816 1610">
    <p class='ocr_par' dir='ltr' id='par_1_29' title="bbox 2165 1537 3816 1610">
     <span class='ocr_line' id='line_1_29' title="bbox 2165 1537 3816 1610; baseline 0.001 -19"><span class='ocrx_word' id='word_1_200' title='bbox 2165 1537 2490 1592; x_wconf 88' lang='lat' dir='ltr'>structoris.</span> <span class='ocrx_word' id='word_1_201' title='bbox 2545 1538 2646 1592; x_wconf 84' lang='lat' dir='ltr'>His</span> <span class='ocrx_word' id='word_1_202' title='bbox 2691 1554 2823 1592; x_wconf 91' lang='lat' dir='ltr'>vero</span> <span class='ocrx_word' id='word_1_203' title='bbox 2855 1537 3230 1592; x_wconf 88' lang='lat' dir='ltr'>concedimus</span> <span class='ocrx_word' id='word_1_204' title='bbox 3262 1537 3416 1593; x_wconf 88' lang='lat' dir='ltr'>hanc</span> <span class='ocrx_word' id='word_1_205' title='bbox 3464 1539 3816 1610; x_wconf 87' lang='lat' dir='ltr'>dignitatem</span> 
     </span>
    </p>
   </div>
   <div class='ocr_carea' id='block_1_30' title="bbox 2165 1625 3818 1698">
    <p class='ocr_par' dir='ltr' id='par_1_30' title="bbox 2165 1625 3818 1698">
     <span class='ocr_line' id='line_1_30' title="bbox 2165 1625 3818 1698; baseline 0.002 -21"><span class='ocrx_word' id='word_1_206' title='bbox 2165 1625 2265 1695; x_wconf 87' lang='lat' dir='ltr'>qui</span> <span class='ocrx_word' id='word_1_207' title='bbox 2315 1629 2546 1680; x_wconf 90' lang='lat' dir='ltr'>tantum</span> <span class='ocrx_word' id='word_1_208' title='bbox 2607 1625 2935 1698; x_wconf 88' lang='lat' dir='ltr'>specialiter</span> <span class='ocrx_word' id='word_1_209' title='bbox 2991 1625 3283 1680; x_wconf 86' lang='lat' dir='ltr'>excubant</span> <span class='ocrx_word' id='word_1_210' title='bbox 3338 1625 3425 1682; x_wconf 89' lang='lat' dir='ltr'>vel</span> <span class='ocrx_word' id='word_1_211' title='bbox 3473 1626 3818 1682; x_wconf 85' lang='lat' dir='ltr'>deserviunt</span> 
     </span>
    </p>
   </div>
   <div class='ocr_carea' id='block_1_31' title="bbox 2163 1713 3816 1786">
    <p class='ocr_par' dir='ltr' id='par_1_31' title="bbox 2163 1713 3816 1786">
     <span class='ocr_line' id='line_1_31' title="bbox 2163 1713 3816 1786; baseline 0.002 -19"><span class='ocrx_word' id='word_1_212' title='bbox 2163 1713 2317 1784; x_wconf 92' lang='lat' dir='ltr'>apud</span> <span class='ocrx_word' id='word_1_213' title='bbox 2343 1713 3064 1786; x_wconf 60' lang='lat' dir='ltr'>praedictiprmdecessoris</span> <span class='ocrx_word' id='word_1_214' title='bbox 3081 1714 3260 1768; x_wconf 90' lang='lat' dir='ltr'>nostri</span> <span class='ocrx_word' id='word_1_215' title='bbox 3277 1714 3636 1786; x_wconf 89' lang='lat' dir='ltr'>sepulcrum.</span> <span class='ocrx_word' id='word_1_216' title='bbox 3660 1715 3816 1770; x_wconf 88' lang='lat' dir='ltr'>Con-</span> 
     </span>
    </p>
   </div>
   <div class='ocr_carea' id='block_1_32' title="bbox 2163 1800 3818 1868">
    <p class='ocr_par' dir='ltr' id='par_1_32' title="bbox 2163 1800 3818 1868">
     <span class='ocr_line' id='line_1_32' title="bbox 2163 1800 3818 1868; baseline 0.001 -12"><span class='ocrx_word' id='word_1_217' title='bbox 2163 1804 2352 1856; x_wconf 88' lang='lat' dir='ltr'>tentos</span> <span class='ocrx_word' id='word_1_218' title='bbox 2383 1806 2578 1857; x_wconf 90' lang='lat' dir='ltr'>tamen</span> <span class='ocrx_word' id='word_1_219' title='bbox 2602 1801 2695 1858; x_wconf 91' lang='lat' dir='ltr'>his</span> <span class='ocrx_word' id='word_1_220' title='bbox 2717 1802 3016 1858; x_wconf 86' lang='lat' dir='ltr'>sancimus</span> <span class='ocrx_word' id='word_1_221' title='bbox 3047 1800 3252 1857; x_wconf 90' lang='lat' dir='ltr'>diebus</span> <span class='ocrx_word' id='word_1_222' title='bbox 3281 1804 3422 1868; x_wconf 91' lang='lat' dir='ltr'>fore,</span> <span class='ocrx_word' id='word_1_223' title='bbox 3457 1819 3562 1858; x_wconf 89' lang='lat' dir='ltr'>nec</span> <span class='ocrx_word' id='word_1_224' title='bbox 3594 1801 3751 1858; x_wconf 89' lang='lat' dir='ltr'>ultra</span> <span class='ocrx_word' id='word_1_225' title='bbox 3780 1821 3818 1858; x_wconf 91' lang='lat' dir='ltr'>a</span> 
     </span>
    </p>
   </div>
   <div class='ocr_carea' id='block_1_33' title="bbox 411 1889 3816 1984">
    <p class='ocr_par' dir='ltr' id='par_1_33' title="bbox 411 1889 3816 1984">
     <span class='ocr_line' id='line_1_33' title="bbox 411 1889 3816 1984; baseline -0.001 -34"><span class='ocrx_word' id='word_1_226' title='bbox 411 1896 543 1950; x_wconf 90' lang='lat' dir='ltr'>dem</span> <span class='ocrx_word' id='word_1_227' title='bbox 567 1893 819 1950; x_wconf 74' lang='lat' dir='ltr'>ecclesia:</span> <span class='ocrx_word' id='word_1_228' title='bbox 842 1893 1000 1947; x_wconf 89' lang='lat' dir='ltr'>nulla</span> <span class='ocrx_word' id='word_1_229' title='bbox 1015 1894 1401 1949; x_wconf 88' lang='lat' dir='ltr'>sitinfestatio</span> <span class='ocrx_word' id='word_1_230' title='bbox 1421 1898 1800 1965; x_wconf 84' lang='lat' dir='ltr'>tyrannorum</span> <span class='ocrx_word' id='word_1_231' title='bbox 1815 1896 1899 1950; x_wconf 87' lang='lat' dir='ltr'>vel</span> <span class='ocrx_word' id='word_1_232' title='bbox 1919 1895 2054 1951; x_wconf 91' lang='lat' dir='ltr'>alio-</span> <span class='ocrx_word' id='word_1_233' title='bbox 2083 1919 2132 1984; x_wconf 82' lang='grc' dir='ltr'><strong>Β</strong></span> <span class='ocrx_word' id='word_1_234' title='bbox 2163 1907 2460 1962; x_wconf 86' lang='lat' dir='ltr'>quoquam</span> <span class='ocrx_word' id='word_1_235' title='bbox 2491 1895 2710 1946; x_wconf 85' lang='lat' dir='ltr'>temere</span> <span class='ocrx_word' id='word_1_236' title='bbox 2738 1889 3032 1961; x_wconf 90' lang='lat' dir='ltr'>usurpari,</span> <span class='ocrx_word' id='word_1_237' title='bbox 3051 1907 3122 1945; x_wconf 90' lang='lat' dir='ltr'>ne</span> <span class='ocrx_word' id='word_1_238' title='bbox 3152 1890 3340 1945; x_wconf 88' lang='lat' dir='ltr'>honor</span> <span class='ocrx_word' id='word_1_239' title='bbox 3361 1891 3635 1962; x_wconf 90' lang='lat' dir='ltr'>proprius</span> <span class='ocrx_word' id='word_1_240' title='bbox 3666 1907 3816 1962; x_wconf 85' lang='lat' dir='ltr'>apo—</span> 
     </span>
    </p>
   </div>
   <div class='ocr_carea' id='block_1_34' title="bbox 405 1981 2047 2054">
    <p class='ocr_par' dir='ltr' id='par_1_34' title="bbox 405 1981 2047 2054">
     <span class='ocr_line' id='line_1_34' title="bbox 405 1981 2047 2054; baseline 0.001 -15"><span class='ocrx_word' id='word_1_241' title='bbox 405 2000 541 2040; x_wconf 83' lang='lat' dir='ltr'>rum</span> <span class='ocrx_word' id='word_1_242' title='bbox 573 1981 971 2053; x_wconf 91' lang='lat' dir='ltr'>quorumlibet</span> <span class='ocrx_word' id='word_1_243' title='bbox 992 1982 1297 2038; x_wconf 87' lang='lat' dir='ltr'>hominum</span> <span class='ocrx_word' id='word_1_244' title='bbox 1331 2001 1662 2054; x_wconf 90' lang='lat' dir='ltr'>pravorum,</span> <span class='ocrx_word' id='word_1_245' title='bbox 1697 1987 1816 2040; x_wconf 90' lang='lat' dir='ltr'>sive</span> <span class='ocrx_word' id='word_1_246' title='bbox 1843 1986 1960 2040; x_wconf 87' lang='lat' dir='ltr'>sint</span> <span class='ocrx_word' id='word_1_247' title='bbox 1989 1987 2047 2041; x_wconf 91' lang='lat' dir='ltr'>in</span> 
     </span>
    </p>
   </div>
   <div class='ocr_carea' id='block_1_35' title="bbox 407 2071 2050 2142">
    <p class='ocr_par' dir='ltr' id='par_1_35' title="bbox 407 2071 2050 2142">
     <span class='ocr_line' id='line_1_35' title="bbox 407 2071 2050 2142; baseline 0.001 -15"><span class='ocrx_word' id='word_1_248' title='bbox 407 2072 633 2127; x_wconf 80' lang='lat' dir='ltr'>civitate</span> <span class='ocrx_word' id='word_1_249' title='bbox 677 2071 805 2142; x_wconf 81' lang='lat' dir='ltr'>ipsa</span> <span class='ocrx_word' id='word_1_250' title='bbox 845 2071 1238 2137; x_wconf 89' lang='lat' dir='ltr'>Babenbercb,</span> <span class='ocrx_word' id='word_1_251' title='bbox 1291 2072 1408 2127; x_wconf 89' lang='lat' dir='ltr'>sive</span> <span class='ocrx_word' id='word_1_252' title='bbox 1445 2072 1504 2126; x_wconf 91' lang='lat' dir='ltr'>in</span> <span class='ocrx_word' id='word_1_253' title='bbox 1554 2074 1826 2139; x_wconf 84' lang='lat' dir='ltr'>castellis,</span> <span class='ocrx_word' id='word_1_254' title='bbox 1875 2075 2050 2141; x_wconf 89' lang='lat' dir='ltr'>villis,</span> 
     </span>
    </p>
   </div>
   <div class='ocr_carea' id='block_1_36' title="bbox 405 2159 2050 2231">
    <p class='ocr_par' dir='ltr' id='par_1_36' title="bbox 405 2159 2050 2231">
     <span class='ocr_line' id='line_1_36' title="bbox 405 2159 2050 2231; baseline 0 -14"><span class='ocrx_word' id='word_1_255' title='bbox 405 2161 608 2226; x_wconf 89' lang='lat' dir='ltr'>servis,</span> <span class='ocrx_word' id='word_1_256' title='bbox 641 2159 891 2224; x_wconf 88' lang='lat' dir='ltr'>ancillis,</span> <span class='ocrx_word' id='word_1_257' title='bbox 925 2160 1272 2228; x_wconf 85' lang='lat' dir='ltr'>tributariis,</span> <span class='ocrx_word' id='word_1_258' title='bbox 1303 2161 1568 2226; x_wconf 88' lang='lat' dir='ltr'>decimis,</span> <span class='ocrx_word' id='word_1_259' title='bbox 1593 2163 1842 2230; x_wconf 88' lang='lat' dir='ltr'>forestis,</span> <span class='ocrx_word' id='word_1_260' title='bbox 1867 2163 2050 2231; x_wconf 87' lang='lat' dir='ltr'>silvis,</span> 
     </span>
    </p>
   </div>
   <div class='ocr_carea' id='block_1_37' title="bbox 401 2248 2048 2323">
    <p class='ocr_par' dir='ltr' id='par_1_37' title="bbox 401 2248 2048 2323">
     <span class='ocr_line' id='line_1_37' title="bbox 401 2248 2048 2323; baseline 0 -16"><span class='ocrx_word' id='word_1_261' title='bbox 401 2249 839 2315; x_wconf 83' lang='lat' dir='ltr'>venationibus,</span> <span class='ocrx_word' id='word_1_262' title='bbox 891 2248 1336 2320; x_wconf 89' lang='lat' dir='ltr'>piscationibus,</span> <span class='ocrx_word' id='word_1_263' title='bbox 1385 2250 1762 2320; x_wconf 89' lang='lat' dir='ltr'>molendinis,</span> <span class='ocrx_word' id='word_1_264' title='bbox 1802 2253 2048 2323; x_wconf 89' lang='lat' dir='ltr'>campis,</span> 
     </span>
    </p>
   </div>
   <div class='ocr_carea' id='block_1_38' title="bbox 404 2337 2050 2412">
    <p class='ocr_par' dir='ltr' id='par_1_38' title="bbox 404 2337 2050 2412">
     <span class='ocr_line' id='line_1_38' title="bbox 404 2337 2050 2412; baseline -0.001 -17"><span class='ocrx_word' id='word_1_265' title='bbox 404 2339 608 2412; x_wconf 87' lang='lat' dir='ltr'>pratis,</span> <span class='ocrx_word' id='word_1_266' title='bbox 645 2338 900 2410; x_wconf 89' lang='lat' dir='ltr'>pascuis,</span> <span class='ocrx_word' id='word_1_267' title='bbox 933 2338 1092 2409; x_wconf 83' lang='lat' dir='ltr'>agris</span> <span class='ocrx_word' id='word_1_268' title='bbox 1130 2337 1305 2392; x_wconf 89' lang='lat' dir='ltr'>cultis</span> <span class='ocrx_word' id='word_1_269' title='bbox 1337 2342 1392 2392; x_wconf 86' lang='lat' dir='ltr'>et</span> <span class='ocrx_word' id='word_1_270' title='bbox 1432 2339 1704 2405; x_wconf 87' lang='lat' dir='ltr'>incultis;</span> <span class='ocrx_word' id='word_1_271' title='bbox 1739 2345 1841 2394; x_wconf 90' lang='lat' dir='ltr'>aut</span> <span class='ocrx_word' id='word_1_272' title='bbox 1879 2341 2050 2411; x_wconf 84' lang='lat' dir='ltr'>quid-</span> 
     </span>
    </p>
   </div>
   <div class='ocr_carea' id='block_1_39' title="bbox 405 2426 2050 2501">
    <p class='ocr_par' dir='ltr' id='par_1_39' title="bbox 405 2426 2050 2501">
     <span class='ocr_line' id='line_1_39' title="bbox 405 2426 2050 2501; baseline 0.001 -19"><span class='ocrx_word' id='word_1_273' title='bbox 405 2429 542 2501; x_wconf 90' lang='lat' dir='ltr'>quid</span> <span class='ocrx_word' id='word_1_274' title='bbox 576 2428 748 2482; x_wconf 68' lang='lat' dir='ltr'>modo</span> <span class='ocrx_word' id='word_1_275' title='bbox 800 2426 936 2480; x_wconf 91' lang='lat' dir='ltr'>illuc</span> <span class='ocrx_word' id='word_1_276' title='bbox 989 2427 1239 2497; x_wconf 83' lang='lat' dir='ltr'>pertinet</span> <span class='ocrx_word' id='word_1_277' title='bbox 1299 2432 1397 2481; x_wconf 91' lang='lat' dir='ltr'>aut</span> <span class='ocrx_word' id='word_1_278' title='bbox 1457 2427 1515 2481; x_wconf 91' lang='lat' dir='ltr'>in</span> <span class='ocrx_word' id='word_1_279' title='bbox 1575 2429 1836 2483; x_wconf 90' lang='lat' dir='ltr'>futurum</span> <span class='ocrx_word' id='word_1_280' title='bbox 1888 2430 2050 2500; x_wconf 88' lang='lat' dir='ltr'>juste</span> 
     </span>
    </p>
   </div>
   <div class='ocr_carea' id='block_1_40' title="bbox 405 2514 2048 2588">
    <p class='ocr_par' dir='ltr' id='par_1_40' title="bbox 405 2514 2048 2588">
     <span class='ocr_line' id='line_1_40' title="bbox 405 2514 2048 2588; baseline 0 -15"><span class='ocrx_word' id='word_1_281' title='bbox 405 2517 628 2588; x_wconf 89' lang='lat' dir='ltr'>acquiri</span> <span class='ocrx_word' id='word_1_282' title='bbox 674 2514 902 2586; x_wconf 87' lang='lat' dir='ltr'>poterit,</span> <span class='ocrx_word' id='word_1_283' title='bbox 963 2531 1065 2585; x_wconf 89' lang='lat' dir='ltr'>per</span> <span class='ocrx_word' id='word_1_284' title='bbox 1110 2519 1319 2570; x_wconf 72' lang='lat' dir='ltr'>nostra:</span> <span class='ocrx_word' id='word_1_285' title='bbox 1371 2517 1699 2586; x_wconf 66' lang='lat' dir='ltr'>apostolica:</span> <span class='ocrx_word' id='word_1_286' title='bbox 1735 2518 2048 2574; x_wconf 88' lang='lat' dir='ltr'>auctorita-</span> 
     </span>
    </p>
   </div>
   <div class='ocr_carea' id='block_1_41' title="bbox 404 2603 2051 2678">
    <p class='ocr_par' dir='ltr' id='par_1_41' title="bbox 404 2603 2051 2678">
     <span class='ocr_line' id='line_1_41' title="bbox 404 2603 2051 2678; baseline 0.001 -18"><span class='ocrx_word' id='word_1_287' title='bbox 404 2605 481 2660; x_wconf 90' lang='lat' dir='ltr'>tis</span> <span class='ocrx_word' id='word_1_288' title='bbox 511 2603 878 2675; x_wconf 75' lang='lat' dir='ltr'>privilegium</span> <span class='ocrx_word' id='word_1_289' title='bbox 915 2603 1378 2669; x_wconf 88' lang='lat' dir='ltr'>corroboratum,</span> <span class='ocrx_word' id='word_1_290' title='bbox 1405 2605 1463 2659; x_wconf 92' lang='lat' dir='ltr'>in</span> <span class='ocrx_word' id='word_1_291' title='bbox 1488 2622 1692 2660; x_wconf 88' lang='lat' dir='ltr'>secura</span> <span class='ocrx_word' id='word_1_292' title='bbox 1716 2614 2051 2678; x_wconf 88' lang='lat' dir='ltr'>permaneat</span> 
     </span>
    </p>
   </div>
   <div class='ocr_carea' id='block_1_42' title="bbox 404 2690 2046 2765">
    <p class='ocr_par' dir='ltr' id='par_1_42' title="bbox 404 2690 2046 2765">
     <span class='ocr_line' id='line_1_42' title="bbox 404 2690 2046 2765; baseline 0.002 -17"><span class='ocrx_word' id='word_1_293' title='bbox 404 2694 621 2764; x_wconf 86' lang='lat' dir='ltr'>quiete.</span> <span class='ocrx_word' id='word_1_294' title='bbox 645 2691 853 2746; x_wconf 89' lang='lat' dir='ltr'>Nullus</span> <span class='ocrx_word' id='word_1_295' title='bbox 883 2690 963 2745; x_wconf 90' lang='lat' dir='ltr'>ibi</span> <span class='ocrx_word' id='word_1_296' title='bbox 995 2707 1189 2746; x_wconf 91' lang='lat' dir='ltr'>comes</span> <span class='ocrx_word' id='word_1_297' title='bbox 1222 2694 1514 2762; x_wconf 84' lang='lat' dir='ltr'>autjudex</span> <span class='ocrx_word' id='word_1_298' title='bbox 1539 2694 1817 2765; x_wconf 86' lang='lat' dir='ltr'>placitum</span> <span class='ocrx_word' id='word_1_299' title='bbox 1837 2713 1936 2751; x_wconf 91' lang='lat' dir='ltr'>seu</span> <span class='ocrx_word' id='word_1_300' title='bbox 1962 2696 2046 2750; x_wconf 91' lang='lat' dir='ltr'>di-</span> 
     </span>
    </p>
   </div>
   <div class='ocr_carea' id='block_1_43' title="bbox 403 2778 2046 2850">
    <p class='ocr_par' dir='ltr' id='par_1_43' title="bbox 403 2778 2046 2850">
     <span class='ocr_line' id='line_1_43' title="bbox 403 2778 2046 2850; baseline 0.002 -13"><span class='ocrx_word' id='word_1_301' title='bbox 403 2781 767 2837; x_wconf 87' lang='lat' dir='ltr'>strictionem</span> <span class='ocrx_word' id='word_1_302' title='bbox 819 2778 1074 2849; x_wconf 88' lang='lat' dir='ltr'>aliquam</span> <span class='ocrx_word' id='word_1_303' title='bbox 1107 2780 1292 2835; x_wconf 90' lang='lat' dir='ltr'>facere</span> <span class='ocrx_word' id='word_1_304' title='bbox 1323 2782 1406 2836; x_wconf 89' lang='lat' dir='ltr'>vel</span> <span class='ocrx_word' id='word_1_305' title='bbox 1441 2788 1635 2838; x_wconf 89' lang='lat' dir='ltr'>tenere</span> <span class='ocrx_word' id='word_1_306' title='bbox 1671 2785 1898 2850; x_wconf 88' lang='lat' dir='ltr'>audeat,</span> <span class='ocrx_word' id='word_1_307' title='bbox 1935 2785 2046 2840; x_wconf 92' lang='lat' dir='ltr'>nisi</span> 
     </span>
    </p>
   </div>
   <div class='ocr_carea' id='block_1_44' title="bbox 405 2867 2048 2944">
    <p class='ocr_par' dir='ltr' id='par_1_44' title="bbox 405 2867 2048 2944">
     <span class='ocr_line' id='line_1_44' title="bbox 405 2867 2048 2944; baseline 0.004 -22"><span class='ocrx_word' id='word_1_308' title='bbox 405 2885 582 2940; x_wconf 87' lang='lat' dir='ltr'>quam</span> <span class='ocrx_word' id='word_1_309' title='bbox 626 2884 727 2938; x_wconf 89' lang='lat' dir='ltr'>per</span> <span class='ocrx_word' id='word_1_310' title='bbox 758 2867 1192 2924; x_wconf 87' lang='lat' dir='ltr'>concessionem</span> <span class='ocrx_word' id='word_1_311' title='bbox 1225 2869 1634 2940; x_wconf 83' lang='lat' dir='ltr'>gloriosissimi</span> <span class='ocrx_word' id='word_1_312' title='bbox 1679 2873 2048 2944; x_wconf 89' lang='lat' dir='ltr'>imperatoris</span> 
     </span>
    </p>
   </div>
   <div class='ocr_carea' id='block_1_45' title="bbox 403 2955 2047 3033">
    <p class='ocr_par' dir='ltr' id='par_1_45' title="bbox 403 2955 2047 3033">
     <span class='ocr_line' id='line_1_45' title="bbox 403 2955 2047 3033; baseline 0.003 -21"><span class='ocrx_word' id='word_1_313' title='bbox 403 2955 646 3012; x_wconf 89' lang='lat' dir='ltr'>secundi</span> <span class='ocrx_word' id='word_1_314' title='bbox 691 2955 963 3020; x_wconf 86' lang='lat' dir='ltr'>Heinrici,</span> <span class='ocrx_word' id='word_1_315' title='bbox 1007 2956 1093 3011; x_wconf 87' lang='lat' dir='ltr'>vel</span> <span class='ocrx_word' id='word_1_316' title='bbox 1126 2975 1529 3014; x_wconf 90' lang='lat' dir='ltr'>successorum</span> <span class='ocrx_word' id='word_1_317' title='bbox 1568 2962 1696 3028; x_wconf 85' lang='lat' dir='ltr'>ejus</span> <span class='ocrx_word' id='word_1_318' title='bbox 1739 2962 2047 3033; x_wconf 89' lang='lat' dir='ltr'>episcopus</span> 
     </span>
    </p>
   </div>
   <div class='ocr_carea' id='block_1_46' title="bbox 403 3043 2048 3122">
    <p class='ocr_par' dir='ltr' id='par_1_46' title="bbox 403 3043 2048 3122">
     <span class='ocr_line' id='line_1_46' title="bbox 403 3043 2048 3122; baseline 0.004 -23"><span class='ocrx_word' id='word_1_319' title='bbox 403 3043 667 3114; x_wconf 83' lang='lat' dir='ltr'>ejusdem</span> <span class='ocrx_word' id='word_1_320' title='bbox 691 3043 800 3097; x_wconf 89' lang='lat' dir='ltr'>loci</span> <span class='ocrx_word' id='word_1_321' title='bbox 823 3043 1243 3101; x_wconf 87' lang='lat' dir='ltr'>deliberaverit.</span> <span class='ocrx_word' id='word_1_322' title='bbox 1269 3047 1441 3103; x_wconf 90' lang='lat' dir='ltr'>Nulla</span> <span class='ocrx_word' id='word_1_323' title='bbox 1463 3048 1520 3102; x_wconf 91' lang='lat' dir='ltr'>in</span> <span class='ocrx_word' id='word_1_324' title='bbox 1546 3049 1744 3120; x_wconf 90' lang='lat' dir='ltr'>aliqua</span> <span class='ocrx_word' id='word_1_325' title='bbox 1763 3051 2048 3122; x_wconf 84' lang='lat' dir='ltr'>dignitate</span> 
     </span>
    </p>
   </div>
   <div class='ocr_carea' id='block_1_47' title="bbox 404 3131 2044 3208">
    <p class='ocr_par' dir='ltr' id='par_1_47' title="bbox 404 3131 2044 3208">
     <span class='ocr_line' id='line_1_47' title="bbox 404 3131 2044 3208; baseline 0.004 -22"><span class='ocrx_word' id='word_1_326' title='bbox 404 3131 816 3203; x_wconf 83' lang='lat' dir='ltr'>positamagna</span> <span class='ocrx_word' id='word_1_327' title='bbox 827 3149 1116 3205; x_wconf 88' lang='lat' dir='ltr'>parvaque</span> <span class='ocrx_word' id='word_1_328' title='bbox 1130 3152 1375 3205; x_wconf 87' lang='lat' dir='ltr'>persona</span> <span class='ocrx_word' id='word_1_329' title='bbox 1390 3154 1490 3208; x_wconf 91' lang='lat' dir='ltr'>per</span> <span class='ocrx_word' id='word_1_330' title='bbox 1501 3137 1827 3193; x_wconf 86' lang='lat' dir='ltr'>violentiam</span> <span class='ocrx_word' id='word_1_331' title='bbox 1842 3138 2044 3193; x_wconf 88' lang='lat' dir='ltr'>irruat.</span> 
     </span>
    </p>
   </div>
   <div class='ocr_carea' id='block_1_48' title="bbox 403 3219 2044 3292">
    <p class='ocr_par' dir='ltr' id='par_1_48' title="bbox 403 3219 2044 3292">
     <span class='ocr_line' id='line_1_48' title="bbox 403 3219 2044 3292; baseline 0.004 -17"><span class='ocrx_word' id='word_1_332' title='bbox 403 3219 489 3275; x_wconf 89' lang='lat' dir='ltr'>Sit</span> <span class='ocrx_word' id='word_1_333' title='bbox 518 3219 612 3274; x_wconf 91' lang='lat' dir='ltr'>ille</span> <span class='ocrx_word' id='word_1_334' title='bbox 652 3220 1022 3292; x_wconf 88' lang='lat' dir='ltr'>episc0patus</span> <span class='ocrx_word' id='word_1_335' title='bbox 1051 3222 1216 3289; x_wconf 89' lang='lat' dir='ltr'>liber,</span> <span class='ocrx_word' id='word_1_336' title='bbox 1253 3225 1512 3281; x_wconf 81' lang='lat' dir='ltr'>Romano</span> <span class='ocrx_word' id='word_1_337' title='bbox 1542 3231 1769 3282; x_wconf 88' lang='lat' dir='ltr'>tantum</span> <span class='ocrx_word' id='word_1_338' title='bbox 1804 3229 2044 3282; x_wconf 89' lang='lat' dir='ltr'>mundi-</span> 
     </span>
    </p>
   </div>
   <div class='ocr_carea' id='block_1_49' title="bbox 2161 1979 3825 2050">
    <p class='ocr_par' dir='ltr' id='par_1_49' title="bbox 2161 1979 3825 2050">
     <span class='ocr_line' id='line_1_49' title="bbox 2161 1979 3825 2050; baseline 0 -16"><span class='ocrx_word' id='word_1_339' title='bbox 2161 1979 2377 2035; x_wconf 69' lang='lat' dir='ltr'>stolicaa</span> <span class='ocrx_word' id='word_1_340' title='bbox 2408 1981 2567 2037; x_wconf 89' lang='lat' dir='ltr'>sedis</span> <span class='ocrx_word' id='word_1_341' title='bbox 2595 1980 2852 2036; x_wconf 90' lang='lat' dir='ltr'>vilescat.</span> <span class='ocrx_word' id='word_1_342' title='bbox 2899 1979 3029 2035; x_wconf 67' lang='lat' dir='ltr'>Haec</span> <span class='ocrx_word' id='word_1_343' title='bbox 3061 1995 3192 2035; x_wconf 86' lang='lat' dir='ltr'>vero</span> <span class='ocrx_word' id='word_1_344' title='bbox 3214 1981 3408 2035; x_wconf 87' lang='lat' dir='ltr'>omnia</span> <span class='ocrx_word' id='word_1_345' title='bbox 3436 1996 3618 2050; x_wconf 88' lang='lat' dir='ltr'>supra</span> <span class='ocrx_word' id='word_1_346' title='bbox 3649 1979 3825 2034; x_wconf 80' lang='lat' dir='ltr'>dicta.</span> 
     </span>
    </p>
   </div>
   <div class='ocr_carea' id='block_1_50' title="bbox 2161 2069 3815 2140">
    <p class='ocr_par' dir='ltr' id='par_1_50' title="bbox 2161 2069 3815 2140">
     <span class='ocr_line' id='line_1_50' title="bbox 2161 2069 3815 2140; baseline -0.001 -18"><span class='ocrx_word' id='word_1_347' title='bbox 2161 2069 2452 2124; x_wconf 88' lang='lat' dir='ltr'>observari</span> <span class='ocrx_word' id='word_1_348' title='bbox 2483 2073 2541 2124; x_wconf 93' lang='lat' dir='ltr'>et</span> <span class='ocrx_word' id='word_1_349' title='bbox 2568 2069 2847 2125; x_wconf 88' lang='lat' dir='ltr'>custodiri</span> <span class='ocrx_word' id='word_1_350' title='bbox 2869 2069 2930 2124; x_wconf 90' lang='lat' dir='ltr'>in</span> <span class='ocrx_word' id='word_1_351' title='bbox 2951 2073 3308 2140; x_wconf 91' lang='lat' dir='ltr'>perpetuum,</span> <span class='ocrx_word' id='word_1_352' title='bbox 3335 2072 3533 2122; x_wconf 88' lang='lat' dir='ltr'>nostra</span> <span class='ocrx_word' id='word_1_353' title='bbox 3562 2070 3815 2138; x_wconf 88' lang='lat' dir='ltr'>aposto-</span> 
     </span>
    </p>
   </div>
   <div class='ocr_carea' id='block_1_51' title="bbox 2160 2156 3823 2224">
    <p class='ocr_par' dir='ltr' id='par_1_51' title="bbox 2160 2156 3823 2224">
     <span class='ocr_line' id='line_1_51' title="bbox 2160 2156 3823 2224; baseline -0.002 -13"><span class='ocrx_word' id='word_1_354' title='bbox 2160 2158 2272 2212; x_wconf 91' lang='lat' dir='ltr'>lica</span> <span class='ocrx_word' id='word_1_355' title='bbox 2300 2158 2645 2213; x_wconf 88' lang='lat' dir='ltr'>auctoritate</span> <span class='ocrx_word' id='word_1_356' title='bbox 2667 2158 3055 2224; x_wconf 89' lang='lat' dir='ltr'>decernimus,</span> <span class='ocrx_word' id='word_1_357' title='bbox 3080 2156 3488 2211; x_wconf 79' lang='lat' dir='ltr'>confirmamus</span> <span class='ocrx_word' id='word_1_358' title='bbox 3510 2157 3568 2208; x_wconf 86' lang='lat' dir='ltr'>et</span> <span class='ocrx_word' id='word_1_359' title='bbox 3597 2171 3823 2208; x_wconf 86' lang='lat' dir='ltr'>corro-</span> 
     </span>
    </p>
   </div>
   <div class='ocr_carea' id='block_1_52' title="bbox 2159 2240 3820 2317">
    <p class='ocr_par' dir='ltr' id='par_1_52' title="bbox 2159 2240 3820 2317">
     <span class='ocr_line' id='line_1_52' title="bbox 2159 2240 3820 2317; baseline -0.004 -17"><span class='ocrx_word' id='word_1_360' title='bbox 2159 2247 2457 2302; x_wconf 89' lang='lat' dir='ltr'>boramus.</span> <span class='ocrx_word' id='word_1_361' title='bbox 2493 2247 2600 2312; x_wconf 88' lang='lat' dir='ltr'>Qui</span> <span class='ocrx_word' id='word_1_362' title='bbox 2625 2263 2778 2311; x_wconf 90' lang='lat' dir='ltr'>vero,</span> <span class='ocrx_word' id='word_1_363' title='bbox 2812 2247 2970 2317; x_wconf 88' lang='lat' dir='ltr'>quod</span> <span class='ocrx_word' id='word_1_364' title='bbox 3000 2245 3164 2311; x_wconf 87' lang='lat' dir='ltr'>absit,</span> <span class='ocrx_word' id='word_1_365' title='bbox 3197 2244 3374 2314; x_wconf 84' lang='lat' dir='ltr'>hujus</span> <span class='ocrx_word' id='word_1_366' title='bbox 3405 2242 3595 2298; x_wconf 86' lang='lat' dir='ltr'>nostri</span> <span class='ocrx_word' id='word_1_367' title='bbox 3628 2240 3820 2313; x_wconf 89' lang='lat' dir='ltr'>privi-</span> 
     </span>
    </p>
   </div>
   <div class='ocr_carea' id='block_1_53' title="bbox 2161 2330 3816 2407">
    <p class='ocr_par' dir='ltr' id='par_1_53' title="bbox 2161 2330 3816 2407">
     <span class='ocr_line' id='line_1_53' title="bbox 2161 2330 3816 2407; baseline -0.002 -18"><span class='ocrx_word' id='word_1_368' title='bbox 2161 2334 2294 2407; x_wconf 90' lang='lat' dir='ltr'>legii</span> <span class='ocrx_word' id='word_1_369' title='bbox 2328 2335 2675 2390; x_wconf 89' lang='lat' dir='ltr'>temerarius</span> <span class='ocrx_word' id='word_1_370' title='bbox 2706 2340 3103 2407; x_wconf 86' lang='lat' dir='ltr'>transgressor</span> <span class='ocrx_word' id='word_1_371' title='bbox 3121 2331 3422 2397; x_wconf 84' lang='lat' dir='ltr'>exstiterit,</span> <span class='ocrx_word' id='word_1_372' title='bbox 3443 2331 3572 2396; x_wconf 88' lang='lat' dir='ltr'>Dei,</span> <span class='ocrx_word' id='word_1_373' title='bbox 3596 2335 3654 2385; x_wconf 88' lang='lat' dir='ltr'>et</span> <span class='ocrx_word' id='word_1_374' title='bbox 3673 2330 3816 2386; x_wconf 86' lang='lat' dir='ltr'>bea-</span> 
     </span>
    </p>
   </div>
   <div class='ocr_carea' id='block_1_54' title="bbox 2160 2419 3815 2493">
    <p class='ocr_par' dir='ltr' id='par_1_54' title="bbox 2160 2419 3815 2493">
     <span class='ocr_line' id='line_1_54' title="bbox 2160 2419 3815 2493; baseline -0.002 -15"><span class='ocrx_word' id='word_1_375' title='bbox 2160 2425 2402 2479; x_wconf 73' lang='lat' dir='ltr'>tissimze</span> <span class='ocrx_word' id='word_1_376' title='bbox 2435 2425 2648 2493; x_wconf 65' lang='lat' dir='ltr'>Mariae,</span> <span class='ocrx_word' id='word_1_377' title='bbox 2675 2425 3046 2480; x_wconf 91' lang='lat' dir='ltr'>etbeatorum</span> <span class='ocrx_word' id='word_1_378' title='bbox 3071 2421 3221 2478; x_wconf 86' lang='lat' dir='ltr'>Petri</span> <span class='ocrx_word' id='word_1_379' title='bbox 3243 2419 3476 2475; x_wconf 87' lang='lat' dir='ltr'>etPauli</span> <span class='ocrx_word' id='word_1_380' title='bbox 3506 2419 3815 2474; x_wconf 90' lang='lat' dir='ltr'>omnium-</span> 
     </span>
    </p>
   </div>
   <div class='ocr_carea' id='block_1_55' title="bbox 2159 2507 3816 2584">
    <p class='ocr_par' dir='ltr' id='par_1_55' title="bbox 2159 2507 3816 2584">
     <span class='ocr_line' id='line_1_55' title="bbox 2159 2507 3816 2584; baseline -0.003 -15"><span class='ocrx_word' id='word_1_381' title='bbox 2159 2531 2272 2584; x_wconf 89' lang='lat' dir='ltr'>que</span> <span class='ocrx_word' id='word_1_382' title='bbox 2295 2519 2630 2569; x_wconf 89' lang='lat' dir='ltr'>sanctorum</span> <span class='ocrx_word' id='word_1_383' title='bbox 2653 2518 2710 2568; x_wconf 89' lang='lat' dir='ltr'>et</span> <span class='ocrx_word' id='word_1_384' title='bbox 2731 2517 2929 2568; x_wconf 90' lang='lat' dir='ltr'>nostra</span> <span class='ocrx_word' id='word_1_385' title='bbox 2948 2516 3164 2566; x_wconf 68' lang='lat' dir='ltr'>aeterna</span> <span class='ocrx_word' id='word_1_386' title='bbox 3193 2507 3603 2564; x_wconf 86' lang='lat' dir='ltr'>maledictione</span> <span class='ocrx_word' id='word_1_387' title='bbox 3624 2507 3816 2564; x_wconf 80' lang='lat' dir='ltr'>male-</span> 
     </span>
    </p>
   </div>
   <div class='ocr_carea' id='block_1_56' title="bbox 2159 2595 3815 2674">
    <p class='ocr_par' dir='ltr' id='par_1_56' title="bbox 2159 2595 3815 2674">
     <span class='ocr_line' id='line_1_56' title="bbox 2159 2595 3815 2674; baseline -0.003 -17"><span class='ocrx_word' id='word_1_388' title='bbox 2159 2603 2407 2667; x_wconf 89' lang='lat' dir='ltr'>dicatur,</span> <span class='ocrx_word' id='word_1_389' title='bbox 2430 2607 2488 2657; x_wconf 87' lang='lat' dir='ltr'>et</span> <span class='ocrx_word' id='word_1_390' title='bbox 2506 2603 2769 2674; x_wconf 88' lang='lat' dir='ltr'>perpetui</span> <span class='ocrx_word' id='word_1_391' title='bbox 2792 2599 3183 2657; x_wconf 89' lang='lat' dir='ltr'>anathematis</span> <span class='ocrx_word' id='word_1_392' title='bbox 3196 2595 3446 2653; x_wconf 91' lang='lat' dir='ltr'>vinculis</span> <span class='ocrx_word' id='word_1_393' title='bbox 3467 2596 3815 2666; x_wconf 87' lang='lat' dir='ltr'>innodetur,</span> 
     </span>
    </p>
   </div>
   <div class='ocr_carea' id='block_1_57' title="bbox 2159 2685 3815 2763">
    <p class='ocr_par' dir='ltr' id='par_1_57' title="bbox 2159 2685 3815 2763">
     <span class='ocr_line' id='line_1_57' title="bbox 2159 2685 3815 2763; baseline -0.002 -17"><span class='ocrx_word' id='word_1_394' title='bbox 2159 2691 2272 2747; x_wconf 90' lang='lat' dir='ltr'>nisi</span> <span class='ocrx_word' id='word_1_395' title='bbox 2302 2691 2480 2763; x_wconf 89' lang='lat' dir='ltr'>digna</span> <span class='ocrx_word' id='word_1_396' title='bbox 2502 2691 2896 2747; x_wconf 80' lang='lat' dir='ltr'>satisfactione</span> <span class='ocrx_word' id='word_1_397' title='bbox 2921 2688 3233 2762; x_wconf 88' lang='lat' dir='ltr'>resipuerit</span> <span class='ocrx_word' id='word_1_398' title='bbox 3251 2690 3308 2742; x_wconf 90' lang='lat' dir='ltr'>et</span> <span class='ocrx_word' id='word_1_399' title='bbox 3329 2685 3608 2741; x_wconf 88' lang='lat' dir='ltr'>canonice</span> <span class='ocrx_word' id='word_1_400' title='bbox 3635 2686 3815 2742; x_wconf 87' lang='lat' dir='ltr'>satis-</span> 
     </span>
    </p>
   </div>
   <div class='ocr_carea' id='block_1_58' title="bbox 2159 2775 3822 2852">
    <p class='ocr_par' dir='ltr' id='par_1_58' title="bbox 2159 2775 3822 2852">
     <span class='ocr_line' id='line_1_58' title="bbox 2159 2775 3822 2852; baseline -0.003 -17"><span class='ocrx_word' id='word_1_401' title='bbox 2159 2781 2373 2836; x_wconf 80' lang='lat' dir='ltr'>fecerit.</span> <span class='ocrx_word' id='word_1_402' title='bbox 2409 2780 2515 2844; x_wconf 89' lang='lat' dir='ltr'>Qui</span> <span class='ocrx_word' id='word_1_403' title='bbox 2550 2785 2744 2836; x_wconf 90' lang='lat' dir='ltr'>autem</span> <span class='ocrx_word' id='word_1_404' title='bbox 2778 2780 2872 2852; x_wconf 91' lang='lat' dir='ltr'>pio</span> <span class='ocrx_word' id='word_1_405' title='bbox 2903 2780 3075 2834; x_wconf 87' lang='lat' dir='ltr'>corde</span> <span class='ocrx_word' id='word_1_406' title='bbox 3105 2778 3286 2849; x_wconf 88' lang='lat' dir='ltr'>hujus</span> <span class='ocrx_word' id='word_1_407' title='bbox 3325 2777 3662 2832; x_wconf 89' lang='lat' dir='ltr'>observator</span> <span class='ocrx_word' id='word_1_408' title='bbox 3697 2775 3822 2846; x_wconf 85' lang='lat' dir='ltr'>pri-</span> 
     </span>
    </p>
   </div>
   <div class='ocr_carea' id='block_1_59' title="bbox 2157 2863 3817 2941">
    <p class='ocr_par' dir='ltr' id='par_1_59' title="bbox 2157 2863 3817 2941">
     <span class='ocr_line' id='line_1_59' title="bbox 2157 2863 3817 2941; baseline -0.003 -17"><span class='ocrx_word' id='word_1_409' title='bbox 2157 2869 2347 2941; x_wconf 92' lang='lat' dir='ltr'>vilegii</span> <span class='ocrx_word' id='word_1_410' title='bbox 2375 2869 2682 2936; x_wconf 85' lang='lat' dir='ltr'>exstiterit,</span> <span class='ocrx_word' id='word_1_411' title='bbox 2706 2869 2807 2924; x_wconf 90' lang='lat' dir='ltr'>Dei</span> <span class='ocrx_word' id='word_1_412' title='bbox 2824 2867 3243 2940; x_wconf 86' lang='lat' dir='ltr'>omnipotentis</span> <span class='ocrx_word' id='word_1_413' title='bbox 3264 2869 3321 2921; x_wconf 89' lang='lat' dir='ltr'>et</span> <span class='ocrx_word' id='word_1_414' title='bbox 3339 2865 3505 2921; x_wconf 70' lang='lat' dir='ltr'>alma:</span> <span class='ocrx_word' id='word_1_415' title='bbox 3527 2863 3723 2919; x_wconf 76' lang='lat' dir='ltr'>Mariae</span> <span class='ocrx_word' id='word_1_416' title='bbox 3755 2868 3817 2919; x_wconf 91' lang='lat' dir='ltr'>et</span> 
     </span>
    </p>
   </div>
   <div class='ocr_carea' id='block_1_60' title="bbox 2157 2951 3812 3029">
    <p class='ocr_par' dir='ltr' id='par_1_60' title="bbox 2157 2951 3812 3029">
     <span class='ocr_line' id='line_1_60' title="bbox 2157 2951 3812 3029; baseline -0.002 -17"><span class='ocrx_word' id='word_1_417' title='bbox 2157 2959 2461 3013; x_wconf 89' lang='lat' dir='ltr'>beatorum</span> <span class='ocrx_word' id='word_1_418' title='bbox 2493 2958 2890 3029; x_wconf 87' lang='lat' dir='ltr'>apostolorum</span> <span class='ocrx_word' id='word_1_419' title='bbox 2932 2957 3083 3013; x_wconf 92' lang='lat' dir='ltr'>Petri</span> <span class='ocrx_word' id='word_1_420' title='bbox 3114 2961 3170 3012; x_wconf 90' lang='lat' dir='ltr'>et</span> <span class='ocrx_word' id='word_1_421' title='bbox 3202 2955 3369 3010; x_wconf 88' lang='lat' dir='ltr'>Pauli</span> <span class='ocrx_word' id='word_1_422' title='bbox 3401 2951 3812 3009; x_wconf 86' lang='lat' dir='ltr'>benedictione</span> 
     </span>
    </p>
   </div>
   <div class='ocr_carea' id='block_1_61' title="bbox 2157 3045 3658 3120">
    <p class='ocr_par' dir='ltr' id='par_1_61' title="bbox 2157 3045 3658 3120">
     <span class='ocr_line' id='line_1_61' title="bbox 2157 3045 3658 3120; baseline -0.003 -19"><span class='ocrx_word' id='word_1_423' title='bbox 2157 3047 2397 3114; x_wconf 89' lang='lat' dir='ltr'>ditatus,</span> <span class='ocrx_word' id='word_1_424' title='bbox 2432 3047 2629 3103; x_wconf 82' lang='lat' dir='ltr'>aeterni</span> <span class='ocrx_word' id='word_1_425' title='bbox 2660 3047 2824 3120; x_wconf 84' lang='lat' dir='ltr'>regni</span> <span class='ocrx_word' id='word_1_426' title='bbox 2860 3047 3150 3119; x_wconf 88' lang='lat' dir='ltr'>particeps</span> <span class='ocrx_word' id='word_1_427' title='bbox 3184 3045 3307 3100; x_wconf 83' lang='lat' dir='ltr'>ﬁeri</span> <span class='ocrx_word' id='word_1_428' title='bbox 3338 3047 3658 3099; x_wconf 88' lang='lat' dir='ltr'>mereatur.</span> 
     </span>
    </p>
   </div>
   <div class='ocr_carea' id='block_1_62' title="bbox 2229 3129 3807 3206">
    <p class='ocr_par' dir='ltr' id='par_1_62' title="bbox 2229 3129 3807 3206">
     <span class='ocr_line' id='line_1_62' title="bbox 2229 3129 3807 3206; baseline -0.003 -17"><span class='ocrx_word' id='word_1_429' title='bbox 2229 3135 2373 3189; x_wconf 91' lang='lat' dir='ltr'>Data</span> <span class='ocrx_word' id='word_1_430' title='bbox 2416 3151 2518 3206; x_wconf 91' lang='lat' dir='ltr'>per</span> <span class='ocrx_word' id='word_1_431' title='bbox 2561 3151 2772 3190; x_wconf 88' lang='lat' dir='ltr'>manus</span> <span class='ocrx_word' id='word_1_432' title='bbox 2803 3133 3077 3190; x_wconf 89' lang='lat' dir='ltr'>Friderici</span> <span class='ocrx_word' id='word_1_433' title='bbox 3108 3131 3344 3188; x_wconf 76' lang='lat' dir='ltr'>Diaconi</span> <span class='ocrx_word' id='word_1_434' title='bbox 3373 3129 3807 3186; x_wconf 88' lang='lat' dir='ltr'>bibliothecarii</span> 
     </span>
    </p>
   </div>
   <div class='ocr_carea' id='block_1_63' title="bbox 2157 3219 3808 3290">
    <p class='ocr_par' dir='ltr' id='par_1_63' title="bbox 2157 3219 3808 3290">
     <span class='ocr_line' id='line_1_63' title="bbox 2157 3219 3808 3290; baseline -0.002 -12"><span class='ocrx_word' id='word_1_435' title='bbox 2157 3227 2214 3278; x_wconf 91' lang='lat' dir='ltr'>et</span> <span class='ocrx_word' id='word_1_436' title='bbox 2243 3222 2570 3278; x_wconf 89' lang='lat' dir='ltr'>cancellarii</span> <span class='ocrx_word' id='word_1_437' title='bbox 2610 3229 2824 3279; x_wconf 61' lang='lat' dir='ltr'>sanctae</span> <span class='ocrx_word' id='word_1_438' title='bbox 2857 3224 3130 3278; x_wconf 76' lang='lat' dir='ltr'>Romanae</span> <span class='ocrx_word' id='word_1_439' title='bbox 3160 3219 3458 3276; x_wconf 74' lang='lat' dir='ltr'>catholica:</span> <span class='ocrx_word' id='word_1_440' title='bbox 3487 3222 3545 3274; x_wconf 85' lang='lat' dir='ltr'>et</span> <span class='ocrx_word' id='word_1_441' title='bbox 3569 3225 3808 3290; x_wconf 88' lang='lat' dir='ltr'>aposto-</span> 
     </span>
    </p>
   </div>
   <div class='ocr_carea' id='block_1_64' title="bbox 401 3288 3807 3385">
    <p class='ocr_par' dir='ltr' id='par_1_64' title="bbox 401 3288 3807 3385">
     <span class='ocr_line' id='line_1_64' title="bbox 401 3288 3807 3385; baseline -0.001 -21"><span class='ocrx_word' id='word_1_442' title='bbox 401 3308 610 3364; x_wconf 89' lang='lat' dir='ltr'>burdio</span> <span class='ocrx_word' id='word_1_443' title='bbox 631 3288 924 3375; x_wconf 74' lang='lat' dir='ltr'>subditus,</span> <span class='ocrx_word' id='word_1_444' title='bbox 945 3288 1234 3381; x_wconf 89' lang='lat' dir='ltr'>quatenus</span> <span class='ocrx_word' id='word_1_445' title='bbox 1258 3313 1564 3385; x_wconf 87' lang='lat' dir='ltr'>episcopus</span> <span class='ocrx_word' id='word_1_446' title='bbox 1587 3315 1827 3371; x_wconf 91' lang='lat' dir='ltr'>liberius</span> <span class='ocrx_word' id='word_1_447' title='bbox 1859 3321 1914 3370; x_wconf 90' lang='lat' dir='ltr'>et</span> <span class='ocrx_word' id='word_1_448' title='bbox 1942 3317 2040 3372; x_wconf 88' lang='lat' dir='ltr'>de-</span> <span class='ocrx_word' id='word_1_449' title='bbox 2074 3288 2116 3355; x_wconf 78' lang='lat' dir='ltr'>C</span> <span class='ocrx_word' id='word_1_450' title='bbox 2155 3311 2278 3367; x_wconf 68' lang='lat' dir='ltr'>licaa</span> <span class='ocrx_word' id='word_1_451' title='bbox 2310 3311 2596 3380; x_wconf 82' lang='lat' dir='ltr'>Ecclesiae,</span> <span class='ocrx_word' id='word_1_452' title='bbox 2630 3329 2783 3368; x_wconf 90' lang='lat' dir='ltr'>anno</span> <span class='ocrx_word' id='word_1_453' title='bbox 2822 3311 3135 3367; x_wconf 74' lang='lat' dir='ltr'>Dominicae</span> <span class='ocrx_word' id='word_1_454' title='bbox 3181 3288 3807 3376; x_wconf 51' lang='lat' dir='ltr'>incarnationis—1052,</span> 
     </span>
    </p>
   </div>
   <div class='ocr_carea' id='block_1_65' title="bbox 405 3397 2042 3475">
    <p class='ocr_par' dir='ltr' id='par_1_65' title="bbox 405 3397 2042 3475">
     <span class='ocr_line' id='line_1_65' title="bbox 405 3397 2042 3475; baseline 0.005 -24"><span class='ocrx_word' id='word_1_455' title='bbox 405 3397 735 3472; x_wconf 66' lang='lat' dir='ltr'>lqctabilius</span> <span class='ocrx_word' id='word_1_456' title='bbox 770 3415 901 3452; x_wconf 91' lang='lat' dir='ltr'>cum</span> <span class='ocrx_word' id='word_1_457' title='bbox 937 3398 1162 3454; x_wconf 86' lang='lat' dir='ltr'>clericis</span> <span class='ocrx_word' id='word_1_458' title='bbox 1193 3400 1317 3456; x_wconf 88' lang='lat' dir='ltr'>suis</span> <span class='ocrx_word' id='word_1_459' title='bbox 1351 3403 1581 3457; x_wconf 90' lang='lat' dir='ltr'>servitio</span> <span class='ocrx_word' id='word_1_460' title='bbox 1617 3403 1717 3458; x_wconf 91' lang='lat' dir='ltr'>Dei</span> <span class='ocrx_word' id='word_1_461' title='bbox 1749 3405 2042 3475; x_wconf 86' lang='lat' dir='ltr'>possitin—</span> 
     </span>
    </p>
   </div>
   <div class='ocr_carea' id='block_1_66' title="bbox 399 3486 2041 3562">
    <p class='ocr_par' dir='ltr' id='par_1_66' title="bbox 399 3486 2041 3562">
     <span class='ocr_line' id='line_1_66' title="bbox 399 3486 2041 3562; baseline 0.005 -20"><span class='ocrx_word' id='word_1_462' title='bbox 399 3486 621 3554; x_wconf 87' lang='lat' dir='ltr'>sistere,</span> <span class='ocrx_word' id='word_1_463' title='bbox 653 3491 710 3542; x_wconf 90' lang='lat' dir='ltr'>et</span> <span class='ocrx_word' id='word_1_464' title='bbox 730 3487 982 3542; x_wconf 88' lang='lat' dir='ltr'>Heinriei</span> <span class='ocrx_word' id='word_1_465' title='bbox 1017 3489 1189 3560; x_wconf 91' lang='lat' dir='ltr'>primi</span> <span class='ocrx_word' id='word_1_466' title='bbox 1222 3490 1612 3562; x_wconf 89' lang='lat' dir='ltr'>imperatoris,</span> <span class='ocrx_word' id='word_1_467' title='bbox 1637 3493 1899 3562; x_wconf 89' lang='lat' dir='ltr'>ejusdem</span> <span class='ocrx_word' id='word_1_468' title='bbox 1932 3494 2041 3550; x_wconf 90' lang='lat' dir='ltr'>loci</span> 
     </span>
    </p>
   </div>
   <div class='ocr_carea' id='block_1_67' title="bbox 398 3574 2042 3651">
    <p class='ocr_par' dir='ltr' id='par_1_67' title="bbox 398 3574 2042 3651">
     <span class='ocr_line' id='line_1_67' title="bbox 398 3574 2042 3651; baseline 0.005 -22"><span class='ocrx_word' id='word_1_469' title='bbox 398 3574 744 3630; x_wconf 89' lang='lat' dir='ltr'>venerabilis</span> <span class='ocrx_word' id='word_1_470' title='bbox 798 3576 1144 3646; x_wconf 88' lang='lat' dir='ltr'>fundatoris,</span> <span class='ocrx_word' id='word_1_471' title='bbox 1179 3579 1500 3651; x_wconf 87' lang='lat' dir='ltr'>nostrique,</span> <span class='ocrx_word' id='word_1_472' title='bbox 1562 3580 1784 3637; x_wconf 87' lang='lat' dir='ltr'>scilicet</span> <span class='ocrx_word' id='word_1_473' title='bbox 1835 3583 2042 3638; x_wconf 92' lang='lat' dir='ltr'>Leonis</span> 
     </span>
    </p>
   </div>
   <div class='ocr_carea' id='block_1_68' title="bbox 398 3664 2042 3737">
    <p class='ocr_par' dir='ltr' id='par_1_68' title="bbox 398 3664 2042 3737">
     <span class='ocr_line' id='line_1_68' title="bbox 398 3664 2042 3737; baseline 0.004 -18"><span class='ocrx_word' id='word_1_474' title='bbox 398 3664 534 3720; x_wconf 92' lang='lat' dir='ltr'>noni</span> <span class='ocrx_word' id='word_1_475' title='bbox 579 3683 762 3737; x_wconf 77' lang='lat' dir='ltr'>papae,</span> <span class='ocrx_word' id='word_1_476' title='bbox 805 3682 870 3720; x_wconf 91' lang='lat' dir='ltr'>ac</span> <span class='ocrx_word' id='word_1_477' title='bbox 920 3671 1256 3722; x_wconf 90' lang='lat' dir='ltr'>nostrorum</span> <span class='ocrx_word' id='word_1_478' title='bbox 1299 3685 1728 3737; x_wconf 88' lang='lat' dir='ltr'>successorum,</span> <span class='ocrx_word' id='word_1_479' title='bbox 1790 3671 2042 3726; x_wconf 86' lang='lat' dir='ltr'>Heinrici</span> 
     </span>
    </p>
   </div>
   <div class='ocr_carea' id='block_1_69' title="bbox 397 3754 2046 3828">
    <p class='ocr_par' dir='ltr' id='par_1_69' title="bbox 397 3754 2046 3828">
     <span class='ocr_line' id='line_1_69' title="bbox 397 3754 2046 3828; baseline 0.005 -20"><span class='ocrx_word' id='word_1_480' title='bbox 397 3754 973 3826; x_wconf 88' lang='lat' dir='ltr'>quoquecbarissimi</span> <span class='ocrx_word' id='word_1_481' title='bbox 988 3755 1087 3811; x_wconf 78' lang='lat' dir='ltr'>filii</span> <span class='ocrx_word' id='word_1_482' title='bbox 1105 3757 1286 3813; x_wconf 90' lang='lat' dir='ltr'>nostri</span> <span class='ocrx_word' id='word_1_483' title='bbox 1301 3757 1540 3812; x_wconf 88' lang='lat' dir='ltr'>secundi</span> <span class='ocrx_word' id='word_1_484' title='bbox 1558 3757 1944 3828; x_wconf 89' lang='lat' dir='ltr'>imperatoris,</span> <span class='ocrx_word' id='word_1_485' title='bbox 1965 3765 2046 3816; x_wconf 84' lang='lat' dir='ltr'>at-</span> 
     </span>
    </p>
   </div>
   <div class='ocr_carea' id='block_1_70' title="bbox 395 3841 2042 3918">
    <p class='ocr_par' dir='ltr' id='par_1_70' title="bbox 395 3841 2042 3918">
     <span class='ocr_line' id='line_1_70' title="bbox 395 3841 2042 3918; baseline 0.003 -21"><span class='ocrx_word' id='word_1_486' title='bbox 395 3859 506 3913; x_wconf 90' lang='lat' dir='ltr'>que</span> <span class='ocrx_word' id='word_1_487' title='bbox 537 3841 824 3907; x_wconf 89' lang='lat' dir='ltr'>omnium,</span> <span class='ocrx_word' id='word_1_488' title='bbox 857 3843 1072 3912; x_wconf 86' lang='lat' dir='ltr'>quibus</span> <span class='ocrx_word' id='word_1_489' title='bbox 1091 3845 1382 3901; x_wconf 88' lang='lat' dir='ltr'>debitores</span> <span class='ocrx_word' id='word_1_490' title='bbox 1405 3849 1565 3909; x_wconf 91' lang='lat' dir='ltr'>sunt,</span> <span class='ocrx_word' id='word_1_491' title='bbox 1587 3846 1928 3902; x_wconf 89' lang='lat' dir='ltr'>memoriam</span> <span class='ocrx_word' id='word_1_492' title='bbox 1945 3849 2042 3918; x_wconf 87' lang='lat' dir='ltr'>ju-</span> 
     </span>
    </p>
   </div>
   <div class='ocr_carea' id='block_1_71' title="bbox 395 3931 2044 4006">
    <p class='ocr_par' dir='ltr' id='par_1_71' title="bbox 395 3931 2044 4006">
     <span class='ocr_line' id='line_1_71' title="bbox 395 3931 2044 4006; baseline 0.004 -21"><span class='ocrx_word' id='word_1_493' title='bbox 395 3932 544 4003; x_wconf 86' lang='lat' dir='ltr'>giter</span> <span class='ocrx_word' id='word_1_494' title='bbox 571 3931 801 3986; x_wconf 87' lang='lat' dir='ltr'>habere.</span> <span class='ocrx_word' id='word_1_495' title='bbox 841 3931 928 3986; x_wconf 90' lang='lat' dir='ltr'>Sit</span> <span class='ocrx_word' id='word_1_496' title='bbox 957 3936 1152 3988; x_wconf 90' lang='lat' dir='ltr'>tamen</span> <span class='ocrx_word' id='word_1_497' title='bbox 1177 3934 1331 3989; x_wconf 90' lang='lat' dir='ltr'>idem</span> <span class='ocrx_word' id='word_1_498' title='bbox 1355 3935 1662 4006; x_wconf 89' lang='lat' dir='ltr'>epise0pus</span> <span class='ocrx_word' id='word_1_499' title='bbox 1691 3952 1797 3991; x_wconf 90' lang='lat' dir='ltr'>suo</span> <span class='ocrx_word' id='word_1_500' title='bbox 1831 3941 2044 3992; x_wconf 90' lang='lat' dir='ltr'>metro-</span> 
     </span>
    </p>
   </div>
   <div class='ocr_carea' id='block_1_72' title="bbox 396 4019 2046 4092">
    <p class='ocr_par' dir='ltr' id='par_1_72' title="bbox 396 4019 2046 4092">
     <span class='ocr_line' id='line_1_72' title="bbox 396 4019 2046 4092; baseline 0.005 -19"><span class='ocrx_word' id='word_1_501' title='bbox 396 4019 652 4090; x_wconf 88' lang='lat' dir='ltr'>politano</span> <span class='ocrx_word' id='word_1_502' title='bbox 691 4019 965 4090; x_wconf 89' lang='lat' dir='ltr'>episcopo</span> <span class='ocrx_word' id='word_1_503' title='bbox 1015 4021 1376 4092; x_wconf 86' lang='lat' dir='ltr'>Moguntino,</span> <span class='ocrx_word' id='word_1_504' title='bbox 1414 4023 1472 4076; x_wconf 91' lang='lat' dir='ltr'>in</span> <span class='ocrx_word' id='word_1_505' title='bbox 1519 4023 1812 4079; x_wconf 91' lang='lat' dir='ltr'>canonicis</span> <span class='ocrx_word' id='word_1_506' title='bbox 1853 4025 2046 4082; x_wconf 88' lang='lat' dir='ltr'>causis</span> 
     </span>
    </p>
   </div>
   <div class='ocr_carea' id='block_1_73' title="bbox 397 4108 2044 4186">
    <p class='ocr_par' dir='ltr' id='par_1_73' title="bbox 397 4108 2044 4186">
     <span class='ocr_line' id='line_1_73' title="bbox 397 4108 2044 4186; baseline 0.004 -24"><span class='ocrx_word' id='word_1_507' title='bbox 397 4108 827 4175; x_wconf 88' lang='lat' dir='ltr'>tantummodo,</span> <span class='ocrx_word' id='word_1_508' title='bbox 853 4109 1154 4177; x_wconf 88' lang='lat' dir='ltr'>subjectus</span> <span class='ocrx_word' id='word_1_509' title='bbox 1177 4113 1231 4163; x_wconf 89' lang='lat' dir='ltr'>et</span> <span class='ocrx_word' id='word_1_510' title='bbox 1249 4109 1548 4164; x_wconf 87' lang='lat' dir='ltr'>obediens.</span> <span class='ocrx_word' id='word_1_511' title='bbox 1579 4111 1921 4169; x_wconf 89' lang='lat' dir='ltr'>Deliberatis</span> <span class='ocrx_word' id='word_1_512' title='bbox 1939 4114 2044 4186; x_wconf 87' lang='lat' dir='ltr'>igi-</span> 
     </span>
    </p>
   </div>
   <div class='ocr_carea' id='block_1_74' title="bbox 394 4195 2048 4270">
    <p class='ocr_par' dir='ltr' id='par_1_74' title="bbox 394 4195 2048 4270">
     <span class='ocr_line' id='line_1_74' title="bbox 394 4195 2048 4270; baseline 0.004 -20"><span class='ocrx_word' id='word_1_513' title='bbox 394 4199 510 4262; x_wconf 92' lang='lat' dir='ltr'>tur,</span> <span class='ocrx_word' id='word_1_514' title='bbox 546 4195 768 4248; x_wconf 88' lang='lat' dir='ltr'>sanctis</span> <span class='ocrx_word' id='word_1_515' title='bbox 817 4210 882 4248; x_wconf 92' lang='lat' dir='ltr'>ac</span> <span class='ocrx_word' id='word_1_516' title='bbox 919 4197 1309 4250; x_wconf 89' lang='lat' dir='ltr'>corroboratis</span> <span class='ocrx_word' id='word_1_517' title='bbox 1353 4199 1628 4254; x_wconf 89' lang='lat' dir='ltr'>omnibus</span> <span class='ocrx_word' id='word_1_518' title='bbox 1669 4217 1848 4270; x_wconf 88' lang='lat' dir='ltr'>supra</span> <span class='ocrx_word' id='word_1_519' title='bbox 1879 4202 2048 4257; x_wconf 86' lang='lat' dir='ltr'>dictis</span> 
     </span>
    </p>
   </div>
   <div class='ocr_carea' id='block_1_75' title="bbox 396 4282 2083 4362">
    <p class='ocr_par' dir='ltr' id='par_1_75' title="bbox 396 4282 2083 4362">
     <span class='ocr_line' id='line_1_75' title="bbox 396 4282 2083 4362; baseline 0.005 -25"><span class='ocrx_word' id='word_1_520' title='bbox 396 4284 592 4349; x_wconf 91' lang='lat' dir='ltr'>rebus,</span> <span class='ocrx_word' id='word_1_521' title='bbox 627 4282 816 4336; x_wconf 90' lang='lat' dir='ltr'>eidem</span> <span class='ocrx_word' id='word_1_522' title='bbox 840 4287 1042 4339; x_wconf 88' lang='lat' dir='ltr'>sancto</span> <span class='ocrx_word' id='word_1_523' title='bbox 1067 4283 1192 4339; x_wconf 92' lang='lat' dir='ltr'>loco</span> <span class='ocrx_word' id='word_1_524' title='bbox 1220 4285 1442 4356; x_wconf 88' lang='lat' dir='ltr'>placuit</span> <span class='ocrx_word' id='word_1_525' title='bbox 1463 4288 1797 4343; x_wconf 88' lang='lat' dir='ltr'>addendum</span> <span class='ocrx_word' id='word_1_526' title='bbox 1820 4288 2047 4362; x_wconf 85' lang='lat' dir='ltr'>insigne</span> <span class='ocrx_word' id='word_1_527' title='bbox 2079 4293 2083 4296; x_wconf 72' lang='grc'><em>’</em></span> 
     </span>
    </p>
   </div>
   <div class='ocr_carea' id='block_1_76' title="bbox 396 4369 2043 4447">
    <p class='ocr_par' dir='ltr' id='par_1_76' title="bbox 396 4369 2043 4447">
     <span class='ocr_line' id='line_1_76' title="bbox 396 4369 2043 4447; baseline 0.007 -24"><span class='ocrx_word' id='word_1_528' title='bbox 396 4369 634 4424; x_wconf 88' lang='lat' dir='ltr'>honoris</span> <span class='ocrx_word' id='word_1_529' title='bbox 657 4369 1032 4426; x_wconf 87' lang='lat' dir='ltr'>ecclesiastici</span> <span class='ocrx_word' id='word_1_530' title='bbox 1065 4389 1097 4427; x_wconf 90' lang='lat' dir='ltr'>a</span> <span class='ocrx_word' id='word_1_531' title='bbox 1128 4378 1329 4429; x_wconf 89' lang='lat' dir='ltr'>nostra</span> <span class='ocrx_word' id='word_1_532' title='bbox 1343 4375 1664 4446; x_wconf 89' lang='lat' dir='ltr'>apostolica</span> <span class='ocrx_word' id='word_1_533' title='bbox 1678 4377 2043 4447; x_wconf 85' lang='lat' dir='ltr'>auctoritate,</span> 
     </span>
    </p>
   </div>
   <div class='ocr_carea' id='block_1_77' title="bbox 397 4457 2048 4534">
    <p class='ocr_par' dir='ltr' id='par_1_77' title="bbox 397 4457 2048 4534">
     <span class='ocr_line' id='line_1_77' title="bbox 397 4457 2048 4534; baseline 0.008 -24"><span class='ocrx_word' id='word_1_534' title='bbox 397 4457 556 4511; x_wconf 88' lang='lat' dir='ltr'>ducti</span> <span class='ocrx_word' id='word_1_535' title='bbox 591 4473 785 4512; x_wconf 91' lang='lat' dir='ltr'>amore</span> <span class='ocrx_word' id='word_1_536' title='bbox 819 4465 873 4512; x_wconf 92' lang='lat' dir='ltr'>et</span> <span class='ocrx_word' id='word_1_537' title='bbox 902 4463 1223 4516; x_wconf 86' lang='lat' dir='ltr'>reverentia</span> <span class='ocrx_word' id='word_1_538' title='bbox 1252 4462 1588 4530; x_wconf 88' lang='lat' dir='ltr'>Clementis,</span> <span class='ocrx_word' id='word_1_539' title='bbox 1613 4464 1719 4534; x_wconf 78' lang='lat' dir='ltr'>piae</span> <span class='ocrx_word' id='word_1_540' title='bbox 1753 4467 2048 4523; x_wconf 69' lang='lat' dir='ltr'>memoriae</span> 
     </span>
    </p>
   </div>
   <div class='ocr_carea' id='block_1_78' title="bbox 397 4545 2048 4624">
    <p class='ocr_par' dir='ltr' id='par_1_78' title="bbox 397 4545 2048 4624">
     <span class='ocr_line' id='line_1_78' title="bbox 397 4545 2048 4624; baseline 0.007 -25"><span class='ocrx_word' id='word_1_541' title='bbox 397 4545 843 4618; x_wconf 70' lang='lat' dir='ltr'>praedecessoris</span> <span class='ocrx_word' id='word_1_542' title='bbox 876 4551 1079 4618; x_wconf 89' lang='lat' dir='ltr'>nostri,</span> <span class='ocrx_word' id='word_1_543' title='bbox 1101 4568 1275 4622; x_wconf 88' lang='lat' dir='ltr'>quem</span> <span class='ocrx_word' id='word_1_544' title='bbox 1299 4552 1453 4607; x_wconf 88' lang='lat' dir='ltr'>Deus</span> <span class='ocrx_word' id='word_1_545' title='bbox 1477 4553 1623 4607; x_wconf 89' lang='lat' dir='ltr'>miro</span> <span class='ocrx_word' id='word_1_546' title='bbox 1646 4552 2048 4624; x_wconf 86' lang='lat' dir='ltr'>dispositionis</span> 
     </span>
    </p>
   </div>
   <div class='ocr_carea' id='block_1_79' title="bbox 2154 3396 3656 3472">
    <p class='ocr_par' dir='ltr' id='par_1_79' title="bbox 2154 3396 3656 3472">
     <span class='ocr_line' id='line_1_79' title="bbox 2154 3396 3656 3472; baseline -0.004 -16"><span class='ocrx_word' id='word_1_547' title='bbox 2154 3418 2306 3457; x_wconf 90' lang='lat' dir='ltr'>anno</span> <span class='ocrx_word' id='word_1_548' title='bbox 2338 3401 2715 3472; x_wconf 86' lang='lat' dir='ltr'>pontificatus</span> <span class='ocrx_word' id='word_1_549' title='bbox 2745 3400 2946 3456; x_wconf 87' lang='lat' dir='ltr'>domui</span> <span class='ocrx_word' id='word_1_550' title='bbox 2978 3398 3188 3455; x_wconf 89' lang='lat' dir='ltr'>Leonis</span> <span class='ocrx_word' id='word_1_551' title='bbox 3214 3396 3351 3454; x_wconf 89' lang='lat' dir='ltr'>noni</span> <span class='ocrx_word' id='word_1_552' title='bbox 3383 3413 3546 3469; x_wconf 60' lang='lat' dir='ltr'>papae</span> <span class='ocrx_word' id='word_1_553' title='bbox 3579 3413 3656 3450; x_wconf 82' lang='lat' dir='ltr'>xv.</span> 
     </span>
    </p>
   </div>
   <div class='ocr_carea' id='block_1_80' title="bbox 2871 3506 3080 3562">
    <p class='ocr_par' dir='ltr' id='par_1_80' title="bbox 2871 3506 3080 3562">
     <span class='ocr_line' id='line_1_80' title="bbox 2871 3506 3080 3562; baseline -0.01 0"><span class='ocrx_word' id='word_1_554' title='bbox 2871 3506 3080 3562; x_wconf 87' lang='lat' dir='ltr'>LXXVI</span> 
     </span>
    </p>
   </div>
   <div class='ocr_carea' id='block_1_81' title="bbox 2155 3593 3809 3667">
    <p class='ocr_par' dir='ltr' id='par_1_81' title="bbox 2155 3593 3809 3667">
     <span class='ocr_line' id='line_1_81' title="bbox 2155 3593 3809 3667; baseline -0.003 -16"><span class='ocrx_word' id='word_1_555' title='bbox 2155 3599 2208 3651; x_wconf 89' lang='lat' dir='ltr'>S.</span> <span class='ocrx_word' id='word_1_556' title='bbox 2245 3598 2344 3652; x_wconf 78' lang='lat' dir='ltr'>Leo</span> <span class='ocrx_word' id='word_1_557' title='bbox 2393 3599 2459 3652; x_wconf 81' lang='lat' dir='ltr'><strong><em>IX</em></strong></span> <span class='ocrx_word' id='word_1_558' title='bbox 2493 3598 2787 3664; x_wconf 82' lang='lat' dir='ltr'>Hartwigo,</span> <span class='ocrx_word' id='word_1_559' title='bbox 2836 3596 3080 3667; x_wconf 79' lang='lat' dir='ltr'>episcopo</span> <span class='ocrx_word' id='word_1_560' title='bbox 3134 3593 3542 3667; x_wconf 64' lang='lat' dir='ltr'>Bambmpensi,</span> <span class='ocrx_word' id='word_1_561' title='bbox 3577 3595 3809 3667; x_wconf 83' lang='lat' dir='ltr'>_rogatu</span> 
     </span>
    </p>
   </div>
   <div class='ocr_carea' id='block_1_82' title="bbox 2224 3665 3806 3795">
    <p class='ocr_par' dir='ltr' id='par_1_82' title="bbox 2224 3665 3806 3795">
     <span class='ocr_line' id='line_1_82' title="bbox 2224 3665 3806 3793; baseline -0.003 -71"><span class='ocrx_word' id='word_1_562' title='bbox 2224 3670 2469 3793; x_wconf 72' lang='grc' dir='ltr'>1Ιείηέἱοί</span> <span class='ocrx_word' id='word_1_563' title='bbox 2523 3665 2892 3738; x_wconf 66' lang='lat' dir='ltr'>imperatoris,</span> <span class='ocrx_word' id='word_1_564' title='bbox 2942 3667 3178 3738; x_wconf 75' lang='lat' dir='ltr'>pallium</span> <span class='ocrx_word' id='word_1_565' title='bbox 3221 3665 3390 3719; x_wconf 72' lang='lat' dir='ltr'>mittit</span> <span class='ocrx_word' id='word_1_566' title='bbox 3433 3667 3517 3718; x_wconf 82' lang='lat' dir='ltr'>ter</span> <span class='ocrx_word' id='word_1_567' title='bbox 3563 3665 3627 3718; x_wconf 74' lang='lat' dir='ltr'>in</span> <span class='ocrx_word' id='word_1_568' title='bbox 3656 3679 3806 3718; x_wconf 81' lang='lat' dir='ltr'>anno</span> 
     </span>
     <span class='ocr_line' id='line_1_83' title="bbox 2227 3749 2546 3795; baseline -0.013 0"><span class='ocrx_word' id='word_1_569' title='bbox 2227 3749 2352 3795; x_wconf 81' lang='lat' dir='ltr'>uten</span> <span class='ocrx_word' id='word_1_570' title='bbox 2393 3756 2504 3794; x_wconf 83' lang='lat' dir='ltr'>um.</span> <span class='ocrx_word' id='word_1_571' title='bbox 2537 3761 2546 3770; x_wconf 77' lang='lat'><strong><em>~</em></strong></span> 
     </span>
    </p>
   </div>
   <div class='ocr_carea' id='block_1_83' title="bbox 2786 3828 3179 3899">
    <p class='ocr_par' dir='ltr' id='par_1_83' title="bbox 2786 3828 3179 3899">
     <span class='ocr_line' id='line_1_84' title="bbox 2786 3828 3179 3899; baseline 0 -18"><span class='ocrx_word' id='word_1_572' title='bbox 2786 3829 2969 3899; x_wconf 81' lang='lat' dir='ltr'>(Anno</span> <span class='ocrx_word' id='word_1_573' title='bbox 3004 3828 3179 3895; x_wconf 84' lang='grc'>1053.)</span> 
     </span>
    </p>
   </div>
   <div class='ocr_carea' id='block_1_84' title="bbox 2290 3913 3669 3988">
    <p class='ocr_par' dir='ltr' id='par_1_84' title="bbox 2290 3913 3669 3988">
     <span class='ocr_line' id='line_1_85' title="bbox 2290 3913 3669 3988; baseline -0.004 -16"><span class='ocrx_word' id='word_1_574' title='bbox 2290 3918 2495 3988; x_wconf 75' lang='lat' dir='ltr'>[Pertz,</span> <span class='ocrx_word' id='word_1_575' title='bbox 2528 3918 2769 3971; x_wconf 83' lang='lat' dir='ltr'>Monum.</span> <span class='ocrx_word' id='word_1_576' title='bbox 2801 3916 2975 3972; x_wconf 80' lang='lat' dir='ltr'>Germ.</span> <span class='ocrx_word' id='word_1_577' title='bbox 3009 3918 3143 3970; x_wconf 83' lang='lat' dir='ltr'>Hist.</span> <span class='ocrx_word' id='word_1_578' title='bbox 3177 3915 3387 3988; x_wconf 90' lang='lat' dir='ltr'>Script.</span> <span class='ocrx_word' id='word_1_579' title='bbox 3423 3914 3516 3980; x_wconf 89' lang='lat' dir='ltr'>IV,</span> <span class='ocrx_word' id='word_1_580' title='bbox 3548 3913 3669 3983; x_wconf 89' lang='lat'>80.]</span> 
     </span>
    </p>
   </div>
   <div class='ocr_carea' id='block_1_85' title="bbox 2229 4019 3808 4094">
    <p class='ocr_par' dir='ltr' id='par_1_85' title="bbox 2229 4019 3808 4094">
     <span class='ocr_line' id='line_1_86' title="bbox 2229 4019 3808 4094; baseline -0.004 -16"><span class='ocrx_word' id='word_1_581' title='bbox 2229 4025 2340 4078; x_wconf 85' lang='lat' dir='ltr'>LEO</span> <span class='ocrx_word' id='word_1_582' title='bbox 2381 4022 2714 4094; x_wconf 86' lang='lat' dir='ltr'>episcopus,</span> <span class='ocrx_word' id='word_1_583' title='bbox 2758 4038 2958 4078; x_wconf 88' lang='lat' dir='ltr'>servus</span> <span class='ocrx_word' id='word_1_584' title='bbox 3016 4038 3313 4077; x_wconf 88' lang='lat' dir='ltr'>servorum</span> <span class='ocrx_word' id='word_1_585' title='bbox 3361 4019 3485 4086; x_wconf 88' lang='lat' dir='ltr'>Dei,</span> <span class='ocrx_word' id='word_1_586' title='bbox 3519 4019 3808 4075; x_wconf 72' lang='lat' dir='ltr'>HARWICO</span> 
     </span>
    </p>
   </div>
   <div class='ocr_carea' id='block_1_86' title="bbox 2159 4108 3808 4184">
    <p class='ocr_par' dir='ltr' id='par_1_86' title="bbox 2159 4108 3808 4184">
     <span class='ocr_line' id='line_1_87' title="bbox 2159 4108 3808 4184; baseline -0.003 -17"><span class='ocrx_word' id='word_1_587' title='bbox 2159 4109 2660 4183; x_wconf 89' lang='lat' dir='ltr'>Babenbergensis</span> <span class='ocrx_word' id='word_1_588' title='bbox 2683 4109 2947 4166; x_wconf 80' lang='lat' dir='ltr'>Ecclesiae</span> <span class='ocrx_word' id='word_1_589' title='bbox 2989 4109 3305 4167; x_wconf 90' lang='lat' dir='ltr'>venerabili</span> <span class='ocrx_word' id='word_1_590' title='bbox 3345 4108 3642 4184; x_wconf 89' lang='lat' dir='ltr'>episcopo,</span> <span class='ocrx_word' id='word_1_591' title='bbox 3675 4123 3808 4179; x_wconf 87' lang='lat' dir='ltr'>per-</span> 
     </span>
    </p>
   </div>
   <div class='ocr_carea' id='block_1_87' title="bbox 2157 4199 3488 4274">
    <p class='ocr_par' dir='ltr' id='par_1_87' title="bbox 2157 4199 3488 4274">
     <span class='ocr_line' id='line_1_88' title="bbox 2157 4199 3488 4274; baseline -0.004 -17"><span class='ocrx_word' id='word_1_592' title='bbox 2157 4206 2392 4274; x_wconf 89' lang='lat' dir='ltr'>petuam</span> <span class='ocrx_word' id='word_1_593' title='bbox 2424 4199 2482 4254; x_wconf 93' lang='lat' dir='ltr'>in</span> <span class='ocrx_word' id='word_1_594' title='bbox 2516 4200 2761 4255; x_wconf 85' lang='lat' dir='ltr'>Domino</span> <span class='ocrx_word' id='word_1_595' title='bbox 2790 4201 2929 4255; x_wconf 84' lang='lat' dir='ltr'>Jesu</span> <span class='ocrx_word' id='word_1_596' title='bbox 2958 4199 3184 4256; x_wconf 82' lang='lat' dir='ltr'>Christo</span> <span class='ocrx_word' id='word_1_597' title='bbox 3217 4199 3488 4255; x_wconf 87' lang='lat' dir='ltr'>salutem.</span> 
     </span>
    </p>
   </div>
   <div class='ocr_carea' id='block_1_88' title="bbox 2227 4285 3811 4362">
    <p class='ocr_par' dir='ltr' id='par_1_88' title="bbox 2227 4285 3811 4362">
     <span class='ocr_line' id='line_1_89' title="bbox 2227 4285 3811 4362; baseline -0.004 -18"><span class='ocrx_word' id='word_1_598' title='bbox 2227 4291 2282 4344; x_wconf 89' lang='lat' dir='ltr'>Si</span> <span class='ocrx_word' id='word_1_599' title='bbox 2315 4294 2578 4361; x_wconf 88' lang='lat' dir='ltr'>pastores</span> <span class='ocrx_word' id='word_1_600' title='bbox 2609 4287 2804 4343; x_wconf 90' lang='lat' dir='ltr'>ovium</span> <span class='ocrx_word' id='word_1_601' title='bbox 2835 4288 3018 4345; x_wconf 91' lang='lat' dir='ltr'>solem</span> <span class='ocrx_word' id='word_1_602' title='bbox 3050 4289 3298 4362; x_wconf 84' lang='lat' dir='ltr'>geluque</span> <span class='ocrx_word' id='word_1_603' title='bbox 3327 4304 3430 4360; x_wconf 91' lang='lat' dir='ltr'>pro</span> <span class='ocrx_word' id='word_1_604' title='bbox 3475 4285 3673 4360; x_wconf 85' lang='lat' dir='ltr'>gregis</span> <span class='ocrx_word' id='word_1_605' title='bbox 3717 4285 3811 4340; x_wconf 89' lang='lat' dir='ltr'>sui</span> 
     </span>
    </p>
   </div>
   <div class='ocr_carea' id='block_1_89' title="bbox 2158 4377 3813 4442">
    <p class='ocr_par' dir='ltr' id='par_1_89' title="bbox 2158 4377 3813 4442">
     <span class='ocr_line' id='line_1_90' title="bbox 2158 4377 3813 4442; baseline -0.005 -6"><span class='ocrx_word' id='word_1_606' title='bbox 2158 4377 2423 4436; x_wconf 90' lang='lat' dir='ltr'>custodia</span> <span class='ocrx_word' id='word_1_607' title='bbox 2454 4377 2547 4433; x_wconf 90' lang='lat' dir='ltr'>die</span> <span class='ocrx_word' id='word_1_608' title='bbox 2576 4393 2642 4432; x_wconf 91' lang='lat' dir='ltr'>ac</span> <span class='ocrx_word' id='word_1_609' title='bbox 2673 4381 2839 4433; x_wconf 91' lang='lat' dir='ltr'>nocte</span> <span class='ocrx_word' id='word_1_610' title='bbox 2870 4379 3016 4434; x_wconf 79' lang='lat' dir='ltr'>ferre</span> <span class='ocrx_word' id='word_1_611' title='bbox 3047 4377 3304 4435; x_wconf 89' lang='lat' dir='ltr'>contenti</span> <span class='ocrx_word' id='word_1_612' title='bbox 3344 4380 3508 4442; x_wconf 84' lang='lat' dir='ltr'>sunt,</span> <span class='ocrx_word' id='word_1_613' title='bbox 3550 4379 3610 4430; x_wconf 87' lang='lat' dir='ltr'>et</span> <span class='ocrx_word' id='word_1_614' title='bbox 3643 4378 3711 4429; x_wconf 88' lang='lat' dir='ltr'>ut</span> <span class='ocrx_word' id='word_1_615' title='bbox 3741 4390 3813 4428; x_wconf 89' lang='lat' dir='ltr'>ne</span> 
     </span>
    </p>
   </div>
   <div class='ocr_carea' id='block_1_90' title="bbox 2160 4462 3815 4541">
    <p class='ocr_par' dir='ltr' id='par_1_90' title="bbox 2160 4462 3815 4541">
     <span class='ocr_line' id='line_1_91' title="bbox 2160 4462 3815 4541; baseline -0.003 -18"><span class='ocrx_word' id='word_1_616' title='bbox 2160 4485 2275 4541; x_wconf 90' lang='lat' dir='ltr'>qua</span> <span class='ocrx_word' id='word_1_617' title='bbox 2304 4485 2374 4523; x_wconf 83' lang='lat' dir='ltr'>ex</span> <span class='ocrx_word' id='word_1_618' title='bbox 2411 4466 2494 4522; x_wconf 92' lang='lat' dir='ltr'>eis</span> <span class='ocrx_word' id='word_1_619' title='bbox 2527 4471 2628 4521; x_wconf 90' lang='lat' dir='ltr'>aut</span> <span class='ocrx_word' id='word_1_620' title='bbox 2656 4468 2903 4523; x_wconf 89' lang='lat' dir='ltr'>errando</span> <span class='ocrx_word' id='word_1_621' title='bbox 2948 4471 3166 4539; x_wconf 88' lang='lat' dir='ltr'>pereat,</span> <span class='ocrx_word' id='word_1_622' title='bbox 3214 4471 3314 4523; x_wconf 91' lang='lat' dir='ltr'>aut</span> <span class='ocrx_word' id='word_1_623' title='bbox 3343 4465 3546 4522; x_wconf 89' lang='lat' dir='ltr'>ferinis</span> <span class='ocrx_word' id='word_1_624' title='bbox 3590 4462 3815 4518; x_wconf 82' lang='lat' dir='ltr'>laniata</span> 
     </span>
    </p>
   </div>
   <div class='ocr_carea' id='block_1_91' title="bbox 2161 4552 3816 4630">
    <p class='ocr_par' dir='ltr' id='par_1_91' title="bbox 2161 4552 3816 4630">
     <span class='ocr_line' id='line_1_92' title="bbox 2161 4552 3816 4630; baseline -0.005 -17"><span class='ocrx_word' id='word_1_625' title='bbox 2161 4557 2456 4612; x_wconf 88' lang='lat' dir='ltr'>morsibus</span> <span class='ocrx_word' id='word_1_626' title='bbox 2486 4556 2766 4628; x_wconf 90' lang='lat' dir='ltr'>rapiatur,</span> <span class='ocrx_word' id='word_1_627' title='bbox 2801 4555 2987 4612; x_wconf 90' lang='lat' dir='ltr'>oculis</span> <span class='ocrx_word' id='word_1_628' title='bbox 3019 4573 3251 4630; x_wconf 89' lang='lat' dir='ltr'>semper</span> <span class='ocrx_word' id='word_1_629' title='bbox 3289 4553 3671 4628; x_wconf 88' lang='lat' dir='ltr'>vigilantibus</span> <span class='ocrx_word' id='word_1_630' title='bbox 3697 4552 3816 4606; x_wconf 88' lang='lat' dir='ltr'>cir-</span> 
     </span>
    </p>
   </div>
   <div class='ocr_carea' id='block_1_92' title="bbox 396 4634 3816 4724">
    <p class='ocr_par' dir='ltr' id='par_1_92' title="bbox 396 4634 3816 4724">
     <span class='ocr_line' id='line_1_93' title="bbox 396 4634 3816 4724; baseline 0.001 -34"><span class='ocrx_word' id='word_1_631' title='bbox 396 4634 600 4690; x_wconf 91' lang='lat' dir='ltr'>ordine</span> <span class='ocrx_word' id='word_1_632' title='bbox 632 4653 666 4690; x_wconf 92' lang='lat' dir='ltr'>a</span> <span class='ocrx_word' id='word_1_633' title='bbox 704 4637 1039 4708; x_wconf 66' lang='lat' dir='ltr'>praelatione</span> <span class='ocrx_word' id='word_1_634' title='bbox 1069 4641 1252 4712; x_wconf 88' lang='lat' dir='ltr'>hujus</span> <span class='ocrx_word' id='word_1_635' title='bbox 1285 4641 1392 4695; x_wconf 87' lang='lat' dir='ltr'>loci</span> <span class='ocrx_word' id='word_1_636' title='bbox 1427 4641 1497 4696; x_wconf 92' lang='lat' dir='ltr'>ad</span> <span class='ocrx_word' id='word_1_637' title='bbox 1532 4645 1743 4696; x_wconf 68' lang='lat' dir='ltr'>sancta:</span> <span class='ocrx_word' id='word_1_638' title='bbox 1777 4643 2045 4700; x_wconf 73' lang='lat' dir='ltr'>Romanae</span> <span class='ocrx_word' id='word_1_639' title='bbox 2079 4661 2125 4724; x_wconf 84' lang='lat' dir='ltr'><strong>D</strong></span> <span class='ocrx_word' id='word_1_640' title='bbox 2157 4649 2582 4719; x_wconf 90' lang='lat' dir='ltr'>cumspectant,</span> <span class='ocrx_word' id='word_1_641' title='bbox 2615 4649 2834 4716; x_wconf 91' lang='lat' dir='ltr'>quanto</span> <span class='ocrx_word' id='word_1_642' title='bbox 2881 4646 3094 4701; x_wconf 90' lang='lat' dir='ltr'>sudore</span> <span class='ocrx_word' id='word_1_643' title='bbox 3138 4650 3473 4718; x_wconf 86' lang='lat' dir='ltr'>quantaque</span> <span class='ocrx_word' id='word_1_644' title='bbox 3521 4642 3816 4696; x_wconf 89' lang='lat' dir='ltr'>debemus</span> 
     </span>
    </p>
   </div>
   <div class='ocr_carea' id='block_1_93' title="bbox 395 4723 2050 4802">
    <p class='ocr_par' dir='ltr' id='par_1_93' title="bbox 395 4723 2050 4802">
     <span class='ocr_line' id='line_1_94' title="bbox 395 4723 2050 4802; baseline 0.007 -23"><span class='ocrx_word' id='word_1_645' title='bbox 395 4723 693 4781; x_wconf 60' lang='lat' dir='ltr'>catholica</span> <span class='ocrx_word' id='word_1_646' title='bbox 709 4731 764 4782; x_wconf 91' lang='lat' dir='ltr'>et</span> <span class='ocrx_word' id='word_1_647' title='bbox 775 4729 1104 4799; x_wconf 62' lang='lat' dir='ltr'>apostolicae</span> <span class='ocrx_word' id='word_1_648' title='bbox 1122 4729 1384 4785; x_wconf 69' lang='lat' dir='ltr'>Ecclesiae</span> <span class='ocrx_word' id='word_1_649' title='bbox 1409 4730 1632 4800; x_wconf 84' lang='lat' dir='ltr'>apicem</span> <span class='ocrx_word' id='word_1_650' title='bbox 1651 4731 1926 4802; x_wconf 89' lang='lat' dir='ltr'>dignatus</span> <span class='ocrx_word' id='word_1_651' title='bbox 1961 4740 2050 4790; x_wconf 87' lang='lat' dir='ltr'>est</span> 
     </span>
    </p>
   </div>
   <div class='ocr_carea' id='block_1_94' title="bbox 393 4814 2044 4881">
    <p class='ocr_par' dir='ltr' id='par_1_94' title="bbox 393 4814 2044 4881">
     <span class='ocr_line' id='line_1_95' title="bbox 393 4814 2044 4881; baseline 0.005 -11"><span class='ocrx_word' id='word_1_652' title='bbox 393 4814 698 4881; x_wconf 89' lang='lat' dir='ltr'>accersire,</span> <span class='ocrx_word' id='word_1_653' title='bbox 733 4822 790 4871; x_wconf 89' lang='lat' dir='ltr'>et</span> <span class='ocrx_word' id='word_1_654' title='bbox 821 4817 1149 4873; x_wconf 87' lang='lat' dir='ltr'>mirabilius</span> <span class='ocrx_word' id='word_1_655' title='bbox 1180 4836 1210 4872; x_wconf 92' lang='lat' dir='ltr'>e</span> <span class='ocrx_word' id='word_1_656' title='bbox 1243 4817 1524 4872; x_wconf 80' lang='lat' dir='ltr'>Romanis</span> <span class='ocrx_word' id='word_1_657' title='bbox 1547 4818 1813 4875; x_wconf 79' lang='lat' dir='ltr'>finitimis</span> <span class='ocrx_word' id='word_1_658' title='bbox 1843 4821 2044 4878; x_wconf 90' lang='lat' dir='ltr'>defun-</span> 
     </span>
    </p>
   </div>
   <div class='ocr_carea' id='block_1_95' title="bbox 393 4905 2046 4983">
    <p class='ocr_par' dir='ltr' id='par_1_95' title="bbox 393 4905 2046 4983">
     <span class='ocr_line' id='line_1_96' title="bbox 393 4905 2046 4983; baseline 0.006 -25"><span class='ocrx_word' id='word_1_659' title='bbox 393 4908 555 4959; x_wconf 92' lang='lat' dir='ltr'>ctum</span> <span class='ocrx_word' id='word_1_660' title='bbox 591 4921 806 4976; x_wconf 87' lang='lat' dir='ltr'>corpus</span> <span class='ocrx_word' id='word_1_661' title='bbox 835 4907 962 4976; x_wconf 89' lang='lat' dir='ltr'>ejus</span> <span class='ocrx_word' id='word_1_662' title='bbox 994 4908 1290 4972; x_wconf 85' lang='lat' dir='ltr'>reducere,</span> <span class='ocrx_word' id='word_1_663' title='bbox 1324 4905 1524 4961; x_wconf 83' lang='lat' dir='ltr'>volens</span> <span class='ocrx_word' id='word_1_664' title='bbox 1547 4906 1696 4963; x_wconf 91' lang='lat' dir='ltr'>hanc</span> <span class='ocrx_word' id='word_1_665' title='bbox 1718 4909 2046 4983; x_wconf 87' lang='lat' dir='ltr'>ecclesiam,</span> 
     </span>
    </p>
   </div>
   <div class='ocr_carea' id='block_1_96' title="bbox 397 4993 2046 5066">
    <p class='ocr_par' dir='ltr' id='par_1_96' title="bbox 397 4993 2046 5066">
     <span class='ocr_line' id='line_1_97' title="bbox 397 4993 2046 5066; baseline 0.007 -19"><span class='ocrx_word' id='word_1_666' title='bbox 397 4997 463 5048; x_wconf 90' lang='lat' dir='ltr'>ut</span> <span class='ocrx_word' id='word_1_667' title='bbox 491 4993 876 5063; x_wconf 65' lang='lat' dir='ltr'>aestimamus,</span> <span class='ocrx_word' id='word_1_668' title='bbox 912 4996 1084 5066; x_wconf 89' lang='lat' dir='ltr'>quasi</span> <span class='ocrx_word' id='word_1_669' title='bbox 1117 5012 1323 5050; x_wconf 87' lang='lat' dir='ltr'>novam</span> <span class='ocrx_word' id='word_1_670' title='bbox 1354 5000 1515 5050; x_wconf 89' lang='lat' dir='ltr'>tanto</span> <span class='ocrx_word' id='word_1_671' title='bbox 1545 4997 1884 5055; x_wconf 88' lang='lat' dir='ltr'>decoratum</span> <span class='ocrx_word' id='word_1_672' title='bbox 1916 5018 2046 5059; x_wconf 90' lang='lat' dir='ltr'>esse</span> 
     </span>
    </p>
   </div>
   <div class='ocr_carea' id='block_1_97' title="bbox 394 5084 2044 5162">
    <p class='ocr_par' dir='ltr' id='par_1_97' title="bbox 394 5084 2044 5162">
     <span class='ocr_line' id='line_1_98' title="bbox 394 5084 2044 5162; baseline 0.006 -26"><span class='ocrx_word' id='word_1_673' title='bbox 394 5087 664 5154; x_wconf 90' lang='lat' dir='ltr'>patrono,</span> <span class='ocrx_word' id='word_1_674' title='bbox 708 5084 1151 5156; x_wconf 76' lang='lat' dir='ltr'>Romanamque</span> <span class='ocrx_word' id='word_1_675' title='bbox 1184 5089 1516 5140; x_wconf 88' lang='lat' dir='ltr'>contentam</span> <span class='ocrx_word' id='word_1_676' title='bbox 1549 5091 1606 5141; x_wconf 90' lang='lat' dir='ltr'>et</span> <span class='ocrx_word' id='word_1_677' title='bbox 1637 5089 2044 5162; x_wconf 81' lang='lat' dir='ltr'>sufficientem,</span> 
     </span>
    </p>
   </div>
   <div class='ocr_carea' id='block_1_98' title="bbox 393 5171 2045 5244">
    <p class='ocr_par' dir='ltr' id='par_1_98' title="bbox 393 5171 2045 5244">
     <span class='ocr_line' id='line_1_99' title="bbox 393 5171 2045 5244; baseline 0.007 -19"><span class='ocrx_word' id='word_1_678' title='bbox 393 5171 700 5242; x_wconf 63' lang='lat' dir='ltr'>praeteritis</span> <span class='ocrx_word' id='word_1_679' title='bbox 719 5178 775 5226; x_wconf 92' lang='lat' dir='ltr'>et</span> <span class='ocrx_word' id='word_1_680' title='bbox 801 5174 1012 5229; x_wconf 87' lang='lat' dir='ltr'>futuris</span> <span class='ocrx_word' id='word_1_681' title='bbox 1037 5174 1306 5230; x_wconf 82' lang='lat' dir='ltr'>Patribus</span> <span class='ocrx_word' id='word_1_682' title='bbox 1331 5192 1565 5230; x_wconf 88' lang='lat' dir='ltr'>manere</span> <span class='ocrx_word' id='word_1_683' title='bbox 1587 5183 1870 5233; x_wconf 87' lang='lat' dir='ltr'>ornatam.</span> <span class='ocrx_word' id='word_1_684' title='bbox 1897 5180 2045 5244; x_wconf 89' lang='lat' dir='ltr'>Quin</span> 
     </span>
    </p>
   </div>
   <div class='ocr_carea' id='block_1_99' title="bbox 393 5260 2049 5337">
    <p class='ocr_par' dir='ltr' id='par_1_99' title="bbox 393 5260 2049 5337">
     <span class='ocr_line' id='line_1_100' title="bbox 393 5260 2049 5337; baseline 0.007 -23"><span class='ocrx_word' id='word_1_685' title='bbox 393 5260 592 5326; x_wconf 89' lang='lat' dir='ltr'>etiam,</span> <span class='ocrx_word' id='word_1_686' title='bbox 617 5278 813 5318; x_wconf 87' lang='lat' dir='ltr'>amore</span> <span class='ocrx_word' id='word_1_687' title='bbox 836 5269 891 5318; x_wconf 92' lang='lat' dir='ltr'>et</span> <span class='ocrx_word' id='word_1_688' title='bbox 909 5265 1196 5321; x_wconf 83' lang='lat' dir='ltr'>desiderio</span> <span class='ocrx_word' id='word_1_689' title='bbox 1220 5266 1486 5334; x_wconf 88' lang='lat' dir='ltr'>fratrum,</span> <span class='ocrx_word' id='word_1_690' title='bbox 1507 5265 1606 5337; x_wconf 86' lang='lat' dir='ltr'>qui</span> <span class='ocrx_word' id='word_1_691' title='bbox 1628 5268 1801 5321; x_wconf 87' lang='lat' dir='ltr'>nosin</span> <span class='ocrx_word' id='word_1_692' title='bbox 1821 5269 1944 5324; x_wconf 90' lang='lat' dir='ltr'>suis</span> <span class='ocrx_word' id='word_1_693' title='bbox 1967 5288 2049 5326; x_wconf 87' lang='lat' dir='ltr'>re-</span> 
     </span>
    </p>
   </div>
   <div class='ocr_carea' id='block_1_100' title="bbox 396 5349 2044 5426">
    <p class='ocr_par' dir='ltr' id='par_1_100' title="bbox 396 5349 2044 5426">
     <span class='ocr_line' id='line_1_101' title="bbox 396 5349 2044 5426; baseline 0.007 -24"><span class='ocrx_word' id='word_1_694' title='bbox 396 5365 600 5419; x_wconf 87' lang='lat' dir='ltr'>cepere</span> <span class='ocrx_word' id='word_1_695' title='bbox 626 5349 1036 5409; x_wconf 86' lang='lat' dir='ltr'>ecclesiasticis</span> <span class='ocrx_word' id='word_1_696' title='bbox 1050 5354 1362 5426; x_wconf 85' lang='lat' dir='ltr'>stipendiis</span> <span class='ocrx_word' id='word_1_697' title='bbox 1384 5357 1441 5409; x_wconf 89' lang='lat' dir='ltr'>et</span> <span class='ocrx_word' id='word_1_698' title='bbox 1458 5355 1838 5426; x_wconf 89' lang='lat' dir='ltr'>quotidianis,</span> <span class='ocrx_word' id='word_1_699' title='bbox 1860 5375 2044 5413; x_wconf 90' lang='lat' dir='ltr'>unum</span> 
     </span>
    </p>
   </div>
   <div class='ocr_carea' id='block_1_101' title="bbox 395 5437 2044 5517">
    <p class='ocr_par' dir='ltr' id='par_1_101' title="bbox 395 5437 2044 5517">
     <span class='ocr_line' id='line_1_102' title="bbox 395 5437 2044 5517; baseline 0.009 -30"><span class='ocrx_word' id='word_1_700' title='bbox 395 5441 596 5490; x_wconf 88' lang='lat' dir='ltr'>nostra</span> <span class='ocrx_word' id='word_1_701' title='bbox 625 5437 1027 5498; x_wconf 88' lang='lat' dir='ltr'>vicissitudine</span> <span class='ocrx_word' id='word_1_702' title='bbox 1046 5461 1243 5515; x_wconf 89' lang='lat' dir='ltr'>regere</span> <span class='ocrx_word' id='word_1_703' title='bbox 1262 5443 1524 5512; x_wconf 88' lang='lat' dir='ltr'>fratrem,</span> <span class='ocrx_word' id='word_1_704' title='bbox 1551 5443 1756 5500; x_wconf 88' lang='lat' dir='ltr'>mitras</span> <span class='ocrx_word' id='word_1_705' title='bbox 1775 5447 2044 5517; x_wconf 85' lang='lat' dir='ltr'>gestandi</span> 
     </span>
    </p>
   </div>
   <div class='ocr_carea' id='block_1_102' title="bbox 395 5525 2045 5607">
    <p class='ocr_par' dir='ltr' id='par_1_102' title="bbox 395 5525 2045 5607">
     <span class='ocr_line' id='line_1_103' title="bbox 395 5525 2045 5607; baseline 0.01 -34"><span class='ocrx_word' id='word_1_706' title='bbox 395 5525 770 5580; x_wconf 63' lang='lat' dir='ltr'>concedimus</span> <span class='ocrx_word' id='word_1_707' title='bbox 800 5528 1117 5598; x_wconf 83' lang='lat' dir='ltr'>licentiam,</span> <span class='ocrx_word' id='word_1_708' title='bbox 1149 5550 1215 5586; x_wconf 90' lang='lat' dir='ltr'>ea</span> <span class='ocrx_word' id='word_1_709' title='bbox 1249 5532 1472 5586; x_wconf 87' lang='lat' dir='ltr'>scilicet</span> <span class='ocrx_word' id='word_1_710' title='bbox 1505 5534 1726 5587; x_wconf 87' lang='lat' dir='ltr'>ratione</span> <span class='ocrx_word' id='word_1_711' title='bbox 1749 5540 1813 5588; x_wconf 91' lang='lat' dir='ltr'>ut</span> <span class='ocrx_word' id='word_1_712' title='bbox 1835 5536 1906 5590; x_wconf 90' lang='lat' dir='ltr'>ab</span> <span class='ocrx_word' id='word_1_713' title='bbox 1930 5536 2045 5607; x_wconf 91' lang='lat' dir='ltr'>epi-</span> 
     </span>
    </p>
   </div>
   <div class='ocr_carea' id='block_1_103' title="bbox 399 5615 2041 5697">
    <p class='ocr_par' dir='ltr' id='par_1_103' title="bbox 399 5615 2041 5697">
     <span class='ocr_line' id='line_1_104' title="bbox 399 5615 2041 5697; baseline 0.013 -37"><span class='ocrx_word' id='word_1_714' title='bbox 399 5625 571 5697; x_wconf 85' lang='lat' dir='ltr'>scopo</span> <span class='ocrx_word' id='word_1_715' title='bbox 596 5615 1006 5680; x_wconf 64' lang='lat' dir='ltr'>piuVldeat‘lLlll‘</span> <span class='ocrx_word' id='word_1_716' title='bbox 1025 5620 1321 5690; x_wconf 76' lang='lat' dir='ltr'>digniores</span> <span class='ocrx_word' id='word_1_717' title='bbox 1351 5620 1783 5676; x_wconf 78' lang='lat' dir='ltr'>ethonestiores</span> <span class='ocrx_word' id='word_1_718' title='bbox 1803 5625 2041 5697; x_wconf 89' lang='lat' dir='ltr'>presby-</span> 
     </span>
    </p>
   </div>
   <div class='ocr_carea' id='block_1_104' title="bbox 400 5694 2040 5774">
    <p class='ocr_par' dir='ltr' id='par_1_104' title="bbox 400 5694 2040 5774">
     <span class='ocr_line' id='line_1_105' title="bbox 400 5694 2040 5774; baseline 0.014 -26"><span class='ocrx_word' id='word_1_719' title='bbox 400 5694 506 5748; x_wconf 89' lang='lat' dir='ltr'>teri</span> <span class='ocrx_word' id='word_1_720' title='bbox 530 5700 585 5749; x_wconf 86' lang='lat' dir='ltr'>et</span> <span class='ocrx_word' id='word_1_721' title='bbox 607 5698 856 5769; x_wconf 90' lang='lat' dir='ltr'>diaconi,</span> <span class='ocrx_word' id='word_1_722' title='bbox 882 5705 978 5774; x_wconf 89' lang='lat' dir='ltr'>qui</span> <span class='ocrx_word' id='word_1_723' title='bbox 1001 5707 1170 5762; x_wconf 88' lang='lat' dir='ltr'>bonis</span> <span class='ocrx_word' id='word_1_724' title='bbox 1198 5705 1458 5763; x_wconf 88' lang='lat' dir='ltr'>moribus</span> <span class='ocrx_word' id='word_1_725' title='bbox 1480 5707 1566 5761; x_wconf 91' lang='lat' dir='ltr'>vel</span> <span class='ocrx_word' id='word_1_726' title='bbox 1590 5711 1834 5767; x_wconf 79' lang='lat' dir='ltr'>maturis</span> <span class='ocrx_word' id='word_1_727' title='bbox 1857 5694 2040 5770; x_wconf 62' lang='lat' dir='ltr'>sitati-</span> 
     </span>
    </p>
   </div>
   <div class='ocr_carea' id='block_1_105' title="bbox 2159 4731 3819 4809">
    <p class='ocr_par' dir='ltr' id='par_1_105' title="bbox 2159 4731 3819 4809">
     <span class='ocr_line' id='line_1_106' title="bbox 2159 4731 3819 4809; baseline -0.005 -17"><span class='ocrx_word' id='word_1_728' title='bbox 2159 4734 2468 4809; x_wconf 89' lang='lat' dir='ltr'>pervigiles</span> <span class='ocrx_word' id='word_1_729' title='bbox 2489 4751 2618 4790; x_wconf 91' lang='lat' dir='ltr'>esse</span> <span class='ocrx_word' id='word_1_730' title='bbox 2633 4733 2936 4806; x_wconf 87' lang='lat' dir='ltr'>diligentia</span> <span class='ocrx_word' id='word_1_731' title='bbox 2951 4752 3056 4790; x_wconf 87' lang='lat' dir='ltr'>nos</span> <span class='ocrx_word' id='word_1_732' title='bbox 3070 4735 3169 4807; x_wconf 91' lang='lat' dir='ltr'>qui</span> <span class='ocrx_word' id='word_1_733' title='bbox 3192 4740 3455 4807; x_wconf 90' lang='lat' dir='ltr'>pastores</span> <span class='ocrx_word' id='word_1_734' title='bbox 3470 4731 3819 4787; x_wconf 88' lang='lat' dir='ltr'>animarum</span> 
     </span>
    </p>
   </div>
   <div class='ocr_carea' id='block_1_106' title="bbox 2152 4817 3823 4896">
    <p class='ocr_par' dir='ltr' id='par_1_106' title="bbox 2152 4817 3823 4896">
     <span class='ocr_line' id='line_1_107' title="bbox 2152 4817 3823 4896; baseline -0.005 -15"><span class='ocrx_word' id='word_1_735' title='bbox 2152 4824 2825 4882; x_wconf 81' lang='lat' dir='ltr'>dicimur?Attendamus</span> <span class='ocrx_word' id='word_1_736' title='bbox 2839 4827 2895 4879; x_wconf 88' lang='lat' dir='ltr'>et</span> <span class='ocrx_word' id='word_1_737' title='bbox 2908 4830 3248 4896; x_wconf 86' lang='lat' dir='ltr'>susceptum</span> <span class='ocrx_word' id='word_1_738' title='bbox 3263 4823 3513 4880; x_wconf 81' lang='lat' dir='ltr'>ofﬁcium</span> <span class='ocrx_word' id='word_1_739' title='bbox 3527 4817 3823 4874; x_wconf 76' lang='lat' dir='ltr'>exhibere</span> 
     </span>
    </p>
   </div>
   <div class='ocr_carea' id='block_1_107' title="bbox 2157 4910 3820 4986">
    <p class='ocr_par' dir='ltr' id='par_1_107' title="bbox 2157 4910 3820 4986">
     <span class='ocr_line' id='line_1_108' title="bbox 2157 4910 3820 4986; baseline -0.004 -17"><span class='ocrx_word' id='word_1_740' title='bbox 2157 4930 2294 4985; x_wconf 87' lang='lat' dir='ltr'>erga</span> <span class='ocrx_word' id='word_1_741' title='bbox 2310 4910 2636 4968; x_wconf 91' lang='lat' dir='ltr'>custodiam</span> <span class='ocrx_word' id='word_1_742' title='bbox 2660 4910 3102 4986; x_wconf 81' lang='lat' dir='ltr'>Dominicarum</span> <span class='ocrx_word' id='word_1_743' title='bbox 3124 4912 3320 4969; x_wconf 91' lang='lat' dir='ltr'>ovium</span> <span class='ocrx_word' id='word_1_744' title='bbox 3345 4926 3456 4966; x_wconf 87' lang='lat' dir='ltr'>non</span> <span class='ocrx_word' id='word_1_745' title='bbox 3477 4921 3820 4974; x_wconf 89' lang='lat' dir='ltr'>cessemus,</span> 
     </span>
    </p>
   </div>
   <div class='ocr_carea' id='block_1_108' title="bbox 2157 4999 3824 5078">
    <p class='ocr_par' dir='ltr' id='par_1_108' title="bbox 2157 4999 3824 5078">
     <span class='ocr_line' id='line_1_109' title="bbox 2157 4999 3824 5078; baseline -0.005 -19"><span class='ocrx_word' id='word_1_746' title='bbox 2157 5019 2228 5058; x_wconf 91' lang='lat' dir='ltr'>ne</span> <span class='ocrx_word' id='word_1_747' title='bbox 2260 5003 2318 5057; x_wconf 92' lang='lat' dir='ltr'>in</span> <span class='ocrx_word' id='word_1_748' title='bbox 2341 5001 2434 5056; x_wconf 91' lang='lat' dir='ltr'>die</span> <span class='ocrx_word' id='word_1_749' title='bbox 2471 4999 2652 5055; x_wconf 89' lang='lat' dir='ltr'>divini</span> <span class='ocrx_word' id='word_1_750' title='bbox 2685 5000 2994 5069; x_wconf 88' lang='lat' dir='ltr'>examinis,</span> <span class='ocrx_word' id='word_1_751' title='bbox 3027 5019 3131 5078; x_wconf 83' lang='lat' dir='ltr'>pro</span> <span class='ocrx_word' id='word_1_752' title='bbox 3163 5001 3390 5057; x_wconf 90' lang='lat' dir='ltr'>desidia</span> <span class='ocrx_word' id='word_1_753' title='bbox 3419 4999 3645 5060; x_wconf 82' lang='lat' dir='ltr'>nostra,</span> <span class='ocrx_word' id='word_1_754' title='bbox 3676 4999 3824 5051; x_wconf 85' lang='lat' dir='ltr'>ante</span> 
     </span>
    </p>
   </div>
   <div class='ocr_carea' id='block_1_109' title="bbox 2155 5084 3824 5162">
    <p class='ocr_par' dir='ltr' id='par_1_109' title="bbox 2155 5084 3824 5162">
     <span class='ocr_line' id='line_1_110' title="bbox 2155 5084 3824 5162; baseline -0.005 -15"><span class='ocrx_word' id='word_1_755' title='bbox 2155 5107 2458 5147; x_wconf 87' lang='lat' dir='ltr'>summum</span> <span class='ocrx_word' id='word_1_756' title='bbox 2482 5089 2780 5144; x_wconf 86' lang='lat' dir='ltr'>Pastorem</span> <span class='ocrx_word' id='word_1_757' title='bbox 2800 5089 3166 5162; x_wconf 64' lang='lat' dir='ltr'>negligentiae</span> <span class='ocrx_word' id='word_1_758' title='bbox 3181 5094 3378 5146; x_wconf 90' lang='lat' dir='ltr'>reatus</span> <span class='ocrx_word' id='word_1_759' title='bbox 3393 5105 3500 5144; x_wconf 90' lang='lat' dir='ltr'>nos</span> <span class='ocrx_word' id='word_1_760' title='bbox 3522 5084 3824 5142; x_wconf 84' lang='lat' dir='ltr'>excruciet</span> 
     </span>
    </p>
   </div>
   <div class='ocr_carea' id='block_1_110' title="bbox 2155 5175 3828 5248">
    <p class='ocr_par' dir='ltr' id='par_1_110' title="bbox 2155 5175 3828 5248">
     <span class='ocr_line' id='line_1_111' title="bbox 2155 5175 3828 5248; baseline -0.002 -15"><span class='ocrx_word' id='word_1_761' title='bbox 2155 5180 2310 5248; x_wconf 84' lang='lat' dir='ltr'>unde</span> <span class='ocrx_word' id='word_1_762' title='bbox 2341 5178 2514 5233; x_wconf 93' lang='lat' dir='ltr'>modo</span> <span class='ocrx_word' id='word_1_763' title='bbox 2539 5177 2776 5234; x_wconf 86' lang='lat' dir='ltr'>honoris</span> <span class='ocrx_word' id='word_1_764' title='bbox 2803 5179 3123 5235; x_wconf 88' lang='lat' dir='ltr'>reverentia</span> <span class='ocrx_word' id='word_1_765' title='bbox 3139 5179 3515 5236; x_wconf 90' lang='lat' dir='ltr'>sublimiores</span> <span class='ocrx_word' id='word_1_766' title='bbox 3536 5175 3691 5231; x_wconf 89' lang='lat' dir='ltr'>inter</span> <span class='ocrx_word' id='word_1_767' title='bbox 3713 5191 3828 5230; x_wconf 74' lang='lat' dir='ltr'>cre-</span> 
     </span>
    </p>
   </div>
   <div class='ocr_carea' id='block_1_111' title="bbox 2154 5263 3824 5339">
    <p class='ocr_par' dir='ltr' id='par_1_111' title="bbox 2154 5263 3824 5339">
     <span class='ocr_line' id='line_1_112' title="bbox 2154 5263 3824 5339; baseline -0.002 -16"><span class='ocrx_word' id='word_1_768' title='bbox 2154 5267 2677 5338; x_wconf 88' lang='lat' dir='ltr'>terosjudicamur.</span> <span class='ocrx_word' id='word_1_769' title='bbox 2699 5267 2785 5322; x_wconf 85' lang='lat' dir='ltr'>Ad</span> <span class='ocrx_word' id='word_1_770' title='bbox 2810 5268 3127 5323; x_wconf 90' lang='lat' dir='ltr'>missarum</span> <span class='ocrx_word' id='word_1_771' title='bbox 3148 5269 3344 5339; x_wconf 90' lang='lat' dir='ltr'>itaque</span> <span class='ocrx_word' id='word_1_772' title='bbox 3358 5265 3649 5322; x_wconf 89' lang='lat' dir='ltr'>solemnia</span> <span class='ocrx_word' id='word_1_773' title='bbox 3669 5263 3824 5320; x_wconf 86' lang='lat' dir='ltr'>cele-</span> 
     </span>
    </p>
   </div>
   <div class='ocr_carea' id='block_1_112' title="bbox 2156 5351 3822 5430">
    <p class='ocr_par' dir='ltr' id='par_1_112' title="bbox 2156 5351 3822 5430">
     <span class='ocr_line' id='line_1_113' title="bbox 2156 5351 3822 5430; baseline -0.003 -18"><span class='ocrx_word' id='word_1_774' title='bbox 2156 5356 2382 5412; x_wconf 88' lang='lat' dir='ltr'>branda</span> <span class='ocrx_word' id='word_1_775' title='bbox 2400 5354 2746 5410; x_wconf 88' lang='lat' dir='ltr'>fraternitati</span> <span class='ocrx_word' id='word_1_776' title='bbox 2770 5360 2881 5411; x_wconf 65' lang='lat' dir='ltr'>tuae</span> <span class='ocrx_word' id='word_1_777' title='bbox 2896 5356 3138 5430; x_wconf 89' lang='lat' dir='ltr'>pallium</span> <span class='ocrx_word' id='word_1_778' title='bbox 3157 5355 3644 5422; x_wconf 87' lang='lat' dir='ltr'>transmittimus,</span> <span class='ocrx_word' id='word_1_779' title='bbox 3660 5351 3822 5424; x_wconf 90' lang='lat' dir='ltr'>quod</span> 
     </span>
    </p>
   </div>
   <div class='ocr_carea' id='block_1_113' title="bbox 2155 5441 3824 5518">
    <p class='ocr_par' dir='ltr' id='par_1_113' title="bbox 2155 5441 3824 5518">
     <span class='ocr_line' id='line_1_114' title="bbox 2155 5441 3824 5518; baseline -0.002 -18"><span class='ocrx_word' id='word_1_780' title='bbox 2155 5441 2628 5501; x_wconf 88' lang='lat' dir='ltr'>antecessoribus</span> <span class='ocrx_word' id='word_1_781' title='bbox 2649 5443 2766 5501; x_wconf 88' lang='lat' dir='ltr'>tuis</span> <span class='ocrx_word' id='word_1_782' title='bbox 2784 5463 3086 5518; x_wconf 89' lang='lat' dir='ltr'>nunquam</span> <span class='ocrx_word' id='word_1_783' title='bbox 3104 5451 3236 5502; x_wconf 88' lang='lat' dir='ltr'>ante</span> <span class='ocrx_word' id='word_1_784' title='bbox 3252 5461 3626 5511; x_wconf 89' lang='lat' dir='ltr'>concessum,</span> <span class='ocrx_word' id='word_1_785' title='bbox 3644 5441 3824 5498; x_wconf 90' lang='lat' dir='ltr'>modo</span> 
     </span>
    </p>
   </div>
   <div class='ocr_carea' id='block_1_114' title="bbox 2154 5530 3828 5609">
    <p class='ocr_par' dir='ltr' id='par_1_114' title="bbox 2154 5530 3828 5609">
     <span class='ocr_line' id='line_1_115' title="bbox 2154 5530 3828 5609; baseline -0.002 -21"><span class='ocrx_word' id='word_1_786' title='bbox 2154 5532 2260 5589; x_wconf 89' lang='lat' dir='ltr'>tibi</span> <span class='ocrx_word' id='word_1_787' title='bbox 2278 5531 2468 5604; x_wconf 87' lang='lat' dir='ltr'>primo</span> <span class='ocrx_word' id='word_1_788' title='bbox 2483 5532 2879 5603; x_wconf 89' lang='lat' dir='ltr'>concedimus,</span> <span class='ocrx_word' id='word_1_789' title='bbox 2897 5541 3103 5609; x_wconf 90' lang='lat' dir='ltr'>rogatu</span> <span class='ocrx_word' id='word_1_790' title='bbox 3119 5533 3490 5590; x_wconf 87' lang='lat' dir='ltr'>dilectissimi</span> <span class='ocrx_word' id='word_1_791' title='bbox 3505 5531 3615 5587; x_wconf 85' lang='lat' dir='ltr'>ﬁlii</span> <span class='ocrx_word' id='word_1_792' title='bbox 3633 5530 3828 5586; x_wconf 89' lang='lat' dir='ltr'>nostri</span> 
     </span>
    </p>
   </div>
   <div class='ocr_carea' id='block_1_115' title="bbox 2155 5617 3830 5697">
    <p class='ocr_par' dir='ltr' id='par_1_115' title="bbox 2155 5617 3830 5697">
     <span class='ocr_line' id='line_1_116' title="bbox 2155 5617 3830 5697; baseline -0.002 -19"><span class='ocrx_word' id='word_1_793' title='bbox 2155 5618 2529 5695; x_wconf 85' lang='lat' dir='ltr'>imperatoris</span> <span class='ocrx_word' id='word_1_794' title='bbox 2543 5617 2815 5690; x_wconf 90' lang='lat' dir='ltr'>Heinrici,</span> <span class='ocrx_word' id='word_1_795' title='bbox 2839 5628 2896 5679; x_wconf 91' lang='lat' dir='ltr'>et</span> <span class='ocrx_word' id='word_1_796' title='bbox 2917 5642 3020 5697; x_wconf 90' lang='lat' dir='ltr'>pro</span> <span class='ocrx_word' id='word_1_797' title='bbox 3040 5624 3410 5681; x_wconf 88' lang='lat' dir='ltr'>veneratione</span> <span class='ocrx_word' id='word_1_798' title='bbox 3424 5619 3830 5678; x_wconf 85' lang='lat' dir='ltr'>antecesseris</span> 
     </span>
    </p>
   </div>
   <div class='ocr_carea' id='block_1_116' title="bbox 2153 5710 3830 5788">
    <p class='ocr_par' dir='ltr' id='par_1_116' title="bbox 2153 5710 3830 5788">
     <span class='ocr_line' id='line_1_117' title="bbox 2153 5710 3830 5788; baseline -0.002 -19"><span class='ocrx_word' id='word_1_799' title='bbox 2153 5713 2260 5783; x_wconf 91' lang='lat' dir='ltr'>tui,</span> <span class='ocrx_word' id='word_1_800' title='bbox 2312 5711 2419 5785; x_wconf 78' lang='lat' dir='ltr'>piae</span> <span class='ocrx_word' id='word_1_801' title='bbox 2467 5710 2762 5767; x_wconf 71' lang='lat' dir='ltr'>memoriae</span> <span class='ocrx_word' id='word_1_802' title='bbox 2794 5713 2993 5770; x_wconf 85' lang='lat' dir='ltr'>domui</span> <span class='ocrx_word' id='word_1_803' title='bbox 3026 5731 3184 5788; x_wconf 71' lang='lat' dir='ltr'>papae</span> <span class='ocrx_word' id='word_1_804' title='bbox 3236 5711 3583 5782; x_wconf 82' lang='lat' dir='ltr'>Clementis,</span> <span class='ocrx_word' id='word_1_805' title='bbox 3631 5713 3690 5766; x_wconf 86' lang='lat' dir='ltr'>et</span> <span class='ocrx_word' id='word_1_806' title='bbox 3721 5726 3830 5782; x_wconf 87' lang='lat' dir='ltr'>pro</span> 
     </span>
    </p>
   </div>
  </div>
