3974 6206
254 482 375 548 701

1235 477 1643 551 emerem
1684 484 1786 550 ET
1805 446 1809 455 ’
1827 454 2211 551 occasu
2235 485 2708 551 PONTIFIGIA.

3551 472 3668 552 ηοξ

257 618 546 676 memoria
574 618 825 675 Heinrici
858 612 1232 692 imperatoris
1249 622 1701 694 primi,praefatae
1727 622 1908 678 eccle-
1939 623 1994 689 Α
2025 622 2163 693 quia
2192 623 2504 695 postulasti
2526 641 2560 679 a
2588 622 2757 680 nobis
2783 625 3073 695 quatenus
3096 621 3662 697 archiepiscopatum

257 708 358 765 size
377 708 800 765 constructoris
824 709 1252 782 benignissimi.
1277 711 1399 774 Quo
1424 712 1527 766 tibi
1552 715 1639 766 ter
1677 712 1737 766 in
1757 728 1910 766 anno

254 796 344 853 uti
362 796 783 868 permittimus,
808 797 967 853 salva
998 799 1342 854 auctoritate
1373 801 1601 855 domum
1623 803 1913 871 metrOpo-

251 886 451 943 litanae
483 888 863 959 Moguntina},
897 887 1174 951 ecclesiae,
1207 888 1429 943 scilicet
1458 888 1515 942 in
1558 889 1651 943 die
1700 893 1911 944 sancta:

256 976 747 1039 Resurrectionis,
781 981 839 1031 et
870 977 928 1031 in
960 977 1244 1032 natalitiis
1267 977 1664 1049 apostolorum
1686 978 1837 1032 Petri
1859 981 1917 1032 et

255 1065 514 1132 Pauli,et
536 1065 597 1121 in
619 1065 994 1121 solemnitate
1011 1066 1198 1121 sancti
1227 1066 1580 1138 Dionysii,eo
1603 1068 1758 1138 quod
1778 1070 1914 1121 tunc

263 1153 704 1211 anniversarius
724 1154 847 1210 dies
860 1154 1187 1211 celebratur
1206 1156 1405 1211 domui
1422 1173 1583 1227 papae
1600 1155 1916 1211 Clementis

263 1259 448 1313 supra
474 1244 777 1298 memorati
798 1244 1098 1315 :hancque
1119 1245 1272 1300 diem
1297 1250 1560 1300 sanctam
1598 1243 1916 1316 apostolica

264 1331 610 1387 auctoritate
640 1331 956 1387 statuimus
986 1332 1271 1388 celebrem
1292 1350 1421 1389 esse
1450 1350 1550 1404 per
1571 1336 1759 1388 totum
1793 1332 1914 1404 epi-

263 1424 590 1492 scopatum.
616 1420 797 1489 Cujus
814 1421 1093 1491 quoniam
1111 1422 1437 1478 indumenti
1453 1421 1640 1477 honor
1652 1422 1919 1477 modesta

262 1513 502 1566 actuum
540 1508 844 1567 vivacitate
879 1512 1201 1568 servandus
1250 1515 1359 1583 est,
1417 1511 1722 1567 hortamur
1752 1514 1817 1567 ut
1865 1510 1917 1567 ei

263 1616 500 1656 morum
529 1602 766 1657 tuorum
799 1605 1144 1657 ornamenta
1198 1603 1566 1671 conveniant,
1628 1607 1917 1673 quatenus

267 1692 503 1746 auctore
523 1689 641 1745 Deo
666 1692 817 1745 recte
839 1689 1148 1763 utrobique
1170 1692 1362 1763 possis
1393 1708 1520 1748 esse
1538 1691 1912 1762 conspicuus.

266 1780 472 1850 Itaque
498 1777 628 1834 viva
654 1782 755 1834 tua
781 1778 922 1834 ﬁliis
949 1779 1068 1834 tuis
1101 1780 1177 1834 sit
1206 1780 1425 1852 regula.
1462 1782 1523 1836 In
1553 1781 1681 1852 ipsa
1719 1780 1766 1835 si
1801 1798 1917 1852 qua

268 1866 551 1923 fortitudo
581 1865 929 1937 illisinjecta
958 1871 1044 1923 est
1074 1868 1379 1939 dirigatur,
1413 1870 1474 1925 in
1505 1870 1741 1941 eaquod
1785 1869 1916 1924 imi-

2024 712 2581 784 llammaburgensis
2602 713 2864 769 Ecclesia)
2896 716 3082 768 totum
3115 712 3172 767 in
3207 713 3499 785 integrum
3558 713 3664 769 tibi

2022 802 2578 873 successoribusque
2600 802 2716 857 tuis
2741 802 3241 868 conﬁrmaremus,
3269 802 3439 857 sicuti
3463 820 3497 858 a
3519 820 3667 872 prae-

2023 890 2428 945 decessoribus
2459 891 2694 952 nostris.
2724 890 2991 945 videlicet
3013 892 3249 946 Nicolao
3268 896 3325 947 et
3345 891 3590 963 Agapito
3614 895 3671 946 et

2025 979 2331 1033 Benedicto
2362 979 2542 1050 hujus
2572 981 2901 1051 apostolicae
2935 980 3093 1035 sedis
3123 980 3433 1053 episcopis,
3467 981 3667 1036 decre-

2024 1071 2151 1121 tum
2169 1072 2274 1122 est.
2302 1068 2566 1123 Inclinati
2596 1068 2865 1139 precibus
2887 1069 3115 1135 vestris,
3135 1069 3455 1141 apostolica
3477 1074 3669 1125 aucto-

2024 1155 2191 1209 ritate
2214 1157 2588 1211 concedimus
2610 1162 2666 1211 et
2686 1158 3103 1213 conﬁrmamus
3124 1174 3256 1213 cum
3276 1160 3549 1214 omnibus
3572 1176 3669 1231 ge-

2026 1243 2297 1299 neraliter
2322 1249 2495 1315 atque
2533 1244 2860 1315 specialiter
2906 1247 2978 1301 ad
3036 1248 3665 1319 eumdem'praafatum

2025 1330 2589 1402 archiepiscopatum
2604 1336 2858 1386 vestrum
2878 1334 3552 1403 pertinentibus,scilicet
3573 1353 3667 1391 om

2028 1420 2125 1474 nia
2154 1436 2279 1491 quae
2303 1419 2477 1475 vestri
2505 1424 2899 1476 antecessores
2921 1422 3045 1477 suis
3076 1422 3373 1477 laboribus
3388 1424 3670 1494 acquisie-

2027 1511 2183 1573 runt,
2216 1508 2303 1563 vel
2336 1509 2513 1563 etiam
2545 1526 2740 1563 amore
2770 1514 2993 1564 zeternce
3027 1511 3223 1580 patria)
3258 1510 3333 1565 ibi
3367 1528 3400 1565 a
3429 1510 3672 1566 Christi-

2027 1595 2287 1652 colarum
2312 1596 2580 1653 fidelibus
2608 1597 2820 1670 largita
2852 1602 2992 1653 sunt
3020 1598 3106 1652 vel
3140 1596 3491 1670 largiuntur.
3528 1599 3672 1653 Cum

2026 1686 2144 1743 illis
2174 1686 2477 1756 etiam,qui
2512 1687 2619 1743 hoc
2641 1690 2984 1758 temporead
3007 1686 3220 1742 Christi
3252 1687 3512 1742 conversi
3537 1691 3675 1742 sunt

2029 1777 2224 1840 fidem,
2257 1780 2593 1848 protegente
2625 1776 2724 1831 Dei
2758 1777 2964 1847 gratia,
2987 1776 3261 1831 videlicet
3289 1776 3593 1848 episcopos
3613 1776 3673 1831 in

2028 1863 2302 1921 omnibus
2334 1865 2607 1935 gentibus
2636 1867 2931 1920 Sueonum
2960 1882 3060 1921 seu
3097 1866 3416 1930 Danorum,
3441 1866 3674 1921 Norwe-

264 1959 466 2011 tentur
483 1955 791 2026 aspiciant,
815 1956 873 2010 in
896 1957 1459 2027 ipsaconsiderando
1483 1974 1715 2030 semper
1741 1959 1912 2029 profi-
1941 1986 1989 2051 Β
2029 1954 2294 2019 chorum,
2330 1953 2528 2017 Islant,
2562 1953 2983 2017 Scridevinum,
3017 1954 3300 2009 Gronlant
3329 1958 3385 2008 et
3442 1953 3672 2009 univer-

260 2044 441 2109 ciant,
474 2046 539 2098 ut
569 2046 739 2099 tuum
772 2049 905 2115 post
934 2050 1115 2103 Deum
1146 2046 1411 2103 videatur
1439 2063 1567 2102 esse
1581 2047 1735 2118 quod
1768 2047 1912 2103 bene

262 2131 533 2188 vixerint.
567 2131 679 2187 Cor
707 2149 844 2203 ergo
876 2138 1043 2189 tuum
1078 2150 1264 2205 neque
1297 2151 1591 2206 prospera,
1617 2152 1742 2205 qua;
1770 2139 1913 2191 tem-

263 2220 540 2294 poraliter
559 2220 969 2287 blandiuntur,
990 2222 1287 2290 extollant,
1310 2240 1499 2295 neque
1514 2225 1758 2280 adversa
1769 2224 1911 2293 deji-

266 2310 447 2377 ciant,
478 2311 580 2366 sed
613 2310 902 2381 quidquid
933 2310 1075 2366 illud
1108 2312 1303 2377 fuerit,
1360 2312 1572 2366 virtute
1621 2311 1911 2382 patientiae

268 2398 631 2455 devincatur.
661 2398 903 2456 Nullum
935 2402 1089 2471 apud
1106 2404 1163 2457 te
1191 2400 1384 2457 locum
1405 2401 1558 2468 odia,
1582 2400 1813 2457 nullum
1837 2402 1913 2456 fa-

266 2503 374 2545 vor
400 2487 750 2543 indiscretus
778 2488 1093 2544 inveniant.
1129 2490 1562 2546 Misericordem
1613 2494 1687 2555 te,
1740 2494 1915 2561 prout

262 2576 453 2632 virtus
478 2577 715 2648 patitur,
739 2578 1096 2649 pauperibus
1113 2579 1361 2634 exibeto.
1386 2578 1693 2650 Oppressis
1715 2579 1911 2634 defen-

265 2664 354 2721 sio
384 2668 488 2735 tua
518 2665 846 2732 subveniat,
879 2666 1347 2737 opprimentibus
1378 2668 1678 2722 moderata
1705 2667 1914 2724 erectio

267 2753 648 2809 contradicat.
674 2753 882 2809 Nullus
895 2754 1100 2811 faciem
1118 2756 1619 2826 contrajustitiam
1638 2757 1911 2828 accipias,

267 2840 497 2897 nullum
545 2846 900 2913 quaerentem
939 2844 1108 2914 justa
1155 2843 1461 2914 despicias.
1494 2845 1915 2901 Custodiainte

266 2930 560 3002 aequitatis
578 2931 815 2987 excellat
826 2937 910 2998 ,ut
923 2949 1026 2989 nec
1039 2932 1279 2989 divitem
1301 2933 1557 3004 potentia
1571 2950 1678 2989 sua
1693 2933 1914 3004 aliquid

266 3020 423 3091 apud
452 3023 508 3075 te
525 3025 689 3076 extra
701 3021 854 3077 viam
878 3023 1124 3077 suadeat
1139 3022 1380 3078 rationis
1396 3022 1619 3089 audire,
1644 3039 1749 3078 nec
1770 3040 1914 3094 pau-

266 3124 465 3179 perem
480 3109 551 3164 de
566 3124 629 3164 se
643 3126 752 3165 sua
764 3110 937 3165 faciat
948 3110 1253 3167 humilitas
1273 3112 1584 3181 desperare
1600 3114 1912 3182 quatenus,

265 3201 388 3252 Deo
419 3197 753 3262 miserante,
786 3197 923 3254 talis
950 3199 1142 3270 possis
1172 3199 1416 3255 existere
1461 3198 1693 3270 qualem
1752 3216 1918 3255 sacra

266 3283 442 3341 lectio
463 3286 740 3357 praecipit,
761 3286 993 3343 dicens:
1019 3288 1236 3359 Oportet
1250 3291 1559 3360 episcOpum
1572 3290 1914 3360 irrcprehcn-

2022 2060 2220 2099 sarum
2247 2042 2795 2113 septentrionalium
2819 2044 3258 2106 nationum,nec
3274 2059 3386 2097 non
3411 2042 3589 2097 etiam
3610 2041 3666 2096 in

2021 2131 2139 2187 illis
2170 2132 2437 2203 partibus
2476 2132 2811 2187 Sclavorum
2833 2149 2958 2203 quae
2993 2136 3133 2187 sunt
3162 2149 3196 2185 a
3229 2130 3470 2185 flumine
3520 2134 3673 2186 Pene

2022 2238 2209 2293 usque
2232 2222 2303 2276 ad
2333 2222 2571 2276 fluvium
2600 2221 2829 2292 Egidre,
2860 2221 2942 2276 ita
2966 2225 3025 2275 ut
3050 2222 3159 2276 sub
3185 2225 3290 2276 tua
3310 2224 3674 2292 tuorumque

2024 2311 2978 2381 successorum,Ammaburgensis
3000 2310 3266 2366 Ecclesia
3289 2309 3676 2381 archiepisco-

2024 2415 2231 2471 porum
2264 2404 2538 2453 maneant
2560 2397 2959 2470 potestateﬁel
2978 2398 3265 2470 quidquid
3289 2402 3389 2453 tuo
3411 2401 3674 2453 tuorum-

2024 2504 2137 2560 que
2168 2504 2570 2543 successorum
2603 2487 2821 2543 laboris
2850 2488 3189 2553 certamine,
3224 2486 3422 2542 divina
3439 2488 3676 2543 favente

2024 2576 2228 2646 gratia,
2265 2576 2335 2629 ab
2378 2592 2571 2630 errore
2602 2575 2855 2647 perfidiae
2889 2576 3009 2631 sive
3039 2575 3348 2630 hominum
3372 2575 3490 2630 sive
3520 2574 3674 2631 loco-

2024 2681 2154 2719 rum
2187 2663 2255 2718 ad
2282 2663 2620 2735 religionem
2643 2663 3033 2719 Christianam
3050 2662 3273 2735 acquiri
3300 2663 3673 2735 potestis,tibi

2023 2752 2258 2824 tuisque
2301 2752 2739 2808 successoribus
2780 2751 3192 2825 perpetualiter
3221 2757 3418 2808 tenere
3477 2768 3675 2809 cense-

2026 2842 2511 2913 mus.Etinsuper
2530 2842 2902 2897 decrevimus
2924 2847 2980 2897 et
3002 2842 3303 2897 sancimus
3318 2841 3551 2897 nullum
3576 2860 3675 2897 ar-

2025 2930 2644 3002 chiepiscoporum,vel
2669 2929 3073 2986 Coloniensem
3101 2930 3186 2985 vel
3214 2930 3393 2986 alium
3434 2930 3677 3002 quemli-

2024 3018 2206 3086 bet,in
2227 3018 2570 3074 tuadimcesi
2589 3018 2768 3074 ullam
2804 3018 2915 3074 sibi
2961 3019 3259 3075 vindicare
3298 3023 3669 3092 potestatem.

2025 3106 2296 3173 Quinimo
2310 3110 2366 3160 et
2379 3107 2521 3177 ipsis
2544 3110 2598 3162 et
2616 3107 2891 3162 omnibus
2905 3108 3144 3163 omnino
3158 3108 3476 3164 suademus
3491 3108 3674 3164 culto-

2025 3196 2188 3251 ribus
2209 3212 2353 3250 verae
2374 3195 2692 3267 religionis,
2729 3200 2793 3250 ut
2812 3197 3169 3267 adjutorium
3188 3201 3245 3252 et
3262 3196 3539 3252 solatium
3568 3197 3675 3252 tibi

2025 3284 2259 3355 tuisque
2289 3284 2730 3339 successoribus
2784 3284 2843 3337 in
2905 3286 3181 3341 omnibus
3241 3284 3673 3353 administrent,

262 3355 482 3431 sibila";
509 3390 623 3431 esse
638 3355 691 3446 ξι
715 3376 848 3432 Tim,
867 3394 951 3446 ιιι,
982 3379 1017 3430 2
1022 3355 1179 3448 μεεῃά
1201 3355 1293 3432 his;
1317 3355 1919 3433 omﬁibusgaiubritep
1948 3355 1991 3422 C
2031 3378 2321 3445 quatenus
2352 3390 2454 3445 pro
2468 3372 2655 3445 gratia
2675 3373 2854 3443 hujus
2870 3374 3136 3429 beneﬁcii
3162 3373 3393 3446 plenam
3424 3375 3675 3447 recipere

262 3462 350 3518 uti
380 3464 675 3534 poteris,si
698 3464 1045 3534 magistram
1058 3464 1409 3521 charitatem
1429 3465 1916 3531 habueris.Quam

264 3550 366 3623 qui
398 3556 635 3607 secutus
663 3552 860 3619 fuerit,
890 3570 923 3608 a
953 3558 1109 3610 recto
1139 3553 1454 3626 aliquando
1509 3554 1747 3609 tramite
1801 3571 1916 3611 non

259 3638 504 3696 recedit.
538 3641 698 3704 Ecce,
731 3641 911 3696 frater
961 3641 1327 3710 charissime,
1377 3642 1529 3697 inter
1577 3642 1760 3699 multa
1805 3643 1918 3698 alia

260 3728 387 3783 ista
415 3728 742 3796 sacerdotii,
775 3729 888 3786 ista
912 3734 1053 3787 sunt
1083 3729 1265 3802 pallii.
1288 3730 1421 3793 Quae
1443 3731 1493 3785 si
1516 3731 1775 3787 studiose
1797 3748 1916 3787 ser-

260 3814 515 3885 vaveris,
549 3817 702 3887 quod
724 3818 865 3874 foris
888 3818 1184 3890 accepisse
1200 3819 1715 3885 ostenderis,intus
1736 3819 1916 3875 hahe-

259 3903 361 3960 bis
392 3907 597 3960 sancta
653 3906 904 3962 Trinitas
951 3906 1374 3963 fraternitatem
1423 3911 1678 3962 vestram
1730 3908 1919 3980 gratia

262 4009 387 4050 sum
419 3993 797 4065 protectionis
846 3995 1185 4063 circumdet,
1243 3999 1417 4067 atque
1445 3994 1528 4051 ita
1582 3994 1641 4050 in
1689 3995 1917 4052 itineris

260 4080 360 4138 sui
381 4081 593 4138 vianos
614 4083 848 4155 dirigat,
870 4087 936 4139 ut
956 4088 1088 4156 post
1108 4084 1288 4155 hujus
1311 4084 1439 4139 vitae
1464 4085 1915 4140 amaritudinem

260 4171 339 4226 ad
350 4173 627 4227 aeternam
650 4172 828 4228 simul
851 4173 1152 4244 pervenire
1171 4172 1542 4229 dulcedinem
1562 4190 1909 4230 mereamur.

333 4257 481 4315 Data
510 4275 575 4314 ιιι
601 4259 797 4315 Nonas
826 4261 1093 4329 Januar.,
1120 4278 1274 4317 anno
1296 4261 1495 4317 domni
1522 4262 1733 4318 Leonis
1754 4279 1914 4336 papa:

258 4347 401 4402 noni
434 4364 510 4415 IV,
541 4346 862 4405 indictione
891 4368 970 4408 v1.

959 4456 1225 4517 LXXVII.

260 4539 319 4617 S.
330 4541 443 4617 _Leo
461 4544 488 4597 ι
492 4543 532 4596 Χ
538 4543 1239 4617 ΕοιειβξίτεΗαγηὸιινῃθηςςίε
1251 4547 1548 4617 privilegia
1558 4563 1656 4601 con
1660 4548 1696 4617 li
1702 4552 1850 4602 rmat
1861 4553 1913 4603 et

256 4610 547 4670 Adalberto
558 4615 960 4685 archiepiscopo
976 4610 1143 4687 pallii
1152 4610 1443 4688 mitrasque
1453 4610 1614 4673 usum
1646 4610 1907 4675 concedit.

885 4704 1073 4776 (Anno
1104 4706 1292 4777 1053.)

449 4790 874 4865 [Lappenberg,
903 4793 1204 4868 Hamburg.
1234 4794 1498 4862 Urkund,
1538 4796 1575 4860 I,
1606 4795 1723 4865 7/1.]

325 4877 444 4934 Leo
481 4879 813 4954 episcopus,
845 4898 1048 4938 servus
1070 4899 1372 4940 servorum
1402 4882 1525 4949 Dei,
1548 4880 1755 4938 dilecto
1778 4901 1910 4940 con-

251 4966 423 5022 fratri
454 4970 655 5025 nostro
693 4970 1049 5042 Ausmsa'ro,
1106 4971 1423 5028 venerabili
1469 4971 1908 5045 archiepiscopo

251 5054 820 5131 Hammaburgensis
847 5060 1139 5125 Ecclesiae,
1168 5059 1274 5116 tibi
1295 5060 1531 5133 tuisque
1553 5063 1907 5117 successori-

251 5143 371 5199 bus
399 5144 461 5200 in
505 5150 875 5219 perpetuum.

324 5233 606 5289 Convenit
627 5236 944 5307 apostolico
967 5237 1348 5293 moderamini
1366 5239 1462 5310 pia
1482 5238 1760 5310 religione
1782 5239 1904 5310 pol-

247 5318 516 5377 lentibus
534 5322 800 5379 benivola
816 5324 1224 5397 compassione
1237 5327 1648 5395 succurrerefet
1665 5344 1906 5399 poscen-

248 5408 407 5464 tium
439 5410 653 5467 animis
685 5411 861 5469 alacri
879 5412 1182 5470 devotione
1210 5415 1510 5487 impertire
1570 5432 1901 5473 assensum.

244 5497 332 5552 Ex
362 5497 474 5553 hoc
494 5499 652 5556 enim
685 5501 831 5557 lucri
856 5503 1233 5575 potissimum
1256 5504 1565 5577 praemium
1587 5506 1743 5576 apud
1765 5522 1900 5562 con-

247 5584 507 5642 ditorem
546 5589 812 5645 omnium
845 5591 1162 5648 Dominum
1195 5593 1397 5666 procul
1421 5593 1599 5649 dubio
1617 5609 1908 5663 promere-

247 5676 370 5740 tur,
405 5673 549 5731 dum
574 5678 933 5735 venerabilia
960 5677 1086 5736 loca
1142 5687 1468 5753 Opportune
1516 5680 1785 5737 ordinata
1831 5685 1902 5738 ad

248 5760 557 5820 meliorem
590 5764 807 5824 fuerint
838 5783 942 5839 per
962 5784 1069 5825 nos
1099 5773 1319 5827 statum
1376 5767 1676 5840 perducta,
1727 5769 1907 5841 igitur

2028 3461 2355 3516 mercedem
2370 3479 2403 3515 a
2419 3461 2657 3516 Domino
2676 3464 3026 3526 mereantur,
3042 3461 3321 3532 quoniam
3340 3463 3536 3517 omnia
3549 3479 3674 3534 qua:

2028 3550 2286 3623 proﬁcua
2316 3548 2580 3605 Ecclesiae
2604 3548 2929 3620 probantur
2957 3549 3200 3604 existere
3232 3554 3290 3604 et
3315 3550 3528 3605 divinis
3559 3567 3673 3606 non

2027 3639 2376 3710 impugnant
2406 3636 2915 3710 praeceptiouibus,
2947 3637 3247 3693 efficienda
3268 3641 3324 3692 et
3345 3639 3672 3710 praebenda,

2026 3726 2446 3799 omnipotentis
2480 3727 2578 3781 Dei
2615 3726 2964 3781 auctoritate
2985 3730 3041 3781 et
3068 3726 3368 3780 beatorum
3388 3727 3675 3797 apostolo-

2027 3833 2158 3871 rum
2190 3816 2340 3871 Petri
2372 3819 2429 3870 et
2468 3813 2627 3869 Pauli
2661 3830 2789 3869 esse
2815 3831 2931 3869 non
2963 3814 3325 3870 dubitamus.
3360 3814 3548 3870 Ethoc
3569 3833 3671 3871 no-

2028 3910 2147 3960 stro
2178 3905 2407 3959 decreto
2438 3904 2829 3969 decernimus,
2881 3903 3205 3958 secundum
3267 3904 3670 3974 praenominati

2025 3995 2188 4049 bona:
2219 3992 2512 4049 memoriae
2538 3991 2755 4047 Nicolai
2792 4009 2951 4064 papaa
2991 3996 3048 4048 et
3077 3992 3371 4047 Benedicti
3405 4009 3567 4064 papa:
3616 3996 3675 4048 et

2024 4082 2252 4155 Agapiti
2282 4099 2439 4154 papae
2482 4080 2865 4147 sanctionem,
2889 4081 3049 4153 ipsas
3071 4080 3370 4146 dimceses,
3395 4080 3672 4137 Hamma-

2025 4172 2377 4243 burgensem
2409 4168 2630 4225 scilicet
2659 4174 2717 4224 et
2774 4170 3171 4237 Bremensem,
3217 4186 3332 4224 non
3377 4169 3525 4225 duas
3571 4172 3672 4225 sed

2024 4277 2202 4316 unam
2231 4276 2358 4315 esse
2389 4263 2447 4315 et
2473 4258 2685 4314 vocari.
2722 4258 2969 4315 Omnem
3003 4275 3237 4332 quoque
3266 4259 3672 4314 adversantem

2023 4348 2112 4404 vel
2143 4347 2629 4403 contradicentem
2662 4351 2837 4419 atque
2868 4346 2979 4419 piis
3012 4346 3227 4403 nostris
3251 4346 3463 4424 studiis
3482 4347 3669 4419 quoli-

2023 4439 2120 4493 bet
2152 4436 2323 4492 modo
2344 4435 2721 4491 insidiantem
2746 4436 3137 4492 anathematis
3159 4437 3521 4508 percutimus
3544 4452 3672 4491 mu-
3763 4433 3765 4435 ’

2024 4543 2196 4582 crone
2225 4528 2621 4597 perpetuaque
2677 4523 2917 4579 ultionis
2961 4542 3123 4581 reum
3175 4524 3464 4581 diabolica
3513 4529 3669 4581 sorte

2023 4616 2396 4679 damnamus,
2429 4617 2492 4668 ut
2513 4612 2746 4669 culmen
2760 4613 3336 4685 apostolicum,more
3355 4613 3668 4687 praedeces-

1940 4723 1989 4789 D
2022 4720 2219 4761 sorum
2243 4705 2578 4758 nostrorum
2598 4718 2955 4772 causamque
2981 4701 3081 4756 Dei
3129 4702 3225 4772 pio
3255 4704 3493 4772 aspectu
3545 4699 3665 4772 [pro

2021 4792 2254 4863 affectu]
2288 4790 2560 4857 zelantes,
2618 4789 2690 4844 ab
2721 4789 2980 4846 adversis
3025 4788 3160 4843 hinc
3210 4788 3348 4844 inde
3399 4787 3667 4858 partibus

2021 4880 2381 4937 muniamus.

2092 4966 2670 5040 Insuperapostolica
2695 4967 3035 5023 auctoritate
3041 4966 3323 5037 jubemus
3346 4967 3522 5033 atque
3534 4979 3669 5021 sua-

2018 5060 2225 5115 demus
2242 5053 2532 5127 episcopis
2544 5052 2975 5110 Halversmthen
2985 5054 3067 5109 sis
3080 5048 3666 5109 etHildedeneshem-

2017 5147 2098 5203 sis
2112 5140 3254 5201 etBodalbruniensisetMimindensiset
3267 5137 3576 5196 Ferdensis
3590 5140 3666 5196 Ec

2016 5235 2261 5290 clesiaru
2274 5229 2594 5293 m,utsalva
2616 5228 2670 5281 in
2693 5232 2967 5286 omnibus
2992 5232 3187 5288 debita
3198 5225 3559 5300 subjectione
3572 5247 3664 5285 ar-

2014 5322 2520 5395 chiepiscoporum
2550 5333 2814 5383 suorum,
2833 5318 2937 5372 tibi
2966 5318 3200 5391 tuisque
3225 5317 3666 5376 successoribus

2015 5411 2289 5469 solatium
2323 5411 2845 5480 quantumcunque
2878 5413 3143 5476 possunt,
3176 5427 3274 5481 per
3291 5405 3486 5464 omnia
3518 5423 3663 5478 pra:-

2015 5504 2190 5558 beant
2220 5500 2290 5554 ad
2322 5498 2487 5552 lucra
2516 5495 2846 5550 animarum
2878 5496 3212 5564 quaerenda,
3240 5498 3323 5552 sic
3371 5501 3567 5552 tamen
3600 5498 3666 5552 ut

2008 5592 2134 5661 jam
2164 5587 2407 5643 Domino
2441 5582 2711 5654 acquisiti
2733 5588 2789 5638 et
2819 5580 3159 5652 acquirendi
3183 5589 3283 5639 tuo
3312 5590 3665 5657 tuorumque

2015 5692 2421 5735 successorum
2436 5670 2959 5745 archiepiscopatui
2983 5670 3231 5741 subjecti
3261 5677 3659 5743 permaneant.

2088 5767 2155 5823 Et
2184 5765 2323 5837 quia
2350 5762 2639 5835 legatione
2662 5760 2991 5834 apostolicae
3022 5760 3183 5818 sedis
3214 5764 3271 5818 et
3293 5761 3414 5817 vice
3465 5764 3666 5819 nostra
