  <div class='ocr_page' id='page_1' title='image "/cluster/home/n/w/nwhite01/storage/ocr_20150623/143/uva.x000829790/374.png"; bbox 0 0 3974 6206; ppageno 0'>
   <div class='ocr_carea' id='block_1_1' title="bbox 173 380 301 468">
    <p class='ocr_par' dir='ltr' id='par_1_1' title="bbox 173 380 301 468">
     <span class='ocr_line' id='line_1_1' title="bbox 173 380 301 468; baseline -0.016 0"><span class='ocrx_word' id='word_1_1' title='bbox 173 380 301 468; x_wconf 66' lang='grc' dir='ltr'><strong>’ω</strong></span> 
     </span>
    </p>
   </div>
   <div class='ocr_carea' id='block_1_2' title="bbox 1162 358 2636 459">
    <p class='ocr_par' dir='ltr' id='par_1_2' title="bbox 1162 358 2636 459">
     <span class='ocr_line' id='line_1_2' title="bbox 1162 358 2636 459; baseline -0.005 -1"><span class='ocrx_word' id='word_1_2' title='bbox 1162 358 1572 459; x_wconf 66' lang='lat' dir='ltr'><strong>spisrow</strong></span> <span class='ocrx_word' id='word_1_3' title='bbox 1614 390 1715 455; x_wconf 79' lang='lat' dir='ltr'><strong>s&#39;r</strong></span> <span class='ocrx_word' id='word_1_4' title='bbox 1757 387 2121 453; x_wconf 70' lang='lat' dir='ltr'><strong>asceam</strong></span> <span class='ocrx_word' id='word_1_5' title='bbox 2162 384 2636 452; x_wconf 80' lang='lat' dir='ltr'><strong>PONTIFIGIA.‘</strong></span> 
     </span>
    </p>
   </div>
   <div class='ocr_carea' id='block_1_3' title="bbox 3475 383 3597 447">
    <p class='ocr_par' dir='ltr' id='par_1_3' title="bbox 3475 383 3597 447">
     <span class='ocr_line' id='line_1_3' title="bbox 3475 383 3597 447; baseline -0.016 0"><span class='ocrx_word' id='word_1_6' title='bbox 3475 383 3597 447; x_wconf 72' lang='lat'><strong>729</strong></span> 
     </span>
    </p>
   </div>
   <div class='ocr_carea' id='block_1_4' title="bbox 134 514 3597 603">
    <p class='ocr_par' dir='ltr' id='par_1_4' title="bbox 134 514 3597 603">
     <span class='ocr_line' id='line_1_4' title="bbox 134 514 3597 603; baseline -0.006 -9"><span class='ocrx_word' id='word_1_7' title='bbox 134 514 159 525; x_wconf 30' lang='lat' dir='ltr'><strong><em>n</em></strong></span> <span class='ocrx_word' id='word_1_8' title='bbox 178 530 490 594; x_wconf 77' lang='lat' dir='ltr'><strong>interdixit</strong></span> <span class='ocrx_word' id='word_1_9' title='bbox 519 533 586 590; x_wconf 90' lang='lat' dir='ltr'><strong>ut</strong></span> <span class='ocrx_word' id='word_1_10' title='bbox 609 527 813 589; x_wconf 91' lang='lat' dir='ltr'><strong>nullus</strong></span> <span class='ocrx_word' id='word_1_11' title='bbox 840 531 1040 603; x_wconf 81' lang='lat' dir='ltr'><strong>posset</strong></span> <span class='ocrx_word' id='word_1_12' title='bbox 1068 526 1460 586; x_wconf 88' lang='lat' dir='ltr'><strong>ecclesiastica</strong></span> <span class='ocrx_word' id='word_1_13' title='bbox 1489 532 1590 584; x_wconf 92' lang='lat' dir='ltr'><strong>aut</strong></span> <span class='ocrx_word' id='word_1_14' title='bbox 1618 525 1839 599; x_wconf 88' lang='lat' dir='ltr'><strong>privata</strong></span> <span class='ocrx_word' id='word_1_15' title='bbox 1868 527 1923 597; x_wconf 78' lang='grc' dir='ltr'><strong>Α</strong></span> <span class='ocrx_word' id='word_1_16' title='bbox 1952 523 2302 595; x_wconf 68' lang='lat' dir='ltr'><strong>praesumat;</strong></span> <span class='ocrx_word' id='word_1_17' title='bbox 2336 524 2395 578; x_wconf 90' lang='lat' dir='ltr'><strong>et</strong></span> <span class='ocrx_word' id='word_1_18' title='bbox 2413 521 2462 579; x_wconf 93' lang='lat' dir='ltr'><strong>si</strong></span> <span class='ocrx_word' id='word_1_19' title='bbox 2484 517 2881 595; x_wconf 89' lang='lat' dir='ltr'><strong>suprascripta</strong></span> <span class='ocrx_word' id='word_1_20' title='bbox 2905 514 3124 588; x_wconf 89' lang='lat' dir='ltr'><strong>omnia,</strong></span> <span class='ocrx_word' id='word_1_21' title='bbox 3146 531 3274 591; x_wconf 66' lang='lat' dir='ltr'><strong>quis</strong></span> <span class='ocrx_word' id='word_1_22' title='bbox 3304 514 3365 574; x_wconf 87' lang='lat' dir='ltr'><strong>in</strong></span> <span class='ocrx_word' id='word_1_23' title='bbox 3393 531 3597 574; x_wconf 88' lang='lat' dir='ltr'><strong>eorum</strong></span> 
     </span>
    </p>
   </div>
   <div class='ocr_carea' id='block_1_5' title="bbox 183 614 1843 696">
    <p class='ocr_par' dir='ltr' id='par_1_5' title="bbox 183 614 1843 696">
     <span class='ocr_line' id='line_1_5' title="bbox 183 614 1843 696; baseline -0.008 -13"><span class='ocrx_word' id='word_1_24' title='bbox 183 624 394 696; x_wconf 74' lang='lat' dir='ltr'><strong>(intell.</strong></span> <span class='ocrx_word' id='word_1_25' title='bbox 418 620 781 692; x_wconf 77' lang='lat' dir='ltr'><strong>auctoritate)</strong></span> <span class='ocrx_word' id='word_1_26' title='bbox 805 618 1135 691; x_wconf 81' lang='lat' dir='ltr'><strong>inquietare</strong></span> <span class='ocrx_word' id='word_1_27' title='bbox 1156 636 1254 674; x_wconf 91' lang='lat' dir='ltr'><strong>eos</strong></span> <span class='ocrx_word' id='word_1_28' title='bbox 1271 636 1285 686; x_wconf 87' lang='lat'><strong>;</strong></span> <span class='ocrx_word' id='word_1_29' title='bbox 1304 619 1406 674; x_wconf 91' lang='lat' dir='ltr'><strong>sed</strong></span> <span class='ocrx_word' id='word_1_30' title='bbox 1430 633 1661 689; x_wconf 77' lang='lat' dir='ltr'><strong>semper</strong></span> <span class='ocrx_word' id='word_1_31' title='bbox 1688 614 1843 671; x_wconf 88' lang='lat' dir='ltr'><strong>ordi-</strong></span> 
     </span>
    </p>
   </div>
   <div class='ocr_carea' id='block_1_6' title="bbox 184 703 1845 799">
    <p class='ocr_par' dir='ltr' id='par_1_6' title="bbox 184 703 1845 799">
     <span class='ocr_line' id='line_1_6' title="bbox 184 703 1845 799; baseline -0.009 -26"><span class='ocrx_word' id='word_1_32' title='bbox 184 719 437 773; x_wconf 89' lang='lat' dir='ltr'><strong>nassent</strong></span> <span class='ocrx_word' id='word_1_33' title='bbox 449 713 721 769; x_wconf 82' lang='lat' dir='ltr'><strong>abbatem</strong></span> <span class='ocrx_word' id='word_1_34' title='bbox 745 710 803 765; x_wconf 91' lang='lat' dir='ltr'><strong>in</strong></span> <span class='ocrx_word' id='word_1_35' title='bbox 827 709 956 781; x_wconf 84' lang='lat' dir='ltr'><strong>ipso</strong></span> <span class='ocrx_word' id='word_1_36' title='bbox 980 708 1333 764; x_wconf 87' lang='lat' dir='ltr'><strong>monasterio</strong></span> <span class='ocrx_word' id='word_1_37' title='bbox 1348 707 1541 763; x_wconf 82' lang='lat' dir='ltr'><strong>Sancti</strong></span> <span class='ocrx_word' id='word_1_38' title='bbox 1566 703 1845 799; x_wconf 69' lang='lat' dir='ltr'><strong>Stephani</strong></span> 
     </span>
    </p>
   </div>
   <div class='ocr_carea' id='block_1_7' title="bbox 184 802 1846 881">
    <p class='ocr_par' dir='ltr' id='par_1_7' title="bbox 184 802 1846 881">
     <span class='ocr_line' id='line_1_7' title="bbox 184 802 1846 881; baseline -0.007 -14"><span class='ocrx_word' id='word_1_39' title='bbox 184 811 263 867; x_wconf 87' lang='lat' dir='ltr'><strong>de</strong></span> <span class='ocrx_word' id='word_1_40' title='bbox 294 810 513 878; x_wconf 84' lang='lat' dir='ltr'><strong>Insula,</strong></span> <span class='ocrx_word' id='word_1_41' title='bbox 538 811 597 865; x_wconf 91' lang='lat' dir='ltr'><strong>et</strong></span> <span class='ocrx_word' id='word_1_42' title='bbox 624 807 750 881; x_wconf 89' lang='lat' dir='ltr'><strong>ipse</strong></span> <span class='ocrx_word' id='word_1_43' title='bbox 772 804 1075 862; x_wconf 85' lang='lat' dir='ltr'><strong>Paschalis</strong></span> <span class='ocrx_word' id='word_1_44' title='bbox 1098 804 1357 877; x_wconf 77' lang='lat' dir='ltr'><strong>pontifex</strong></span> <span class='ocrx_word' id='word_1_45' title='bbox 1379 802 1704 858; x_wconf 83' lang='lat' dir='ltr'><strong>nominavit</strong></span> <span class='ocrx_word' id='word_1_46' title='bbox 1731 812 1846 856; x_wconf 86' lang='lat' dir='ltr'><strong>mo-</strong></span> 
     </span>
    </p>
   </div>
   <div class='ocr_carea' id='block_1_8' title="bbox 182 893 1848 964">
    <p class='ocr_par' dir='ltr' id='par_1_8' title="bbox 182 893 1848 964">
     <span class='ocr_line' id='line_1_8' title="bbox 182 893 1848 964; baseline -0.008 -6"><span class='ocrx_word' id='word_1_47' title='bbox 182 900 517 960; x_wconf 88' lang='lat' dir='ltr'><strong>nasterium</strong></span> <span class='ocrx_word' id='word_1_48' title='bbox 531 899 603 955; x_wconf 90' lang='lat' dir='ltr'><strong>de</strong></span> <span class='ocrx_word' id='word_1_49' title='bbox 616 895 817 953; x_wconf 86' lang='lat' dir='ltr'><strong>Insula</strong></span> <span class='ocrx_word' id='word_1_50' title='bbox 834 896 1114 951; x_wconf 87' lang='lat' dir='ltr'><strong>Sanctum</strong></span> <span class='ocrx_word' id='word_1_51' title='bbox 1135 893 1496 964; x_wconf 85' lang='lat' dir='ltr'><strong>Stephanum</strong></span> <span class='ocrx_word' id='word_1_52' title='bbox 1511 909 1544 948; x_wconf 88' lang='lat' dir='ltr'><strong>a</strong></span> <span class='ocrx_word' id='word_1_53' title='bbox 1558 894 1848 946; x_wconf 87' lang='lat' dir='ltr'><strong>monaste-</strong></span> 
     </span>
    </p>
   </div>
   <div class='ocr_carea' id='block_1_9' title="bbox 184 981 1845 1058">
    <p class='ocr_par' dir='ltr' id='par_1_9' title="bbox 184 981 1845 1058">
     <span class='ocr_line' id='line_1_9' title="bbox 184 981 1845 1058; baseline -0.008 -10"><span class='ocrx_word' id='word_1_54' title='bbox 184 990 275 1048; x_wconf 85' lang='lat' dir='ltr'><strong>rio</strong></span> <span class='ocrx_word' id='word_1_55' title='bbox 306 988 502 1046; x_wconf 86' lang='lat' dir='ltr'>Sancti</span> <span class='ocrx_word' id='word_1_56' title='bbox 530 984 813 1058; x_wconf 89' lang='lat' dir='ltr'><strong>Stephani</strong></span> <span class='ocrx_word' id='word_1_57' title='bbox 843 983 1101 1055; x_wconf 84' lang='lat' dir='ltr'><strong>Majoris,</strong></span> <span class='ocrx_word' id='word_1_58' title='bbox 1130 983 1301 1052; x_wconf 86' lang='lat' dir='ltr'><strong>cujus</strong></span> <span class='ocrx_word' id='word_1_59' title='bbox 1315 982 1470 1053; x_wconf 82' lang='lat' dir='ltr'><strong>juris</strong></span> <span class='ocrx_word' id='word_1_60' title='bbox 1493 986 1598 1035; x_wconf 90' lang='lat' dir='ltr'><strong>est.</strong></span> <span class='ocrx_word' id='word_1_61' title='bbox 1632 981 1845 1036; x_wconf 83' lang='lat' dir='ltr'><strong>Conce-</strong></span> 
     </span>
    </p>
   </div>
   <div class='ocr_carea' id='block_1_10' title="bbox 187 1069 1846 1140">
    <p class='ocr_par' dir='ltr' id='par_1_10' title="bbox 187 1069 1846 1140">
     <span class='ocr_line' id='line_1_10' title="bbox 187 1069 1846 1140; baseline -0.008 -4"><span class='ocrx_word' id='word_1_62' title='bbox 187 1079 390 1136; x_wconf 92' lang='lat' dir='ltr'><strong>dimus</strong></span> <span class='ocrx_word' id='word_1_63' title='bbox 420 1081 479 1133; x_wconf 91' lang='lat' dir='ltr'><strong>et</strong></span> <span class='ocrx_word' id='word_1_64' title='bbox 497 1075 921 1131; x_wconf 80' lang='lat' dir='ltr'><strong>confirmamus</strong></span> <span class='ocrx_word' id='word_1_65' title='bbox 933 1071 1238 1128; x_wconf 87' lang='lat' dir='ltr'><strong>ecclesiam</strong></span> <span class='ocrx_word' id='word_1_66' title='bbox 1263 1071 1485 1126; x_wconf 84' lang='lat' dir='ltr'>Sanctae</span> <span class='ocrx_word' id='word_1_67' title='bbox 1504 1069 1698 1125; x_wconf 75' lang='lat' dir='ltr'><strong>Mariae</strong></span> <span class='ocrx_word' id='word_1_68' title='bbox 1719 1085 1846 1140; x_wconf 63' lang='lat' dir='ltr'><strong>quas</strong></span> 
     </span>
    </p>
   </div>
   <div class='ocr_carea' id='block_1_11' title="bbox 186 1166 1845 1242">
    <p class='ocr_par' dir='ltr' id='par_1_11' title="bbox 186 1166 1845 1242">
     <span class='ocr_line' id='line_1_11' title="bbox 186 1166 1845 1242; baseline -0.008 -9"><span class='ocrx_word' id='word_1_69' title='bbox 186 1180 437 1233; x_wconf 88' lang='lat' dir='ltr'><strong>vocatur</strong></span> <span class='ocrx_word' id='word_1_70' title='bbox 464 1174 523 1229; x_wconf 91' lang='lat' dir='ltr'><strong>in</strong></span> <span class='ocrx_word' id='word_1_71' title='bbox 544 1173 725 1229; x_wconf 85' lang='lat' dir='ltr'><strong>Turre</strong></span> <span class='ocrx_word' id='word_1_72' title='bbox 748 1171 792 1242; x_wconf 76' lang='lat' dir='ltr'><strong>(i</strong></span> <span class='ocrx_word' id='word_1_73' title='bbox 804 1171 918 1241; x_wconf 85' lang='lat'><strong>97),</strong></span> <span class='ocrx_word' id='word_1_74' title='bbox 943 1186 1122 1242; x_wconf 90' lang='lat' dir='ltr'><strong>quam</strong></span> <span class='ocrx_word' id='word_1_75' title='bbox 1145 1169 1457 1241; x_wconf 74' lang='lat' dir='ltr'><strong>prmdictus</strong></span> <span class='ocrx_word' id='word_1_76' title='bbox 1476 1166 1769 1223; x_wconf 85' lang='lat' dir='ltr'><strong>Paschalis</strong></span> <span class='ocrx_word' id='word_1_77' title='bbox 1788 1166 1845 1220; x_wconf 92' lang='lat' dir='ltr'><strong>in</strong></span> 
     </span>
    </p>
   </div>
   <div class='ocr_carea' id='block_1_12' title="bbox 183 1256 1848 1340">
    <p class='ocr_par' dir='ltr' id='par_1_12' title="bbox 183 1256 1848 1340">
     <span class='ocr_line' id='line_1_12' title="bbox 183 1256 1848 1340; baseline -0.007 -18"><span class='ocrx_word' id='word_1_78' title='bbox 183 1267 320 1340; x_wconf 87' lang='lat' dir='ltr'><strong>jam</strong></span> <span class='ocrx_word' id='word_1_79' title='bbox 340 1264 496 1320; x_wconf 92' lang='lat' dir='ltr'><strong>dicto</strong></span> <span class='ocrx_word' id='word_1_80' title='bbox 518 1258 868 1318; x_wconf 89' lang='lat' dir='ltr'><strong>monasterio</strong></span> <span class='ocrx_word' id='word_1_81' title='bbox 890 1275 993 1331; x_wconf 91' lang='lat' dir='ltr'><strong>per</strong></span> <span class='ocrx_word' id='word_1_82' title='bbox 1015 1257 1386 1331; x_wconf 80' lang='lat' dir='ltr'><strong>privilegium</strong></span> <span class='ocrx_word' id='word_1_83' title='bbox 1409 1256 1691 1313; x_wconf 85' lang='lat' dir='ltr'><strong>concessit</strong></span> <span class='ocrx_word' id='word_1_84' title='bbox 1714 1272 1848 1311; x_wconf 88' lang='lat' dir='ltr'><strong>cum</strong></span> 
     </span>
    </p>
   </div>
   <div class='ocr_carea' id='block_1_13' title="bbox 192 1345 1847 1424">
    <p class='ocr_par' dir='ltr' id='par_1_13' title="bbox 192 1345 1847 1424">
     <span class='ocr_line' id='line_1_13' title="bbox 192 1345 1847 1424; baseline -0.01 -12"><span class='ocrx_word' id='word_1_85' title='bbox 192 1354 368 1415; x_wconf 82' lang='lat' dir='ltr'><strong>libris</strong></span> <span class='ocrx_word' id='word_1_86' title='bbox 409 1354 465 1407; x_wconf 92' lang='lat' dir='ltr'><strong>et</strong></span> <span class='ocrx_word' id='word_1_87' title='bbox 495 1347 875 1424; x_wconf 88' lang='lat' dir='ltr'><strong>paramentis,</strong></span> <span class='ocrx_word' id='word_1_88' title='bbox 907 1346 1182 1403; x_wconf 85' lang='lat' dir='ltr'><strong>crucibus</strong></span> <span class='ocrx_word' id='word_1_89' title='bbox 1212 1351 1269 1402; x_wconf 92' lang='lat' dir='ltr'><strong>et</strong></span> <span class='ocrx_word' id='word_1_90' title='bbox 1310 1345 1627 1401; x_wconf 89' lang='lat' dir='ltr'><strong>thuribulis</strong></span> <span class='ocrx_word' id='word_1_91' title='bbox 1657 1345 1728 1398; x_wconf 90' lang='lat' dir='ltr'><strong>de</strong></span> <span class='ocrx_word' id='word_1_92' title='bbox 1758 1360 1847 1397; x_wconf 89' lang='lat' dir='ltr'><strong>ar-</strong></span> 
     </span>
    </p>
   </div>
   <div class='ocr_carea' id='block_1_14' title="bbox 193 1432 1855 1516">
    <p class='ocr_par' dir='ltr' id='par_1_14' title="bbox 193 1432 1855 1516">
     <span class='ocr_line' id='line_1_14' title="bbox 193 1432 1855 1516; baseline -0.005 -18"><span class='ocrx_word' id='word_1_93' title='bbox 193 1446 393 1516; x_wconf 84' lang='lat' dir='ltr'><strong>gento,</strong></span> <span class='ocrx_word' id='word_1_94' title='bbox 425 1455 559 1495; x_wconf 90' lang='lat' dir='ltr'><strong>cum</strong></span> <span class='ocrx_word' id='word_1_95' title='bbox 592 1435 867 1494; x_wconf 87' lang='lat' dir='ltr'><strong>domibus</strong></span> <span class='ocrx_word' id='word_1_96' title='bbox 898 1441 955 1491; x_wconf 92' lang='lat' dir='ltr'><strong>et</strong></span> <span class='ocrx_word' id='word_1_97' title='bbox 981 1435 1142 1491; x_wconf 88' lang='lat' dir='ltr'><strong>cellis</strong></span> <span class='ocrx_word' id='word_1_98' title='bbox 1156 1436 1326 1507; x_wconf 83' lang='lat' dir='ltr'><strong>juxta</strong></span> <span class='ocrx_word' id='word_1_99' title='bbox 1346 1451 1431 1500; x_wconf 87' lang='lat' dir='ltr'><strong>se,</strong></span> <span class='ocrx_word' id='word_1_100' title='bbox 1459 1451 1593 1490; x_wconf 92' lang='lat' dir='ltr'><strong>cum</strong></span> <span class='ocrx_word' id='word_1_101' title='bbox 1625 1432 1855 1506; x_wconf 88' lang='lat' dir='ltr'><strong>paradi-</strong></span> 
     </span>
    </p>
   </div>
   <div class='ocr_carea' id='block_1_15' title="bbox 192 1523 1849 1598">
    <p class='ocr_par' dir='ltr' id='par_1_15' title="bbox 192 1523 1849 1598">
     <span class='ocr_line' id='line_1_15' title="bbox 192 1523 1849 1598; baseline -0.005 -14"><span class='ocrx_word' id='word_1_102' title='bbox 192 1544 265 1585; x_wconf 87' lang='lat' dir='ltr'><strong>so</strong></span> <span class='ocrx_word' id='word_1_103' title='bbox 284 1528 433 1598; x_wconf 97' lang='grc'>(198)</span> <span class='ocrx_word' id='word_1_104' title='bbox 454 1530 512 1582; x_wconf 90' lang='lat' dir='ltr'><strong>et</strong></span> <span class='ocrx_word' id='word_1_105' title='bbox 534 1523 911 1598; x_wconf 90' lang='lat' dir='ltr'><strong>porticalibus</strong></span> <span class='ocrx_word' id='word_1_106' title='bbox 936 1540 1123 1594; x_wconf 91' lang='lat' dir='ltr'><strong>usque</strong></span> <span class='ocrx_word' id='word_1_107' title='bbox 1146 1523 1217 1579; x_wconf 91' lang='lat' dir='ltr'><strong>ad</strong></span> <span class='ocrx_word' id='word_1_108' title='bbox 1242 1527 1468 1596; x_wconf 89' lang='lat' dir='ltr'><strong>portam</strong></span> <span class='ocrx_word' id='word_1_109' title='bbox 1492 1525 1849 1595; x_wconf 86' lang='lat' dir='ltr'><strong>argenteam;</strong></span> 
     </span>
    </p>
   </div>
   <div class='ocr_carea' id='block_1_16' title="bbox 189 1622 1851 1699">
    <p class='ocr_par' dir='ltr' id='par_1_16' title="bbox 189 1622 1851 1699">
     <span class='ocr_line' id='line_1_16' title="bbox 189 1622 1851 1699; baseline -0.005 -16"><span class='ocrx_word' id='word_1_110' title='bbox 189 1626 278 1683; x_wconf 77' lang='lat' dir='ltr'><strong>ita</strong></span> <span class='ocrx_word' id='word_1_111' title='bbox 306 1624 464 1699; x_wconf 89' lang='lat' dir='ltr'><strong>quod</strong></span> <span class='ocrx_word' id='word_1_112' title='bbox 498 1622 671 1690; x_wconf 82' lang='lat' dir='ltr'><strong>fores,</strong></span> <span class='ocrx_word' id='word_1_113' title='bbox 723 1637 851 1693; x_wconf 71' lang='lat' dir='ltr'><strong>quas</strong></span> <span class='ocrx_word' id='word_1_114' title='bbox 888 1624 1025 1677; x_wconf 88' lang='lat' dir='ltr'><strong>sunt</strong></span> <span class='ocrx_word' id='word_1_115' title='bbox 1081 1624 1214 1676; x_wconf 91' lang='lat' dir='ltr'><strong>ante</strong></span> <span class='ocrx_word' id='word_1_116' title='bbox 1248 1624 1472 1693; x_wconf 90' lang='lat' dir='ltr'><strong>portam</strong></span> <span class='ocrx_word' id='word_1_117' title='bbox 1515 1625 1851 1693; x_wconf 85' lang='lat' dir='ltr'><strong>argenteam</strong></span> 
     </span>
    </p>
   </div>
   <div class='ocr_carea' id='block_1_17' title="bbox 196 1709 1853 1788">
    <p class='ocr_par' dir='ltr' id='par_1_17' title="bbox 196 1709 1853 1788">
     <span class='ocr_line' id='line_1_17' title="bbox 196 1709 1853 1788; baseline -0.005 -16"><span class='ocrx_word' id='word_1_118' title='bbox 196 1716 372 1788; x_wconf 89' lang='grc'>(199),</span> <span class='ocrx_word' id='word_1_119' title='bbox 394 1730 498 1772; x_wconf 90' lang='lat' dir='ltr'><strong>vos</strong></span> <span class='ocrx_word' id='word_1_120' title='bbox 511 1710 798 1770; x_wconf 91' lang='lat' dir='ltr'><strong>claudatis</strong></span> <span class='ocrx_word' id='word_1_121' title='bbox 811 1713 868 1766; x_wconf 92' lang='lat' dir='ltr'><strong>et</strong></span> <span class='ocrx_word' id='word_1_122' title='bbox 887 1709 1182 1783; x_wconf 91' lang='lat' dir='ltr'><strong>aperiatis,</strong></span> <span class='ocrx_word' id='word_1_123' title='bbox 1203 1714 1407 1765; x_wconf 91' lang='lat' dir='ltr'><strong>etcum</strong></span> <span class='ocrx_word' id='word_1_124' title='bbox 1427 1709 1702 1765; x_wconf 89' lang='lat' dir='ltr'><strong>omnibus</strong></span> <span class='ocrx_word' id='word_1_125' title='bbox 1725 1726 1853 1781; x_wconf 65' lang='lat' dir='ltr'><strong>quae</strong></span> 
     </span>
    </p>
   </div>
   <div class='ocr_carea' id='block_1_18' title="bbox 198 1798 1856 1872">
    <p class='ocr_par' dir='ltr' id='par_1_18' title="bbox 198 1798 1856 1872">
     <span class='ocr_line' id='line_1_18' title="bbox 198 1798 1856 1872; baseline -0.007 -8"><span class='ocrx_word' id='word_1_126' title='bbox 198 1805 502 1865; x_wconf 86' lang='lat' dir='ltr'><strong>continent</strong></span> <span class='ocrx_word' id='word_1_127' title='bbox 531 1802 683 1858; x_wconf 81' lang='lat' dir='ltr'><strong>infra</strong></span> <span class='ocrx_word' id='word_1_128' title='bbox 712 1818 795 1867; x_wconf 90' lang='lat' dir='ltr'><strong>se,</strong></span> <span class='ocrx_word' id='word_1_129' title='bbox 819 1817 953 1856; x_wconf 90' lang='lat' dir='ltr'><strong>cum</strong></span> <span class='ocrx_word' id='word_1_130' title='bbox 979 1799 1199 1868; x_wconf 89' lang='lat' dir='ltr'><strong>cloaca,</strong></span> <span class='ocrx_word' id='word_1_131' title='bbox 1227 1803 1286 1856; x_wconf 91' lang='lat' dir='ltr'><strong>et</strong></span> <span class='ocrx_word' id='word_1_132' title='bbox 1316 1800 1598 1872; x_wconf 89' lang='lat' dir='ltr'><strong>gradibus</strong></span> <span class='ocrx_word' id='word_1_133' title='bbox 1621 1798 1856 1871; x_wconf 85' lang='lat' dir='ltr'><strong>majori-</strong></span> 
     </span>
    </p>
   </div>
   <div class='ocr_carea' id='block_1_19' title="bbox 200 1889 1933 1966">
    <p class='ocr_par' dir='ltr' id='par_1_19' title="bbox 200 1889 1933 1966">
     <span class='ocr_line' id='line_1_19' title="bbox 200 1889 1933 1966; baseline -0.007 -12"><span class='ocrx_word' id='word_1_134' title='bbox 200 1898 319 1955; x_wconf 85' lang='lat' dir='ltr'><strong>bus</strong></span> <span class='ocrx_word' id='word_1_135' title='bbox 345 1900 403 1952; x_wconf 90' lang='lat' dir='ltr'><strong>et</strong></span> <span class='ocrx_word' id='word_1_136' title='bbox 431 1892 779 1960; x_wconf 88' lang='lat' dir='ltr'><strong>minoribus,</strong></span> <span class='ocrx_word' id='word_1_137' title='bbox 810 1907 1000 1963; x_wconf 88' lang='lat' dir='ltr'><strong>usque</strong></span> <span class='ocrx_word' id='word_1_138' title='bbox 1023 1890 1082 1946; x_wconf 92' lang='lat' dir='ltr'><strong>in</strong></span> <span class='ocrx_word' id='word_1_139' title='bbox 1111 1889 1303 1962; x_wconf 89' lang='lat' dir='ltr'><strong>platea</strong></span> <span class='ocrx_word' id='word_1_140' title='bbox 1323 1907 1450 1962; x_wconf 64' lang='lat' dir='ltr'><strong>quae</strong></span> <span class='ocrx_word' id='word_1_141' title='bbox 1470 1893 1709 1945; x_wconf 88' lang='lat' dir='ltr'><strong>vocatur</strong></span> <span class='ocrx_word' id='word_1_142' title='bbox 1726 1905 1854 1943; x_wconf 84' lang='lat' dir='ltr'><strong>cor-</strong></span> <span class='ocrx_word' id='word_1_143' title='bbox 1885 1899 1933 1966; x_wconf 86' lang='grc' dir='ltr'>Β</span> 
     </span>
    </p>
   </div>
   <div class='ocr_carea' id='block_1_20' title="bbox 202 1977 1856 2050">
    <p class='ocr_par' dir='ltr' id='par_1_20' title="bbox 202 1977 1856 2050">
     <span class='ocr_line' id='line_1_20' title="bbox 202 1977 1856 2050; baseline -0.007 -7"><span class='ocrx_word' id='word_1_144' title='bbox 202 1986 351 2043; x_wconf 87' lang='lat' dir='ltr'><strong>tina.</strong></span> <span class='ocrx_word' id='word_1_145' title='bbox 371 1985 506 2049; x_wconf 64' lang='lat' dir='ltr'><strong>Quae</strong></span> <span class='ocrx_word' id='word_1_146' title='bbox 519 1981 716 2038; x_wconf 89' lang='lat' dir='ltr'><strong>omnia</strong></span> <span class='ocrx_word' id='word_1_147' title='bbox 726 1978 1173 2037; x_wconf 89' lang='lat' dir='ltr'><strong>concedimusin</strong></span> <span class='ocrx_word' id='word_1_148' title='bbox 1187 1979 1311 2050; x_wconf 89' lang='lat' dir='ltr'><strong>jam</strong></span> <span class='ocrx_word' id='word_1_149' title='bbox 1326 1979 1479 2034; x_wconf 91' lang='lat' dir='ltr'><strong>dicto</strong></span> <span class='ocrx_word' id='word_1_150' title='bbox 1502 1977 1856 2034; x_wconf 91' lang='lat' dir='ltr'><strong>monasterio</strong></span> 
     </span>
    </p>
   </div>
   <div class='ocr_carea' id='block_1_21' title="bbox 197 2074 1855 2151">
    <p class='ocr_par' dir='ltr' id='par_1_21' title="bbox 197 2074 1855 2151">
     <span class='ocr_line' id='line_1_21' title="bbox 197 2074 1855 2151; baseline -0.007 -11"><span class='ocrx_word' id='word_1_151' title='bbox 197 2086 260 2140; x_wconf 83' lang='lat' dir='ltr'><strong>et</strong></span> <span class='ocrx_word' id='word_1_152' title='bbox 280 2098 411 2139; x_wconf 90' lang='lat' dir='ltr'><strong>cum</strong></span> <span class='ocrx_word' id='word_1_153' title='bbox 436 2079 712 2136; x_wconf 89' lang='lat' dir='ltr'><strong>omnibus</strong></span> <span class='ocrx_word' id='word_1_154' title='bbox 734 2076 1211 2151; x_wconf 87' lang='lat' dir='ltr'><strong>possessionibus</strong></span> <span class='ocrx_word' id='word_1_155' title='bbox 1233 2080 1288 2132; x_wconf 90' lang='lat' dir='ltr'><strong>et</strong></span> <span class='ocrx_word' id='word_1_156' title='bbox 1314 2074 1666 2149; x_wconf 86' lang='lat' dir='ltr'><strong>pertinentis</strong></span> <span class='ocrx_word' id='word_1_157' title='bbox 1688 2076 1817 2147; x_wconf 89' lang='lat' dir='ltr'><strong>ejus</strong></span> <span class='ocrx_word' id='word_1_158' title='bbox 1841 2089 1855 2128; x_wconf 91' lang='lat'><strong>:</strong></span> 
     </span>
    </p>
   </div>
   <div class='ocr_carea' id='block_1_22' title="bbox 201 2164 1857 2242">
    <p class='ocr_par' dir='ltr' id='par_1_22' title="bbox 201 2164 1857 2242">
     <span class='ocr_line' id='line_1_22' title="bbox 201 2164 1857 2242; baseline -0.006 -13"><span class='ocrx_word' id='word_1_159' title='bbox 201 2176 260 2230; x_wconf 89' lang='lat' dir='ltr'><strong>et</strong></span> <span class='ocrx_word' id='word_1_160' title='bbox 287 2172 405 2227; x_wconf 89' lang='lat' dir='ltr'><strong>duo</strong></span> <span class='ocrx_word' id='word_1_161' title='bbox 436 2168 764 2242; x_wconf 88' lang='lat' dir='ltr'><strong>presbyteri</strong></span> <span class='ocrx_word' id='word_1_162' title='bbox 793 2166 938 2223; x_wconf 92' lang='lat' dir='ltr'><strong>inibi</strong></span> <span class='ocrx_word' id='word_1_163' title='bbox 972 2166 1320 2222; x_wconf 89' lang='lat' dir='ltr'><strong>ordinentur</strong></span> <span class='ocrx_word' id='word_1_164' title='bbox 1348 2166 1419 2221; x_wconf 91' lang='lat' dir='ltr'><strong>de</strong></span> <span class='ocrx_word' id='word_1_165' title='bbox 1449 2164 1691 2238; x_wconf 89' lang='lat' dir='ltr'><strong>collegio</strong></span> <span class='ocrx_word' id='word_1_166' title='bbox 1723 2182 1857 2237; x_wconf 69' lang='lat' dir='ltr'><strong>prte-</strong></span> 
     </span>
    </p>
   </div>
   <div class='ocr_carea' id='block_1_23' title="bbox 176 2252 1857 2329">
    <p class='ocr_par' dir='ltr' id='par_1_23' title="bbox 176 2252 1857 2329">
     <span class='ocr_line' id='line_1_23' title="bbox 176 2252 1857 2329; baseline -0.005 -11"><span class='ocrx_word' id='word_1_167' title='bbox 176 2259 342 2325; x_wconf 32' lang='lat' dir='ltr'><strong>,,dicti</strong></span> <span class='ocrx_word' id='word_1_168' title='bbox 372 2256 735 2323; x_wconf 87' lang='lat' dir='ltr'><strong>monasterii,</strong></span> <span class='ocrx_word' id='word_1_169' title='bbox 769 2256 872 2329; x_wconf 88' lang='lat' dir='ltr'><strong>qui</strong></span> <span class='ocrx_word' id='word_1_170' title='bbox 903 2255 996 2311; x_wconf 93' lang='lat' dir='ltr'><strong>die</strong></span> <span class='ocrx_word' id='word_1_171' title='bbox 1026 2258 1319 2326; x_wconf 89' lang='lat' dir='ltr'><strong>noctuque</strong></span> <span class='ocrx_word' id='word_1_172' title='bbox 1355 2254 1616 2310; x_wconf 83' lang='lat' dir='ltr'><strong>ofﬁcium</strong></span> <span class='ocrx_word' id='word_1_173' title='bbox 1662 2252 1857 2310; x_wconf 91' lang='lat' dir='ltr'><strong>laudis</strong></span> 
     </span>
    </p>
   </div>
   <div class='ocr_carea' id='block_1_24' title="bbox 203 2342 1853 2417">
    <p class='ocr_par' dir='ltr' id='par_1_24' title="bbox 203 2342 1853 2417">
     <span class='ocr_line' id='line_1_24' title="bbox 203 2342 1853 2417; baseline -0.005 -11"><span class='ocrx_word' id='word_1_174' title='bbox 203 2347 450 2406; x_wconf 88' lang='lat' dir='ltr'><strong>Domino</strong></span> <span class='ocrx_word' id='word_1_175' title='bbox 479 2345 750 2411; x_wconf 87' lang='lat' dir='ltr'><strong>reddant,</strong></span> <span class='ocrx_word' id='word_1_176' title='bbox 793 2348 852 2401; x_wconf 90' lang='lat' dir='ltr'><strong>et</strong></span> <span class='ocrx_word' id='word_1_177' title='bbox 876 2342 1091 2417; x_wconf 86' lang='lat' dir='ltr'><strong>populo</strong></span> <span class='ocrx_word' id='word_1_178' title='bbox 1142 2343 1470 2399; x_wconf 86' lang='lat' dir='ltr'><strong>necessaria</strong></span> <span class='ocrx_word' id='word_1_179' title='bbox 1500 2342 1853 2398; x_wconf 89' lang='lat' dir='ltr'><strong>ministrent.</strong></span> 
     </span>
    </p>
   </div>
   <div class='ocr_carea' id='block_1_25' title="bbox 203 2431 1857 2509">
    <p class='ocr_par' dir='ltr' id='par_1_25' title="bbox 203 2431 1857 2509">
     <span class='ocr_line' id='line_1_25' title="bbox 203 2431 1857 2509; baseline -0.005 -14"><span class='ocrx_word' id='word_1_180' title='bbox 203 2440 457 2509; x_wconf 88' lang='lat' dir='ltr'><strong>Insuper</strong></span> <span class='ocrx_word' id='word_1_181' title='bbox 484 2434 861 2491; x_wconf 87' lang='lat' dir='ltr'><strong>concedimus</strong></span> <span class='ocrx_word' id='word_1_182' title='bbox 891 2432 1201 2490; x_wconf 89' lang='lat' dir='ltr'><strong>ecclesiam</strong></span> <span class='ocrx_word' id='word_1_183' title='bbox 1233 2433 1428 2489; x_wconf 90' lang='lat' dir='ltr'><strong>Sancti</strong></span> <span class='ocrx_word' id='word_1_184' title='bbox 1458 2431 1674 2488; x_wconf 89' lang='lat' dir='ltr'><strong>Justini</strong></span> <span class='ocrx_word' id='word_1_185' title='bbox 1720 2448 1857 2488; x_wconf 86' lang='lat' dir='ltr'><strong>con-</strong></span> 
     </span>
    </p>
   </div>
   <div class='ocr_carea' id='block_1_26' title="bbox 201 2520 1858 2595">
    <p class='ocr_par' dir='ltr' id='par_1_26' title="bbox 201 2520 1858 2595">
     <span class='ocr_line' id='line_1_26' title="bbox 201 2520 1858 2595; baseline -0.004 -12"><span class='ocrx_word' id='word_1_186' title='bbox 201 2529 495 2584; x_wconf 89' lang='lat' dir='ltr'><strong>structam</strong></span> <span class='ocrx_word' id='word_1_187' title='bbox 515 2524 587 2581; x_wconf 88' lang='lat' dir='ltr'><strong>ad</strong></span> <span class='ocrx_word' id='word_1_188' title='bbox 609 2521 974 2595; x_wconf 89' lang='lat' dir='ltr'><strong>sepulturam</strong></span> <span class='ocrx_word' id='word_1_189' title='bbox 996 2525 1264 2579; x_wconf 84' lang='lat' dir='ltr'><strong>omnium</strong></span> <span class='ocrx_word' id='word_1_190' title='bbox 1288 2521 1626 2577; x_wconf 91' lang='lat' dir='ltr'><strong>Latinorum</strong></span> <span class='ocrx_word' id='word_1_191' title='bbox 1652 2539 1665 2591; x_wconf 89' lang='lat'><strong>;</strong></span> <span class='ocrx_word' id='word_1_192' title='bbox 1689 2520 1771 2576; x_wconf 88' lang='lat' dir='ltr'><strong>ita</strong></span> <span class='ocrx_word' id='word_1_193' title='bbox 1794 2524 1858 2577; x_wconf 90' lang='lat' dir='ltr'><strong>ut</strong></span> 
     </span>
    </p>
   </div>
   <div class='ocr_carea' id='block_1_27' title="bbox 201 2610 1854 2686">
    <p class='ocr_par' dir='ltr' id='par_1_27' title="bbox 201 2610 1854 2686">
     <span class='ocr_line' id='line_1_27' title="bbox 201 2610 1854 2686; baseline -0.004 -13"><span class='ocrx_word' id='word_1_194' title='bbox 201 2630 414 2673; x_wconf 89' lang='lat' dir='ltr'><strong>omnes</strong></span> <span class='ocrx_word' id='word_1_195' title='bbox 454 2612 744 2686; x_wconf 87' lang='lat' dir='ltr'><strong>peregrini</strong></span> <span class='ocrx_word' id='word_1_196' title='bbox 792 2615 850 2667; x_wconf 91' lang='lat' dir='ltr'><strong>et</strong></span> <span class='ocrx_word' id='word_1_197' title='bbox 897 2612 1156 2677; x_wconf 67' lang='lat' dir='ltr'><strong>advenae,</strong></span> <span class='ocrx_word' id='word_1_198' title='bbox 1206 2610 1413 2666; x_wconf 89' lang='lat' dir='ltr'><strong>divites</strong></span> <span class='ocrx_word' id='word_1_199' title='bbox 1460 2614 1518 2666; x_wconf 93' lang='lat' dir='ltr'><strong>et</strong></span> <span class='ocrx_word' id='word_1_200' title='bbox 1549 2626 1854 2682; x_wconf 90' lang='lat' dir='ltr'><strong>pauperes,</strong></span> 
     </span>
    </p>
   </div>
   <div class='ocr_carea' id='block_1_28' title="bbox 200 2707 1859 2780">
    <p class='ocr_par' dir='ltr' id='par_1_28' title="bbox 200 2707 1859 2780">
     <span class='ocr_line' id='line_1_28' title="bbox 200 2707 1859 2780; baseline -0.004 -11"><span class='ocrx_word' id='word_1_201' title='bbox 200 2711 433 2770; x_wconf 87' lang='lat' dir='ltr'><strong>nobiles</strong></span> <span class='ocrx_word' id='word_1_202' title='bbox 478 2713 535 2766; x_wconf 90' lang='lat' dir='ltr'><strong>et</strong></span> <span class='ocrx_word' id='word_1_203' title='bbox 592 2708 884 2765; x_wconf 90' lang='lat' dir='ltr'><strong>innobiles</strong></span> <span class='ocrx_word' id='word_1_204' title='bbox 942 2712 1230 2780; x_wconf 89' lang='lat' dir='ltr'><strong>quotquot</strong></span> <span class='ocrx_word' id='word_1_205' title='bbox 1277 2708 1613 2763; x_wconf 89' lang='lat' dir='ltr'><strong>moriuntur</strong></span> <span class='ocrx_word' id='word_1_206' title='bbox 1662 2708 1719 2763; x_wconf 90' lang='lat' dir='ltr'><strong>in</strong></span> <span class='ocrx_word' id='word_1_207' title='bbox 1751 2707 1859 2763; x_wconf 91' lang='lat' dir='ltr'><strong>hac</strong></span> 
     </span>
    </p>
   </div>
   <div class='ocr_carea' id='block_1_29' title="bbox 201 2796 1856 2868">
    <p class='ocr_par' dir='ltr' id='par_1_29' title="bbox 201 2796 1856 2868">
     <span class='ocr_line' id='line_1_29' title="bbox 201 2796 1856 2868; baseline -0.004 -11"><span class='ocrx_word' id='word_1_208' title='bbox 201 2800 436 2857; x_wconf 89' lang='lat' dir='ltr'><strong>civitaie</strong></span> <span class='ocrx_word' id='word_1_209' title='bbox 487 2798 802 2867; x_wconf 89' lang='lat' dir='ltr'><strong>Leoniana,</strong></span> <span class='ocrx_word' id='word_1_210' title='bbox 835 2801 894 2853; x_wconf 89' lang='lat' dir='ltr'><strong>et</strong></span> <span class='ocrx_word' id='word_1_211' title='bbox 923 2801 1083 2853; x_wconf 72' lang='lat' dir='ltr'><strong>extra</strong></span> <span class='ocrx_word' id='word_1_212' title='bbox 1114 2798 1184 2852; x_wconf 89' lang='lat' dir='ltr'><strong>ad</strong></span> <span class='ocrx_word' id='word_1_213' title='bbox 1220 2797 1332 2852; x_wconf 88' lang='lat' dir='ltr'><strong>tria</strong></span> <span class='ocrx_word' id='word_1_214' title='bbox 1363 2796 1661 2865; x_wconf 87' lang='lat' dir='ltr'><strong>milliaria,</strong></span> <span class='ocrx_word' id='word_1_215' title='bbox 1696 2812 1856 2868; x_wconf 90' lang='lat' dir='ltr'><strong>sepe-</strong></span> 
     </span>
    </p>
   </div>
   <div class='ocr_carea' id='block_1_30' title="bbox 200 2884 1860 2959">
    <p class='ocr_par' dir='ltr' id='par_1_30' title="bbox 200 2884 1860 2959">
     <span class='ocr_line' id='line_1_30' title="bbox 200 2884 1860 2959; baseline -0.004 -12"><span class='ocrx_word' id='word_1_216' title='bbox 200 2890 430 2947; x_wconf 86' lang='lat' dir='ltr'><strong>liantur</strong></span> <span class='ocrx_word' id='word_1_217' title='bbox 454 2887 515 2943; x_wconf 91' lang='lat' dir='ltr'><strong>iu</strong></span> <span class='ocrx_word' id='word_1_218' title='bbox 538 2885 785 2943; x_wconf 89' lang='lat' dir='ltr'><strong>ecclesia</strong></span> <span class='ocrx_word' id='word_1_219' title='bbox 812 2885 1009 2942; x_wconf 89' lang='lat' dir='ltr'><strong>Sancti</strong></span> <span class='ocrx_word' id='word_1_220' title='bbox 1030 2885 1251 2942; x_wconf 88' lang='lat' dir='ltr'><strong>Justini</strong></span> <span class='ocrx_word' id='word_1_221' title='bbox 1283 2886 1450 2959; x_wconf 76' lang='lat'><strong>(200).</strong></span> <span class='ocrx_word' id='word_1_222' title='bbox 1475 2884 1683 2941; x_wconf 87' lang='lat' dir='ltr'><strong>Nullus</strong></span> <span class='ocrx_word' id='word_1_223' title='bbox 1714 2884 1860 2941; x_wconf 89' lang='lat' dir='ltr'><strong>celet</strong></span> 
     </span>
    </p>
   </div>
   <div class='ocr_carea' id='block_1_31' title="bbox 199 2983 1858 3057">
    <p class='ocr_par' dir='ltr' id='par_1_31' title="bbox 199 2983 1858 3057">
     <span class='ocr_line' id='line_1_31' title="bbox 199 2983 1858 3057; baseline -0.004 -12"><span class='ocrx_word' id='word_1_224' title='bbox 199 2987 538 3055; x_wconf 81' lang='lat' dir='ltr'><strong>infirmum,</strong></span> <span class='ocrx_word' id='word_1_225' title='bbox 566 3001 670 3041; x_wconf 91' lang='lat' dir='ltr'><strong>nec</strong></span> <span class='ocrx_word' id='word_1_226' title='bbox 703 2989 1005 3041; x_wconf 89' lang='lat' dir='ltr'><strong>mortuum</strong></span> <span class='ocrx_word' id='word_1_227' title='bbox 1037 2983 1308 3051; x_wconf 88' lang='lat' dir='ltr'><strong>occultet,</strong></span> <span class='ocrx_word' id='word_1_228' title='bbox 1340 2985 1439 3039; x_wconf 90' lang='lat' dir='ltr'><strong>sed</strong></span> <span class='ocrx_word' id='word_1_229' title='bbox 1472 2984 1585 3039; x_wconf 90' lang='lat' dir='ltr'><strong>cito</strong></span> <span class='ocrx_word' id='word_1_230' title='bbox 1616 2985 1858 3057; x_wconf 82' lang='lat' dir='ltr'><strong>presby-</strong></span> 
     </span>
    </p>
   </div>
   <div class='ocr_carea' id='block_1_32' title="bbox 200 3073 1862 3148">
    <p class='ocr_par' dir='ltr' id='par_1_32' title="bbox 200 3073 1862 3148">
     <span class='ocr_line' id='line_1_32' title="bbox 200 3073 1862 3148; baseline -0.005 -12"><span class='ocrx_word' id='word_1_231' title='bbox 200 3080 354 3146; x_wconf 73' lang='lat' dir='ltr'><strong>tero,</strong></span> <span class='ocrx_word' id='word_1_232' title='bbox 399 3078 504 3131; x_wconf 89' lang='lat' dir='ltr'><strong>aut</strong></span> <span class='ocrx_word' id='word_1_233' title='bbox 544 3073 908 3148; x_wconf 85' lang='lat' dir='ltr'><strong>procuratori</strong></span> <span class='ocrx_word' id='word_1_234' title='bbox 947 3076 1139 3129; x_wconf 90' lang='lat' dir='ltr'><strong>vestro</strong></span> <span class='ocrx_word' id='word_1_235' title='bbox 1188 3073 1457 3128; x_wconf 91' lang='lat' dir='ltr'><strong>nuntiare</strong></span> <span class='ocrx_word' id='word_1_236' title='bbox 1502 3073 1755 3141; x_wconf 85' lang='lat' dir='ltr'><strong>festinet,</strong></span> <span class='ocrx_word' id='word_1_237' title='bbox 1805 3076 1862 3128; x_wconf 92' lang='lat' dir='ltr'><strong>et</strong></span> 
     </span>
    </p>
   </div>
   <div class='ocr_carea' id='block_1_33' title="bbox 202 3161 1859 3229">
    <p class='ocr_par' dir='ltr' id='par_1_33' title="bbox 202 3161 1859 3229">
     <span class='ocr_line' id='line_1_33' title="bbox 202 3161 1859 3229; baseline -0.004 -6"><span class='ocrx_word' id='word_1_238' title='bbox 202 3165 416 3224; x_wconf 87' lang='lat' dir='ltr'><strong>nullus</strong></span> <span class='ocrx_word' id='word_1_239' title='bbox 457 3165 615 3221; x_wconf 91' lang='lat' dir='ltr'><strong>bona</strong></span> <span class='ocrx_word' id='word_1_240' title='bbox 654 3162 813 3218; x_wconf 91' lang='lat' dir='ltr'><strong>illius</strong></span> <span class='ocrx_word' id='word_1_241' title='bbox 844 3161 1009 3229; x_wconf 90' lang='lat' dir='ltr'><strong>celet,</strong></span> <span class='ocrx_word' id='word_1_242' title='bbox 1045 3163 1144 3219; x_wconf 92' lang='lat' dir='ltr'><strong>sed</strong></span> <span class='ocrx_word' id='word_1_243' title='bbox 1178 3162 1291 3218; x_wconf 93' lang='lat' dir='ltr'><strong>cito</strong></span> <span class='ocrx_word' id='word_1_244' title='bbox 1322 3180 1389 3218; x_wconf 87' lang='lat' dir='ltr'><strong>ea</strong></span> <span class='ocrx_word' id='word_1_245' title='bbox 1421 3162 1586 3217; x_wconf 91' lang='lat' dir='ltr'><strong>vobis</strong></span> <span class='ocrx_word' id='word_1_246' title='bbox 1616 3162 1859 3229; x_wconf 88' lang='lat' dir='ltr'><strong>reddat;</strong></span> 
     </span>
    </p>
   </div>
   <div class='ocr_carea' id='block_1_34' title="bbox 204 3251 1937 3339">
    <p class='ocr_par' dir='ltr' id='par_1_34' title="bbox 204 3251 1937 3339">
     <span class='ocr_line' id='line_1_34' title="bbox 204 3251 1937 3339; baseline -0.003 -26"><span class='ocrx_word' id='word_1_247' title='bbox 204 3254 418 3314; x_wconf 87' lang='lat' dir='ltr'><strong>nullus</strong></span> <span class='ocrx_word' id='word_1_248' title='bbox 458 3253 700 3310; x_wconf 88' lang='lat' dir='ltr'><strong>suadeat</strong></span> <span class='ocrx_word' id='word_1_249' title='bbox 744 3252 1047 3307; x_wconf 79' lang='lat' dir='ltr'><strong>infirmum</strong></span> <span class='ocrx_word' id='word_1_250' title='bbox 1079 3252 1150 3307; x_wconf 91' lang='lat' dir='ltr'><strong>de</strong></span> <span class='ocrx_word' id='word_1_251' title='bbox 1182 3252 1375 3318; x_wconf 90' lang='lat' dir='ltr'><strong>domo,</strong></span> <span class='ocrx_word' id='word_1_252' title='bbox 1406 3251 1493 3307; x_wconf 86' lang='lat' dir='ltr'><strong>vel</strong></span> <span class='ocrx_word' id='word_1_253' title='bbox 1521 3252 1591 3307; x_wconf 93' lang='lat' dir='ltr'><strong>de</strong></span> <span class='ocrx_word' id='word_1_254' title='bbox 1630 3251 1862 3307; x_wconf 91' lang='lat' dir='ltr'><strong>civitate</strong></span> <span class='ocrx_word' id='word_1_255' title='bbox 1894 3273 1937 3339; x_wconf 70' lang='grc' dir='ltr'><strong>ρ</strong></span> 
     </span>
    </p>
   </div>
   <div class='ocr_carea' id='block_1_35' title="bbox 1956 608 3600 679">
    <p class='ocr_par' dir='ltr' id='par_1_35' title="bbox 1956 608 3600 679">
     <span class='ocr_line' id='line_1_35' title="bbox 1956 608 3600 679; baseline -0.001 -13"><span class='ocrx_word' id='word_1_256' title='bbox 1956 610 2235 667; x_wconf 91' lang='lat' dir='ltr'><strong>alimonia</strong></span> <span class='ocrx_word' id='word_1_257' title='bbox 2265 616 2323 667; x_wconf 91' lang='lat' dir='ltr'><strong>et</strong></span> <span class='ocrx_word' id='word_1_258' title='bbox 2352 612 2776 668; x_wconf 89' lang='lat' dir='ltr'><strong>sustentationc</strong></span> <span class='ocrx_word' id='word_1_259' title='bbox 2821 610 3166 666; x_wconf 83' lang='lat' dir='ltr'><strong>confirmata</strong></span> <span class='ocrx_word' id='word_1_260' title='bbox 3197 611 3356 679; x_wconf 90' lang='lat' dir='ltr'><strong>sunt,</strong></span> <span class='ocrx_word' id='word_1_261' title='bbox 3388 611 3454 663; x_wconf 88' lang='lat' dir='ltr'><strong>ut</strong></span> <span class='ocrx_word' id='word_1_262' title='bbox 3482 608 3600 665; x_wconf 91' lang='lat' dir='ltr'><strong>Deo</strong></span> 
     </span>
    </p>
   </div>
   <div class='ocr_carea' id='block_1_36' title="bbox 1955 697 3603 771">
    <p class='ocr_par' dir='ltr' id='par_1_36' title="bbox 1955 697 3603 771">
     <span class='ocr_line' id='line_1_36' title="bbox 1955 697 3603 771; baseline -0.001 -16"><span class='ocrx_word' id='word_1_263' title='bbox 1955 699 2081 755; x_wconf 90' lang='lat' dir='ltr'><strong>sine</strong></span> <span class='ocrx_word' id='word_1_264' title='bbox 2111 716 2413 756; x_wconf 88' lang='lat' dir='ltr'><strong>murmure</strong></span> <span class='ocrx_word' id='word_1_265' title='bbox 2437 701 2708 768; x_wconf 87' lang='lat' dir='ltr'><strong>serviant,</strong></span> <span class='ocrx_word' id='word_1_266' title='bbox 2734 704 2791 755; x_wconf 90' lang='lat' dir='ltr'><strong>et</strong></span> <span class='ocrx_word' id='word_1_267' title='bbox 2817 700 2876 754; x_wconf 90' lang='lat' dir='ltr'><strong>in</strong></span> <span class='ocrx_word' id='word_1_268' title='bbox 2901 701 3027 771; x_wconf 90' lang='lat' dir='ltr'><strong>jam</strong></span> <span class='ocrx_word' id='word_1_269' title='bbox 3060 698 3214 753; x_wconf 87' lang='lat' dir='ltr'><strong>dicto</strong></span> <span class='ocrx_word' id='word_1_270' title='bbox 3247 697 3603 754; x_wconf 88' lang='lat' dir='ltr'><strong>monasterio</strong></span> 
     </span>
    </p>
   </div>
   <div class='ocr_carea' id='block_1_37' title="bbox 1955 786 3604 859">
    <p class='ocr_par' dir='ltr' id='par_1_37' title="bbox 1955 786 3604 859">
     <span class='ocr_line' id='line_1_37' title="bbox 1955 786 3604 859; baseline 0 -16"><span class='ocrx_word' id='word_1_271' title='bbox 1955 792 2094 843; x_wconf 89' lang='lat' dir='ltr'><strong>sunt</strong></span> <span class='ocrx_word' id='word_1_272' title='bbox 2123 804 2407 844; x_wconf 89' lang='lat' dir='ltr'><strong>concessa</strong></span> <span class='ocrx_word' id='word_1_273' title='bbox 2437 790 2699 844; x_wconf 86' lang='lat' dir='ltr'><strong>minuere</strong></span> <span class='ocrx_word' id='word_1_274' title='bbox 2721 788 2990 855; x_wconf 85' lang='lat' dir='ltr'><strong>voluerit,</strong></span> <span class='ocrx_word' id='word_1_275' title='bbox 3024 791 3083 843; x_wconf 91' lang='lat' dir='ltr'><strong>et</strong></span> <span class='ocrx_word' id='word_1_276' title='bbox 3112 786 3171 841; x_wconf 91' lang='lat' dir='ltr'><strong>in</strong></span> <span class='ocrx_word' id='word_1_277' title='bbox 3204 803 3408 843; x_wconf 90' lang='lat' dir='ltr'><strong>eorum</strong></span> <span class='ocrx_word' id='word_1_278' title='bbox 3439 791 3604 859; x_wconf 88' lang='lat' dir='ltr'><strong>pote-</strong></span> 
     </span>
    </p>
   </div>
   <div class='ocr_carea' id='block_1_38' title="bbox 1955 876 3606 945">
    <p class='ocr_par' dir='ltr' id='par_1_38' title="bbox 1955 876 3606 945">
     <span class='ocr_line' id='line_1_38' title="bbox 1955 876 3606 945; baseline 0 -13"><span class='ocrx_word' id='word_1_279' title='bbox 1955 881 2121 943; x_wconf 88' lang='lat' dir='ltr'><strong>state,</strong></span> <span class='ocrx_word' id='word_1_280' title='bbox 2161 881 2217 932; x_wconf 93' lang='lat' dir='ltr'><strong>et</strong></span> <span class='ocrx_word' id='word_1_281' title='bbox 2265 877 2628 933; x_wconf 87' lang='lat' dir='ltr'><strong>ordinatione</strong></span> <span class='ocrx_word' id='word_1_282' title='bbox 2679 893 3018 933; x_wconf 88' lang='lat' dir='ltr'><strong>conservare</strong></span> <span class='ocrx_word' id='word_1_283' title='bbox 3062 876 3334 945; x_wconf 88' lang='lat' dir='ltr'><strong>noluerit,</strong></span> <span class='ocrx_word' id='word_1_284' title='bbox 3367 876 3514 933; x_wconf 91' lang='lat' dir='ltr'><strong>sciat</strong></span> <span class='ocrx_word' id='word_1_285' title='bbox 3543 893 3606 933; x_wconf 90' lang='lat' dir='ltr'><strong>se</strong></span> 
     </span>
    </p>
   </div>
   <div class='ocr_carea' id='block_1_39' title="bbox 1957 965 3604 1039">
    <p class='ocr_par' dir='ltr' id='par_1_39' title="bbox 1957 965 3604 1039">
     <span class='ocr_line' id='line_1_39' title="bbox 1957 965 3604 1039; baseline 0 -18"><span class='ocrx_word' id='word_1_286' title='bbox 1957 971 2155 1022; x_wconf 90' lang='lat' dir='ltr'><strong>nostro</strong></span> <span class='ocrx_word' id='word_1_287' title='bbox 2215 984 2379 1021; x_wconf 90' lang='lat' dir='ltr'><strong>sacro</strong></span> <span class='ocrx_word' id='word_1_288' title='bbox 2433 966 2647 1039; x_wconf 88' lang='lat' dir='ltr'><strong>palatio</strong></span> <span class='ocrx_word' id='word_1_289' title='bbox 2706 966 3082 1021; x_wconf 87' lang='lat' dir='ltr'><strong>Lateranensi</strong></span> <span class='ocrx_word' id='word_1_290' title='bbox 3140 965 3604 1038; x_wconf 90' lang='lat' dir='ltr'><strong>compositurum</strong></span> 
     </span>
    </p>
   </div>
   <div class='ocr_carea' id='block_1_40' title="bbox 1955 1053 3607 1127">
    <p class='ocr_par' dir='ltr' id='par_1_40' title="bbox 1955 1053 3607 1127">
     <span class='ocr_line' id='line_1_40' title="bbox 1955 1053 3607 1127; baseline 0.001 -19"><span class='ocrx_word' id='word_1_291' title='bbox 1955 1055 2263 1109; x_wconf 88' lang='lat' dir='ltr'><strong>duodecim</strong></span> <span class='ocrx_word' id='word_1_292' title='bbox 2286 1054 2414 1110; x_wconf 88' lang='lat' dir='ltr'><strong>auri</strong></span> <span class='ocrx_word' id='word_1_293' title='bbox 2447 1054 2749 1126; x_wconf 86' lang='lat' dir='ltr'><strong>purissimi</strong></span> <span class='ocrx_word' id='word_1_294' title='bbox 2784 1053 2989 1123; x_wconf 90' lang='lat' dir='ltr'><strong>libras,</strong></span> <span class='ocrx_word' id='word_1_295' title='bbox 3013 1058 3071 1109; x_wconf 90' lang='lat' dir='ltr'><strong>et</strong></span> <span class='ocrx_word' id='word_1_296' title='bbox 3096 1055 3337 1127; x_wconf 90' lang='lat' dir='ltr'><strong>insuper</strong></span> <span class='ocrx_word' id='word_1_297' title='bbox 3366 1054 3607 1111; x_wconf 88' lang='lat' dir='ltr'><strong>anathe-</strong></span> 
     </span>
    </p>
   </div>
   <div class='ocr_carea' id='block_1_41' title="bbox 1957 1142 3607 1215">
    <p class='ocr_par' dir='ltr' id='par_1_41' title="bbox 1957 1142 3607 1215">
     <span class='ocr_line' id='line_1_41' title="bbox 1957 1142 3607 1215; baseline 0.001 -18"><span class='ocrx_word' id='word_1_298' title='bbox 1957 1144 2134 1198; x_wconf 83' lang='lat' dir='ltr'><strong>matis</strong></span> <span class='ocrx_word' id='word_1_299' title='bbox 2164 1143 2394 1198; x_wconf 89' lang='lat' dir='ltr'><strong>vinculo</strong></span> <span class='ocrx_word' id='word_1_300' title='bbox 2418 1144 2748 1210; x_wconf 88' lang='lat' dir='ltr'><strong>innodetur,</strong></span> <span class='ocrx_word' id='word_1_301' title='bbox 2775 1147 2831 1198; x_wconf 91' lang='lat' dir='ltr'><strong>et</strong></span> <span class='ocrx_word' id='word_1_302' title='bbox 2855 1159 2987 1198; x_wconf 91' lang='lat' dir='ltr'><strong>cum</strong></span> <span class='ocrx_word' id='word_1_303' title='bbox 3011 1142 3209 1215; x_wconf 89' lang='lat' dir='ltr'><strong>impiis</strong></span> <span class='ocrx_word' id='word_1_304' title='bbox 3232 1148 3289 1199; x_wconf 91' lang='lat' dir='ltr'><strong>et</strong></span> <span class='ocrx_word' id='word_1_305' title='bbox 3310 1142 3607 1200; x_wconf 89' lang='lat' dir='ltr'><strong>sceleratis</strong></span> 
     </span>
    </p>
   </div>
   <div class='ocr_carea' id='block_1_42' title="bbox 1957 1230 3608 1303">
    <p class='ocr_par' dir='ltr' id='par_1_42' title="bbox 1957 1230 3608 1303">
     <span class='ocr_line' id='line_1_42' title="bbox 1957 1230 3608 1303; baseline 0.002 -17"><span class='ocrx_word' id='word_1_306' title='bbox 1957 1236 2171 1286; x_wconf 62' lang='lat' dir='ltr'><strong>aeterno</strong></span> <span class='ocrx_word' id='word_1_307' title='bbox 2202 1230 2336 1303; x_wconf 90' lang='lat' dir='ltr'><strong>igne</strong></span> <span class='ocrx_word' id='word_1_308' title='bbox 2367 1235 2689 1299; x_wconf 88' lang='lat' dir='ltr'><strong>cremetur;</strong></span> <span class='ocrx_word' id='word_1_309' title='bbox 2724 1238 2780 1286; x_wconf 90' lang='lat' dir='ltr'><strong>et</strong></span> <span class='ocrx_word' id='word_1_310' title='bbox 2809 1248 2943 1286; x_wconf 92' lang='lat' dir='ltr'><strong>cum</strong></span> <span class='ocrx_word' id='word_1_311' title='bbox 2973 1231 3129 1286; x_wconf 86' lang='lat' dir='ltr'><strong>Juda</strong></span> <span class='ocrx_word' id='word_1_312' title='bbox 3159 1232 3390 1288; x_wconf 91' lang='lat' dir='ltr'><strong>Domini</strong></span> <span class='ocrx_word' id='word_1_313' title='bbox 3420 1232 3608 1289; x_wconf 91' lang='lat' dir='ltr'><strong>nostri</strong></span> 
     </span>
    </p>
   </div>
   <div class='ocr_carea' id='block_1_43' title="bbox 1956 1319 3609 1385">
    <p class='ocr_par' dir='ltr' id='par_1_43' title="bbox 1956 1319 3609 1385">
     <span class='ocr_line' id='line_1_43' title="bbox 1956 1319 3609 1385; baseline 0.002 -10"><span class='ocrx_word' id='word_1_314' title='bbox 1956 1319 2093 1375; x_wconf 88' lang='lat' dir='ltr'><strong>Jesu</strong></span> <span class='ocrx_word' id='word_1_315' title='bbox 2121 1319 2336 1374; x_wconf 88' lang='lat' dir='ltr'><strong>Christi</strong></span> <span class='ocrx_word' id='word_1_316' title='bbox 2368 1321 2646 1376; x_wconf 87' lang='lat' dir='ltr'><strong>traditore</strong></span> <span class='ocrx_word' id='word_1_317' title='bbox 2670 1321 2727 1374; x_wconf 91' lang='lat' dir='ltr'><strong>in</strong></span> <span class='ocrx_word' id='word_1_318' title='bbox 2750 1320 2978 1375; x_wconf 87' lang='lat' dir='ltr'><strong>inferno</strong></span> <span class='ocrx_word' id='word_1_319' title='bbox 3002 1321 3309 1376; x_wconf 86' lang='lat' dir='ltr'><strong>crucietur.</strong></span> <span class='ocrx_word' id='word_1_320' title='bbox 3343 1322 3451 1385; x_wconf 88' lang='lat' dir='ltr'><strong>Qui</strong></span> <span class='ocrx_word' id='word_1_321' title='bbox 3474 1338 3609 1378; x_wconf 87' lang='lat' dir='ltr'><strong>vero</strong></span> 
     </span>
    </p>
   </div>
   <div class='ocr_carea' id='block_1_44' title="bbox 1960 1408 3611 1481">
    <p class='ocr_par' dir='ltr' id='par_1_44' title="bbox 1960 1408 3611 1481">
     <span class='ocr_line' id='line_1_44' title="bbox 1960 1408 3611 1481; baseline 0.002 -18"><span class='ocrx_word' id='word_1_322' title='bbox 1960 1425 2061 1481; x_wconf 89' lang='lat' dir='ltr'><strong>pro</strong></span> <span class='ocrx_word' id='word_1_323' title='bbox 2094 1409 2310 1463; x_wconf 90' lang='lat' dir='ltr'><strong>intuitu</strong></span> <span class='ocrx_word' id='word_1_324' title='bbox 2336 1413 2567 1463; x_wconf 86' lang='lat' dir='ltr'><strong>curator</strong></span> <span class='ocrx_word' id='word_1_325' title='bbox 2596 1414 2653 1464; x_wconf 90' lang='lat' dir='ltr'><strong>et</strong></span> <span class='ocrx_word' id='word_1_326' title='bbox 2682 1409 3019 1464; x_wconf 84' lang='lat' dir='ltr'><strong>observator</strong></span> <span class='ocrx_word' id='word_1_327' title='bbox 3048 1408 3391 1479; x_wconf 91' lang='lat' dir='ltr'><strong>hujusmodi</strong></span> <span class='ocrx_word' id='word_1_328' title='bbox 3424 1410 3611 1466; x_wconf 90' lang='lat' dir='ltr'><strong>nostri</strong></span> 
     </span>
    </p>
   </div>
   <div class='ocr_carea' id='block_1_45' title="bbox 1960 1496 3615 1570">
    <p class='ocr_par' dir='ltr' id='par_1_45' title="bbox 1960 1496 3615 1570">
     <span class='ocr_line' id='line_1_45' title="bbox 1960 1496 3615 1570; baseline 0.001 -18"><span class='ocrx_word' id='word_1_329' title='bbox 1960 1496 2243 1570; x_wconf 86' lang='lat' dir='ltr'><strong>privilegii</strong></span> <span class='ocrx_word' id='word_1_330' title='bbox 2262 1497 2573 1563; x_wconf 81' lang='lat' dir='ltr'><strong>exstiterit,</strong></span> <span class='ocrx_word' id='word_1_331' title='bbox 2598 1496 3019 1553; x_wconf 89' lang='lat' dir='ltr'><strong>benedictionis</strong></span> <span class='ocrx_word' id='word_1_332' title='bbox 3040 1497 3290 1569; x_wconf 90' lang='lat' dir='ltr'><strong>gratiam</strong></span> <span class='ocrx_word' id='word_1_333' title='bbox 3315 1512 3349 1552; x_wconf 92' lang='lat' dir='ltr'><strong>a</strong></span> <span class='ocrx_word' id='word_1_334' title='bbox 3371 1498 3615 1554; x_wconf 92' lang='lat' dir='ltr'><strong>Domino</strong></span> 
     </span>
    </p>
   </div>
   <div class='ocr_carea' id='block_1_46' title="bbox 1962 1584 3618 1660">
    <p class='ocr_par' dir='ltr' id='par_1_46' title="bbox 1962 1584 3618 1660">
     <span class='ocr_line' id='line_1_46' title="bbox 1962 1584 3618 1660; baseline -0.001 -17"><span class='ocrx_word' id='word_1_335' title='bbox 1962 1591 2162 1643; x_wconf 90' lang='lat' dir='ltr'><strong>nostro</strong></span> <span class='ocrx_word' id='word_1_336' title='bbox 2191 1586 2331 1642; x_wconf 89' lang='lat' dir='ltr'><strong>Jesu</strong></span> <span class='ocrx_word' id='word_1_337' title='bbox 2355 1585 2606 1655; x_wconf 89' lang='lat' dir='ltr'><strong>Christo,</strong></span> <span class='ocrx_word' id='word_1_338' title='bbox 2631 1591 2688 1642; x_wconf 91' lang='lat' dir='ltr'><strong>et</strong></span> <span class='ocrx_word' id='word_1_339' title='bbox 2716 1586 2932 1659; x_wconf 84' lang='lat' dir='ltr'><strong>gaudia</strong></span> <span class='ocrx_word' id='word_1_340' title='bbox 2954 1584 3316 1659; x_wconf 89' lang='lat' dir='ltr'><strong>sempiterna</strong></span> <span class='ocrx_word' id='word_1_341' title='bbox 3336 1586 3618 1660; x_wconf 90' lang='lat' dir='ltr'><strong>consequi</strong></span> 
     </span>
    </p>
   </div>
   <div class='ocr_carea' id='block_1_47' title="bbox 1967 1680 2280 1732">
    <p class='ocr_par' dir='ltr' id='par_1_47' title="bbox 1967 1680 2280 1732">
     <span class='ocr_line' id='line_1_47' title="bbox 1967 1680 2280 1732; baseline 0.003 -1"><span class='ocrx_word' id='word_1_342' title='bbox 1967 1680 2280 1732; x_wconf 89' lang='lat' dir='ltr'><strong>mereatur.</strong></span> 
     </span>
    </p>
   </div>
   <div class='ocr_carea' id='block_1_48' title="bbox 2034 1764 3621 1841">
    <p class='ocr_par' dir='ltr' id='par_1_48' title="bbox 2034 1764 3621 1841">
     <span class='ocr_line' id='line_1_48' title="bbox 2034 1764 3621 1841; baseline 0.002 -21"><span class='ocrx_word' id='word_1_343' title='bbox 2034 1766 2330 1836; x_wconf 88' lang='lat' dir='ltr'><strong>Scriptum</strong></span> <span class='ocrx_word' id='word_1_344' title='bbox 2365 1781 2467 1836; x_wconf 90' lang='lat' dir='ltr'><strong>per</strong></span> <span class='ocrx_word' id='word_1_345' title='bbox 2488 1778 2731 1820; x_wconf 86' lang='lat' dir='ltr'><strong>manum</strong></span> <span class='ocrx_word' id='word_1_346' title='bbox 2754 1765 2948 1821; x_wconf 86' lang='lat' dir='ltr'><strong>Albini</strong></span> <span class='ocrx_word' id='word_1_347' title='bbox 2972 1764 3263 1821; x_wconf 91' lang='lat' dir='ltr'><strong>scriniarii</strong></span> <span class='ocrx_word' id='word_1_348' title='bbox 3288 1766 3437 1822; x_wconf 89' lang='lat' dir='ltr'><strong>sacri</strong></span> <span class='ocrx_word' id='word_1_349' title='bbox 3462 1764 3621 1841; x_wconf 89' lang='lat' dir='ltr'><strong>pala-</strong></span> 
     </span>
    </p>
   </div>
   <div class='ocr_carea' id='block_1_49' title="bbox 1962 1854 3615 1928">
    <p class='ocr_par' dir='ltr' id='par_1_49' title="bbox 1962 1854 3615 1928">
     <span class='ocr_line' id='line_1_49' title="bbox 1962 1854 3615 1928; baseline 0.002 -19"><span class='ocrx_word' id='word_1_350' title='bbox 1962 1854 2027 1909; x_wconf 93' lang='lat' dir='ltr'><strong>tii</strong></span> <span class='ocrx_word' id='word_1_351' title='bbox 2059 1871 2211 1910; x_wconf 91' lang='lat' dir='ltr'><strong>anno</strong></span> <span class='ocrx_word' id='word_1_352' title='bbox 2234 1854 2435 1925; x_wconf 89' lang='lat' dir='ltr'><strong>quinto</strong></span> <span class='ocrx_word' id='word_1_353' title='bbox 2459 1854 2659 1910; x_wconf 88' lang='lat' dir='ltr'><strong>domni</strong></span> <span class='ocrx_word' id='word_1_354' title='bbox 2685 1856 2889 1910; x_wconf 60' lang='lat' dir='ltr'><strong>Leonis</strong></span> <span class='ocrx_word' id='word_1_355' title='bbox 2926 1855 3059 1910; x_wconf 77' lang='lat' dir='ltr'><strong>noni</strong></span> <span class='ocrx_word' id='word_1_356' title='bbox 3085 1872 3269 1928; x_wconf 65' lang='lat' dir='ltr'><strong>papae,</strong></span> <span class='ocrx_word' id='word_1_357' title='bbox 3297 1855 3504 1913; x_wconf 90' lang='lat' dir='ltr'><strong>indict.</strong></span> <span class='ocrx_word' id='word_1_358' title='bbox 3536 1872 3615 1912; x_wconf 76' lang='lat' dir='ltr'><strong>v1.</strong></span> 
     </span>
    </p>
   </div>
   <div class='ocr_carea' id='block_1_50' title="bbox 1967 1942 3122 2011">
    <p class='ocr_par' dir='ltr' id='par_1_50' title="bbox 1967 1942 3122 2011">
     <span class='ocr_line' id='line_1_50' title="bbox 1967 1942 3122 2011; baseline 0 -11"><span class='ocrx_word' id='word_1_359' title='bbox 1967 1958 2169 2000; x_wconf 90' lang='lat' dir='ltr'><strong>mense</strong></span> <span class='ocrx_word' id='word_1_360' title='bbox 2200 1942 2426 2011; x_wconf 89' lang='lat' dir='ltr'><strong>Martio,</strong></span> <span class='ocrx_word' id='word_1_361' title='bbox 2461 1942 2554 1998; x_wconf 90' lang='lat' dir='ltr'><strong>die</strong></span> <span class='ocrx_word' id='word_1_362' title='bbox 2585 1961 2737 1999; x_wconf 72' lang='lat' dir='ltr'><strong>xxrv.</strong></span> <span class='ocrx_word' id='word_1_363' title='bbox 3116 2004 3122 2011; x_wconf 61' lang='grc'><em>,</em></span> 
     </span>
    </p>
   </div>
   <div class='ocr_carea' id='block_1_51' title="bbox 2037 2029 3620 2104">
    <p class='ocr_par' dir='ltr' id='par_1_51' title="bbox 2037 2029 3620 2104">
     <span class='ocr_line' id='line_1_51' title="bbox 2037 2029 3620 2104; baseline 0.001 -17"><span class='ocrx_word' id='word_1_364' title='bbox 2037 2032 2250 2088; x_wconf 88' lang='lat' dir='ltr'><strong>Datum</strong></span> <span class='ocrx_word' id='word_1_365' title='bbox 2272 2048 2374 2085; x_wconf 82' lang='lat' dir='ltr'><strong>VIII</strong></span> <span class='ocrx_word' id='word_1_366' title='bbox 2398 2030 2686 2087; x_wconf 87' lang='lat' dir='ltr'><strong>Kalendas</strong></span> <span class='ocrx_word' id='word_1_367' title='bbox 2706 2029 2921 2103; x_wconf 90' lang='lat' dir='ltr'><strong>Aprilis</strong></span> <span class='ocrx_word' id='word_1_368' title='bbox 2943 2048 3046 2104; x_wconf 91' lang='lat' dir='ltr'><strong>per</strong></span> <span class='ocrx_word' id='word_1_369' title='bbox 3066 2048 3309 2087; x_wconf 90' lang='lat' dir='ltr'><strong>manum</strong></span> <span class='ocrx_word' id='word_1_370' title='bbox 3330 2032 3620 2088; x_wconf 89' lang='lat' dir='ltr'><strong>Frederici</strong></span> 
     </span>
    </p>
   </div>
   <div class='ocr_carea' id='block_1_52' title="bbox 1967 2120 3625 2190">
    <p class='ocr_par' dir='ltr' id='par_1_52' title="bbox 1967 2120 3625 2190">
     <span class='ocr_line' id='line_1_52' title="bbox 1967 2120 3625 2190; baseline 0.001 -14"><span class='ocrx_word' id='word_1_371' title='bbox 1967 2120 2194 2177; x_wconf 91' lang='lat' dir='ltr'><strong>diaconi</strong></span> <span class='ocrx_word' id='word_1_372' title='bbox 2229 2124 2443 2175; x_wconf 81' lang='lat' dir='ltr'><strong>sanctae</strong></span> <span class='ocrx_word' id='word_1_373' title='bbox 2495 2121 2768 2176; x_wconf 62' lang='lat' dir='ltr'><strong>Romana</strong></span> <span class='ocrx_word' id='word_1_374' title='bbox 2792 2120 3059 2177; x_wconf 63' lang='lat' dir='ltr'><strong>Ecclesia:</strong></span> <span class='ocrx_word' id='word_1_375' title='bbox 3084 2120 3533 2190; x_wconf 89' lang='lat' dir='ltr'><strong>bibliothecarii,</strong></span> <span class='ocrx_word' id='word_1_376' title='bbox 3566 2126 3625 2178; x_wconf 88' lang='lat' dir='ltr'><strong>et</strong></span> 
     </span>
    </p>
   </div>
   <div class='ocr_carea' id='block_1_53' title="bbox 1966 2208 3625 2284">
    <p class='ocr_par' dir='ltr' id='par_1_53' title="bbox 1966 2208 3625 2284">
     <span class='ocr_line' id='line_1_53' title="bbox 1966 2208 3625 2284; baseline -0.002 -17"><span class='ocrx_word' id='word_1_377' title='bbox 1966 2209 2297 2267; x_wconf 87' lang='lat' dir='ltr'><strong>cancellarii</strong></span> <span class='ocrx_word' id='word_1_378' title='bbox 2319 2208 2442 2264; x_wconf 89' lang='lat' dir='ltr'><strong>vice</strong></span> <span class='ocrx_word' id='word_1_379' title='bbox 2470 2209 2671 2264; x_wconf 90' lang='lat' dir='ltr'><strong>domni</strong></span> <span class='ocrx_word' id='word_1_380' title='bbox 2689 2209 3027 2266; x_wconf 89' lang='lat' dir='ltr'><strong>Herimanni</strong></span> <span class='ocrx_word' id='word_1_381' title='bbox 3050 2208 3543 2284; x_wconf 90' lang='lat' dir='ltr'><strong>archicancellarii</strong></span> <span class='ocrx_word' id='word_1_382' title='bbox 3567 2213 3625 2266; x_wconf 92' lang='lat' dir='ltr'><strong>et</strong></span> 
     </span>
    </p>
   </div>
   <div class='ocr_carea' id='block_1_54' title="bbox 1967 2296 3621 2371">
    <p class='ocr_par' dir='ltr' id='par_1_54' title="bbox 1967 2296 3621 2371">
     <span class='ocr_line' id='line_1_54' title="bbox 1967 2296 3621 2371; baseline -0.002 -15"><span class='ocrx_word' id='word_1_383' title='bbox 1967 2298 2333 2356; x_wconf 86' lang='lat' dir='ltr'><strong>Coloniensis</strong></span> <span class='ocrx_word' id='word_1_384' title='bbox 2363 2296 2810 2371; x_wconf 90' lang='lat' dir='ltr'><strong>archiepiscopi.</strong></span> <span class='ocrx_word' id='word_1_385' title='bbox 2834 2303 3004 2356; x_wconf 78' lang='lat' dir='ltr'><strong>Anno</strong></span> <span class='ocrx_word' id='word_1_386' title='bbox 3027 2298 3229 2355; x_wconf 91' lang='lat' dir='ltr'><strong>domni</strong></span> <span class='ocrx_word' id='word_1_387' title='bbox 3255 2298 3461 2356; x_wconf 87' lang='lat' dir='ltr'><strong>Leonis</strong></span> <span class='ocrx_word' id='word_1_388' title='bbox 3481 2298 3621 2357; x_wconf 89' lang='lat' dir='ltr'><strong>noni</strong></span> 
     </span>
    </p>
   </div>
   <div class='ocr_carea' id='block_1_55' title="bbox 1965 2386 2669 2461">
    <p class='ocr_par' dir='ltr' id='par_1_55' title="bbox 1965 2386 2669 2461">
     <span class='ocr_line' id='line_1_55' title="bbox 1965 2386 2669 2461; baseline -0.004 -16"><span class='ocrx_word' id='word_1_389' title='bbox 1965 2405 2125 2461; x_wconf 68' lang='lat' dir='ltr'><strong>papae</strong></span> <span class='ocrx_word' id='word_1_390' title='bbox 2155 2405 2209 2454; x_wconf 88' lang='lat' dir='ltr'><strong>v,</strong></span> <span class='ocrx_word' id='word_1_391' title='bbox 2241 2386 2563 2442; x_wconf 88' lang='lat' dir='ltr'><strong>indictione</strong></span> <span class='ocrx_word' id='word_1_392' title='bbox 2591 2403 2669 2442; x_wconf 83' lang='lat' dir='ltr'><strong>v1.</strong></span> 
     </span>
    </p>
   </div>
   <div class='ocr_carea' id='block_1_56' title="bbox 2038 2562 3625 2637">
    <p class='ocr_par' dir='ltr' id='par_1_56' title="bbox 2038 2562 3625 2637">
     <span class='ocr_line' id='line_1_56' title="bbox 2038 2562 3625 2637; baseline -0.001 -15"><span class='ocrx_word' id='word_1_393' title='bbox 2038 2569 2199 2631; x_wconf 89' lang='lat' dir='ltr'><strong>Acta,</strong></span> <span class='ocrx_word' id='word_1_394' title='bbox 2222 2565 2462 2637; x_wconf 90' lang='lat' dir='ltr'><strong>scripta,</strong></span> <span class='ocrx_word' id='word_1_395' title='bbox 2483 2568 2877 2637; x_wconf 88' lang='lat' dir='ltr'><strong>transumpta,</strong></span> <span class='ocrx_word' id='word_1_396' title='bbox 2901 2564 3198 2637; x_wconf 90' lang='lat' dir='ltr'><strong>publicata</strong></span> <span class='ocrx_word' id='word_1_397' title='bbox 3218 2567 3274 2621; x_wconf 95' lang='lat' dir='ltr'><strong>et</strong></span> <span class='ocrx_word' id='word_1_398' title='bbox 3294 2562 3625 2637; x_wconf 81' lang='lat' dir='ltr'><strong>auscultate</strong></span> 
     </span>
    </p>
   </div>
   <div class='ocr_carea' id='block_1_57' title="bbox 1969 2636 3619 2711">
    <p class='ocr_par' dir='ltr' id='par_1_57' title="bbox 1969 2636 3619 2711">
     <span class='ocr_line' id='line_1_57' title="bbox 1969 2636 3619 2711; baseline 0.001 -18"><span class='ocrx_word' id='word_1_399' title='bbox 1969 2643 2109 2711; x_wconf 84' lang='lat' dir='ltr'><strong>sunt</strong></span> <span class='ocrx_word' id='word_1_400' title='bbox 2139 2636 2418 2711; x_wconf 64' lang='lat' dir='ltr'><strong>praedicta</strong></span> <span class='ocrx_word' id='word_1_401' title='bbox 2446 2654 2549 2711; x_wconf 82' lang='lat' dir='ltr'><strong>per</strong></span> <span class='ocrx_word' id='word_1_402' title='bbox 2579 2636 3001 2711; x_wconf 75' lang='lat' dir='ltr'><strong>omniacoram</strong></span> <span class='ocrx_word' id='word_1_403' title='bbox 3042 2636 3527 2711; x_wconf 80' lang='lat' dir='ltr'><strong>reverendissimo</strong></span> <span class='ocrx_word' id='word_1_404' title='bbox 3558 2636 3619 2694; x_wconf 92' lang='lat' dir='ltr'><strong>in</strong></span> 
     </span>
    </p>
   </div>
   <div class='ocr_carea' id='block_1_58' title="bbox 1969 2707 3620 2781">
    <p class='ocr_par' dir='ltr' id='par_1_58' title="bbox 1969 2707 3620 2781">
     <span class='ocr_line' id='line_1_58' title="bbox 1969 2707 3620 2781; baseline -0.001 -16"><span class='ocrx_word' id='word_1_405' title='bbox 1969 2707 2211 2781; x_wconf 76' lang='lat' dir='ltr'><strong>Christo</strong></span> <span class='ocrx_word' id='word_1_406' title='bbox 2231 2714 2393 2781; x_wconf 88' lang='lat' dir='ltr'><strong>patre</strong></span> <span class='ocrx_word' id='word_1_407' title='bbox 2412 2707 2471 2781; x_wconf 77' lang='lat' dir='ltr'><strong>et</strong></span> <span class='ocrx_word' id='word_1_408' title='bbox 2491 2708 2750 2781; x_wconf 86' lang='lat' dir='ltr'><strong>domino,</strong></span> <span class='ocrx_word' id='word_1_409' title='bbox 2776 2708 3013 2781; x_wconf 84' lang='lat' dir='ltr'><strong>domino</strong></span> <span class='ocrx_word' id='word_1_410' title='bbox 3034 2707 3344 2781; x_wconf 73' lang='lat' dir='ltr'><strong>Anibaldo,</strong></span> <span class='ocrx_word' id='word_1_411' title='bbox 3374 2708 3620 2781; x_wconf 75' lang='lat' dir='ltr'><strong>misera-</strong></span> 
     </span>
    </p>
   </div>
   <div class='ocr_carea' id='block_1_59' title="bbox 1970 2778 3616 2863">
    <p class='ocr_par' dir='ltr' id='par_1_59' title="bbox 1970 2778 3616 2863">
     <span class='ocr_line' id='line_1_59' title="bbox 1970 2778 3616 2863; baseline -0.001 -27"><span class='ocrx_word' id='word_1_412' title='bbox 1970 2782 2129 2863; x_wconf 83' lang='lat' dir='ltr'><strong>tione</strong></span> <span class='ocrx_word' id='word_1_413' title='bbox 2160 2778 2356 2863; x_wconf 75' lang='lat' dir='ltr'><strong>divina</strong></span> <span class='ocrx_word' id='word_1_414' title='bbox 2386 2779 2657 2863; x_wconf 77' lang='lat' dir='ltr'><strong>episcopo</strong></span> <span class='ocrx_word' id='word_1_415' title='bbox 2680 2779 3012 2863; x_wconf 77' lang='lat' dir='ltr'><strong>Tusculano</strong></span> <span class='ocrx_word' id='word_1_416' title='bbox 3310 2778 3616 2863; x_wconf 69' lang='lat' dir='ltr'><strong>cardinali,</strong></span> 
     </span>
    </p>
   </div>
   <div class='ocr_carea' id='block_1_60' title="bbox 1970 2849 3614 2925">
    <p class='ocr_par' dir='ltr' id='par_1_60' title="bbox 1970 2849 3614 2925">
     <span class='ocr_line' id='line_1_60' title="bbox 1970 2849 3614 2925; baseline -0.001 -17"><span class='ocrx_word' id='word_1_417' title='bbox 1970 2850 2299 2925; x_wconf 72' lang='lat' dir='ltr'><strong>apostolica:</strong></span> <span class='ocrx_word' id='word_1_418' title='bbox 2322 2849 2477 2925; x_wconf 80' lang='lat' dir='ltr'><strong>sedis</strong></span> <span class='ocrx_word' id='word_1_419' title='bbox 2500 2849 2710 2925; x_wconf 78' lang='lat' dir='ltr'><strong>legato,</strong></span> <span class='ocrx_word' id='word_1_420' title='bbox 2734 2868 2834 2925; x_wconf 89' lang='lat' dir='ltr'><strong>p_ro</strong></span> <span class='ocrx_word' id='word_1_421' title='bbox 2855 2850 3133 2925; x_wconf 80' lang='lat' dir='ltr'><strong>tribunali</strong></span> <span class='ocrx_word' id='word_1_422' title='bbox 3154 2852 3390 2907; x_wconf 90' lang='lat' dir='ltr'><strong>sedente</strong></span> <span class='ocrx_word' id='word_1_423' title='bbox 3416 2851 3614 2925; x_wconf 62' lang='lat' dir='ltr'><strong>liomss</strong></span> 
     </span>
    </p>
   </div>
   <div class='ocr_carea' id='block_1_61' title="bbox 1967 2921 3612 2996">
    <p class='ocr_par' dir='ltr' id='par_1_61' title="bbox 1967 2921 3612 2996">
     <span class='ocr_line' id='line_1_61' title="bbox 1967 2921 3612 2996; baseline -0.001 -17"><span class='ocrx_word' id='word_1_424' title='bbox 1967 2921 2026 2979; x_wconf 82' lang='lat' dir='ltr'><strong>in</strong></span> <span class='ocrx_word' id='word_1_425' title='bbox 2046 2923 2260 2996; x_wconf 91' lang='lat' dir='ltr'><strong>palatio</strong></span> <span class='ocrx_word' id='word_1_426' title='bbox 2283 2921 2473 2996; x_wconf 89' lang='lat' dir='ltr'><strong>papali</strong></span> <span class='ocrx_word' id='word_1_427' title='bbox 2496 2921 2649 2996; x_wconf 39' lang='lat' dir='ltr'><strong>ap&#39;ud</strong></span> <span class='ocrx_word' id='word_1_428' title='bbox 2673 2921 3013 2996; x_wconf 56' lang='lat' dir='ltr'><strong>SfPetrum,</strong></span> <span class='ocrx_word' id='word_1_429' title='bbox 3038 2923 3136 2995; x_wconf 91' lang='lat' dir='ltr'><strong>qui</strong></span> <span class='ocrx_word' id='word_1_430' title='bbox 3159 2922 3431 2996; x_wconf 66' lang='lat' dir='ltr'><strong>praesenti</strong></span> <span class='ocrx_word' id='word_1_431' title='bbox 3453 2926 3612 2978; x_wconf 85' lang='lat' dir='ltr'><strong>tran-</strong></span> 
     </span>
    </p>
   </div>
   <div class='ocr_carea' id='block_1_62' title="bbox 1969 2993 3611 3068">
    <p class='ocr_par' dir='ltr' id='par_1_62' title="bbox 1969 2993 3611 3068">
     <span class='ocr_line' id='line_1_62' title="bbox 1969 2993 3611 3068; baseline -0.002 -16"><span class='ocrx_word' id='word_1_432' title='bbox 1969 2993 2225 3068; x_wconf 80' lang='lat' dir='ltr'><strong>sumpto,</strong></span> <span class='ocrx_word' id='word_1_433' title='bbox 2285 2993 2741 3068; x_wconf 34' lang='lat' dir='ltr'><strong>scripto,’lecto,</strong></span> <span class='ocrx_word' id='word_1_434' title='bbox 2799 2993 3093 3068; x_wconf 79' lang='lat' dir='ltr'><strong>publicato</strong></span> <span class='ocrx_word' id='word_1_435' title='bbox 3149 2993 3496 3068; x_wconf 64' lang='lat' dir='ltr'><strong>exemplato,</strong></span> <span class='ocrx_word' id='word_1_436' title='bbox 3554 2998 3611 3051; x_wconf 91' lang='lat' dir='ltr'><strong>et</strong></span> 
     </span>
    </p>
   </div>
   <div class='ocr_carea' id='block_1_63' title="bbox 1970 3064 3609 3150">
    <p class='ocr_par' dir='ltr' id='par_1_63' title="bbox 1970 3064 3609 3150">
     <span class='ocr_line' id='line_1_63' title="bbox 1970 3064 3609 3150; baseline -0.001 -26"><span class='ocrx_word' id='word_1_437' title='bbox 1970 3064 2323 3150; x_wconf 65' lang='lat' dir='ltr'><strong>auscultatoz</strong></span> <span class='ocrx_word' id='word_1_438' title='bbox 2371 3082 2540 3150; x_wconf 79' lang='lat' dir='ltr'><strong>suam</strong></span> <span class='ocrx_word' id='word_1_439' title='bbox 2573 3072 2626 3121; x_wconf 88' lang='lat' dir='ltr'><strong>et</strong></span> <span class='ocrx_word' id='word_1_440' title='bbox 2652 3065 2743 3150; x_wconf 79' lang='lat' dir='ltr'><strong>sui</strong></span> <span class='ocrx_word' id='word_1_441' title='bbox 2777 3064 2953 3150; x_wconf 59' lang='lat' dir='ltr'><strong>officii</strong></span> <span class='ocrx_word' id='word_1_442' title='bbox 2997 3064 3400 3150; x_wconf 61' lang='lat' dir='ltr'><strong>auctoritatem</strong></span> <span class='ocrx_word' id='word_1_443' title='bbox 3432 3066 3609 3150; x_wconf 54' lang='lat' dir='ltr'><strong>inter:</strong></span> 
     </span>
    </p>
   </div>
   <div class='ocr_carea' id='block_1_64' title="bbox 1969 3137 3611 3290">
    <p class='ocr_par' dir='ltr' id='par_1_64' title="bbox 1969 3137 3611 3290">
     <span class='ocr_line' id='line_1_64' title="bbox 1970 3137 3611 3212; baseline -0.002 -17"><span class='ocrx_word' id='word_1_444' title='bbox 1970 3138 2168 3212; x_wconf 91' lang='lat' dir='ltr'><strong>posuit</strong></span> <span class='ocrx_word' id='word_1_445' title='bbox 2189 3142 2244 3192; x_wconf 90' lang='lat' dir='ltr'><strong>et</strong></span> <span class='ocrx_word' id='word_1_446' title='bbox 2292 3137 2619 3205; x_wconf 89' lang='lat' dir='ltr'><strong>decretum;</strong></span> <span class='ocrx_word' id='word_1_447' title='bbox 2679 3139 2735 3192; x_wconf 91' lang='lat' dir='ltr'><strong>et</strong></span> <span class='ocrx_word' id='word_1_448' title='bbox 2780 3138 2970 3193; x_wconf 90' lang='lat' dir='ltr'><strong>eidem</strong></span> <span class='ocrx_word' id='word_1_449' title='bbox 3020 3137 3206 3194; x_wconf 94' lang='lat' dir='ltr'><strong>voluit</strong></span> <span class='ocrx_word' id='word_1_450' title='bbox 3260 3141 3317 3194; x_wconf 90' lang='lat' dir='ltr'><strong>et</strong></span> <span class='ocrx_word' id='word_1_451' title='bbox 3359 3137 3611 3194; x_wconf 89' lang='lat' dir='ltr'><strong>decrevit</strong></span> 
     </span>
     <span class='ocr_line' id='line_1_65' title="bbox 1969 3208 3607 3290; baseline 0.002 -26"><span class='ocrx_word' id='word_1_452' title='bbox 1969 3210 2233 3290; x_wconf 74' lang='lat' dir='ltr'><strong>ubilibet,</strong></span> <span class='ocrx_word' id='word_1_453' title='bbox 2249 3208 2308 3262; x_wconf 92' lang='lat' dir='ltr'><strong>in</strong></span> <span class='ocrx_word' id='word_1_454' title='bbox 2322 3208 2547 3289; x_wconf 82' lang='lat' dir='ltr'><strong>judicio</strong></span> <span class='ocrx_word' id='word_1_455' title='bbox 2576 3212 2815 3290; x_wconf 67' lang='lat' dir='ltr'><strong>etextra</strong></span> <span class='ocrx_word' id='word_1_456' title='bbox 2835 3208 3279 3290; x_wconf 85' lang='lat' dir='ltr'><strong>sicut_originali</strong></span> <span class='ocrx_word' id='word_1_457' title='bbox 3301 3208 3607 3290; x_wconf 75' lang='lat' dir='ltr'><strong>privilegio</strong></span> 
     </span>
    </p>
   </div>
   <div class='ocr_carea' id='block_1_65' title="bbox 1972 3278 3605 3354">
    <p class='ocr_par' dir='ltr' id='par_1_65' title="bbox 1972 3278 3605 3354">
     <span class='ocr_line' id='line_1_66' title="bbox 1972 3278 3605 3354; baseline 0 -18"><span class='ocrx_word' id='word_1_458' title='bbox 1972 3282 2146 3354; x_wconf 78' lang='lat' dir='ltr'><strong>ﬁdem</strong></span> <span class='ocrx_word' id='word_1_459' title='bbox 2165 3278 2488 3354; x_wconf 84' lang='lat' dir='ltr'><strong>plenariam</strong></span> <span class='ocrx_word' id='word_1_460' title='bbox 2522 3278 2807 3354; x_wconf 76' lang='lat' dir='ltr'><strong>adhiberi,</strong></span> <span class='ocrx_word' id='word_1_461' title='bbox 2831 3278 3127 3354; x_wconf 73' lang='lat' dir='ltr'><strong>mandans</strong></span> <span class='ocrx_word' id='word_1_462' title='bbox 3137 3278 3322 3354; x_wconf 71' lang='lat' dir='ltr'><strong>suum</strong></span> <span class='ocrx_word' id='word_1_463' title='bbox 3342 3278 3605 3354; x_wconf 80' lang='lat' dir='ltr'><strong>sigillum</strong></span> 
     </span>
    </p>
   </div>
   <div class='ocr_carea' id='block_1_66' title="bbox 203 3339 3611 3423">
    <p class='ocr_par' dir='ltr' id='par_1_66' title="bbox 203 3339 3611 3423">
     <span class='ocr_line' id='line_1_67' title="bbox 203 3339 3611 3423; baseline 0.001 -20"><span class='ocrx_word' id='word_1_464' title='bbox 203 3346 388 3404; x_wconf 80' lang='lat' dir='ltr'><strong>exire.</strong></span> <span class='ocrx_word' id='word_1_465' title='bbox 423 3342 534 3399; x_wconf 87' lang='lat' dir='ltr'><strong>Sed</strong></span> <span class='ocrx_word' id='word_1_466' title='bbox 567 3358 672 3397; x_wconf 92' lang='lat' dir='ltr'><strong>nos</strong></span> <span class='ocrx_word' id='word_1_467' title='bbox 700 3341 1078 3397; x_wconf 89' lang='lat' dir='ltr'><strong>concedimus</strong></span> <span class='ocrx_word' id='word_1_468' title='bbox 1124 3341 1323 3397; x_wconf 89' lang='lat' dir='ltr'><strong>omnia</strong></span> <span class='ocrx_word' id='word_1_469' title='bbox 1352 3341 1475 3396; x_wconf 70' lang='lat' dir='ltr'><strong>hazc</strong></span> <span class='ocrx_word' id='word_1_470' title='bbox 1507 3339 1861 3413; x_wconf 89' lang='lat' dir='ltr'><strong>perennibus</strong></span> <span class='ocrx_word' id='word_1_471' title='bbox 1971 3339 2190 3408; x_wconf 70' lang='lat' dir='ltr'><strong>ibideui</strong></span> <span class='ocrx_word' id='word_1_472' title='bbox 2240 3350 2451 3423; x_wconf 81' lang='lat' dir='ltr'><strong>apponi</strong></span> <span class='ocrx_word' id='word_1_473' title='bbox 2483 3351 2555 3423; x_wconf 83' lang='lat' dir='ltr'><strong>ad</strong></span> <span class='ocrx_word' id='word_1_474' title='bbox 2596 3339 2836 3423; x_wconf 81' lang='lat' dir='ltr'><strong>majoris</strong></span> <span class='ocrx_word' id='word_1_475' title='bbox 2883 3352 3111 3423; x_wconf 83' lang='lat' dir='ltr'><strong>roboris</strong></span> <span class='ocrx_word' id='word_1_476' title='bbox 3142 3339 3504 3423; x_wconf 61' lang='lat' dir='ltr'><strong>firmitatem,</strong></span> <span class='ocrx_word' id='word_1_477' title='bbox 3550 3351 3611 3423; x_wconf 91' lang='lat' dir='ltr'><strong>in</strong></span> 
     </span>
    </p>
   </div>
   <div class='ocr_carea' id='block_1_67' title="bbox 196 3429 1860 3506">
    <p class='ocr_par' dir='ltr' id='par_1_67' title="bbox 196 3429 1860 3506">
     <span class='ocr_line' id='line_1_68' title="bbox 196 3429 1860 3506; baseline -0.006 -13"><span class='ocrx_word' id='word_1_478' title='bbox 196 3431 571 3506; x_wconf 73' lang='lat' dir='ltr'><strong>temporibus</strong></span> <span class='ocrx_word' id='word_1_479' title='bbox 600 3430 957 3486; x_wconf 89' lang='lat' dir='ltr'><strong>inconcussa</strong></span> <span class='ocrx_word' id='word_1_480' title='bbox 984 3445 1326 3502; x_wconf 88' lang='lat' dir='ltr'><strong>permanere</strong></span> <span class='ocrx_word' id='word_1_481' title='bbox 1347 3429 1509 3484; x_wconf 91' lang='lat' dir='ltr'><strong>vobis</strong></span> <span class='ocrx_word' id='word_1_482' title='bbox 1530 3429 1860 3500; x_wconf 88' lang='lat' dir='ltr'><strong>vestrisque</strong></span> 
     </span>
    </p>
   </div>
   <div class='ocr_carea' id='block_1_68' title="bbox 203 3517 1865 3590">
    <p class='ocr_par' dir='ltr' id='par_1_68' title="bbox 203 3517 1865 3590">
     <span class='ocr_line' id='line_1_69' title="bbox 203 3517 1865 3590; baseline -0.005 -8"><span class='ocrx_word' id='word_1_483' title='bbox 203 3520 673 3588; x_wconf 79' lang='lat' dir='ltr'><strong>successoribus,</strong></span> <span class='ocrx_word' id='word_1_484' title='bbox 727 3518 829 3590; x_wconf 91' lang='lat' dir='ltr'><strong>qui</strong></span> <span class='ocrx_word' id='word_1_485' title='bbox 879 3517 1128 3574; x_wconf 90' lang='lat' dir='ltr'><strong>animosi</strong></span> <span class='ocrx_word' id='word_1_486' title='bbox 1172 3522 1229 3573; x_wconf 90' lang='lat' dir='ltr'><strong>et</strong></span> <span class='ocrx_word' id='word_1_487' title='bbox 1258 3517 1573 3573; x_wconf 89' lang='lat' dir='ltr'><strong>voluntarii</strong></span> <span class='ocrx_word' id='word_1_488' title='bbox 1622 3518 1865 3573; x_wconf 91' lang='lat' dir='ltr'><strong>honeste</strong></span> 
     </span>
    </p>
   </div>
   <div class='ocr_carea' id='block_1_69' title="bbox 205 3616 1869 3689">
    <p class='ocr_par' dir='ltr' id='par_1_69' title="bbox 205 3616 1869 3689">
     <span class='ocr_line' id='line_1_70' title="bbox 205 3616 1869 3689; baseline -0.004 -11"><span class='ocrx_word' id='word_1_489' title='bbox 205 3621 330 3678; x_wconf 91' lang='lat' dir='ltr'><strong>Deo</strong></span> <span class='ocrx_word' id='word_1_490' title='bbox 369 3623 430 3676; x_wconf 86' lang='lat' dir='ltr'><strong>et</strong></span> <span class='ocrx_word' id='word_1_491' title='bbox 458 3620 629 3675; x_wconf 88' lang='lat' dir='ltr'><strong>beato</strong></span> <span class='ocrx_word' id='word_1_492' title='bbox 657 3619 827 3674; x_wconf 92' lang='lat' dir='ltr'><strong>Petro</strong></span> <span class='ocrx_word' id='word_1_493' title='bbox 858 3616 953 3673; x_wconf 90' lang='lat' dir='ltr'><strong>die</strong></span> <span class='ocrx_word' id='word_1_494' title='bbox 982 3620 1276 3689; x_wconf 88' lang='lat' dir='ltr'><strong>noctuque</strong></span> <span class='ocrx_word' id='word_1_495' title='bbox 1299 3616 1593 3685; x_wconf 88' lang='lat' dir='ltr'><strong>serviunt;</strong></span> <span class='ocrx_word' id='word_1_496' title='bbox 1619 3633 1652 3671; x_wconf 91' lang='lat' dir='ltr'><strong>a</strong></span> <span class='ocrx_word' id='word_1_497' title='bbox 1673 3616 1869 3672; x_wconf 84' lang='lat' dir='ltr'><strong>fructi-</strong></span> 
     </span>
    </p>
   </div>
   <div class='ocr_carea' id='block_1_70' title="bbox 209 3704 1871 3780">
    <p class='ocr_par' dir='ltr' id='par_1_70' title="bbox 209 3704 1871 3780">
     <span class='ocr_line' id='line_1_71' title="bbox 209 3704 1871 3780; baseline -0.004 -14"><span class='ocrx_word' id='word_1_498' title='bbox 209 3711 331 3766; x_wconf 84' lang='lat' dir='ltr'><strong>bus</strong></span> <span class='ocrx_word' id='word_1_499' title='bbox 344 3723 548 3765; x_wconf 85' lang='lat' dir='ltr'><strong>eorum</strong></span> <span class='ocrx_word' id='word_1_500' title='bbox 570 3706 947 3780; x_wconf 88' lang='lat' dir='ltr'><strong>cognoscetis.</strong></span> <span class='ocrx_word' id='word_1_501' title='bbox 964 3706 1275 3778; x_wconf 89' lang='lat' dir='ltr'><strong>Propterea</strong></span> <span class='ocrx_word' id='word_1_502' title='bbox 1288 3704 1603 3778; x_wconf 86' lang='lat' dir='ltr'><strong>apostolica</strong></span> <span class='ocrx_word' id='word_1_503' title='bbox 1623 3722 1871 3761; x_wconf 89' lang='lat' dir='ltr'><strong>censura</strong></span> 
     </span>
    </p>
   </div>
   <div class='ocr_carea' id='block_1_71' title="bbox 168 3794 1873 3867">
    <p class='ocr_par' dir='ltr' id='par_1_71' title="bbox 168 3794 1873 3867">
     <span class='ocr_line' id='line_1_72' title="bbox 168 3794 1873 3867; baseline -0.005 -11"><span class='ocrx_word' id='word_1_504' title='bbox 168 3824 173 3827; x_wconf 91' lang='grc'><strong>·</strong></span> <span class='ocrx_word' id='word_1_505' title='bbox 210 3797 544 3856; x_wconf 80' lang='lat' dir='ltr'><strong>statuimus</strong></span> <span class='ocrx_word' id='word_1_506' title='bbox 564 3799 628 3850; x_wconf 90' lang='lat' dir='ltr'><strong>ut</strong></span> <span class='ocrx_word' id='word_1_507' title='bbox 646 3794 843 3851; x_wconf 89' lang='lat' dir='ltr'><strong>nullus</strong></span> <span class='ocrx_word' id='word_1_508' title='bbox 859 3799 1193 3851; x_wconf 91' lang='lat' dir='ltr'><strong>nostrorum</strong></span> <span class='ocrx_word' id='word_1_509' title='bbox 1217 3811 1621 3851; x_wconf 90' lang='lat' dir='ltr'><strong>successorum</strong></span> <span class='ocrx_word' id='word_1_510' title='bbox 1644 3795 1873 3867; x_wconf 82' lang='lat' dir='ltr'><strong>pontiﬁ-</strong></span> 
     </span>
    </p>
   </div>
   <div class='ocr_carea' id='block_1_72' title="bbox 212 3882 1874 3957">
    <p class='ocr_par' dir='ltr' id='par_1_72' title="bbox 212 3882 1874 3957">
     <span class='ocr_line' id='line_1_73' title="bbox 212 3882 1874 3957; baseline -0.004 -12"><span class='ocrx_word' id='word_1_511' title='bbox 212 3902 384 3957; x_wconf 87' lang='lat' dir='ltr'><strong>cum,</strong></span> <span class='ocrx_word' id='word_1_512' title='bbox 407 3882 610 3939; x_wconf 88' lang='lat' dir='ltr'><strong>nullus</strong></span> <span class='ocrx_word' id='word_1_513' title='bbox 630 3882 967 3957; x_wconf 89' lang='lat' dir='ltr'><strong>imperator,</strong></span> <span class='ocrx_word' id='word_1_514' title='bbox 989 3882 1193 3940; x_wconf 90' lang='lat' dir='ltr'><strong>nullus</strong></span> <span class='ocrx_word' id='word_1_515' title='bbox 1213 3884 1544 3956; x_wconf 85' lang='lat' dir='ltr'><strong>episcopus,</strong></span> <span class='ocrx_word' id='word_1_516' title='bbox 1572 3883 1733 3939; x_wconf 91' lang='lat' dir='ltr'><strong>nulla</strong></span> <span class='ocrx_word' id='word_1_517' title='bbox 1763 3883 1874 3939; x_wconf 88' lang='lat' dir='ltr'><strong>alia</strong></span> 
     </span>
    </p>
   </div>
   <div class='ocr_carea' id='block_1_73' title="bbox 213 3971 1875 4051">
    <p class='ocr_par' dir='ltr' id='par_1_73' title="bbox 213 3971 1875 4051">
     <span class='ocr_line' id='line_1_74' title="bbox 213 3971 1875 4051; baseline -0.002 -20"><span class='ocrx_word' id='word_1_518' title='bbox 213 3976 508 4051; x_wconf 79' lang='lat' dir='ltr'><strong>potestas,</strong></span> <span class='ocrx_word' id='word_1_519' title='bbox 526 3971 687 4029; x_wconf 84' lang='lat' dir='ltr'><strong>nulla</strong></span> <span class='ocrx_word' id='word_1_520' title='bbox 699 3988 950 4046; x_wconf 89' lang='lat' dir='ltr'><strong>persona</strong></span> <span class='ocrx_word' id='word_1_521' title='bbox 964 3972 1273 4029; x_wconf 91' lang='lat' dir='ltr'><strong>hominum</strong></span> <span class='ocrx_word' id='word_1_522' title='bbox 1294 3978 1498 4029; x_wconf 90' lang='lat' dir='ltr'><strong>contra</strong></span> <span class='ocrx_word' id='word_1_523' title='bbox 1526 3972 1635 4028; x_wconf 91' lang='lat' dir='ltr'><strong>hoc</strong></span> <span class='ocrx_word' id='word_1_524' title='bbox 1663 3977 1875 4029; x_wconf 78' lang='lat' dir='ltr'><strong>nostras</strong></span> 
     </span>
    </p>
   </div>
   <div class='ocr_carea' id='block_1_74' title="bbox 215 4059 1878 4134">
    <p class='ocr_par' dir='ltr' id='par_1_74' title="bbox 215 4059 1878 4134">
     <span class='ocr_line' id='line_1_75' title="bbox 215 4059 1878 4134; baseline -0.002 -14"><span class='ocrx_word' id='word_1_525' title='bbox 215 4059 688 4122; x_wconf 83' lang='lat' dir='ltr'><strong>conﬁrmationis</strong></span> <span class='ocrx_word' id='word_1_526' title='bbox 735 4065 791 4118; x_wconf 89' lang='lat' dir='ltr'><strong>et</strong></span> <span class='ocrx_word' id='word_1_527' title='bbox 837 4061 1238 4118; x_wconf 87' lang='lat' dir='ltr'><strong>concessionis</strong></span> <span class='ocrx_word' id='word_1_528' title='bbox 1287 4060 1654 4134; x_wconf 90' lang='lat' dir='ltr'><strong>privilegium</strong></span> <span class='ocrx_word' id='word_1_529' title='bbox 1709 4077 1878 4133; x_wconf 87' lang='lat' dir='ltr'><strong>agere</strong></span> 
     </span>
    </p>
   </div>
   <div class='ocr_carea' id='block_1_75' title="bbox 291 4202 1881 4332">
    <p class='ocr_par' dir='ltr' id='par_1_75' title="bbox 291 4202 1881 4332">
     <span class='ocr_line' id='line_1_76' title="bbox 291 4202 1881 4332; baseline 0.002 -73"><span class='ocrx_word' id='word_1_530' title='bbox 291 4202 685 4332; x_wconf 54' lang='lat' dir='ltr'><strong>81(97)De_qua</strong></span> <span class='ocrx_word' id='word_1_531' title='bbox 708 4204 928 4261; x_wconf 88' lang='lat' dir='ltr'><strong>mentio</strong></span> <span class='ocrx_word' id='word_1_532' title='bbox 950 4204 1015 4259; x_wconf 84' lang='lat' dir='ltr'><strong>Iit</strong></span> <span class='ocrx_word' id='word_1_533' title='bbox 1044 4203 1101 4257; x_wconf 93' lang='lat' dir='ltr'><strong>in</strong></span> <span class='ocrx_word' id='word_1_534' title='bbox 1133 4204 1611 4287; x_wconf 78' lang='lat' dir='ltr'><strong>antecedentibus</strong></span> <span class='ocrx_word' id='word_1_535' title='bbox 1638 4204 1881 4262; x_wconf 89' lang='lat' dir='ltr'><strong>Joannis</strong></span> 
     </span>
     <span class='ocr_line' id='line_1_77' title="bbox 291 4274 1243 4332; baseline 0 0"><span class='ocrx_word' id='word_1_536' title='bbox 291 4280 301 4332; x_wconf 85' lang='lat'>[</span> <span class='ocrx_word' id='word_1_537' title='bbox 387 4278 620 4331; x_wconf 80' lang='lat' dir='ltr'><strong>constit.</strong></span> <span class='ocrx_word' id='word_1_538' title='bbox 657 4275 755 4332; x_wconf 82' lang='lat' dir='ltr'><strong>(Ex</strong></span> <span class='ocrx_word' id='word_1_539' title='bbox 785 4274 1002 4331; x_wconf 91' lang='lat' dir='ltr'><strong>Bullar.</strong></span> <span class='ocrx_word' id='word_1_540' title='bbox 1033 4274 1243 4332; x_wconf 78' lang='lat' dir='ltr'><strong>Vatic.)</strong></span> 
     </span>
    </p>
   </div>
   <div class='ocr_carea' id='block_1_76' title="bbox 228 4274 1243 4347">
    <p class='ocr_par' dir='ltr' id='par_1_76' title="bbox 228 4274 1243 4347">
     <span class='ocr_line' id='line_1_78' title="bbox 228 4274 1243 4347; baseline -0.005 -13"><span class='ocrx_word' id='word_1_541' title='bbox 228 4274 358 4334; x_wconf 75' lang='lat' dir='ltr'><strong>XIX</strong></span> <span class='ocrx_word' id='word_1_542' title='bbox 387 4274 620 4347; x_wconf 78' lang='lat' dir='ltr'><strong>constit.</strong></span> <span class='ocrx_word' id='word_1_543' title='bbox 657 4275 755 4346; x_wconf 81' lang='lat' dir='ltr'><strong>(Ex</strong></span> <span class='ocrx_word' id='word_1_544' title='bbox 782 4274 1002 4347; x_wconf 89' lang='lat' dir='ltr'><strong>Bullar.</strong></span> <span class='ocrx_word' id='word_1_545' title='bbox 1033 4274 1243 4347; x_wconf 90' lang='lat' dir='ltr'><strong>Vatic.)</strong></span> 
     </span>
    </p>
   </div>
   <div class='ocr_carea' id='block_1_77' title="bbox 301 4346 1880 4420">
    <p class='ocr_par' dir='ltr' id='par_1_77' title="bbox 301 4346 1880 4420">
     <span class='ocr_line' id='line_1_79' title="bbox 301 4346 1880 4420; baseline 0.001 -18"><span class='ocrx_word' id='word_1_546' title='bbox 301 4348 457 4420; x_wconf 88' lang='grc'>(198)</span> <span class='ocrx_word' id='word_1_547' title='bbox 487 4346 605 4402; x_wconf 84' lang='grc' dir='ltr'><strong>Ηοο</strong></span> <span class='ocrx_word' id='word_1_548' title='bbox 636 4346 870 4420; x_wconf 84' lang='lat' dir='ltr'><strong>nomine</strong></span> <span class='ocrx_word' id='word_1_549' title='bbox 922 4347 1175 4420; x_wconf 83' lang='lat' dir='ltr'><strong>majores</strong></span> <span class='ocrx_word' id='word_1_550' title='bbox 1216 4346 1397 4420; x_wconf 86' lang='lat' dir='ltr'><strong>nostri</strong></span> <span class='ocrx_word' id='word_1_551' title='bbox 1428 4347 1717 4419; x_wconf 90' lang='lat' dir='ltr'><strong>appellare</strong></span> <span class='ocrx_word' id='word_1_552' title='bbox 1746 4366 1880 4420; x_wconf 89' lang='lat' dir='ltr'><strong>con-</strong></span> 
     </span>
    </p>
   </div>
   <div class='ocr_carea' id='block_1_78' title="bbox 234 4417 1884 4500">
    <p class='ocr_par' dir='ltr' id='par_1_78' title="bbox 234 4417 1884 4500">
     <span class='ocr_line' id='line_1_80' title="bbox 234 4417 1884 4500; baseline 0.001 -27"><span class='ocrx_word' id='word_1_553' title='bbox 234 4417 559 4500; x_wconf 57' lang='lat' dir='ltr'><strong>sueverunt</strong></span> <span class='ocrx_word' id='word_1_554' title='bbox 595 4417 977 4500; x_wconf 71' lang='lat' dir='ltr'><strong>ecclesiarum</strong></span> <span class='ocrx_word' id='word_1_555' title='bbox 1007 4417 1174 4500; x_wconf 63' lang='lat' dir='ltr'><strong>atria,</strong></span> <span class='ocrx_word' id='word_1_556' title='bbox 1208 4417 1657 4500; x_wconf 60' lang='lat' dir='ltr'><strong>praecipueer</strong></span> <span class='ocrx_word' id='word_1_557' title='bbox 1688 4419 1884 4500; x_wconf 86' lang='lat' dir='ltr'><strong>splen-</strong></span> 
     </span>
    </p>
   </div>
   <div class='ocr_carea' id='block_1_79' title="bbox 2016 3421 3612 3493">
    <p class='ocr_par' dir='ltr' id='par_1_79' title="bbox 2016 3421 3612 3493">
     <span class='ocr_line' id='line_1_81' title="bbox 2016 3421 3612 3493; baseline -0.002 -14"><span class='ocrx_word' id='word_1_558' title='bbox 2016 3421 2493 3493; x_wconf 71' lang='lat' dir='ltr'><strong>raasentiavener.</strong></span> <span class='ocrx_word' id='word_1_559' title='bbox 2507 3421 2612 3475; x_wconf 88' lang='lat' dir='ltr'><strong>vir.</strong></span> <span class='ocrx_word' id='word_1_560' title='bbox 2628 3422 2793 3476; x_wconf 91' lang='lat' dir='ltr'><strong>dnor.</strong></span> <span class='ocrx_word' id='word_1_561' title='bbox 2812 3422 3089 3493; x_wconf 91' lang='lat' dir='ltr'><strong>Stephani</strong></span> <span class='ocrx_word' id='word_1_562' title='bbox 3112 3422 3324 3480; x_wconf 89' lang='lat' dir='ltr'><strong>Palosii</strong></span> <span class='ocrx_word' id='word_1_563' title='bbox 3346 3421 3612 3479; x_wconf 83' lang='lat' dir='ltr'><strong>canonici</strong></span> 
     </span>
    </p>
   </div>
   <div class='ocr_carea' id='block_1_80' title="bbox 1975 3441 3617 3574">
    <p class='ocr_par' dir='ltr' id='par_1_80' title="bbox 1975 3441 3617 3574">
     <span class='ocr_line' id='line_1_82' title="bbox 2016 3441 3612 3493; baseline -0.002 -14"><span class='ocrx_word' id='word_1_564' title='bbox 2016 3441 2482 3479; x_wconf 68' lang='lat' dir='ltr'><strong>reasenuavener.</strong></span> <span class='ocrx_word' id='word_1_565' title='bbox 2507 3441 2612 3475; x_wconf 77' lang='lat' dir='ltr'><strong>V&#39;II&#39;.</strong></span> <span class='ocrx_word' id='word_1_566' title='bbox 2628 3441 2793 3476; x_wconf 78' lang='lat' dir='ltr'><strong>ODOI‘.</strong></span> <span class='ocrx_word' id='word_1_567' title='bbox 2812 3441 3089 3493; x_wconf 68' lang='lat' dir='ltr'><strong>btepnanl</strong></span> <span class='ocrx_word' id='word_1_568' title='bbox 3112 3441 3324 3480; x_wconf 72' lang='grc'>1³810811</span> <span class='ocrx_word' id='word_1_569' title='bbox 3346 3441 3612 3479; x_wconf 78' lang='lat' dir='ltr'><strong>canonici</strong></span> 
     </span>
     <span class='ocr_line' id='line_1_83' title="bbox 1975 3441 3617 3574; baseline -0.001 -24"><span class='ocrx_word' id='word_1_570' title='bbox 1975 3441 2037 3574; x_wconf 55' lang='grc' dir='ltr'><strong>Β.</strong></span> <span class='ocrx_word' id='word_1_571' title='bbox 2072 3494 2265 3574; x_wconf 56' lang='lat' dir='ltr'><strong>Mariae</strong></span> <span class='ocrx_word' id='word_1_572' title='bbox 2296 3492 2638 3574; x_wconf 44' lang='lat' dir='ltr'><strong>Itl‘ajoris,_et</strong></span> <span class='ocrx_word' id='word_1_573' title='bbox 2666 3492 2807 3547; x_wconf 93' lang='lat' dir='ltr'><strong>Poni</strong></span> <span class='ocrx_word' id='word_1_574' title='bbox 2832 3494 2908 3574; x_wconf 76' lang='lat' dir='ltr'><strong>de</strong></span> <span class='ocrx_word' id='word_1_575' title='bbox 2938 3493 3286 3574; x_wconf 31' lang='lat' dir='ltr'><strong>Perusinuac</strong></span> <span class='ocrx_word' id='word_1_576' title='bbox 3320 3494 3617 3574; x_wconf 74' lang='lat' dir='ltr'><strong>Francisci</strong></span> 
     </span>
    </p>
   </div>
   <div class='ocr_carea' id='block_1_81' title="bbox 1977 3562 3620 3636">
    <p class='ocr_par' dir='ltr' id='par_1_81' title="bbox 1977 3562 3620 3636">
     <span class='ocr_line' id='line_1_84' title="bbox 1977 3562 3620 3636; baseline -0.002 -15"><span class='ocrx_word' id='word_1_577' title='bbox 1977 3568 2048 3621; x_wconf 92' lang='lat' dir='ltr'><strong>de</strong></span> <span class='ocrx_word' id='word_1_578' title='bbox 2078 3562 2665 3636; x_wconf 13' lang='lat' dir='ltr'><strong>Baroncellisiscribae</strong></span> <span class='ocrx_word' id='word_1_579' title='bbox 2695 3562 2844 3636; x_wconf 73' lang='lat' dir='ltr'><strong>sacri</strong></span> <span class='ocrx_word' id='word_1_580' title='bbox 2864 3568 3103 3636; x_wconf 86' lang='lat' dir='ltr'><strong>senatus</strong></span> <span class='ocrx_word' id='word_1_581' title='bbox 3126 3563 3316 3636; x_wconf 85' lang='lat' dir='ltr'><strong>Urbis,</strong></span> <span class='ocrx_word' id='word_1_582' title='bbox 3349 3568 3407 3618; x_wconf 91' lang='lat' dir='ltr'><strong>et</strong></span> <span class='ocrx_word' id='word_1_583' title='bbox 3435 3564 3620 3636; x_wconf 83' lang='lat' dir='ltr'><strong>magi-</strong></span> 
     </span>
    </p>
   </div>
   <div class='ocr_carea' id='block_1_82' title="bbox 1978 3633 3621 3699">
    <p class='ocr_par' dir='ltr' id='par_1_82' title="bbox 1978 3633 3621 3699">
     <span class='ocr_line' id='line_1_85' title="bbox 1978 3633 3621 3699; baseline -0.002 -6"><span class='ocrx_word' id='word_1_584' title='bbox 1978 3638 2083 3694; x_wconf 89' lang='lat' dir='ltr'><strong>stri</strong></span> <span class='ocrx_word' id='word_1_585' title='bbox 2115 3637 2267 3691; x_wconf 89' lang='lat' dir='ltr'><strong>Petri</strong></span> <span class='ocrx_word' id='word_1_586' title='bbox 2302 3634 2729 3699; x_wconf 76' lang='lat' dir='ltr'><strong>Bartholomzei,</strong></span> <span class='ocrx_word' id='word_1_587' title='bbox 2757 3634 3003 3690; x_wconf 87' lang='lat' dir='ltr'><strong>Joannis</strong></span> <span class='ocrx_word' id='word_1_588' title='bbox 3038 3633 3282 3690; x_wconf 90' lang='lat' dir='ltr'><strong>Gentilis</strong></span> <span class='ocrx_word' id='word_1_589' title='bbox 3310 3634 3521 3689; x_wconf 90' lang='lat' dir='ltr'><strong>notarii</strong></span> <span class='ocrx_word' id='word_1_590' title='bbox 3543 3633 3621 3689; x_wconf 76' lang='lat' dir='ltr'><strong>de</strong></span> 
     </span>
    </p>
   </div>
   <div class='ocr_carea' id='block_1_83' title="bbox 1979 3704 3622 3777">
    <p class='ocr_par' dir='ltr' id='par_1_83' title="bbox 1979 3704 3622 3777">
     <span class='ocr_line' id='line_1_86' title="bbox 1979 3704 3622 3777; baseline -0.002 -13"><span class='ocrx_word' id='word_1_591' title='bbox 1979 3709 2151 3775; x_wconf 89' lang='lat' dir='ltr'><strong>Urbe,</strong></span> <span class='ocrx_word' id='word_1_592' title='bbox 2186 3723 2253 3762; x_wconf 91' lang='lat' dir='ltr'><strong>ac</strong></span> <span class='ocrx_word' id='word_1_593' title='bbox 2274 3706 2525 3777; x_wconf 86' lang='lat' dir='ltr'><strong>pluriam</strong></span> <span class='ocrx_word' id='word_1_594' title='bbox 2554 3705 2801 3760; x_wconf 88' lang='lat' dir='ltr'><strong>aliorum</strong></span> <span class='ocrx_word' id='word_1_595' title='bbox 2822 3705 3226 3767; x_wconf 87' lang='lat' dir='ltr'><strong>notariorium,</strong></span> <span class='ocrx_word' id='word_1_596' title='bbox 3257 3712 3315 3761; x_wconf 91' lang='lat' dir='ltr'><strong>et</strong></span> <span class='ocrx_word' id='word_1_597' title='bbox 3342 3704 3622 3761; x_wconf 87' lang='lat' dir='ltr'><strong>litterato-</strong></span> 
     </span>
    </p>
   </div>
   <div class='ocr_carea' id='block_1_84' title="bbox 1980 3777 3623 3850">
    <p class='ocr_par' dir='ltr' id='par_1_84' title="bbox 1980 3777 3623 3850">
     <span class='ocr_line' id='line_1_87' title="bbox 1980 3777 3623 3850; baseline -0.002 -15"><span class='ocrx_word' id='word_1_598' title='bbox 1980 3796 2113 3835; x_wconf 88' lang='lat' dir='ltr'><strong>rum</strong></span> <span class='ocrx_word' id='word_1_599' title='bbox 2144 3777 2379 3833; x_wconf 89' lang='lat' dir='ltr'><strong>testium</strong></span> <span class='ocrx_word' id='word_1_600' title='bbox 2399 3778 2469 3831; x_wconf 91' lang='lat' dir='ltr'><strong>ad</strong></span> <span class='ocrx_word' id='word_1_601' title='bbox 2501 3777 2805 3850; x_wconf 82' lang='lat' dir='ltr'><strong>praemissa</strong></span> <span class='ocrx_word' id='word_1_602' title='bbox 2818 3781 3235 3850; x_wconf 25' lang='lat' dir='ltr'><strong>vocatorum‘et</strong></span> <span class='ocrx_word' id='word_1_603' title='bbox 3263 3780 3623 3850; x_wconf 69' lang='lat' dir='ltr'><strong>rogatorum,</strong></span> 
     </span>
    </p>
   </div>
   <div class='ocr_carea' id='block_1_85' title="bbox 1984 3846 3627 3919">
    <p class='ocr_par' dir='ltr' id='par_1_85' title="bbox 1984 3846 3627 3919">
     <span class='ocr_line' id='line_1_88' title="bbox 1984 3846 3627 3919; baseline -0.002 -12"><span class='ocrx_word' id='word_1_604' title='bbox 1984 3867 2088 3907; x_wconf 91' lang='lat' dir='ltr'><strong>nec</strong></span> <span class='ocrx_word' id='word_1_605' title='bbox 2137 3867 2250 3905; x_wconf 89' lang='lat' dir='ltr'><strong>non</strong></span> <span class='ocrx_word' id='word_1_606' title='bbox 2296 3850 2353 3903; x_wconf 93' lang='lat' dir='ltr'><strong>in</strong></span> <span class='ocrx_word' id='word_1_607' title='bbox 2405 3846 2712 3919; x_wconf 64' lang='lat' dir='ltr'><strong>praesentia</strong></span> <span class='ocrx_word' id='word_1_608' title='bbox 2764 3849 2876 3903; x_wconf 91' lang='lat' dir='ltr'><strong>mei</strong></span> <span class='ocrx_word' id='word_1_609' title='bbox 2926 3846 3227 3916; x_wconf 89' lang='lat' dir='ltr'><strong>Gualterii,</strong></span> <span class='ocrx_word' id='word_1_610' title='bbox 3270 3846 3524 3919; x_wconf 58' lang='lat' dir='ltr'><strong>et&#39;Pauli</strong></span> <span class='ocrx_word' id='word_1_611' title='bbox 3552 3848 3627 3903; x_wconf 89' lang='lat' dir='ltr'><strong>de</strong></span> 
     </span>
    </p>
   </div>
   <div class='ocr_carea' id='block_1_86' title="bbox 1984 3918 3628 3991">
    <p class='ocr_par' dir='ltr' id='par_1_86' title="bbox 1984 3918 3628 3991">
     <span class='ocr_line' id='line_1_89' title="bbox 1984 3918 3628 3991; baseline -0.003 -12"><span class='ocrx_word' id='word_1_612' title='bbox 1984 3924 2198 3979; x_wconf 89' lang='lat' dir='ltr'><strong>Sancta</strong></span> <span class='ocrx_word' id='word_1_613' title='bbox 2242 3918 2518 3988; x_wconf 83' lang='lat' dir='ltr'><strong>Victoria,</strong></span> <span class='ocrx_word' id='word_1_614' title='bbox 2549 3924 2605 3974; x_wconf 89' lang='lat' dir='ltr'><strong>et</strong></span> <span class='ocrx_word' id='word_1_615' title='bbox 2634 3919 2861 3974; x_wconf 71' lang='lat' dir='ltr'><strong>Mathaei</strong></span> <span class='ocrx_word' id='word_1_616' title='bbox 2895 3920 2963 3974; x_wconf 92' lang='lat' dir='ltr'><strong>de</strong></span> <span class='ocrx_word' id='word_1_617' title='bbox 2992 3919 3226 3991; x_wconf 88' lang='lat' dir='ltr'><strong>Spoleto</strong></span> <span class='ocrx_word' id='word_1_618' title='bbox 3265 3918 3628 3991; x_wconf 78' lang='lat' dir='ltr'><strong>notariorum</strong></span> 
     </span>
    </p>
   </div>
   <div class='ocr_carea' id='block_1_87' title="bbox 1984 3988 3630 4074">
    <p class='ocr_par' dir='ltr' id='par_1_87' title="bbox 1984 3988 3630 4074">
     <span class='ocr_line' id='line_1_90' title="bbox 1984 3988 3630 4074; baseline -0.001 -25"><span class='ocrx_word' id='word_1_619' title='bbox 1984 3995 2138 4049; x_wconf 77' lang='lat' dir='ltr'><strong>infra</strong></span> <span class='ocrx_word' id='word_1_620' title='bbox 2162 3992 2518 4074; x_wconf 79' lang='lat' dir='ltr'><strong>scriptorum</strong></span> <span class='ocrx_word' id='word_1_621' title='bbox 2538 3992 2608 4045; x_wconf 88' lang='lat' dir='ltr'><strong>ad</strong></span> <span class='ocrx_word' id='word_1_622' title='bbox 2642 3991 2919 4074; x_wconf 62' lang='lat' dir='ltr'><strong>pradicta</strong></span> <span class='ocrx_word' id='word_1_623' title='bbox 2947 3988 3146 4074; x_wconf 59' lang='lat' dir='ltr'><strong>omnia</strong></span> <span class='ocrx_word' id='word_1_624' title='bbox 3170 3988 3500 4074; x_wconf 62' lang='lat' dir='ltr'><strong>specialiter</strong></span> <span class='ocrx_word' id='word_1_625' title='bbox 3516 4007 3630 4072; x_wconf 40' lang='grc' dir='ltr'><strong>,νο-</strong></span> 
     </span>
    </p>
   </div>
   <div class='ocr_carea' id='block_1_88' title="bbox 1986 4060 3631 4135">
    <p class='ocr_par' dir='ltr' id='par_1_88' title="bbox 1986 4060 3631 4135">
     <span class='ocr_line' id='line_1_91' title="bbox 1986 4060 3631 4135; baseline -0.002 -14"><span class='ocrx_word' id='word_1_626' title='bbox 1986 4070 2248 4122; x_wconf 89' lang='lat' dir='ltr'><strong>catorum</strong></span> <span class='ocrx_word' id='word_1_627' title='bbox 2275 4060 2332 4119; x_wconf 80' lang='lat' dir='ltr'><strong>et</strong></span> <span class='ocrx_word' id='word_1_628' title='bbox 2364 4060 2719 4135; x_wconf 81' lang='lat' dir='ltr'><strong>rogatoruin,</strong></span> <span class='ocrx_word' id='word_1_629' title='bbox 2743 4063 2855 4119; x_wconf 92' lang='lat' dir='ltr'><strong>sub</strong></span> <span class='ocrx_word' id='word_1_630' title='bbox 2887 4078 3039 4118; x_wconf 91' lang='lat' dir='ltr'><strong>anno</strong></span> <span class='ocrx_word' id='word_1_631' title='bbox 3062 4060 3294 4118; x_wconf 84' lang='lat' dir='ltr'><strong>Domini</strong></span> <span class='ocrx_word' id='word_1_632' title='bbox 3316 4060 3631 4117; x_wconf 90' lang='lat' dir='ltr'><strong>millesimo</strong></span> 
     </span>
    </p>
   </div>
   <div class='ocr_carea' id='block_1_89' title="bbox 1989 4202 3637 4279">
    <p class='ocr_par' dir='ltr' id='par_1_89' title="bbox 1989 4202 3637 4279">
     <span class='ocr_line' id='line_1_92' title="bbox 1989 4202 3637 4279; baseline -0.004 -14"><span class='ocrx_word' id='word_1_633' title='bbox 1989 4208 2169 4279; x_wconf 90' lang='lat' dir='ltr'><strong>hujus</strong></span> <span class='ocrx_word' id='word_1_634' title='bbox 2192 4205 2485 4279; x_wconf 84' lang='lat' dir='ltr'><strong>pontiﬁcis</strong></span> <span class='ocrx_word' id='word_1_635' title='bbox 2510 4204 3123 4279; x_wconf 84' lang='lat' dir='ltr'><strong>bibliographusapud</strong></span> <span class='ocrx_word' id='word_1_636' title='bbox 3140 4202 3519 4279; x_wconf 82' lang='lat' dir='ltr'><strong>Anastasium</strong></span> <span class='ocrx_word' id='word_1_637' title='bbox 3539 4202 3637 4260; x_wconf 86' lang='lat' dir='ltr'><strong>his</strong></span> 
     </span>
    </p>
   </div>
   <div class='ocr_carea' id='block_1_90' title="bbox 1989 4276 3636 4360">
    <p class='ocr_par' dir='ltr' id='par_1_90' title="bbox 1989 4276 3636 4360">
     <span class='ocr_line' id='line_1_93' title="bbox 1989 4276 3636 4360; baseline -0.002 -25"><span class='ocrx_word' id='word_1_638' title='bbox 1989 4276 2229 4360; x_wconf 48' lang='lat' dir='ltr'><strong>verbis}</strong></span> <span class='ocrx_word' id='word_1_639' title='bbox 2258 4301 2283 4327; x_wconf 84' lang='lat'><strong>«</strong></span> <span class='ocrx_word' id='word_1_640' title='bbox 2308 4279 2435 4349; x_wconf 90' lang='lat' dir='ltr'><strong>Ipse</strong></span> <span class='ocrx_word' id='word_1_641' title='bbox 2465 4276 2733 4360; x_wconf 76' lang='lat' dir='ltr'><strong>insignis,</strong></span> <span class='ocrx_word' id='word_1_642' title='bbox 2762 4276 3636 4360; x_wconf 28' lang='lat' dir='ltr'><strong>prmsulq‘ue.prmcipuus,_cum</strong></span> 
     </span>
    </p>
   </div>
   <div class='ocr_carea' id='block_1_91' title="bbox 1994 4345 3640 4421">
    <p class='ocr_par' dir='ltr' id='par_1_91' title="bbox 1994 4345 3640 4421">
     <span class='ocr_line' id='line_1_94' title="bbox 1994 4345 3640 4421; baseline -0.004 -14"><span class='ocrx_word' id='word_1_643' title='bbox 1994 4354 2305 4407; x_wconf 90' lang='lat' dir='ltr'><strong>innumera</strong></span> <span class='ocrx_word' id='word_1_644' title='bbox 2333 4345 2836 4421; x_wconf 58' lang='lat' dir='ltr'><strong>summi&#39;decoris</strong></span> <span class='ocrx_word' id='word_1_645' title='bbox 2884 4345 3058 4421; x_wconf 79' lang='lat' dir='ltr'><strong>opera</strong></span> <span class='ocrx_word' id='word_1_646' title='bbox 3092 4345 3152 4405; x_wconf 81' lang='lat' dir='ltr'><strong>in</strong></span> <span class='ocrx_word' id='word_1_647' title='bbox 3193 4345 3462 4421; x_wconf 36' lang='lat' dir='ltr'><strong>basilica:</strong></span> <span class='ocrx_word' id='word_1_648' title='bbox 3486 4345 3640 4404; x_wconf 89' lang='lat' dir='ltr'><strong>beati</strong></span> 
     </span>
    </p>
   </div>
   <div class='ocr_carea' id='block_1_92' title="bbox 1996 4419 3644 4493">
    <p class='ocr_par' dir='ltr' id='par_1_92' title="bbox 1996 4419 3644 4493">
     <span class='ocr_line' id='line_1_95' title="bbox 1996 4419 3644 4493; baseline -0.003 -15"><span class='ocrx_word' id='word_1_649' title='bbox 1996 4423 2148 4478; x_wconf 92' lang='lat' dir='ltr'><strong>Petri</strong></span> <span class='ocrx_word' id='word_1_650' title='bbox 2176 4421 2301 4476; x_wconf 70' lang='grc' dir='ltr'><strong>θα)ιὶ</strong></span> <span class='ocrx_word' id='word_1_651' title='bbox 2322 4420 2590 4491; x_wconf 80' lang='lat' dir='ltr'><strong>clavigeri</strong></span> <span class='ocrx_word' id='word_1_652' title='bbox 2616 4419 2973 4492; x_wconf 78' lang='lat' dir='ltr'><strong>perfecisset,</strong></span> <span class='ocrx_word' id='word_1_653' title='bbox 3006 4429 3220 4493; x_wconf 83' lang='lat' dir='ltr'><strong>portas,</strong></span> <span class='ocrx_word' id='word_1_654' title='bbox 3244 4436 3392 4493; x_wconf 85' lang='lat' dir='ltr'><strong>quas</strong></span> <span class='ocrx_word' id='word_1_655' title='bbox 3422 4419 3644 4476; x_wconf 90' lang='lat' dir='ltr'><strong>destru-</strong></span> 
     </span>
    </p>
   </div>
   <div class='ocr_carea' id='block_1_93' title="bbox 235 4488 3646 4565">
    <p class='ocr_par' dir='ltr' id='par_1_93' title="bbox 235 4488 3646 4565">
     <span class='ocr_line' id='line_1_96' title="bbox 235 4488 3646 4565; baseline 0 -19"><span class='ocrx_word' id='word_1_656' title='bbox 235 4489 620 4565; x_wconf 75' lang='lat' dir='ltr'><strong>didissimum</strong></span> <span class='ocrx_word' id='word_1_657' title='bbox 669 4489 881 4565; x_wconf 87' lang='lat' dir='ltr'><strong>veteris</strong></span> <span class='ocrx_word' id='word_1_658' title='bbox 924 4488 1884 4565; x_wconf 27' lang='lat' dir='ltr'><strong>basilice—Vaticana?”porticum</strong></span> <span class='ocrx_word' id='word_1_659' title='bbox 1995 4497 2160 4550; x_wconf 83' lang='lat' dir='ltr'><strong>xerat</strong></span> <span class='ocrx_word' id='word_1_660' title='bbox 2178 4488 2813 4565; x_wconf 70' lang='lat' dir='ltr'><strong>Seracenaprogenies,</strong></span> <span class='ocrx_word' id='word_1_661' title='bbox 2841 4488 3492 4565; x_wconf 77' lang='lat' dir='ltr'><strong>argentoquenudarat,</strong></span> <span class='ocrx_word' id='word_1_662' title='bbox 3524 4505 3646 4565; x_wconf 77' lang='lat' dir='ltr'><strong>ere-</strong></span> 
     </span>
    </p>
   </div>
   <div class='ocr_carea' id='block_1_94' title="bbox 235 4559 1886 4643">
    <p class='ocr_par' dir='ltr' id='par_1_94' title="bbox 235 4559 1886 4643">
     <span class='ocr_line' id='line_1_97' title="bbox 235 4559 1886 4643; baseline -0.001 -26"><span class='ocrx_word' id='word_1_663' title='bbox 235 4559 658 4643; x_wconf 45' lang='lat' dir='ltr'><strong>iAndigitarunt,</strong></span> <span class='ocrx_word' id='word_1_664' title='bbox 684 4564 754 4616; x_wconf 84' lang='lat' dir='ltr'><strong>de</strong></span> <span class='ocrx_word' id='word_1_665' title='bbox 780 4576 896 4643; x_wconf 86' lang='lat' dir='ltr'><strong>qua</strong></span> <span class='ocrx_word' id='word_1_666' title='bbox 923 4560 1162 4643; x_wconf 53' lang='lat' dir='ltr'><strong>Paulus</strong></span> <span class='ocrx_word' id='word_1_667' title='bbox 1181 4560 1483 4643; x_wconf 62' lang='lat' dir='ltr'><strong>diaconus,</strong></span> <span class='ocrx_word' id='word_1_668' title='bbox 1653 4563 1723 4643; x_wconf 88' lang='lat' dir='ltr'><strong>V_,</strong></span> <span class='ocrx_word' id='word_1_669' title='bbox 1758 4580 1886 4635; x_wconf 90' lang='lat' dir='ltr'><strong>cap.</strong></span> 
     </span>
    </p>
   </div>
   <div class='ocr_carea' id='block_1_95' title="bbox 1997 4561 3645 4635">
    <p class='ocr_par' dir='ltr' id='par_1_95' title="bbox 1997 4561 3645 4635">
     <span class='ocr_line' id='line_1_98' title="bbox 1997 4561 3645 4635; baseline -0.002 -15"><span class='ocrx_word' id='word_1_670' title='bbox 1997 4566 2100 4631; x_wconf 77' lang='lat' dir='ltr'><strong>xit,</strong></span> <span class='ocrx_word' id='word_1_671' title='bbox 2135 4561 2787 4635; x_wconf 15' lang='lat' dir='ltr'><strong>multisquer&#39;argenteis</strong></span> <span class='ocrx_word' id='word_1_672' title='bbox 2810 4561 3027 4619; x_wconf 76' lang='lat' dir='ltr'><strong>tabulis</strong></span> <span class='ocrx_word' id='word_1_673' title='bbox 3058 4561 3333 4631; x_wconf 80' lang='lat' dir='ltr'><strong>luciﬂuis,</strong></span> <span class='ocrx_word' id='word_1_674' title='bbox 3379 4561 3645 4635; x_wconf 82' lang='lat' dir='ltr'><strong>salutife-</strong></span> 
     </span>
    </p>
   </div>
   <div class='ocr_carea' id='block_1_96' title="bbox 236 4630 3646 4715">
    <p class='ocr_par' dir='ltr' id='par_1_96' title="bbox 236 4630 3646 4715">
     <span class='ocr_line' id='line_1_99' title="bbox 236 4630 3646 4715; baseline -0 -26"><span class='ocrx_word' id='word_1_675' title='bbox 236 4634 297 4689; x_wconf 87' lang='grc'>31</span> <span class='ocrx_word' id='word_1_676' title='bbox 325 4630 424 4715; x_wconf 66' lang='lat' dir='ltr'><strong>_si:c</strong></span> <span class='ocrx_word' id='word_1_677' title='bbox 453 4630 582 4715; x_wconf 51' lang='lat' dir='ltr'><strong>ait“:</strong></span> <span class='ocrx_word' id='word_1_678' title='bbox 616 4630 845 4715; x_wconf 62' lang='lat' dir='ltr'><strong>Domer</strong></span> <span class='ocrx_word' id='word_1_679' title='bbox 858 4633 1381 4715; x_wconf 53' lang='lat' dir='ltr'><strong>ponti/exitan</strong></span> <span class='ocrx_word' id='word_1_680' title='bbox 1411 4630 1888 4715; x_wconf 50' lang='lat' dir='ltr'><strong>Declesgelccum,</strong></span> <span class='ocrx_word' id='word_1_681' title='bbox 1929 4646 1973 4710; x_wconf 79' lang='grc' dir='ltr'>ι)</span> <span class='ocrx_word' id='word_1_682' title='bbox 2004 4637 2204 4715; x_wconf 85' lang='lat' dir='ltr'><strong>risque</strong></span> <span class='ocrx_word' id='word_1_683' title='bbox 2252 4630 2513 4690; x_wconf 66' lang='lat' dir='ltr'><strong>historiis</strong></span> <span class='ocrx_word' id='word_1_684' title='bbox 2545 4630 2791 4715; x_wconf 71' lang='lat' dir='ltr'><strong>sculptis</strong></span> <span class='ocrx_word' id='word_1_685' title='bbox 2823 4635 3131 4715; x_wconf 74' lang='lat' dir='ltr'><strong>decoravit,</strong></span> <span class='ocrx_word' id='word_1_686' title='bbox 3164 4641 3221 4691; x_wconf 89' lang='lat' dir='ltr'><strong>et</strong></span> <span class='ocrx_word' id='word_1_687' title='bbox 3254 4630 3324 4690; x_wconf 88' lang='lat' dir='ltr'><strong>in</strong></span> <span class='ocrx_word' id='word_1_688' title='bbox 3345 4634 3646 4715; x_wconf 77' lang='lat' dir='ltr'><strong>meliorem</strong></span> 
     </span>
    </p>
   </div>
   <div class='ocr_carea' id='block_1_97' title="bbox 273 4702 1896 4768">
    <p class='ocr_par' dir='ltr' id='par_1_97' title="bbox 273 4702 1896 4768">
     <span class='ocr_line' id='line_1_100' title="bbox 273 4702 1896 4768; baseline -0.001 -8"><span class='ocrx_word' id='word_1_689' title='bbox 273 4705 334 4760; x_wconf 79' lang='lat' dir='ltr'><strong>ui</strong></span> <span class='ocrx_word' id='word_1_690' title='bbox 362 4702 669 4758; x_wconf 73' lang='lat' dir='ltr'><strong>Paradisus</strong></span> <span class='ocrx_word' id='word_1_691' title='bbox 699 4702 923 4768; x_wconf 71' lang='lat' dir='ltr'><strong>dicitur,</strong></span> <span class='ocrx_word' id='word_1_692' title='bbox 952 4712 1079 4759; x_wconf 85' lang='lat' dir='ltr'><strong>ante</strong></span> <span class='ocrx_word' id='word_1_693' title='bbox 1109 4704 1396 4760; x_wconf 74' lang='lat' dir='ltr'><strong>basilicam</strong></span> <span class='ocrx_word' id='word_1_694' title='bbox 1426 4704 1570 4759; x_wconf 75' lang='lat' dir='ltr'><strong>beati</strong></span> <span class='ocrx_word' id='word_1_695' title='bbox 1594 4706 1744 4760; x_wconf 76' lang='lat' dir='ltr'><strong>Petri</strong></span> <span class='ocrx_word' id='word_1_696' title='bbox 1768 4723 1896 4760; x_wconf 75' lang='lat' dir='ltr'><strong>ran—</strong></span> 
     </span>
    </p>
   </div>
   <div class='ocr_carea' id='block_1_98' title="bbox 2008 4706 3645 4787">
    <p class='ocr_par' dir='ltr' id='par_1_98' title="bbox 2008 4706 3645 4787">
     <span class='ocr_line' id='line_1_101' title="bbox 2008 4706 3645 4787; baseline -0.002 -26"><span class='ocrx_word' id='word_1_697' title='bbox 2008 4706 2279 4787; x_wconf 51' lang='grc' dir='ltr'><strong>ερθὸὶσεςηΔ</strong></span> <span class='ocrx_word' id='word_1_698' title='bbox 2310 4722 2485 4787; x_wconf 67' lang='lat' dir='ltr'><strong>quam</strong></span> <span class='ocrx_word' id='word_1_699' title='bbox 2546 4706 2784 4787; x_wconf 48' lang='lat' dir='ltr'><strong>pridem</strong></span> <span class='ocrx_word' id='word_1_700' title='bbox 2834 4707 3063 4761; x_wconf 82' lang='lat' dir='ltr'><strong>fuerant</strong></span> <span class='ocrx_word' id='word_1_701' title='bbox 3104 4706 3422 4787; x_wconf 66' lang='lat' dir='ltr'><strong>reparavit,</strong></span> <span class='ocrx_word' id='word_1_702' title='bbox 3474 4727 3502 4756; x_wconf 69' lang='grc' dir='ltr'><strong>η</strong></span> <span class='ocrx_word' id='word_1_703' title='bbox 3535 4707 3645 4760; x_wconf 90' lang='lat' dir='ltr'><strong>etc.</strong></span> 
     </span>
    </p>
   </div>
   <div class='ocr_carea' id='block_1_99' title="bbox 278 4773 3310 4845">
    <p class='ocr_par' dir='ltr' id='par_1_99' title="bbox 278 4773 3310 4845">
     <span class='ocr_line' id='line_1_102' title="bbox 278 4773 3310 4845; baseline -0 -14"><span class='ocrx_word' id='word_1_704' title='bbox 278 4775 387 4831; x_wconf 74' lang='lat' dir='ltr'><strong>idis</strong></span> <span class='ocrx_word' id='word_1_705' title='bbox 437 4773 716 4845; x_wconf 76' lang='lat' dir='ltr'><strong>lapidibus</strong></span> <span class='ocrx_word' id='word_1_706' title='bbox 756 4777 1095 4845; x_wconf 76' lang='lat' dir='ltr'><strong>marmoreis</strong></span> <span class='ocrx_word' id='word_1_707' title='bbox 1123 4776 1364 4845; x_wconf 74' lang='lat' dir='ltr'><strong>miriﬁce</strong></span> <span class='ocrx_word' id='word_1_708' title='bbox 1390 4778 1603 4831; x_wconf 79' lang='lat' dir='ltr'><strong>stravit.</strong></span> <span class='ocrx_word' id='word_1_709' title='bbox 1637 4777 1901 4831; x_wconf 81' lang='lat' dir='ltr'><strong>Concinit</strong></span> <span class='ocrx_word' id='word_1_710' title='bbox 2008 4773 2361 4835; x_wconf 42' lang='lat' dir='ltr'><strong>C’onsulatu’r</strong></span> <span class='ocrx_word' id='word_1_711' title='bbox 2387 4773 2714 4832; x_wconf 76' lang='lat' dir='ltr'><strong>Canonicus</strong></span> <span class='ocrx_word' id='word_1_712' title='bbox 2748 4777 3068 4841; x_wconf 81' lang='lat' dir='ltr'><strong>Romanus,</strong></span> <span class='ocrx_word' id='word_1_713' title='bbox 3098 4773 3196 4831; x_wconf 51' lang='lat' dir='ltr'><strong>tit.‘</strong></span> <span class='ocrx_word' id='word_1_714' title='bbox 3222 4778 3310 4830; x_wconf 84' lang='grc'><strong>44.</strong></span> 
     </span>
    </p>
   </div>
   <div class='ocr_carea' id='block_1_100' title="bbox 244 4846 454 4974">
    <p class='ocr_par' dir='ltr' id='par_1_100' title="bbox 244 4846 454 4974">
     <span class='ocr_line' id='line_1_103' title="bbox 244 4846 454 4901; baseline -0.01 0"><span class='ocrx_word' id='word_1_715' title='bbox 244 4846 339 4901; x_wconf 91' lang='lat' dir='ltr'><strong>bio</strong></span> <span class='ocrx_word' id='word_1_716' title='bbox 386 4861 454 4900; x_wconf 84' lang='lat' dir='ltr'><strong>ra</strong></span> 
     </span>
     <span class='ocr_line' id='line_1_104' title="bbox 246 4861 454 4974; baseline -0.005 -2"><span class='ocrx_word' id='word_1_717' title='bbox 246 4861 454 4974; x_wconf 52' lang='lat' dir='ltr'><strong>Bib§iot</strong></span> 
     </span>
    </p>
   </div>
   <div class='ocr_carea' id='block_1_101' title="bbox 256 5276 1119 5343">
    <p class='ocr_par' dir='ltr' id='par_1_101' title="bbox 256 5276 1119 5343">
     <span class='ocr_line' id='line_1_105' title="bbox 256 5276 1119 5343; baseline -0.002 -16"><span class='ocrx_word' id='word_1_718' title='bbox 256 5288 371 5343; x_wconf 89' lang='lat' dir='ltr'><strong>que</strong></span> <span class='ocrx_word' id='word_1_719' title='bbox 403 5276 535 5326; x_wconf 90' lang='lat' dir='ltr'><strong>atrii</strong></span> <span class='ocrx_word' id='word_1_720' title='bbox 562 5276 781 5343; x_wconf 86' lang='lat' dir='ltr'><strong>januas</strong></span> <span class='ocrx_word' id='word_1_721' title='bbox 812 5276 1119 5327; x_wconf 90' lang='lat' dir='ltr'><strong>memorat.</strong></span> 
     </span>
    </p>
   </div>
   <div class='ocr_carea' id='block_1_102' title="bbox 326 5340 1912 5427">
    <p class='ocr_par' dir='ltr' id='par_1_102' title="bbox 326 5340 1912 5427">
     <span class='ocr_line' id='line_1_106' title="bbox 326 5340 1912 5427; baseline 0.002 -29"><span class='ocrx_word' id='word_1_722' title='bbox 326 5344 478 5424; x_wconf 83' lang='grc'>(199)</span> <span class='ocrx_word' id='word_1_723' title='bbox 507 5340 641 5427; x_wconf 67' lang='grc' dir='ltr'><strong>Εὐὶι</strong></span> <span class='ocrx_word' id='word_1_724' title='bbox 668 5343 792 5399; x_wconf 71' lang='grc' dir='ltr'><strong>Ι]ωο</strong></span> <span class='ocrx_word' id='word_1_725' title='bbox 833 5343 1104 5415; x_wconf 92' lang='lat' dir='ltr'><strong>princeps</strong></span> <span class='ocrx_word' id='word_1_726' title='bbox 1134 5340 1435 5427; x_wconf 60' lang='lat' dir='ltr'><strong>vaticanae</strong></span> <span class='ocrx_word' id='word_1_727' title='bbox 1463 5344 1717 5427; x_wconf 75' lang='lat' dir='ltr'><strong>basilicae</strong></span> <span class='ocrx_word' id='word_1_728' title='bbox 1744 5350 1912 5427; x_wconf 81' lang='lat' dir='ltr'><strong>porta</strong></span> 
     </span>
    </p>
   </div>
   <div class='ocr_carea' id='block_1_103' title="bbox 257 5412 1914 5499">
    <p class='ocr_par' dir='ltr' id='par_1_103' title="bbox 257 5412 1914 5499">
     <span class='ocr_line' id='line_1_107' title="bbox 257 5412 1914 5499; baseline 0.004 -32"><span class='ocrx_word' id='word_1_729' title='bbox 257 5412 343 5499; x_wconf 55' lang='lat' dir='ltr'><strong>ad&#39;</strong></span> <span class='ocrx_word' id='word_1_730' title='bbox 363 5412 656 5499; x_wconf 64' lang='lat' dir='ltr'><strong>grientem</strong></span> <span class='ocrx_word' id='word_1_731' title='bbox 679 5412 946 5498; x_wconf 70' lang='lat' dir='ltr'><strong>vergens,</strong></span> <span class='ocrx_word' id='word_1_732' title='bbox 980 5412 1159 5499; x_wconf 80' lang='lat' dir='ltr'><strong>quam</strong></span> <span class='ocrx_word' id='word_1_733' title='bbox 1190 5413 1554 5499; x_wconf 45' lang='lat' dir='ltr'><strong>S.&#39;Paulinus</strong></span> <span class='ocrx_word' id='word_1_734' title='bbox 1572 5416 1637 5499; x_wconf 77' lang='lat' dir='ltr'><strong>jn</strong></span> <span class='ocrx_word' id='word_1_735' title='bbox 1667 5412 1914 5499; x_wconf 78' lang='lat' dir='ltr'><strong>epistola</strong></span> 
     </span>
    </p>
   </div>
   <div class='ocr_carea' id='block_1_104' title="bbox 258 5484 1917 5558">
    <p class='ocr_par' dir='ltr' id='par_1_104' title="bbox 258 5484 1917 5558">
     <span class='ocr_line' id='line_1_108' title="bbox 258 5484 1917 5558; baseline 0.002 -18"><span class='ocrx_word' id='word_1_736' title='bbox 258 5484 333 5558; x_wconf 71' lang='lat' dir='ltr'><strong>ad</strong></span> <span class='ocrx_word' id='word_1_737' title='bbox 363 5484 701 5558; x_wconf 76' lang='lat' dir='ltr'><strong>Pammach.</strong></span> <span class='ocrx_word' id='word_1_738' title='bbox 718 5484 941 5558; x_wconf 53' lang='lat' dir='ltr'><strong>regiam</strong></span> <span class='ocrx_word' id='word_1_739' title='bbox 962 5484 1238 5558; x_wconf 80' lang='lat' dir='ltr'><strong>appellat.</strong></span> <span class='ocrx_word' id='word_1_740' title='bbox 1258 5485 1548 5558; x_wconf 85' lang='lat' dir='ltr'><strong>Honorius</strong></span> <span class='ocrx_word' id='word_1_741' title='bbox 1571 5487 1611 5555; x_wconf 88' lang='grc' dir='ltr'><strong>Ι,</strong></span> <span class='ocrx_word' id='word_1_742' title='bbox 1637 5484 1721 5543; x_wconf 89' lang='lat' dir='ltr'><strong>uti</strong></span> <span class='ocrx_word' id='word_1_743' title='bbox 1744 5492 1917 5544; x_wconf 84' lang='lat' dir='ltr'><strong>relcrt</strong></span> 
     </span>
    </p>
   </div>
   <div class='ocr_carea' id='block_1_105' title="bbox 256 5552 1915 5630">
    <p class='ocr_par' dir='ltr' id='par_1_105' title="bbox 256 5552 1915 5630">
     <span class='ocr_line' id='line_1_109' title="bbox 256 5552 1915 5630; baseline 0.004 -22"><span class='ocrx_word' id='word_1_744' title='bbox 256 5552 408 5630; x_wconf 84' lang='lat' dir='ltr'><strong>liber</strong></span> <span class='ocrx_word' id='word_1_745' title='bbox 430 5552 811 5630; x_wconf 52' lang='lat' dir='ltr'><strong>Pontificalis&#39;,</strong></span> <span class='ocrx_word' id='word_1_746' title='bbox 829 5579 864 5630; x_wconf 61' lang='grc' dir='ltr'><strong>Δᾳ</strong></span> <span class='ocrx_word' id='word_1_747' title='bbox 887 5552 1181 5612; x_wconf 74' lang='lat' dir='ltr'><strong>investivit</strong></span> <span class='ocrx_word' id='word_1_748' title='bbox 1204 5556 1392 5629; x_wconf 90' lang='lat' dir='ltr'><strong>regias</strong></span> <span class='ocrx_word' id='word_1_749' title='bbox 1410 5552 1627 5630; x_wconf 80' lang='lat' dir='ltr'><strong>januas</strong></span> <span class='ocrx_word' id='word_1_750' title='bbox 1646 5559 1915 5630; x_wconf 83' lang='lat' dir='ltr'><strong>ingressu</strong></span> 
     </span>
    </p>
   </div>
   <div class='ocr_carea' id='block_1_106' title="bbox 259 5625 1917 5710">
    <p class='ocr_par' dir='ltr' id='par_1_106' title="bbox 259 5625 1917 5710">
     <span class='ocr_line' id='line_1_110' title="bbox 259 5625 1917 5710; baseline 0.002 -29"><span class='ocrx_word' id='word_1_751' title='bbox 259 5625 519 5710; x_wconf 69' lang='lat' dir='ltr'><strong>ecclesias</strong></span> <span class='ocrx_word' id='word_1_752' title='bbox 564 5628 642 5699; x_wconf 89' lang='lat' dir='ltr'><strong>(S.</strong></span> <span class='ocrx_word' id='word_1_753' title='bbox 690 5627 865 5710; x_wconf 79' lang='lat' dir='ltr'><strong>Petri)</strong></span> <span class='ocrx_word' id='word_1_754' title='bbox 913 5625 1349 5710; x_wconf 46' lang='lat' dir='ltr'><strong>majores,“qu</strong></span> <span class='ocrx_word' id='word_1_755' title='bbox 1384 5625 1757 5710; x_wconf 50' lang='lat' dir='ltr'><strong>appellantur</strong></span> <span class='ocrx_word' id='word_1_756' title='bbox 1798 5648 1917 5710; x_wconf 83' lang='lat' dir='ltr'><strong>mc-</strong></span> 
     </span>
    </p>
   </div>
   <div class='ocr_carea' id='block_1_107' title="bbox 262 5696 1923 5780">
    <p class='ocr_par' dir='ltr' id='par_1_107' title="bbox 262 5696 1923 5780">
     <span class='ocr_line' id='line_1_111' title="bbox 262 5696 1923 5780; baseline 0.001 -27"><span class='ocrx_word' id='word_1_757' title='bbox 262 5696 475 5780; x_wconf 65' lang='lat' dir='ltr'><strong>diane,</strong></span> <span class='ocrx_word' id='word_1_758' title='bbox 490 5715 560 5780; x_wconf 54' lang='lat' dir='ltr'><strong>ea</strong></span> <span class='ocrx_word' id='word_1_759' title='bbox 574 5696 991 5780; x_wconf 24' lang='lat' dir='ltr'><strong>argentoiqute</strong></span> <span class='ocrx_word' id='word_1_760' title='bbox 1006 5696 1169 5770; x_wconf 81' lang='lat' dir='ltr'><strong>pens.</strong></span> <span class='ocrx_word' id='word_1_761' title='bbox 1191 5696 1294 5780; x_wconf 73' lang='lat' dir='ltr'><strong>lib.</strong></span> <span class='ocrx_word' id='word_1_762' title='bbox 1311 5696 1529 5780; x_wconf 38' lang='lat' dir='ltr'><strong>nona—gi</strong></span> <span class='ocrx_word' id='word_1_763' title='bbox 1541 5706 1923 5780; x_wconf 64' lang='lat' dir='ltr'><strong>utesseptua-</strong></span> 
     </span>
    </p>
   </div>
   <div class='ocr_carea' id='block_1_108' title="bbox 264 5772 1924 5843">
    <p class='ocr_par' dir='ltr' id='par_1_108' title="bbox 264 5772 1924 5843">
     <span class='ocr_line' id='line_1_112' title="bbox 264 5772 1924 5843; baseline 0.004 -21"><span class='ocrx_word' id='word_1_764' title='bbox 264 5772 430 5842; x_wconf 83' lang='lat' dir='ltr'><strong>ginta</strong></span> <span class='ocrx_word' id='word_1_765' title='bbox 459 5772 1106 5843; x_wconf 65' lang='lat' dir='ltr'><strong>quinque._&gt;)__1dipsum</strong></span> <span class='ocrx_word' id='word_1_766' title='bbox 1128 5772 1473 5843; x_wconf 28' lang='lat' dir='ltr'><strong>praestitit‘S.</strong></span> <span class='ocrx_word' id='word_1_767' title='bbox 1501 5772 1612 5826; x_wconf 91' lang='lat' dir='ltr'><strong>Leo</strong></span> <span class='ocrx_word' id='word_1_768' title='bbox 1645 5772 1737 5837; x_wconf 84' lang='lat' dir='ltr'><strong>iV,</strong></span> <span class='ocrx_word' id='word_1_769' title='bbox 1758 5772 1924 5843; x_wconf 86' lang='lat' dir='ltr'><strong>post-</strong></span> 
     </span>
    </p>
   </div>
   <div class='ocr_carea' id='block_1_109' title="bbox 1229 5840 2347 5914">
    <p class='ocr_par' dir='ltr' id='par_1_109' title="bbox 1229 5840 2347 5914">
     <span class='ocr_line' id='line_1_113' title="bbox 1229 5840 2347 5914; baseline 0.003 -15"><span class='ocrx_word' id='word_1_770' title='bbox 1229 5840 1623 5914; x_wconf 88' lang='lat' dir='ltr'><strong>denudarunt,</strong></span> <span class='ocrx_word' id='word_1_771' title='bbox 1647 5846 1711 5900; x_wconf 91' lang='lat' dir='ltr'><strong>ut</strong></span> <span class='ocrx_word' id='word_1_772' title='bbox 1751 5840 1928 5903; x_wconf 75' lang='lat' dir='ltr'><strong>habet</strong></span> <span class='ocrx_word' id='word_1_773' title='bbox 2035 5845 2185 5903; x_wconf 86' lang='lat' dir='ltr'><strong>Mus.</strong></span> <span class='ocrx_word' id='word_1_774' title='bbox 2221 5845 2347 5902; x_wconf 86' lang='lat' dir='ltr'><strong>Ital.</strong></span> 
     </span>
    </p>
   </div>
   <div class='ocr_carea' id='block_1_110' title="bbox 270 5840 1128 5915">
    <p class='ocr_par' dir='ltr' id='par_1_110' title="bbox 270 5840 1128 5915">
     <span class='ocr_line' id='line_1_114' title="bbox 270 5840 1128 5915; baseline 0.008 -20"><span class='ocrx_word' id='word_1_775' title='bbox 270 5840 453 5909; x_wconf 65' lang='lat' dir='ltr'><strong>Quam</strong></span> <span class='ocrx_word' id='word_1_776' title='bbox 476 5840 917 5915; x_wconf 77' lang='lat' dir='ltr'><strong>Saraceniillas</strong></span> <span class='ocrx_word' id='word_1_777' title='bbox 932 5840 1128 5914; x_wconf 45' lang='lat' dir='ltr'><strong>‘argen</strong></span> 
     </span>
    </p>
   </div>
   <div class='ocr_carea' id='block_1_111' title="bbox 542 4844 1893 4918">
    <p class='ocr_par' dir='ltr' id='par_1_111' title="bbox 542 4844 1893 4918">
     <span class='ocr_line' id='line_1_115' title="bbox 542 4844 1893 4918; baseline 0.002 -18"><span class='ocrx_word' id='word_1_778' title='bbox 542 4862 613 4918; x_wconf 81' lang='lat' dir='ltr'><strong>us</strong></span> <span class='ocrx_word' id='word_1_779' title='bbox 654 4844 855 4918; x_wconf 79' lang='lat' dir='ltr'><strong>ipsius</strong></span> <span class='ocrx_word' id='word_1_780' title='bbox 878 4845 1078 4901; x_wconf 91' lang='lat' dir='ltr'><strong>domni</strong></span> <span class='ocrx_word' id='word_1_781' title='bbox 1109 4850 1154 4911; x_wconf 89' lang='grc' dir='ltr'><strong>Ι,</strong></span> <span class='ocrx_word' id='word_1_782' title='bbox 1188 4844 1267 4902; x_wconf 90' lang='lat' dir='ltr'><strong>de</strong></span> <span class='ocrx_word' id='word_1_783' title='bbox 1290 4862 1406 4918; x_wconf 92' lang='lat' dir='ltr'><strong>quo</strong></span> <span class='ocrx_word' id='word_1_784' title='bbox 1437 4848 1589 4918; x_wconf 90' lang='lat' dir='ltr'><strong>apud</strong></span> <span class='ocrx_word' id='word_1_785' title='bbox 1622 4852 1893 4904; x_wconf 81' lang='lat' dir='ltr'><strong>Anastas.</strong></span> 
     </span>
    </p>
   </div>
   <div class='ocr_carea' id='block_1_112' title="bbox 380 4915 3656 4998">
    <p class='ocr_par' dir='ltr' id='par_1_112' title="bbox 380 4915 3656 4998">
     <span class='ocr_line' id='line_1_116' title="bbox 380 4915 3656 4998; baseline 0.001 -28"><span class='ocrx_word' id='word_1_786' title='bbox 380 4915 525 4998; x_wconf 81' lang='lat' dir='ltr'><strong>ioth.</strong></span> <span class='ocrx_word' id='word_1_787' title='bbox 568 4915 712 4998; x_wconf 58' lang='lat' dir='ltr'><strong>haec:</strong></span> <span class='ocrx_word' id='word_1_788' title='bbox 762 4916 989 4998; x_wconf 50' lang='lat' dir='ltr'><strong>habet;</strong></span> <span class='ocrx_word' id='word_1_789' title='bbox 1024 4918 1239 4998; x_wconf 58' lang='lat' dir='ltr'><strong>Atrium</strong></span> <span class='ocrx_word' id='word_1_790' title='bbox 1283 4915 1432 4998; x_wconf 62' lang='lat' dir='ltr'><strong>beati</strong></span> <span class='ocrx_word' id='word_1_791' title='bbox 1470 4915 1629 4973; x_wconf 73' lang='lat' dir='ltr'><strong>Petri</strong></span> <span class='ocrx_word' id='word_1_792' title='bbox 1667 4921 1903 4998; x_wconf 76' lang='lat' dir='ltr'><strong>apostoli</strong></span> <span class='ocrx_word' id='word_1_793' title='bbox 2011 4915 2831 4998; x_wconf 41' lang='lat' dir='ltr'><strong>1X&#39;_con&#39;sti_tutionib‘u_s.Aliud</strong></span> <span class='ocrx_word' id='word_1_794' title='bbox 2855 4915 3030 4998; x_wconf 70' lang='lat' dir='ltr'><strong>sacrae</strong></span> <span class='ocrx_word' id='word_1_795' title='bbox 3049 4918 3188 4973; x_wconf 80' lang='lat' dir='ltr'><strong>aedis</strong></span> <span class='ocrx_word' id='word_1_796' title='bbox 3206 4921 3656 4998; x_wconf 81' lang='lat' dir='ltr'><strong>monumentum</strong></span> 
     </span>
    </p>
   </div>
   <div class='ocr_carea' id='block_1_113' title="bbox 247 4987 1900 5071">
    <p class='ocr_par' dir='ltr' id='par_1_113' title="bbox 247 4987 1900 5071">
     <span class='ocr_line' id='line_1_117' title="bbox 247 4987 1900 5071; baseline 0.001 -28"><span class='ocrx_word' id='word_1_797' title='bbox 247 4988 525 5070; x_wconf 58' lang='lat' dir='ltr'><strong>saperitu,</strong></span> <span class='ocrx_word' id='word_1_798' title='bbox 568 4987 716 5071; x_wconf 65' lang='lat' dir='ltr'><strong>quod</strong></span> <span class='ocrx_word' id='word_1_799' title='bbox 753 4987 1055 5071; x_wconf 74' lang='lat' dir='ltr'><strong>Paradisus</strong></span> <span class='ocrx_word' id='word_1_800' title='bbox 1083 4988 1308 5071; x_wconf 64' lang='lat' dir='ltr'><strong>dicitur.</strong></span> <span class='ocrx_word' id='word_1_801' title='bbox 1358 4987 1713 5071; x_wconf 39' lang='lat' dir='ltr'><strong>estque-ante</strong></span> <span class='ocrx_word' id='word_1_802' title='bbox 1736 4992 1900 5071; x_wconf 65' lang='lat' dir='ltr'><strong>eccle-</strong></span> 
     </span>
    </p>
   </div>
   <div class='ocr_carea' id='block_1_114' title="bbox 245 5058 1901 5189">
    <p class='ocr_par' dir='ltr' id='par_1_114' title="bbox 245 5058 1901 5189">
     <span class='ocr_line' id='line_1_118' title="bbox 246 5058 1901 5184; baseline 0.002 -70"><span class='ocrx_word' id='word_1_803' title='bbox 246 5058 388 5141; x_wconf 66' lang='lat' dir='ltr'><strong>siam</strong></span> <span class='ocrx_word' id='word_1_804' title='bbox 422 5060 485 5140; x_wconf 54' lang='lat' dir='ltr'><strong>in</strong></span> <span class='ocrx_word' id='word_1_805' title='bbox 516 5058 716 5129; x_wconf 68' lang='grc' dir='ltr'><strong>φιαιίνί</strong></span> <span class='ocrx_word' id='word_1_806' title='bbox 732 5061 1026 5184; x_wconf 61' lang='lat' dir='ltr'><strong>perticum,</strong></span> <span class='ocrx_word' id='word_1_807' title='bbox 1049 5062 1267 5141; x_wconf 51' lang='lat' dir='ltr'><strong>magnis</strong></span> <span class='ocrx_word' id='word_1_808' title='bbox 1286 5058 1655 5116; x_wconf 77' lang='lat' dir='ltr'><strong>marmoribus</strong></span> <span class='ocrx_word' id='word_1_809' title='bbox 1685 5064 1901 5117; x_wconf 76' lang='lat' dir='ltr'><strong>stravit.</strong></span> 
     </span>
     <span class='ocr_line' id='line_1_119' title="bbox 245 5128 1901 5189; baseline 0.002 -5"><span class='ocrx_word' id='word_1_810' title='bbox 245 5128 484 5185; x_wconf 81' lang='lat' dir='ltr'><strong>Videsis</strong></span> <span class='ocrx_word' id='word_1_811' title='bbox 520 5135 581 5184; x_wconf 82' lang='grc' dir='ltr'>Ι).</span> <span class='ocrx_word' id='word_1_812' title='bbox 620 5130 736 5185; x_wconf 90' lang='lat' dir='ltr'><strong>Pau</strong></span> <span class='ocrx_word' id='word_1_813' title='bbox 766 5147 849 5185; x_wconf 83' lang='lat' dir='ltr'><strong>1m</strong></span> <span class='ocrx_word' id='word_1_814' title='bbox 875 5128 1080 5185; x_wconf 80' lang='lat' dir='ltr'><strong>Nolani</strong></span> <span class='ocrx_word' id='word_1_815' title='bbox 1131 5129 1442 5189; x_wconf 79' lang='lat' dir='ltr'><strong>epistolam</strong></span> <span class='ocrx_word' id='word_1_816' title='bbox 1480 5133 1565 5189; x_wconf 90' lang='grc'><strong>13.</strong></span> <span class='ocrx_word' id='word_1_817' title='bbox 1601 5149 1727 5187; x_wconf 93' lang='lat' dir='ltr'><strong>nov.</strong></span> <span class='ocrx_word' id='word_1_818' title='bbox 1762 5134 1901 5189; x_wconf 90' lang='lat' dir='ltr'><strong>edit.</strong></span> 
     </span>
    </p>
   </div>
   <div class='ocr_carea' id='block_1_115' title="bbox 251 5149 1905 5284">
    <p class='ocr_par' dir='ltr' id='par_1_115' title="bbox 251 5149 1905 5284">
     <span class='ocr_line' id='line_1_120' title="bbox 257 5149 1904 5202; baseline 0.002 -18"><span class='ocrx_word' id='word_1_819' title='bbox 257 5149 484 5185; x_wconf 77' lang='lat' dir='ltr'><strong>Vicesis</strong></span> <span class='ocrx_word' id='word_1_820' title='bbox 520 5149 581 5184; x_wconf 93' lang='grc' dir='ltr'>υ.</span> <span class='ocrx_word' id='word_1_821' title='bbox 620 5149 849 5185; x_wconf 78' lang='lat' dir='ltr'><strong>rauum</strong></span> <span class='ocrx_word' id='word_1_822' title='bbox 876 5149 1080 5185; x_wconf 66' lang='lat' dir='ltr'><strong>nonani</strong></span> <span class='ocrx_word' id='word_1_823' title='bbox 1131 5149 1442 5202; x_wconf 75' lang='lat' dir='ltr'><strong>eptBtOlam</strong></span> <span class='ocrx_word' id='word_1_824' title='bbox 1480 5149 1565 5198; x_wconf 72' lang='lat'><strong>1.5,</strong></span> <span class='ocrx_word' id='word_1_825' title='bbox 1601 5149 1727 5187; x_wconf 93' lang='lat' dir='ltr'><strong>nov.</strong></span> <span class='ocrx_word' id='word_1_826' title='bbox 1762 5149 1904 5189; x_wconf 81' lang='lat' dir='ltr'><strong>emt.</strong></span> 
     </span>
     <span class='ocr_line' id='line_1_121' title="bbox 251 5199 1905 5284; baseline 0.003 -29"><span class='ocrx_word' id='word_1_827' title='bbox 251 5199 415 5261; x_wconf 89' lang='lat' dir='ltr'><strong>olim.</strong></span> <span class='ocrx_word' id='word_1_828' title='bbox 445 5201 680 5284; x_wconf 50' lang='lat' dir='ltr'><strong>Sunaa</strong></span> <span class='ocrx_word' id='word_1_829' title='bbox 729 5201 943 5256; x_wconf 91' lang='lat' dir='ltr'><strong>atrium</strong></span> <span class='ocrx_word' id='word_1_830' title='bbox 979 5200 1271 5284; x_wconf 69' lang='lat' dir='ltr'><strong>Vaticana:</strong></span> <span class='ocrx_word' id='word_1_831' title='bbox 1304 5201 1578 5268; x_wconf 67' lang='lat' dir='ltr'><strong>basilicae,</strong></span> <span class='ocrx_word' id='word_1_832' title='bbox 1611 5206 1905 5274; x_wconf 83' lang='lat' dir='ltr'><strong>ejusdem-</strong></span> 
     </span>
    </p>
   </div>
   <div class='ocr_carea' id='block_1_116' title="bbox 2082 4845 3657 4930">
    <p class='ocr_par' dir='ltr' id='par_1_116' title="bbox 2082 4845 3657 4930">
     <span class='ocr_line' id='line_1_122' title="bbox 2082 4845 3657 4930; baseline -0.003 -26"><span class='ocrx_word' id='word_1_833' title='bbox 2082 4849 2229 4920; x_wconf 81' lang='grc'>(200)</span> <span class='ocrx_word' id='word_1_834' title='bbox 2253 4848 2340 4930; x_wconf 75' lang='lat' dir='ltr'><strong>De</strong></span> <span class='ocrx_word' id='word_1_835' title='bbox 2363 4848 2745 4930; x_wconf 64' lang='lat' dir='ltr'><strong>quaegimus</strong></span> <span class='ocrx_word' id='word_1_836' title='bbox 2766 4849 2828 4930; x_wconf 78' lang='lat' dir='ltr'><strong>in</strong></span> <span class='ocrx_word' id='word_1_837' title='bbox 2856 4847 3319 4930; x_wconf 67' lang='lat' dir='ltr'><strong>praecedentibus</strong></span> <span class='ocrx_word' id='word_1_838' title='bbox 3351 4845 3410 4899; x_wconf 84' lang='grc' dir='ltr'>Β.</span> <span class='ocrx_word' id='word_1_839' title='bbox 3444 4846 3657 4930; x_wconf 80' lang='lat' dir='ltr'><strong>Leonis</strong></span> 
     </span>
    </p>
   </div>
   <div class='ocr_carea' id='block_1_117' title="bbox 2013 4987 3656 5048">
    <p class='ocr_par' dir='ltr' id='par_1_117' title="bbox 2013 4987 3656 5048">
     <span class='ocr_line' id='line_1_123' title="bbox 2013 4987 3656 5048; baseline -0.005 0"><span class='ocrx_word' id='word_1_840' title='bbox 2013 4992 2183 5048; x_wconf 80' lang='lat' dir='ltr'><strong>nobis</strong></span> <span class='ocrx_word' id='word_1_841' title='bbox 2226 4990 2387 5046; x_wconf 87' lang='lat' dir='ltr'><strong>lubet</strong></span> <span class='ocrx_word' id='word_1_842' title='bbox 2430 4990 2538 5044; x_wconf 89' lang='lat' dir='ltr'><strong>hoc</strong></span> <span class='ocrx_word' id='word_1_843' title='bbox 2588 4990 2645 5043; x_wconf 93' lang='lat' dir='ltr'><strong>in</strong></span> <span class='ocrx_word' id='word_1_844' title='bbox 2691 4989 2816 5043; x_wconf 87' lang='lat' dir='ltr'><strong>loco</strong></span> <span class='ocrx_word' id='word_1_845' title='bbox 2846 4994 3099 5044; x_wconf 85' lang='lat' dir='ltr'><strong>attexere</strong></span> <span class='ocrx_word' id='word_1_846' title='bbox 3133 5007 3145 5043; x_wconf 90' lang='lat'><strong>:</strong></span> <span class='ocrx_word' id='word_1_847' title='bbox 3180 4987 3460 5041; x_wconf 88' lang='lat' dir='ltr'><strong>nimirum</strong></span> <span class='ocrx_word' id='word_1_848' title='bbox 3503 5002 3656 5041; x_wconf 91' lang='lat' dir='ltr'><strong>anno</strong></span> 
     </span>
    </p>
   </div>
   <div class='ocr_carea' id='block_1_118' title="bbox 2014 5056 3657 5131">
    <p class='ocr_par' dir='ltr' id='par_1_118' title="bbox 2014 5056 3657 5131">
     <span class='ocr_line' id='line_1_124' title="bbox 2014 5056 3657 5131; baseline -0.005 -12"><span class='ocrx_word' id='word_1_849' title='bbox 2014 5063 2243 5119; x_wconf 90' lang='lat' dir='ltr'><strong>Domini</strong></span> <span class='ocrx_word' id='word_1_850' title='bbox 2283 5062 2438 5116; x_wconf 84' lang='grc'>1279.</span> <span class='ocrx_word' id='word_1_851' title='bbox 2475 5063 2765 5131; x_wconf 75' lang='lat' dir='ltr'><strong>Presbyter</strong></span> <span class='ocrx_word' id='word_1_852' title='bbox 2792 5058 3217 5131; x_wconf 88' lang='lat' dir='ltr'><strong>Apollenarius,</strong></span> <span class='ocrx_word' id='word_1_853' title='bbox 3249 5060 3436 5131; x_wconf 84' lang='lat' dir='ltr'><strong>rector</strong></span> <span class='ocrx_word' id='word_1_854' title='bbox 3465 5056 3657 5131; x_wconf 76' lang='lat' dir='ltr'><strong>Eccle-</strong></span> 
     </span>
    </p>
   </div>
   <div class='ocr_carea' id='block_1_119' title="bbox 2017 5126 3661 5202">
    <p class='ocr_par' dir='ltr' id='par_1_119' title="bbox 2017 5126 3661 5202">
     <span class='ocr_line' id='line_1_125' title="bbox 2017 5126 3661 5202; baseline -0.005 -12"><span class='ocrx_word' id='word_1_855' title='bbox 2017 5134 2117 5190; x_wconf 78' lang='lat' dir='ltr'><strong>siae</strong></span> <span class='ocrx_word' id='word_1_856' title='bbox 2149 5135 2207 5188; x_wconf 92' lang='lat' dir='ltr'><strong>S.</strong></span> <span class='ocrx_word' id='word_1_857' title='bbox 2240 5131 2458 5188; x_wconf 89' lang='lat' dir='ltr'><strong>Justini</strong></span> <span class='ocrx_word' id='word_1_858' title='bbox 2492 5132 2563 5186; x_wconf 89' lang='lat' dir='ltr'><strong>de</strong></span> <span class='ocrx_word' id='word_1_859' title='bbox 2594 5126 2825 5187; x_wconf 73' lang='lat' dir='ltr'><strong>civitate</strong></span> <span class='ocrx_word' id='word_1_860' title='bbox 2844 5126 3145 5186; x_wconf 60' lang='lat' dir='ltr'><strong>&#39;Leoniana</strong></span> <span class='ocrx_word' id='word_1_861' title='bbox 3187 5126 3289 5202; x_wconf 89' lang='lat' dir='ltr'><strong>pro</strong></span> <span class='ocrx_word' id='word_1_862' title='bbox 3320 5128 3452 5201; x_wconf 89' lang='lat' dir='ltr'><strong>ipsa</strong></span> <span class='ocrx_word' id='word_1_863' title='bbox 3480 5126 3661 5183; x_wconf 89' lang='lat' dir='ltr'><strong>eccle-</strong></span> 
     </span>
    </p>
   </div>
   <div class='ocr_carea' id='block_1_120' title="bbox 2019 5201 3662 5273">
    <p class='ocr_par' dir='ltr' id='par_1_120' title="bbox 2019 5201 3662 5273">
     <span class='ocr_line' id='line_1_126' title="bbox 2019 5201 3662 5273; baseline -0.003 -13"><span class='ocrx_word' id='word_1_864' title='bbox 2019 5206 2105 5261; x_wconf 89' lang='lat' dir='ltr'><strong>sia</strong></span> <span class='ocrx_word' id='word_1_865' title='bbox 2146 5209 2201 5258; x_wconf 88' lang='lat' dir='ltr'><strong>et</strong></span> <span class='ocrx_word' id='word_1_866' title='bbox 2230 5206 2357 5273; x_wconf 86' lang='lat' dir='ltr'><strong>ejus</strong></span> <span class='ocrx_word' id='word_1_867' title='bbox 2390 5205 2624 5259; x_wconf 87' lang='lat' dir='ltr'><strong>nomine</strong></span> <span class='ocrx_word' id='word_1_868' title='bbox 2667 5204 2892 5257; x_wconf 89' lang='lat' dir='ltr'><strong>vineam</strong></span> <span class='ocrx_word' id='word_1_869' title='bbox 2934 5201 3196 5273; x_wconf 87' lang='lat' dir='ltr'><strong>positam</strong></span> <span class='ocrx_word' id='word_1_870' title='bbox 3229 5204 3389 5256; x_wconf 87' lang='lat' dir='ltr'><strong>extra</strong></span> <span class='ocrx_word' id='word_1_871' title='bbox 3433 5202 3662 5271; x_wconf 87' lang='lat' dir='ltr'><strong>portam</strong></span> 
     </span>
    </p>
   </div>
   <div class='ocr_carea' id='block_1_121' title="bbox 2020 5273 3665 5357">
    <p class='ocr_par' dir='ltr' id='par_1_121' title="bbox 2020 5273 3665 5357">
     <span class='ocr_line' id='line_1_127' title="bbox 2020 5273 3665 5357; baseline -0.005 -24"><span class='ocrx_word' id='word_1_872' title='bbox 2020 5275 2268 5357; x_wconf 76' lang='lat' dir='ltr'><strong>Pertusii</strong></span> <span class='ocrx_word' id='word_1_873' title='bbox 2302 5275 2360 5328; x_wconf 90' lang='lat' dir='ltr'><strong>in</strong></span> <span class='ocrx_word' id='word_1_874' title='bbox 2394 5275 2517 5357; x_wconf 75' lang='lat' dir='ltr'><strong>loco</strong></span> <span class='ocrx_word' id='word_1_875' title='bbox 2541 5275 2639 5357; x_wconf 73' lang='lat' dir='ltr'><strong>qui</strong></span> <span class='ocrx_word' id='word_1_876' title='bbox 2664 5275 2877 5330; x_wconf 88' lang='lat' dir='ltr'><strong>dicitur</strong></span> <span class='ocrx_word' id='word_1_877' title='bbox 2896 5275 3253 5357; x_wconf 67' lang='lat' dir='ltr'><strong>Dreccetum,</strong></span> <span class='ocrx_word' id='word_1_878' title='bbox 3278 5273 3665 5357; x_wconf 42' lang='lat' dir='ltr'><strong>jure‘permu-</strong></span> 
     </span>
    </p>
   </div>
   <div class='ocr_carea' id='block_1_122' title="bbox 2019 5344 3668 5417">
    <p class='ocr_par' dir='ltr' id='par_1_122' title="bbox 2019 5344 3668 5417">
     <span class='ocr_line' id='line_1_128' title="bbox 2019 5344 3668 5417; baseline -0.003 -13"><span class='ocrx_word' id='word_1_879' title='bbox 2019 5344 2258 5417; x_wconf 86' lang='lat' dir='ltr'><strong>tationis</strong></span> <span class='ocrx_word' id='word_1_880' title='bbox 2289 5344 2631 5415; x_wconf 77' lang='lat' dir='ltr'><strong>acquisivit;</strong></span> <span class='ocrx_word' id='word_1_881' title='bbox 2678 5345 3176 5417; x_wconf 88' lang='lat' dir='ltr'><strong>quemadmodum</strong></span> <span class='ocrx_word' id='word_1_882' title='bbox 3214 5346 3447 5399; x_wconf 89' lang='lat' dir='ltr'><strong>constat</strong></span> <span class='ocrx_word' id='word_1_883' title='bbox 3475 5356 3668 5417; x_wconf 82' lang='lat' dir='ltr'><strong>ex__ve-</strong></span> 
     </span>
    </p>
   </div>
   <div class='ocr_carea' id='block_1_123' title="bbox 2022 5414 3668 5489">
    <p class='ocr_par' dir='ltr' id='par_1_123' title="bbox 2022 5414 3668 5489">
     <span class='ocr_line' id='line_1_129' title="bbox 2022 5414 3668 5489; baseline -0.005 -15"><span class='ocrx_word' id='word_1_884' title='bbox 2022 5414 2553 5489; x_wconf 82' lang='lat' dir='ltr'><strong>teriinstrumento</strong></span> <span class='ocrx_word' id='word_1_885' title='bbox 2584 5414 2737 5489; x_wconf 54' lang='lat' dir='ltr'><strong>apu&#39;d</strong></span> <span class='ocrx_word' id='word_1_886' title='bbox 2770 5417 3046 5474; x_wconf 87' lang='lat' dir='ltr'><strong>Tabular.</strong></span> <span class='ocrx_word' id='word_1_887' title='bbox 3074 5420 3279 5489; x_wconf 89' lang='lat' dir='ltr'><strong>secret.</strong></span> <span class='ocrx_word' id='word_1_888' title='bbox 3314 5418 3502 5488; x_wconf 91' lang='lat' dir='ltr'><strong>apost.</strong></span> <span class='ocrx_word' id='word_1_889' title='bbox 3532 5414 3668 5489; x_wconf 68' lang='lat' dir='ltr'><strong>Vat.</strong></span> 
     </span>
    </p>
   </div>
   <div class='ocr_carea' id='block_1_124' title="bbox 2024 5486 3669 5560">
    <p class='ocr_par' dir='ltr' id='par_1_124' title="bbox 2024 5486 3669 5560">
     <span class='ocr_line' id='line_1_130' title="bbox 2024 5486 3669 5560; baseline -0.003 -14"><span class='ocrx_word' id='word_1_890' title='bbox 2024 5491 2083 5546; x_wconf 90' lang='lat' dir='ltr'><strong>in</strong></span> <span class='ocrx_word' id='word_1_891' title='bbox 2120 5488 2220 5543; x_wconf 90' lang='lat' dir='ltr'><strong>lib.</strong></span> <span class='ocrx_word' id='word_1_892' title='bbox 2256 5486 2363 5560; x_wconf 8' lang='lat' dir='ltr'><strong>qui,</strong></span> <span class='ocrx_word' id='word_1_893' title='bbox 2387 5488 2589 5560; x_wconf 90' lang='lat' dir='ltr'><strong>Censio</strong></span> <span class='ocrx_word' id='word_1_894' title='bbox 2625 5486 2945 5545; x_wconf 83' lang='lat' dir='ltr'><strong>camerario</strong></span> <span class='ocrx_word' id='word_1_895' title='bbox 2985 5486 3509 5560; x_wconf 47' lang='lat' dir='ltr'><strong>attribuituﬁpag.</strong></span> <span class='ocrx_word' id='word_1_896' title='bbox 3542 5486 3669 5560; x_wconf 57' lang='grc'><strong>416,</strong></span> 
     </span>
    </p>
   </div>
   <div class='ocr_carea' id='block_1_125' title="bbox 2027 5556 3678 5636">
    <p class='ocr_par' dir='ltr' id='par_1_125' title="bbox 2027 5556 3678 5636">
     <span class='ocr_line' id='line_1_131' title="bbox 2027 5556 3678 5636; baseline -0.001 -20"><span class='ocrx_word' id='word_1_897' title='bbox 2027 5580 2061 5636; x_wconf 80' lang='lat' dir='ltr'><strong>a</strong></span> <span class='ocrx_word' id='word_1_898' title='bbox 2089 5568 2250 5636; x_wconf 78' lang='lat' dir='ltr'><strong>tergo</strong></span> <span class='ocrx_word' id='word_1_899' title='bbox 2276 5556 2390 5636; x_wconf 72' lang='lat' dir='ltr'><strong>cui.</strong></span> <span class='ocrx_word' id='word_1_900' title='bbox 2425 5559 2458 5613; x_wconf 92' lang='lat'>3</span> <span class='ocrx_word' id='word_1_901' title='bbox 2490 5566 2545 5613; x_wconf 89' lang='lat' dir='ltr'><strong>et</strong></span> <span class='ocrx_word' id='word_1_902' title='bbox 2567 5560 2617 5613; x_wconf 74' lang='lat' dir='ltr'><strong>.i.</strong></span> <span class='ocrx_word' id='word_1_903' title='bbox 2655 5556 3396 5636; x_wconf 71' lang='lat' dir='ltr'><strong>AcceditordoRomanus</strong></span> <span class='ocrx_word' id='word_1_904' title='bbox 3434 5556 3678 5636; x_wconf 57' lang='lat' dir='ltr'><strong>prmlau;</strong></span> 
     </span>
    </p>
   </div>
   <div class='ocr_carea' id='block_1_126' title="bbox 2030 5628 3679 5702">
    <p class='ocr_par' dir='ltr' id='par_1_126' title="bbox 2030 5628 3679 5702">
     <span class='ocr_line' id='line_1_132' title="bbox 2030 5628 3679 5702; baseline -0.002 -14"><span class='ocrx_word' id='word_1_905' title='bbox 2030 5633 2147 5688; x_wconf 85' lang='lat' dir='ltr'><strong>dati</strong></span> <span class='ocrx_word' id='word_1_906' title='bbox 2183 5628 2418 5697; x_wconf 29' lang='lat' dir='ltr'><strong>‘Censii;</strong></span> <span class='ocrx_word' id='word_1_907' title='bbox 2478 5648 2604 5702; x_wconf 90' lang='lat' dir='ltr'><strong>cap.</strong></span> <span class='ocrx_word' id='word_1_908' title='bbox 2654 5629 2811 5702; x_wconf 84' lang='lat' dir='ltr'><strong>enim</strong></span> <span class='ocrx_word' id='word_1_909' title='bbox 2856 5633 2941 5697; x_wconf 88' lang='grc'><strong>18,</strong></span> <span class='ocrx_word' id='word_1_910' title='bbox 2985 5632 3086 5686; x_wconf 92' lang='lat' dir='ltr'><strong>ubi</strong></span> <span class='ocrx_word' id='word_1_911' title='bbox 3124 5635 3193 5689; x_wconf 93' lang='lat' dir='ltr'><strong>de</strong></span> <span class='ocrx_word' id='word_1_912' title='bbox 3234 5628 3457 5688; x_wconf 78' lang='lat' dir='ltr'><strong>ratione</strong></span> <span class='ocrx_word' id='word_1_913' title='bbox 3496 5628 3679 5702; x_wconf 86' lang='lat' dir='ltr'><strong>dandi</strong></span> 
     </span>
    </p>
   </div>
   <div class='ocr_carea' id='block_1_127' title="bbox 2026 5700 3680 5777">
    <p class='ocr_par' dir='ltr' id='par_1_127' title="bbox 2026 5700 3680 5777">
     <span class='ocr_line' id='line_1_133' title="bbox 2026 5700 3680 5777; baseline 0.003 -21"><span class='ocrx_word' id='word_1_914' title='bbox 2026 5703 2346 5777; x_wconf 60' lang='grc' dir='ltr'><strong>ῃιερςὶιδνίρὶξ</strong></span> <span class='ocrx_word' id='word_1_915' title='bbox 2371 5719 2473 5775; x_wconf 85' lang='lat' dir='ltr'><strong>pro</strong></span> <span class='ocrx_word' id='word_1_916' title='bbox 2508 5700 2808 5777; x_wconf 79' lang='lat' dir='ltr'><strong>thuribulo</strong></span> <span class='ocrx_word' id='word_1_917' title='bbox 2838 5704 3052 5777; x_wconf 85' lang='lat' dir='ltr'><strong>agitur,</strong></span> <span class='ocrx_word' id='word_1_918' title='bbox 3083 5720 3189 5777; x_wconf 56' lang='lat' dir='ltr'><strong>serg</strong></span> <span class='ocrx_word' id='word_1_919' title='bbox 3207 5702 3461 5777; x_wconf 75' lang='lat' dir='ltr'><strong>denariis</strong></span> <span class='ocrx_word' id='word_1_920' title='bbox 3488 5700 3680 5777; x_wconf 62' lang='lat' dir='ltr'><strong>ecglg‘</strong></span> 
     </span>
    </p>
   </div>
   <div class='ocr_carea' id='block_1_128' title="bbox 2033 5765 3678 5847">
    <p class='ocr_par' dir='ltr' id='par_1_128' title="bbox 2033 5765 3678 5847">
     <span class='ocr_line' id='line_1_134' title="bbox 2033 5765 3678 5847; baseline 0.001 -19"><span class='ocrx_word' id='word_1_921' title='bbox 2033 5765 2122 5847; x_wconf 62' lang='lat' dir='ltr'><strong>:siu</strong></span> <span class='ocrx_word' id='word_1_922' title='bbox 2154 5765 2351 5847; x_wconf 65' lang='lat' dir='ltr'><strong>Sancti</strong></span> <span class='ocrx_word' id='word_1_923' title='bbox 2373 5765 2602 5831; x_wconf 48' lang='lat' dir='ltr'><strong>‘Justini</strong></span> <span class='ocrx_word' id='word_1_924' title='bbox 2633 5765 2923 5833; x_wconf 51' lang='lat' dir='ltr'><strong>donatur”:</strong></span> <span class='ocrx_word' id='word_1_925' title='bbox 2948 5765 3102 5847; x_wconf 80' lang='lat' dir='ltr'><strong>apud</strong></span> <span class='ocrx_word' id='word_1_926' title='bbox 3135 5771 3358 5833; x_wconf 89' lang='lat' dir='ltr'><strong>Mabill.</strong></span> <span class='ocrx_word' id='word_1_927' title='bbox 3391 5765 3678 5833; x_wconf 64' lang='lat' dir='ltr'><strong>tom.XII:</strong></span> 
     </span>
    </p>
   </div>
  </div>
