3974 6206
327 382 449 453 ’128

1391 393 1453 458 S.
1501 394 1782 458 LEONIS
1825 396 1907 458 1X
1952 395 2179 460 ΡΑΡλΕ
2219 394 2652 461 OPUSCULA.

3614 362 3743 463 72$
3768 372 3799 505 ’ν

327 519 739 615 trecentesimo
760 522 1672 615 quin3quagesi.rlno,_Jnbilaao,die
1700 530 1972 615 5_II‘I\OIlSlS
2003 535 2048 599 Α
2085 532 2519 615 transumptum
2554 528 2861 615 cujusdam
2908 526 3135 610 papalis
3192 526 3483 615 privilegii
3514 538 3737 590 sancta:

331 597 516 662 Junii,
550 598 749 651 indict.
784 596 971 667 tertia,
1000 599 1369 667 pontificatus
1401 601 1754 655 sanctissimi
1788 601 1973 656 Patris

317 673 390 725 et
418 668 644 745 d_o_mini
676 666 854 721 nostri
886 666 1201 724 Clementis
1234 671 1427 726 divina
1476 672 1834 743 providentia
1872 691 1971 745 pa-

330 738 536 813 prVl,
571 755 723 813 anno
756 755 929 813 nono.

400 809 467 863 Et
488 810 608 880 Ego
631 810 936 885 Matthzrus
957 811 1107 885 Salvi
1130 811 1379 885 clericus
1408 814 1759 885 Spolatanus
1782 814 1971 885 publi-

326 897 430 956 cus
452 882 772 956 apostolica
798 888 851 935 et
876 883 1161 956 imperiali
1188 882 1523 939 auctoritate
1547 882 1807 939 notarius
1831 903 1971 956 prae-

330 952 513 1038 dictas
534 952 759 1038 litteras
779 952 1140 1038 apostolieas
1155 973 1346 1010 coram
1373 958 1708 1038 supradicto
1736 952 1972 1012 domino

328 1022 519 1095 legato
567 1041 670 1095 pro
719 1022 998 1101 tribunali
1032 1028 1288 1095 sedente,
1338 1022 1462 1083 vidi
1493 1034 1549 1084 et
1593 1029 1725 1100 legi,
1759 1046 1974 1101 easque

331 1111 466 1169 eum
508 1097 779 1166 praesenti
829 1104 1199 1169 transumpto
1259 1117 1375 1154 una
1422 1117 1554 1155 cum
1590 1097 1764 1155 Paulo
1798 1097 1972 1155 Fran-

331 1166 469 1223 cisci
496 1184 678 1240 supra
698 1169 934 1239 scripto,
959 1175 1014 1224 et
1035 1166 1329 1225 Gualterio
1347 1172 1417 1225 de
1444 1172 1725 1227 Frederici
1747 1173 1817 1226 de
1848 1172 1973 1226 Cla-

334 1245 600 1295 ramontc
636 1241 785 1312 intra
809 1242 1023 1310 scripto
1057 1242 1297 1296 notariis
1330 1243 1578 1312 publicis
1612 1243 1930 1298 auscultavi
1958 1262 1970 1310 ;

334 1313 390 1365 et
438 1312 576 1386 quia
615 1311 801 1365 dictas
840 1311 1063 1367 litteras
1094 1311 1441 1384 apostolicas
1481 1332 1610 1369 cum
1644 1316 1795 1370 dicto
1828 1332 1974 1386 pra»

334 1381 485 1453 senti
516 1386 889 1453 transumpto
921 1381 1270 1438 concordare
1303 1386 1511 1449 inveni,
1547 1386 1626 1440 nil
1657 1381 1854 1441 addito
1886 1388 1973 1442 vel

334 1452 562 1526 minuto
594 1456 748 1526 quod
794 1452 931 1509 iacti
972 1456 1301 1511 substantia
1330 1457 1621 1523 immutet,
1670 1458 1755 1514 vel
1798 1459 1976 1514 variet

334 1524 745 1600 intellectum;
782 1527 911 1600 ideo
950 1528 1020 1600 de
1078 1529 1351 1583 mandato
1412 1530 1730 1600 supradicti
1773 1530 1973 1585 domui

335 1596 512 1674 legati
545 1615 638 1653 me
662 1598 1008 1670 subscripsi,
1040 1604 1095 1655 et
1116 1606 1353 1671 rogatus
1386 1596 1618 1673 signum
1643 1619 1837 1657 meum
1873 1619 1971 1674 ap-

336 1670 504 1741 posui
535 1674 900 1726 consuetum.

416 1744 486 1797 Et
506 1759 610 1813 ego
633 1741 962 1797 Gualterius
984 1741 1181 1796 domui
1208 1743 1493 1798 Francisci
1518 1745 1587 1798 de
1612 1744 1975 1800 Claramonte

339 1816 584 1875 clericus
618 1813 870 1868 Firman.
904 1813 1028 1886 Dio.
1062 1814 1336 1886 publicus
1368 1815 1693 1886 apostolicae
1725 1817 1973 1871 auctori-

2087 600 2522 674 recordationis,
2555 600 2996 674 domnilieonis
3018 600 3381 674 pepenoni,
3406 600 3564 674 'ejus
3593 623 3738 662 vera

2082 673 2243 728 bulla
2274 672 2568 744 plumbea,
2595 689 2727 727 cum
2755 670 2867 744 ﬁlis
2889 670 3345 744 sericis'bullati,
3369 670 3486 730 non
3517 677 3735 744 vitiati,

2081 762 2197 799 non
2220 742 2442 820 abrasi,
2472 761 2588 820 non
2621 742 2944 820 cancellati,
2979 760 3168 820 neque
3197 743 3396 816 aliqua
3428 747 3521 801 sui
3569 742 3737 820 parte

2084 816 2360 887 suspecti,
2389 815 2489 869 sed
2521 814 2679 869 omni
2711 814 2847 887 vitio
2869 814 3601 887 etsuspicione'carentis}
3622 822 3737 877 Cu-

2074 889 2176 959 jus
2196 886 2389 955 tenor,
2420 887 2490 941 de
2518 887 2692 941 verbo
2724 886 2795 940 ad
2820 886 3085 954 verbum,
3110 903 3215 959 per
3232 888 3430 946 omnia
3451 889 3590 948 talis
3621 899 3732 949 est.

2156 1068 2269 1122 Lso
2298 1066 2626 1137 episcopus,
2660 1081 2863 1120 servus
2894 1083 3195 1123 servorum
3227 1068 3350 1137 Dei,
3399 1070 3609 1127 JOANNI
3643 1090 3737 1129 ar-

2083 1156 2529 1228 chyprcsbytero
2560 1154 2812 1209 ecclesia“:
2844 1156 3003 1211 Beati
3038 1156 3213 1225 Petri,
3247 1159 3517 1230 ejusdem
3550 1161 3737 1219 eccle-

2084 1246 2181 1300 siae
2216 1244 2613 1312 servitoribus,
2645 1247 2985 1317 perpetuam
3018 1246 3077 1300 in
3109 1246 3359 1303 Domino
3383 1248 3660 1306 salutem.

2157 1354 2434 1409 Convenit
2454 1351 2769 1425 apostolico
2784 1353 3169 1409 moderamini
3192 1354 3288 1426 pia
3309 1354 3591 1429 religione
3607 1357 3734 1431 pol-

2083 1442 2337 1498 lentibus
2353 1441 2625 1497 benevola
2636 1441 3483 1513 compassionesuccurrere,ac
3495 1462 3738 1517 poscen-

2084 1532 2231 1587 tium
2246 1531 2460 1586 animis
2476 1530 2651 1586 alacri
2672 1530 3277 1602 devotioneimpertiri
3297 1547 3621 1589 assensum.
3646 1534 3729 1588 Ex

2083 1620 2516 1676 hocenimlucri
2532 1618 2902 1692 potissimum
2926 1620 3232 1691 praemium
3254 1622 3412 1693 apud
3453 1621 3731 1678 Condito-

2082 1725 2205 1765 rem
2223 1709 2489 1765 omnium
2518 1708 2830 1763 Dominum
2857 1723 3284 1779 promeremur,
3305 1708 3355 1765 si
3379 1710 3737 1766 venerabilia

2085 1802 2420 1854 sanctorum
2438 1796 2560 1851 loca
2584 1797 2850 1852 ordinata
2869 1797 2940 1851 ad
2957 1796 3256 1853 meliorem
3275 1798 3498 1855 fuerint
3513 1803 3735 1856 statum

335 1894 455 1972 tate
486 1886 760 1972 notarius.
780 1884 1082 1972 praedictas
1109 1885 1336 1972 litteras
1369 1884 1716 1968 apostolicas
1747 1888 1974 1972 scripsi,
2007 1909 2054 1972 B
2085 1889 2211 1943 sine
2234 1888 2409 1942 dubio
2432 1886 2728 1959 perducta.
2763 1887 2839 1940 Ea
2863 1890 3097 1957 propter
3124 1887 3331 1942 vestris
3350 1887 3739 1958 petitionibus

337 1955 795 2030 transumptavi,’
816 1955 1219 2030 etexemplavi
1252 1974 1354 2029 per
1374 1955 1570 2013 omnia
1601 1964 1772 2030 prout
1802 1955 1977 2013 in'lit-

334 2032 478 2091 teris
499 2028 645 2101 ipsis
675 2029 744 2101 de
775 2028 947 2101 verbo
978 2030 1049 2083 ad
1080 2028 1322 2101 verbum
1354 2030 1471 2083 vidi
1494 2035 1551 2085 et
1578 2028 1761 2101 reperi
1794 2031 1979 2085 conti-

338 2105 465 2161 neri
497 2099 579 2157 nil
611 2099 833 2172 addito,
861 2100 1093 2172 minuto
1133 2100 1476 2172 velmutato
1508 2099 1662 2172 quod
1705 2103 1979 2157 substan-

337 2178 482 2232 tiam
516 2177 721 2238 mutet,
752 2170 838 2225 vel
870 2172 1053 2226 variet
1083 2171 1465 2238 intellectum,
1510 2170 1621 2227 nisi
1654 2174 1798 2228 forte
1828 2173 1982 2227 litte-

338 2265 466 2305 ram
497 2245 584 2300 vel
612 2243 895 2316 syllabam
926 2260 1030 2316 per
1059 2260 1311 2316 errorem
1340 2262 1363 2316 ;_
1387 2250 1439 2297 et
1466 2243 1656 2313 ipsum
1678 2250 1982 2300 transum—

339 2324 510 2396 ptum
532 2313 742 2396 coram
796 2313 1069 2384 praedicto
1102 2314 1319 2396 domno
1351 2314 1670 2396 legato‘pro
1703 2316 1979 2396 tribunali

342 2386 580 2446 sedente
601 2391 667 2440 ut
687 2402 885 2455 supra,
912 2402 976 2438 ac
999 2386 1382 2455 praesentibus
1408 2386 1695 2455 praedictis
1714 2389 1983 2455 testibus,

342 2466 400 2517 et
429 2455 881 2531 quampluribus
905 2455 1034 2531 aliis
1059 2456 1321 2531 notariis,
1349 2473 1452 2531 nec
1476 2474 1595 2531 non
1614 2457 1789 2531 Paulo
1816 2460 1985 2513 Fran-

342 2525 505 2596 ciséi,
528 2534 583 2583 et
604 2526 868 2600 Matthzro
891 2525 1212 2600 deSpn‘leto
1235 2528 1479 2581 notariis
1504 2528 1751 2600 publicis
1783 2546 1986 2600 supra-

342 2590 514 2677 dictis
541 2600 611 2677 ad
637 2598 794 2677 hanc
826 2590 1302 2677 publicationem,
1350 2615 1414 2677 ac
1440 2590 1655 2677 decreti
1686 2590 1981 2677 etr_au.cto-

343 2672 535 2729 ritatis
566 2668 1093 2743 interpositionem,
1128 2669 1823 2743 ut_przrdieirtur,ﬂvocatis
1854 2688 1983 2743 spe-

344 2744 587 2809 cialiter,
615 2745 671 2797 et
701 2739 941 2811 rogatis,
975 2739 1323 2811 legentibus,
1370 2741 1701 2797 videntibus
1745 2747 1802 2797 et
1850 2739 1985 2798 aus-

346 2806 706 2873 cultantibus
738 2806 873 2865 cum
894 2806 1197 2885 praedictis
1237 2812 1574 2883 apostolicis
1614 2813 1819 2869 litteris
1851 2814 1982 2885 legi,

344 2892 402 2943 et
432 2885 682 2940 fideliter
710 2882 1051 2947 auscultavi,
1091 2882 1401 2953 ipsumque
1434 2886 1501 2939 de
1539 2887 1813 2941 mandato
1848 2882 1987 2940 dicti

346 2957 548 3015 domui
580 2954 774 3027 legati,
807 2958 862 3007 et
894 2955 964 3008 ad
998 2954 1336 3027 instantiam
1360 2972 1485 3011 ven.
1506 2956 1762 3011 virorum
1795 2958 1987 3013 domi-

345 3045 559 3086 norum
591 3025 800 3099 prioris
815 3025 1247 3099 canonicorum,
1271 3030 1325 3080 et
1342 3027 1581 3099 capituli
1608 3035 1988 3085 sacrosanctae

347 3096 608 3158 basilicae
648 3096 928 3170 principis
986 3096 1378 3167 apostolorum
1412 3096 1509 3152 'de
1554 3099 1719 3167 Urbe,
1773 3102 1990 3157 ibidem

394 3168 727 3242 rmsentium
759 3168 954 3242 ipsum
986 3173 1425 3242 transumptum
1466 3174 1520 3225 et
1548 3172 1879 3242 exemplum
1930 3172 1989 3225 in

394 3191 727 3228 rmsenuum
760 3191 954 3239 lpSUUl
988 3191 1425 3239 LI‘uUSUIIlpLUHl
1466 3191 1520 3225 et
1548 3191 1879 3242 exemplum
1930 3191 1989 3225 ιη

348 3191 502 3300 ﬁano
528 3240 818 3314 publicam
843 3240 1092 3314 formam
1124 3240 1315 3314 redegi
1344 3257 1521 3295 manu
1549 3243 1801 3313 propria,
1835 3259 1989 3297 meo-

347 3332 461 3388 que
481 3311 647 3386 signo
674 3315 950 3367 consueto
982 3311 1209 3384 signavi
1240 3316 1497 3383 rogatus.

1057 3417 1282 3473 LXXXI.

344 3513 398 3568 S.
445 3512 545 3566 Leo
591 3511 656 3564 IX
702 3510 956 3564 Vaticano
1012 3507 1063 3561 S.
1107 3508 1260 3561 Petri
1324 3507 1519 3577 templo
1570 3509 1988 3564 inservientium

412 3585 568 3649 bona,
610 3581 859 3636 ecclesias
898 3595 960 3633 ac
988 3581 1132 3650 jura
1176 3587 1459 3635 enumerat
1498 3587 1550 3633 et
1587 3581 1891 3649 conﬁrmat.

958 3669 1147 3738 (Anno
1190 3668 1371 3738 1053.)

712 3758 1044 3824 [Baliarium
1081 3757 1287 3823 Vatia,
1323 3771 1453 3828 pag.
1487 3756 1600 3826 33.]

404 3851 471 3907 In
490 3848 727 3906 nomine
750 3846 1004 3911 Domini,
1031 3860 1222 3899 amen.
1244 3843 1360 3899 Hoc
1378 3848 1467 3899 est
1486 3845 1838 3917 exemplum,
1863 3847 1982 3903 sive

400 3995 549 4066 (201)
570 3989 885 4066 sacrahrec
905 3988 1071 4066 aedes
1087 3987 1147 4066 in
1180 3987 1425 4042 Joannis
1442 3987 1588 4066 ΧΙΧζ
1610 3992 1665 4043 et
1685 3989 1978 4066 Benedicti

336 4058 415 4121 1X
454 4058 971 4121 constitutionibus
1017 4059 1231 4113 dicitur
1278 4058 1697 4113 monasterium
1738 4060 1979 4115 Sancto-

334 4152 463 4192 rum
488 4133 732 4192 Joannis
754 4137 809 4185 et
826 4130 1194 4201 Pauli,4quod
1218 4130 1457 4201 apudAB.
1494 4130 1643 4201 Petri
1660 4130 1977 4201 basilicam

336 4226 372 4264 a
401 4208 460 4263 S.
490 4208 679 4261 Leone
698 4218 909 4271 magno
928 4199 1277 4271 aediﬁcatum
1308 4199 1506 4271 fuisse,
1530 4199 1631 4254 lib.
1657 4200 1975 4271 Pontiﬁcal,

334 4280 397 4333 in
427 4276 694 4347 ejusdem
722 4278 777 4327 S.
800 4269 1023 4347 Leonis
1043 4269 1176 4347 Vita
1193 4270 1494 4347 perspicue
1518 4275 1783 4347 testatur.
1810 4269 1979 4347 Nulla

335 4350 396 4404 in
428 4340 870 4417 praesentiarum
900 4340 1701 4417 exstantipsiusmonasterii
1734 4345 1978 4417 vestigia

335 4367 396 4404 1n
470 4365 870 4401 raesenuarum
900 4365 1334 4411 exutuntlpsxus
1369 4365 1701 4397 uwuaSterll
1736 4365 1978 4417 vesugla

333 4365 491 4475 umis
512 4414 847 4486 investigari
870 4411 1056 4486 possit
1071 4412 1309 4486 quinam
1332 4412 1545 4467 fuerint
1561 4412 1699 4469 olim
1723 4417 1850 4486 ejus
1872 4422 1979 4472 tero

336 4489 507 4556 mini,
540 4483 783 4558 quinam
815 4483 1091 4558 contines.
1126 4483 1391 4558 Creditur
1417 4490 1610 4540 tamen
1642 4483 1877 4543 stetisse
1908 4506 1975 4544 eo

334 4562 397 4616 in
429 4554 748 4629 loso'quem
772 4556 912 4611 lmva
941 4554 1109 4629 basi].
1136 4554 1425 4629 Vaticana:
1461 4573 1614 4629 pars,
1639 4558 1696 4613 S.
1729 4558 1977 4615 Michae-

2091 1976 2377 2041 inclinati,
2401 1978 2802 2030 sacrosanctae
2823 1973 3097 2029 ecclesias
3119 1974 3462 2029 Sanctorum
3483 1975 3741 2031 Joannis

2089 2070 2145 2121 et
2174 2065 2336 2120 Pauli
2359 2064 2503 2137 (201)
2525 2064 2718 2119 Sancti
2741 2063 2998 2129 Martini,
3024 2062 3215 2118 Sancti
3233 2060 3507 2133 Stephani
3540 2062 3730 2133 Majo-

2092 2156 2172 2209 ris
2195 2154 2341 2225 (202)
2362 2156 2419 2208 et
2433 2153 2629 2208 Sancti
2649 2151 2927 2223 Stephani
2942 2150 3176 2207 Minoris
3188 2150 3355 2220 (203),
3380 2148 3594 2206 vestris
3610 2151 3736 2206 usi-

2092 2244 2203 2297 bus
2224 2241 2568 2307 destinatas,
2593 2242 2663 2296 ad
2682 2240 2976 2313 exemplar
2996 2240 3483 2312 pradecessorum
3500 2242 3739 2294 nostro-

2093 2348 2223 2385 rum
2245 2330 2429 2401 Sergii
2449 2330 2686 2386 secundi
2707 2330 2877 2401 (204),
2903 2329 3103 2385 Leonis
3124 2327 3315 2399 quarti
3326 2327 3737 2384 Romanorum

2091 2419 2457 2491 pontiﬁcum,
2512 2417 2814 2491 praesentis
2843 2417 3043 2489 scripti
3090 2414 3391 2489 peivilegio
3421 2415 3737 2472 conﬁrma-

2094 2524 2249 2577 mus,
2309 2511 2630 2563 statuentes
2688 2522 3068 2578 quascunque
3112 2503 3538 2576 possessiones,
3579 2521 3737 2576 quaa-

2094 2614 2322 2668 cunque
2354 2598 2506 2652 bona
2529 2596 2748 2652 eisdem
2771 2593 3200 2651 venerabilibus
3222 2593 3366 2649 locis
3379 2593 3544 2664 juste
3566 2591 3740 2665 perti~

2096 2691 2254 2754 nent,
2288 2690 2344 2741 et
2373 2686 2432 2741 in
2464 2687 2726 2741 futurum
2767 2685 3140 2740 concessione
3179 2682 3544 2755 pontiﬁcum,
3578 2681 3738 2738 obla-

2094 2776 2250 2831 tione
2282 2774 2563 2843 ﬁdelium,
2598 2791 2699 2829 seu
2730 2772 2860 2828 aliis
2881 2772 3062 2844 justis
3091 2772 3282 2828 modis
3302 2775 3599 2827 annuente
3628 2771 3739 2828 Do-

2098 2862 2255 2920 mino
2303 2862 2514 2935 poterit
2561 2863 2881 2934 acquirere,
2942 2862 3114 2916 firma
3168 2860 3357 2928 vobis,
3416 2859 3742 2932 vestrisque

2097 2950 2554 3019 successoribus,
2610 2955 2667 3006 et
2711 2949 2936 3005 illibata
2977 2953 3379 3021 permaneant.
3421 2948 3484 3004 ln
3524 2949 3743 3020 quibus

2097 3042 2218 3097 haec
2284 3040 2540 3113 propriis
2598 3039 2875 3095 duximus
2931 3038 3312 3110 exprimenda
3366 3037 3670 3094 vocabulis
3720 3056 3735 3094 :

2100 3132 2353 3187 Massam
2386 3130 2640 3196 Luterni,
2672 3145 2805 3184 cum
2837 3127 3080 3184 ecclesia
3108 3128 3454 3183 Sanctorum
3491 3126 3658 3183 Pauli
3686 3132 3745 3185 et

2099 3219 2363 3285 Joannis,
2393 3235 2527 3273 cum
2551 3217 2749 3273 fundis
2781 3222 2837 3272 et
2866 3216 3159 3273 casalibus
3183 3217 3311 3272 suis
3340 3216 3595 3288 positam
3627 3220 3744 3272 ter-

2100 3308 2299 3364 ritorio
2342 3307 2611 3372 Cerense,
2648 3307 2820 3377 juxta
2865 3321 3128 3362 massam
3176 3303 3579 3362 Precoriolam
3620 3306 3743 3377 (aL,

2099 3395 2533 3466 Praztoriolam],
2565 3394 2836 3451 milliario
2866 3395 2938 3449 ab
2972 3394 3115 3451 urbe
3145 3394 3330 3450 Roma
3358 3393 3492 3467 plus
3541 3394 3745 3451 minus

2096 3486 2393 3542 tricesimo
2418 3502 2431 3552 ;
2463 3482 2768 3539 ecclesiam
2798 3482 2992 3538 Sancti
3022 3484 3269 3539 Andreas
3296 3498 3432 3538 cum
3464 3483 3746 3540 omnibus

2096 3575 2219 3630 suis
2252 3572 2635 3645 pertinentiis,
2669 3572 2917 3645 positam
2939 3572 2997 3627 in
3018 3573 3221 3628 eadem
3244 3587 3442 3628 massa
3467 3572 3741 3641 Luterni;

2094 3664 2342 3719 fundum
2373 3661 2606 3718 Sessani
2638 3661 2896 3732 Maioris,
2926 3664 2982 3717 et
3006 3661 3247 3717 Sessani
3288 3660 3531 3717 Minoris
3565 3662 3746 3734 (205),

2093 3770 2225 3809 cum
2273 3750 2517 3809 ecclesia
2546 3750 2743 3806 Sancti
2772 3750 3075 3823 Stephani,
3107 3767 3242 3806 cum
3286 3750 3479 3819 terris,
3527 3748 3745 3821 vincis,

2091 3841 2273 3907 silvis,
2306 3845 2363 3897 et
2389 3855 2524 3895 cum
2556 3838 2832 3895 omnibus
2863 3839 2989 3895 suis
3011 3839 3422 3913 pertinentiis,
3462 3839 3745 3898 Castrum

2090 4000 2232 4039 num
2248 3983 2864 4055 Hungarorumregem
2875 3981 3196 4055 plurimum
3210 3998 3319 4037 sua
3328 3981 3745 4055 munificentia

2088 4052 2410 4111 contulisse
2446 4052 2812 4124 ostendimus
2869 4052 2928 4107 in
2988 4054 3227 4108 adnotat
3273 4054 3343 4108 ad
3387 4052 3737 4124 przelaudat.

2090 4129 2368 4181 Innocent
2391 4126 2463 4181 lll
2481 4123 2758 4196 diploma.
2780 4124 3027 4189 Quinam
3050 4123 3444 4196 illudprimus
3456 4126 3732 4194 erexerit,

2088 4199 2433 4277 inncenrtum':
2484 4194 2612 4277 ejus
2652 4201 2847 4277 tamen
2904 4194 3235 4277 aptiqtgtas
3269 4194 3442 4277 valde
3485 4201 3737 4277 remota.

2088 4270 2347 4324 Prot'ecta
2362 4264 2640 4338 Janning.
2652 4309 2664 4333 ,
2681 4272 2801 4321 tom
2815 4285 2913 4337 v11,
2927 4264 3068 4323 Jun:
3089 4264 3311 4334 Bollan,
3326 4266 3385 4320 in
3403 4266 3739 4323 Comment.

2087 4342 2156 4395 de
2206 4345 2315 4393 vet.
2372 4338 2429 4393 S.
2481 4338 2630 4392 Petri
2682 4338 2873 4405 basil.,
2921 4355 3082 4394 num.
3132 4338 3257 4404 408,
3307 4338 3741 4394 monasterium

2086 4411 2145 4467 S.
2187 4408 2735 4492 Stephaninltlinoris
2762 4409 3075 4492 idem'esse
3104 4410 3379 4492 opinatur
3402 4424 3559 4492 .cum
3604 4425 3734 4466 mo-

2086 4479 2341 4538 nasterio
2372 4481 2429 4553 Si.
2450 4480 2747 4553 Stephani
2771 4485 2898 4535 cata
2929 4479 3184 4537 Barbara
3206 4479 3474 4553 Patricia,
3501 4480 3736 4553 dequo

2084 4553 2321 4634 Adriani
2356 4550 2848 4634 [ﬂbibliographus
2897 4553 3053 4634 apud
3100 4550 3682 4634 .Anastahaacbablét
3721 4571 3735 4608 :

330 4632 407 4688 lis
434 4621 765 4706 archangeli
791 4633 848 4706 et
870 4630 928 4683 S.
953 4626 1177 4706 Erasmi
1198 4621 1790 4706 altaribusinstructa
1804 4632 1975 4687 modo
2011 4643 2055 4706 Ι)
2088 4621 2624 4706 ‹‹Ηὶομζ).ϐεξΐςίεξ8ίῐῐιιιὲ
2642 4621 3736 4706 praesul,divinainspiratione‘incitus,

332 4706 598 4771 occupat,
632 4698 696 4756 u—t
715 4700 908 4756 videre
938 4703 1029 4753 est
1058 4699 1115 4753 in
1157 4716 1223 4754 ea
1247 4716 1421 4770 quam
1444 4698 1759 4771 Alpharan.
1793 4703 1975 4758 edidit

329 4776 451 4833 tab.
480 4771 783 4845 lchnogr.,
806 4771 890 4827 lit.
926 4771 977 4825 h.

399 4847 545 4919 (202)
576 4840 825 4901 Consule
857 4842 1128 4915 superius
1160 4840 1401 4896 allatum
1437 4846 1496 4894 υ.
1541 4841 1749 4897 Leonis
1784 4844 1853 4898 IX
1886 4844 1975 4899 di-

368 4920 544 4976 loma.

326 4937 544 5061 pliiiigj
576 4986 887 5045 Geminum
918 4984 1197 5061 diploma,
1232 4982 1478 5061 alterum
1510 4984 1833 5061 Innocentii
1868 4986 1967 5061 I_I_l,

325 5055 688 5127 Id'Octobr”
725 5066 886 5131 pont.
921 5055 1101 5131 me,
1128 5055 1663 5131 alterum‘Gregorii
1728 5056 1815 5131 l_X,
1877 5056 1970 5111 die

325 5134 395 5189 22
423 5133 561 5188 Jun.
590 5126 751 5203 ponf.
780 5147 852 5185 an
884 5134 941 5203 2.
972 5128 1216 5203 editum.
1242 5126 1349 5203 ubi
1383 5127 1577 5181 Sancti
1614 5127 1761 5203 l’etri
1797 5144 1968 5203 cano-

327 5204 476 5260 nicis
505 5199 815 5273 subjicitur
848 5218 859 5255 :
895 5201 1203 5273 Hospitium
1233 5199 1616 5273 "ungui-orum
1664 5200 1971 5273 in_eccle.sia

326 5278 382 5331 S.
408 5269 668 5341 Stephani
686 5274 911 5328 Minoris
933 5288 951 5327 :
975 5272 1157 5325 l'acem
1179 5270 1425 5341 praefert,
1452 5276 1511 5323 ut
1533 5270 1712 5324 situm
1728 5269 1971 5341 hujusce

326 5292 382 5331 ὸ.
408 5292 496 5330 Du}
536 5292 665 5328 Ιιαηι
686 5292 911 5328 tumoris
933 5292 951 5327 .’
975 5292 1157 5325 laceul
1179 5292 1425 5341 primum,
1452 5292 1511 5323 ιιι
1533 5292 1811 5339 διιιιωωυ,
1837 5292 1967 5326 USCC

325 5292 531 5419 tempii
581 5341 1086 5419 siveumonasterii
1121 5344 1176 5396 S.
1213 5341 1489 5419 Stephani
1522 5292 1967 5419 Illinoris_i1aud

326 5412 571 5473 obscure
585 5414 1002 5485 intelligamus.
1020 5415 1159 5467 Cum
1175 5413 1387 5485 etenim
1404 5412 1727 5485 hospitium
1743 5412 1971 5484 l‘lunga-

327 5476 933 5556 rorumjuxtaS‘i’etri
959 5484 1260 5556 basilicam
1286 5484 1355 5538 ad
1383 5476 1683 5556 meridiem
1708 5476 1967 5556 exstruic-

327 5564 453 5614 tum
503 5554 694 5620 fuerit,
745 5562 878 5619 οἱα,
932 5554 1172 5608 Minoris
1217 5555 1460 5609 ecclesia
1504 5554 1714 5609 ibidem
1778 5554 1968 5609 adhuc

324 5631 566 5700 prostat,
598 5627 655 5679 in
686 5630 861 5700 cujus,
889 5632 1075 5700 t'rontc
1102 5643 1221 5700 non
1250 5626 1367 5700 heri
1399 5632 1501 5700 aut
1524 5627 1739 5700 nudius
1762 5626 1967 5700 tertius

326 5696 561 5767 exarata
581 5702 669 5749 est
692 5697 989 5760 inscriptio
1013 5696 1190 5763 hujus
1212 5697 1363 5750 modi
1393 5715 1404 5749 :
1426 5697 1663 5767 Ecclesia
1684 5698 1967 5767 hospitalis

322 5770 379 5822 S.
406 5764 828 5836 Stephanirogis
854 5768 1256 5836 "angulorum.
1294 5767 1407 5820 Hoc
1440 5767 1496 5819 in
1526 5765 1647 5820 loco
1680 5764 1965 5836 templum

323 5837 382 5892 S.
408 5833 688 5905 Stephani
709 5833 948 5891 Minoris
971 5833 1227 5889 locemus
1250 5839 1490 5905 oportet,
1517 5836 1609 5891 cui
1630 5837 1700 5892 de
1722 5833 1966 5908 Stepha-

2087 4696 2400 4767 constituit
2419 4694 2476 4748 in
2507 4693 2858 4767 monasterio
2896 4695 2973 4767 8ζ
2990 4693 3269 4767 Stephani
3301 4698 3432 4767 cata
3476 4693 3740 4750 Barbara

2088 4767 2332 4824 Patricia
2356 4765 2535 4821 situm
2566 4765 2637 4819 ad
2670 4764 2914 4837 Beatum
2946 4764 3181 4821 Petrum
3203 4764 3553 4837 apostolum,
3587 4780 3731 4819 con-

2085 4838 2480 4912 gregationem
2500 4835 2946 4912 monachorum,
2972 4837 3051 4891 ibi
3068 4841 3127 4893 et
3147 4835 3420 4912 abbatem
3442 4835 3725 4912 idoneam

2084 4904 2393 4991 personam
2424 4908 2721 4989 ordinans.
2752 4907 2967 4963 Statuit
2988 4913 3053 4963 ut
3069 4908 3306 4964 sedulae
3327 4905 3523 4987 laudes
3542 4904 3605 4961 in
3632 4921 3733 4961 ee-

2082 4983 2258 5038 clesla
2285 4981 2346 5036 B.
2381 4980 2533 5034 Petri
2569 4977 2921 5050 persolvant,
2944 4979 3098 5035 sicut
3127 4983 3185 5034 et
3213 4983 3422 5035 caatera
3447 4980 3561 5050 tria
3600 4992 3733 5050 me:

2082 5052 2335 5109 nasteria
2365 5047 2586 5122 nempe
2607 5050 2707 5105 SS.
2739 5050 2987 5122 Joannis
3016 5055 3074 5106 et
3104 5049 3288 5118 Pauli,
3314 5054 3381 5122 et
3401 5049 3458 5105 S.
3491 5047 3730 5122 Martini

2081 5131 2136 5180 et
2167 5126 2223 5177 S.
2259 5117 2534 5192 Stephani
2569 5120 2824 5192 Majoris,
2859 5126 2925 5176 ut
2953 5123 3067 5177 duo
3102 5117 3375 5177 monachi
3408 5135 3512 5191 pro
3552 5117 3735 5192 latere

2081 5198 2267 5268 ipsius
2297 5190 2550 5249 ecclesias
2582 5190 2692 5268 Deo
2725 5198 2923 5268 nostro
2943 5197 3159 5268 canant
3186 5190 3423 5268 laudes,
3448 5190 3733 5268 quoniam

2078 5263 2275 5340 ipsum
2307 5263 2729 5340 monasterium
2760 5263 2821 5318 in
2854 5280 3067 5337 magna
3101 5263 3415 5340 desidiae}:
3460 5263 3734 5340 neglectu

2079 5332 2414 5409 iniuriaque
2461 5335 2723 5409 positum
2753 5341 2897 5409 erat,
2920 5332 2985 5409 et
3014 5335 3245 5391 nullum
3287 5332 3565 5389 divinum
3594 5333 3731 5389 offi-

2079 5406 2234 5466 cium
2267 5406 2425 5462 cultu
2457 5406 2674 5460 ibidem
2705 5406 3103 5463 exhibebatur.
3141 5429 3169 5456 »

2149 5480 2296 5547 (204)
2347 5477 2530 5547 Sergii
2566 5476 2613 5531 lI
2643 5493 2711 5547 ea
2739 5478 2810 5532 de
2854 5495 2915 5533 re
2953 5476 3294 5533 constitutio
3345 5474 3433 5530 vel
3486 5472 3730 5531 omnino

2077 5546 2283 5625 periit,
2304 5548 2387 5625 vel
2421 5546 2636 5625 alicubi
2666 5546 2826 5625 latet.

2147 5622 2291 5692 (205)
2326 5619 2545 5692 Praedia
2576 5619 2694 5692 haec
2723 5619 2785 5692 in
2814 5620 3104 5692 territorio
3135 5619 3397 5692 Csarease
3419 5618 3593 5692 juxt_a
3626 5632 3732 5671 ca-

2076 5688 2535 5751 strum'Luterni
2579 5690 2874 5747 tricesimo
2920 5691 3194 5747 milliario
3244 5690 3316 5745 ab
3360 5688 3507 5744 urbe
3543 5688 3732 5743 Roma

2076 5766 2321 5822 existere
2347 5762 2674 5835 colligimus
2696 5777 2764 5817 ex
2784 5762 3021 5835 Adriani
3049 5763 3116 5822 IV
3140 5759 3323 5829 bulla,
3356 5776 3413 5816 ιν
3437 5759 3522 5815 Id.
3553 5758 3730 5825 febr.,

2076 5854 2167 5895 an.
2204 5852 2325 5895 uerae
2354 5833 2565 5895 Christ.
2604 5834 2738 5893 1158
2770 5833 2942 5893 edita.
