3974 6206
381 396 503 464 ’1η

385 607 469 665 cis
499 601 708 663 litteris
731 603 843 675 legi
874 608 930 658 et
950 602 1198 675 ﬁdeliter
1218 601 1562 675 auscultavi,
1593 601 1926 675 ipsumque,
1951 605 2022 660 de

383 679 660 734 mandato
691 673 827 730 dicti
858 675 1059 730 domni
1090 673 1283 745 legati,
1318 679 1376 729 et
1405 677 1476 729 ad
1518 673 1859 732 instantiam
1890 693 2018 731 ven.

379 747 637 804 virorum
656 745 1266 816 dominorum,prioris
1285 746 1696 801 canonicorum
1715 746 2022 816 etcapituli

380 822 762 876 sacrosanctae
775 817 1026 872 basilicae
1050 816 1330 889 principis
1348 818 1742 888 apostolorum
1766 819 1834 872 de
1849 816 2018 883 Urbe,

379 890 600 961 ibidem
627 889 1027 961 praesentium,
1062 889 1254 959 ipsum
1286 894 1725 961 transumptum
1746 894 1801 944 et
1827 906 2020 961 exem—

350 961 546 1034 plum
574 959 645 1016 in
667 960 818 1017 hanc
856 959 1153 1034 publicam
1185 961 1431 1034 formam
1464 959 1643 1034 manu
1671 960 1905 1031 propria
1934 976 2023 1015 re-

380 1031 535 1106 degi,
570 1048 814 1105 meoque
835 1031 1003 1104 signo
1033 1036 1310 1088 consueto
1343 1032 1566 1103 signavi
1601 1036 1860 1103 rogatus.

1070 1138 1326 1194 LXXXII.

383 1230 440 1289 S.
492 1235 598 1287 Leo
659 1230 725 1286 IX
772 1231 1034 1357 episzogis
1084 1230 1314 1286 Venetiae
1352 1236 1402 1283 et
1449 1228 1629 1284 [striae
1670 1229 1921 1300 praecipit
1964 1236 2024 1283 ut

452 1301 788 1357 patriarchae
820 1301 889 1356 Gr
992 1301 1100 1357 nsi.
1133 1301 1286 1357 cuius
1318 1302 1617 1357 primatum
1640 1299 1707 1354 ab
1728 1299 2022 1357 apostolica

446 1299 1100 1375 pairiarchazCradensi,
1127 1301 1286 1375 cujus
1318 1302 1617 1375 primatum
1640 1299 2022 1375 abapostoiica

450 1370 576 1430 sede
614 1389 925 1429 concessum
969 1372 1172 1445 synodo
1195 1370 1203 1371 7
1227 1371 1600 1441 conﬁrmarat,
1663 1370 2023 1426 obedientiam

446 1445 745 1520 praebeant.

1006 1533 1193 1605 (Anno
1224 1531 1407 1602 1053.)

781 1623 1013 1695 [Mansi,
1049 1621 1251 1679 Concil.
1294 1619 1434 1686 XIX,
1468 1621 1618 1691 657.]

449 1718 560 1771 Leo
602 1713 929 1786 episcopus,
979 1726 1179 1767 servus
1228 1726 1525 1764 servorum
1577 1709 1698 1778 Dei,
1744 1710 2019 1766 omnibus

375 1802 666 1876 episcopis
684 1800 937 1857 Venetia:
965 1802 1022 1854 et
1050 1798 1230 1854 Istriaa
1262 1796 1510 1853 salutem
1542 1802 1598 1853 et
1636 1798 2016 1870 apostolicam

378 1891 864 1949 benedictionem.

447 1979 682 2037 Noverit
725 1981 919 2034 vestra
938 1976 1289 2033 charissima
1335 1976 1504 2032 nobis
1552 1976 1612 2031 in
1642 1976 1871 2033 Christo
1902 1977 2016 2033 fra-

374 2068 636 2139 ternitas,
669 2067 777 2125 hac
807 2067 868 2123 in
895 2065 1164 2139 praesenti
1194 2065 1510 2121 indictione
1540 2070 1721 2134 sexta,
1755 2066 2014 2122 clarissi-

375 2176 542 2220 mum
562 2157 913 2216 confratrem
944 2159 1210 2212 nostrum
1245 2154 1612 2210 Dominicum
1636 2155 2013 2224 Gradensem,

373 2250 493 2306 imo
560 2264 721 2304 novis
779 2244 1057 2318 Aquileiae
1123 2243 1539 2317 patriarcham,
1594 2244 1666 2299 ad
1725 2244 2014 2316 synodum

368 2344 632 2396 nostram
650 2338 845 2392 Romae
862 2334 1123 2390 habitam
1145 2332 1395 2397 venisse,
1413 2335 1471 2386 et
1486 2332 1912 2401 querimoniam
1944 2334 2015 2389 de

370 2445 481 2495 sua
495 2432 553 2484 et
573 2425 736 2496 Foroj
747 2423 959 2479 uliensi
978 2420 1251 2488 Ecclesia,
1278 2436 1453 2491 quam
1474 2420 1767 2475 credimus
1782 2437 1879 2475 vos
1898 2438 2012 2477 non

366 2514 657 2588 ignorare,
701 2509 1147 2584 lacrymabiliter
1177 2523 1371 2564 coram
1410 2507 1634 2562 fecisse.
1670 2508 1846 2579 Cujus
1884 2512 2010 2565 tan-

369 2604 504 2661 dem
534 2600 768 2658 relectis
788 2596 1126 2671 privilegiis,
1151 2613 1185 2651 a
1202 2600 1405 2651 sancta
1424 2596 1687 2651 Romana
1707 2600 1763 2652 et
1778 2602 2007 2668 aposto-

366 2692 481 2749 lica
501 2691 638 2749 sede
658 2688 769 2745 sibi
790 2686 1103 2756 concessis,
1119 2684 1345 2756 judicio
1365 2685 1545 2741 totius
1566 2690 1780 2741 sanctae
1803 2687 2007 2758 synodi

366 2781 478 2841 hoc
499 2779 803 2836 deﬁnitum
826 2775 962 2831 fuit:
983 2775 1055 2831 Ut
1092 2791 1239 2829 nova
1266 2773 1533 2845 Aquileia
1553 2774 1735 2829 totius
1755 2776 2007 2830 Venetiae

366 2874 426 2929 et
451 2867 633 2925 Istria
663 2868 839 2938 caput
884 2869 940 2920 et
978 2861 1317 2934 metropolis
1346 2867 1625 2935 perpetuo
1674 2862 2005 2931 haberetur,

366 2956 691 3017 secundum
713 2954 868 3027 quod
890 2951 1329 3009 evidentissima
1348 2952 1839 3023 praedecessorum
1870 2970 2005 3008 nos-

364 3052 593 3105 trorum
642 3043 983 3100 astruehant
1041 3039 1361 3112 privilegia.
1421 3040 1835 3111 Forojulicnsis
1873 3058 2007 3097 vero

1453 394 1516 457 S.
1563 396 1844 461 LEONIS
1887 395 1969 461 ῙΧ
2017 395 2246 460 ΡΑΡιλΕ
2290 398 2728 463 OPUSCULA.

383 534 682 619 dentibus,
706 535 762 619 et
784 521 1252 619 auscultantibus
1270 532 1718 619 cum‘pragdictis
1741 531 2020 619 apostoli-
2051 533 2106 599 Α

2761 533 2949 605 (Anno
2982 533 3168 610 1053.)

2548 659 2772 729 [Mansi,
2808 660 3015 716 Concil.
3050 660 3195 730 x1x,
3229 664 3380 733 657.]

2204 804 2312 854 Leo
2343 800 2651 873 episcopus
2681 818 2884 857 servus
2917 819 3218 860 servorum
3244 805 3368 876 Dei,
3389 808 3623 867 Tnosu:
3652 820 3793 869 con-

2134 888 2293 943 fratri
2328 889 2677 946 charissimo
2707 894 2763 945 et
2785 890 3437 965 coepiscopo,salutem.

2200 994 2343 1050 Cum
2375 1012 2442 1051 ex
2470 996 2889 1052 venerabilium
2912 1015 3209 1057 canonum
3244 1004 3597 1063 auctoritate
3628 1024 3785 1065 reco-

2129 1080 2308 1138 limus
2347 1083 2630 1140 ducentos
2670 1084 2932 1157 quinque
2971 1086 3279 1161 episcopos
3323 1091 3571 1150 concilio
3607 1095 3786 1152 inter-

2130 1170 2309 1226 fuisse
2340 1172 2805 1246 Carthaginensi,
2839 1179 2897 1230 et
2926 1193 3082 1232 nunc
3106 1194 3141 1233 a
3168 1181 3273 1235 tua
3293 1179 3664 1241 fraternitate
3689 1203 3784 1243 au-

2129 1259 2326 1315 dimus
2339 1260 2600 1333 quinque
2612 1262 2704 1318 vix
2720 1263 3024 1337 episcopos
3037 1283 3346 1340 superesse
3360 1270 3420 1326 in
3435 1274 3778 1343 totaAfrica,

2131 1348 2513 1421 utiquetertia
2531 1350 2707 1424 hujus
2721 1354 3116 1425 corruptibilis
3127 1357 3337 1413 mundi
3350 1363 3536 1432 parte,
3551 1378 3781 1436 compa-

2130 1438 2313 1495 timur
2328 1443 2500 1496 tantae
2521 1445 2721 1499 vestrae
2735 1440 3135 1501 imminutioni
3152 1446 3291 1503 totis
3311 1447 3630 1518 visceribus
3659 1453 3780 1509 ani-

2129 1530 2230 1585 mi.
2250 1529 2393 1585 Cum
2412 1535 2609 1588 autem
2632 1531 2790 1604 ipsas
2804 1532 3260 1592 Christianitatis
3278 1537 3551 1611 reliquias
3563 1540 3779 1597 edisci-

2128 1635 2262 1675 mus
2283 1619 2513 1676 interna
2532 1624 2589 1676 et
2605 1626 2810 1677 mutua
2820 1621 3190 1679 dissensione
3207 1625 3469 1682 discendi
3479 1628 3775 1699 etdisper-

2126 1707 2205 1781 gi,
2238 1712 2294 1764 et
2322 1709 2601 1766 adversus
2620 1726 2683 1766 se
2714 1710 2963 1768 invicem
2994 1712 3119 1768 zelo
3145 1717 3203 1769 et
3226 1715 3597 1773 contentione
3617 1716 3773 1789 prin-

2127 1795 2354 1868 cipatus
2383 1797 2596 1864 inﬂari,
2637 1797 2719 1854 nil
2751 1798 2907 1854 aliud
2931 1800 3100 1857 nobis
3124 1802 3312 1874 primo
3339 1803 3661 1862 dicendum
3689 1822 3777 1863 oc-

2048 1900 2097 1967 B
2127 1885 2309 1942 currit
2329 1903 2506 1957 quam
2528 1886 2671 1943 illud
2684 1887 2870 1943 sancti
2899 1890 3078 1946 Amos
3090 1891 3240 1948 vatis
3263 1908 3276 1947 :
3301 1894 3499 1964 Parce,
3520 1895 3770 1963 Domine,

2121 1991 2307 2047 parce,
2340 1976 2552 2032 obsecro
2583 1994 2601 2030 :
2633 1978 2751 2049 quis
2778 1977 3063 2033 suscitabit
3106 1980 3293 2048 Iacob,
3323 1983 3454 2053 quia
3492 1983 3777 2052 parvulus

2125 2072 2202 2119 est
2218 2068 2242 2117 .9
2271 2064 2448 2135 (Amos
2472 2066 2596 2133 vn.)
2614 2065 2722 2121 Sed
2746 2064 3016 2137 quamvis
3038 2066 3095 2122 in
3117 2066 3214 2122 tali
3234 2070 3510 2138 tantoque
3529 2069 3773 2126 defectu

2124 2151 2423 2225 religionis
2440 2152 2764 2225 plurimum
2785 2153 3109 2222 doleamus;
3133 2154 3382 2211 multum
3402 2159 3606 2212 tamen
3629 2172 3781 2229 gau-

2124 2240 2352 2309 demus,
2368 2242 2505 2312 quia
2522 2246 2734 2297 sanctae
2749 2242 3016 2298 Romanis
3034 2241 3297 2299 Ecclesiae
3318 2243 3530 2300 matris
3560 2247 3773 2300 vestris

2123 2329 2475 2393 sententiam
2497 2329 2791 2402 requiritis
2812 2335 2869 2386 et
2889 2331 3230 2402 exspectatis
3241 2348 3418 2404 super
3428 2332 3771 2404 quaestioni-

2122 2418 2234 2473 bus
2262 2418 2473 2475 vestris
2505 2435 2518 2472 :
2552 2423 2609 2474 et
2631 2418 2799 2491 quasi
2821 2418 3026 2474 rivulis
3048 2420 3119 2475 ab
3141 2436 3255 2475 uno
3278 2419 3437 2475 fonte
3458 2434 3771 2494 erumpen-

2122 2505 2299 2574 tibus,
2324 2508 2460 2563 etin
2486 2524 2591 2564 suo
2613 2524 2675 2564 se
2694 2524 2872 2564 cursu
2891 2524 2995 2580 per
3007 2508 3237 2565 diversa
3258 2509 3675 2581 spargentibus
3698 2512 3771 2569 ad

2120 2594 2308 2667 ipsius
2359 2596 2534 2651 fontis
2575 2595 2827 2669 primam
2869 2596 3289 2669 scaturiginem
3321 2597 3529 2653 reverti
3561 2598 3770 2655 debere

2117 2684 2406 2755 optimum
2427 2685 2667 2757 putatis,
2682 2689 2747 2740 ut
2762 2684 2898 2741 inde
2912 2685 3228 2742 resumatis
3250 2684 3772 2743 directionisvesti-

2115 2773 2301 2844 gium,
2325 2774 2478 2830 unde
2509 2773 2852 2846 sumpsistis
2877 2774 3061 2830 totius
3082 2773 3426 2831 Christianas
3467 2772 3771 2848 religionis

2116 2861 2439 2917 exordium.
2463 2862 2700 2918 Noveris
2717 2878 2852 2934 ergo
2886 2862 3087 2935 procul
3108 2862 3289 2919 dubio
3310 2862 3466 2936 quia,
3487 2867 3621 2936 post
3650 2864 3771 2920 Ro—

2090 2967 2358 3029 ‘manum
2383 2950 2737 3023 pontificem,
2761 2950 2987 3024 primus
3010 2950 3486 3024 archiepiscopus
3508 2956 3568 3009 et
3586 2953 3770 3011 totius

2114 3039 2316 3095 Africae
2348 3039 2640 3095 maximus
2662 3039 3150 3112 metrOpolitanus
3169 3047 3257 3096 est
3285 3040 3772 3114 Carthaginensis

344 3132 635 3202 antistes,
655 3130 1062 3189 tantummodo
1084 3128 1299 3183 finibus
1325 3128 1834 3199 Langobardorum
1856 3133 2011 3185 esset
2117 3128 2427 3200 episcopus
2442 3144 2454 3184 :
2471 3144 2596 3197 nec,
2616 3128 2973 3201 quicumque
2987 3127 3197 3197 sit,ille
3211 3129 3635 3187 Gummitanus
3647 3131 3774 3204 epi-

365 3222 882 3293 oontentus,juxta
902 3217 1271 3291 privilegium
1288 3216 1545 3289 Gregorii
1576 3216 1625 3272 II
1648 3221 1704 3272 et
1728 3221 2002 3274 retracta-
2036 3266 2078 3333 C
2115 3232 2333 3290 scopus
2381 3216 2639 3289 aliquam
2691 3216 2988 3275 licentiam
3020 3218 3404 3274 concserandi
3434 3218 3772 3294 episcopos,

365 3314 575 3333 ιςᾼΑΑΔ.
611 3309 783 3333 πῖ-..ιιε²
842 3310 908 3333 ΠΛ
939 3308 1046 3333 1....-
1080 3306 1310 3333 nubi-“
1347 3309 1499 3333 Aut-..
1535 3306 1874 3333 ..-ιζληιζηηι
1912 3324 1970 3333 ι...
2114 3305 2199 3333 ..ι-,1
2251 3306 2571 3333 Ᾱηηηυιλκλέ
2646 3323 2745 3333 ...ιη
2799 3306 3146 3333 .κ.υ...;..,.ε..ι...
3207 3306 3514 3333 ..Ακηῗιεη-..ι
3562 3324 3745 3333 --_--_

360 3314 582 3373 tionem
611 3309 807 3367 Tertii.
841 3310 911 3365 Et
939 3308 1048 3363 hoc
1078 3306 1315 3378 quidem
1345 3309 1506 3361 extra
1534 3306 1878 3377 patientiam
1910 3324 2005 3363 ca-
2036 3305 2078 3333 ν
2114 3305 2203 3362 vel
2249 3306 2596 3378 deponendi,
2645 3323 2749 3363 seu
2798 3306 3148 3378 provinciale
3204 3306 3519 3364 concilium
3560 3324 3776 3367 convo-

363 3417 586 3459 nonum
608 3400 660 3456 ei
691 3414 794 3472 pro
816 3411 1028 3469 magno
1050 3394 1468 3462 concessimus,
1490 3393 1629 3466 quia
1650 3399 1859 3466 quater
1877 3396 2003 3465 jam
2113 3395 2284 3451 candi
2328 3394 2523 3463 habet,
2558 3395 2685 3451 sine
2723 3412 3014 3452 consensu
3044 3395 3524 3468 Carthaginensis
3568 3398 3772 3455 archi~

357 3493 596 3548 vocatus
627 3497 668 3545 a‘
689 3485 879 3555 nobis,
903 3499 1008 3541 nec
1025 3483 1204 3551 venit,
1229 3499 1334 3538 nec
1354 3483 1667 3551 excusavit,
1693 3500 1828 3538 cum
1859 3484 2000 3540 Gra-
2111 3482 2390 3555 episcopi,
2422 3482 2735 3554 cujuslibet
2763 3484 3067 3557 dignitatis
3089 3488 3192 3542 aut
3220 3484 3523 3556 potestatis
3546 3486 3646 3554 sit,
3669 3504 3773 3543 ex-

358 3578 579 3649 densis,
610 3577 672 3634 id
694 3580 967 3644 est,novae
986 3572 1264 3646 Aquileia;
1295 3571 1649 3644 patriarcha,
1685 3572 2000 3644 quinquies
2109 3572 2293 3644 ceptis
2326 3571 2419 3627 his
2449 3588 2576 3644 quas
2607 3573 2680 3628 ad
2714 3572 3014 3645 propriam
3045 3572 3385 3644 parochiam
3428 3574 3731 3647 pertinent
3757 3595 3771 3645 ;

352 3671 566 3725 nostris
594 3664 1027 3739 synodo,etiam
1044 3678 1161 3717 non
1181 3665 1439 3727 vocatus,
1462 3660 1810 3715 interfuerit.
1836 3660 1998 3717 Unde
2107 3664 2312 3716 cetera
2331 3664 2548 3729 autem,
2582 3660 2734 3717 sicut
2763 3665 2821 3716 et
2848 3660 2947 3717 alii
2983 3660 3229 3718 Africani
3258 3661 3538 3735 episcopi,
3567 3665 3772 3722 consi-

350 3756 642 3814 monendo
670 3754 1026 3810 mandamus
1055 3755 1112 3805 et
1139 3749 1512 3823 praecipimus
1560 3749 1805 3806 vobisex
1834 3754 1997 3821 parte
2104 3747 2181 3803 lio
2212 3748 2688 3821 Carthaginensis
2719 3748 3141 3823 archiepiscopi
3159 3754 3309 3823 aget.
3337 3749 3503 3806 Unde
3533 3750 3767 3808 charis-

348 3845 451 3904 Dei
482 3848 539 3902 et
567 3843 753 3901 sancti
785 3841 960 3909 Petri,
1006 3843 1064 3895 et
1093 3843 1311 3907 nostra,
1346 3844 1411 3894 ut
1442 3839 1677 3911 praefato
1710 3838 1994 3896 Gradensi
2103 3836 2239 3893 simi
2268 3837 2591 3893 confratres
2621 3837 2805 3893 nostri
2837 3837 3166 3911 coepiscopi
3195 3838 3405 3894 Petrus
3420 3841 3479 3895 et
3497 3842 3769 3898 Joannes

280 3932 293 3939 ”
348 3920 692 4007 patriarcha;
742 3927 1300 4006 successoribusque
1316 3929 1465 3998 ejus,
1489 3927 1546 3981 in
1561 3926 1868 3999 omnibus,
1900 3944 1989 3984 se-
2101 3930 2255 3981 recte
2285 3925 2545 3982 sentiunt
2564 3926 2634 3983 de
2663 3926 3138 3999 Carthaginensis
3160 3926 3426 4007 E_cclesiae
3449 3926 3766 4001 dignitate.

347 4022 608 4079 cundum
629 4020 770 4091 jura
796 4016 1093 4083 canonica,
1126 4015 1461 4071 obedientes
1494 4014 1645 4080 sitis,
1687 4015 1843 4070 sicut
1870 4016 1991 4087 pri-
2097 4030 2202 4069 nec
2232 4015 2606 4070 consentiunt
2635 4014 2816 4070 errori
2847 4014 3239 4071 Gummitanaa
3286 4013 3581 4072 Ecclesiae.
3635 4017 3761 4076 Hoc

345 4109 490 4167 mati
519 4111 710 4165 vestro
740 4110 798 4162 et
827 4103 1168 4177 patriarchas
1198 4119 1326 4158 esse
1355 4103 1601 4172 debetis,
1633 4107 1689 4159 et
1719 4104 1870 4158 sicut
1890 4121 1990 4160 an-
2098 4106 2295 4159 autem
2327 4103 2459 4159 nolo
2486 4120 2588 4159 vos
2617 4102 2815 4172 lateat,
2850 4121 2965 4159 non
3009 4104 3221 4160 debere
3262 4108 3475 4176 prater
3520 4109 3763 4165 senten-

343 4197 735 4255 teeessoribus
764 4195 892 4264 ejus
929 4191 1115 4246 nostri
1139 4195 1418 4262 perpetuo
1449 4191 1884 4249 conﬁrmarunt.
1919 4194 1989 4249 Et
2097 4191 2797 4264 tiamRomanipontiﬁcis
2815 4192 3764 4253 universaleconciliumcelebrari

344 4285 396 4342 si
435 4284 578 4356 quid
625 4282 720 4337 sui
758 4281 915 4352 juris
961 4279 1022 4333 in
1053 4278 1299 4333 urbibus
1337 4278 1545 4335 vestris
1575 4279 1663 4334 vel
1695 4282 1986 4352 parochiis
2096 4283 2199 4335 aut
2227 4280 2528 4352 episcopos
2559 4281 2826 4336 damnari
2861 4281 2949 4337 vel
2979 4281 3226 4354 deponi;
3273 4282 3433 4354 quia,
3476 4283 3590 4339 etsi
3622 4283 3762 4342 licet

342 4372 676 4430 continetur
694 4369 850 4440 quod
871 4383 979 4423 suo
993 4366 1318 4422 dominatui
1333 4366 1537 4422 merito
1558 4367 1765 4424 debeat
1785 4370 1983 4439 subdi,
2092 4367 2256 4425 vobis
2289 4368 2517 4440 aliquos
2546 4369 2852 4441 episcopos
2882 4370 3237 4437 examinare,
3261 4370 3642 4428 difﬁnitivam
3672 4370 3757 4431 ta-

341 4458 542 4517 nullus
564 4461 827 4513 vestrum
848 4454 962 4511 sibi
979 4455 1373 4511 cdntradicere
1403 4461 1733 4527 praesumat.
1759 4457 1819 4514 Si
1848 4457 1981 4531 quis
2094 4472 2227 4511 men
2242 4456 2851 4529 sententiam,absque
2867 4457 3137 4514 consultu
3156 4457 3405 4514 Romani
3422 4460 3752 4531 pontiﬁcis,

337 4562 473 4605 vero
492 4549 752 4603 vestrum
774 4544 1094 4617 quidquam
1110 4544 1283 4615 justas
1299 4544 1686 4616 quierimoniaa
1703 4547 1981 4604 adversus
2092 4549 2158 4600 ut
2185 4544 2409 4600 dictum
2445 4549 2555 4617 est,
2589 4562 2705 4601 non
2724 4545 2863 4602 licet
2883 4547 3018 4603 dare
3043 4564 3056 4602 :
3082 4547 3237 4619 quod
3259 4546 3318 4601 in
3334 4546 3560 4604 sanctis
3579 4564 3755 4605 cano-

335 4651 472 4693 sum
500 4633 729 4691 videtur
756 4633 991 4701 habere,
1024 4637 1125 4689 aut
1166 4650 1360 4690 coram
1389 4635 1552 4691 vobis
1582 4636 1972 4692 confratribus
2004 4634 2051 4698 D
2083 4632 2573 4698 nibusstatutum,
2606 4634 3506 4706 siquaeritis,potestisinvenire.
3538 4638 3758 4703 Quam-

335 4727 394 4782 et
413 4722 1001 4797 comprovincialibus
1015 4739 1253 4779 causam
1276 4740 1445 4780 suam
1465 4724 1741 4795 proferat,
1764 4728 1975 4781 etcum
2083 4721 2171 4777 vis
2201 4723 2357 4777 enim
2380 4722 2655 4778 omnibus
2678 4721 3026 4795 generaliter
3051 4722 3333 4796 apostolis
3353 4722 3581 4779 dictum
3613 4725 3696 4779 sit
3718 4742 3755 4781 a

330 4830 421 4883 eo,
454 4814 504 4871 si
535 4812 808 4886 potuerit,
833 4812 1073 4885 paciﬁce
1090 4813 1356 4880 deﬁniat;
1391 4816 1495 4867 aut
1515 4812 1573 4866 in
1605 4814 1974 4884 praesentiam
2086 4810 2331 4867 Domino
2359 4827 2372 4866 :
2398 4812 2764 4882 Quaecumque
2780 4811 3091 4880 tigaveritis
3115 4814 3177 4868 in
3192 4816 3361 4879 terra,
3384 4812 3558 4880 ligata
3581 4815 3754 4866 erunt

330 4906 593 4961 nostram
623 4904 871 4973 utraque
886 4918 1023 4973 pars
1044 4900 1658 4971 examinandaveniat,
1682 4900 1844 4958 salva
1864 4903 1976 4959 sibi
2084 4904 2136 4955 et
2173 4902 2229 4954 in
2278 4901 2448 4967 caelo,-
2485 4903 2535 4955 et
2566 4916 2899 4972 quaecunque
2928 4901 3201 4956 solveritis
3238 4903 3300 4956 in
3349 4905 3513 4966 terra,
3553 4899 3753 4956 soluta

326 4990 562 5047 interim
611 5003 716 5063 per
761 4990 961 5046 omnia
1007 4994 1066 5045 et
1115 4987 1487 5061 patriarchali
1520 4989 1862 5058 reverentia,
1918 4995 1976 5046 et
2085 4992 2244 5043 erunt
2274 4990 2401 5045 etin
2418 4988 2554 5044 aceto
2584 4988 3009 5059 (Matth.xvm):
3034 4992 3231 5044 tamen
3261 5005 3378 5045 non
3410 4986 3538 5042 sine
3559 5002 3749 5044 causa

324 5078 677 5153 proprietate
708 5095 834 5134 sua.
867 5078 1031 5142 Quod
1083 5077 1131 5132 si
1163 5083 1323 5133 extra
1363 5077 1635 5146 feceritis,
1682 5080 1972 5136 sententia
2081 5076 2409 5149 specialiter
2438 5081 2495 5133 et
2526 5076 2875 5133 nominatim
2902 5077 3129 5132 dictum
3151 5076 3333 5133 est'B.
3367 5076 3536 5132 Petra
3567 5093 3745 5150 apos-

324 5167 608 5226 canonica
638 5183 816 5240 super
841 5183 944 5222 vos
974 5165 1259 5240 vigilabit.
2080 5165 2332 5221 tolorum
2383 5166 2634 5238 principi
2682 5182 2695 5220 :
2746 5166 2818 5219 Tu
2865 5180 2920 5219 es
2943 5166 3158 5232 Petrus,
3192 5172 3243 5220 et
3276 5178 3443 5235 super
3473 5162 3621 5219 hanc
3646 5179 3746 5236 pe-

1001 5273 1284 5329 Lxxxm,
2077 5265 2221 5310 trum
2247 5254 2524 5323 aediﬁcabo
2568 5254 2867 5309 Ecclesium
2907 5269 3088 5309 meam
3116 5268 3130 5307 :
3165 5260 3220 5308 et
3244 5252 3350 5308 tibi
3378 5251 3519 5307 dabo
3564 5252 3748 5308 claves

319 5366 381 5419 S.
440 5360 635 5417 Leonis
678 5362 744 5415 IX
761 5361 1010 5440 “epistola
1049 5361 1121 5440 ad
1160 5361 1413 5440 Thomam
1477 5362 1785 5440 episcopum
1832 5362 1970 5440 afri-

2151 5344 2233 5412 νηί
2276 5344 2536 5398 calorum
2587 5360 2600 5396 :
2650 5341 2840 5398 Matth.
2873 5343 3012 5413 xvx).
3048 5342 3118 5397 Et
3144 5341 3206 5397 in
3234 5338 3349 5397 alio
3381 5340 3511 5397 loco
3547 5356 3564 5397 :
3598 5340 3744 5398 Con-

392 5448 615 5489 canum.
649 5462 715 5472 -
750 5429 995 5487 Ostendit
1051 5429 1539 5501 Carlhaginensem
1576 5429 1971 5503 ΔανσΙιίερίδσο-
2076 5434 2238 5503 ﬁrma
2267 5432 2470 5502 fratres
2502 5434 2619 5486 tuos
2652 5431 2801 5502 (Luc.
2834 5431 2999 5502 xxu).
3031 5429 3263 5486 Scilicet
3294 5429 3436 5501 quia
3466 5430 3740 5485 omnium

386 5520 523 5575 pum
567 5503 732 5583 totius
778 5504 982 5585 Africa:
1026 5519 1142 5590 esse
1186 5505 1507 5574 primatem;
1558 5500 1969 5585 Gummiﬁznum

2155 5500 2463 5575 clesﬁiarum
2514 5500 2768 5589 majores
2828 5522 2885 5575 et
2942 5500 3575 5587 difﬁcilioresicausas,
3641 5534 3743 5590 per

390 5575 1968 5679 ᾝίίοῗιξέδνῖθρῗίῗρ³⁸23.ῗέίέἔὶιξθῗίῗζῗῗῖἒηῖἷῗδρίζίῑῗῗῗξῖἷξ
2076 5612 2340 5664 sanctam
2391 5612 2448 5663 et
2494 5606 2877 5679 principalem
2908 5608 2969 5663 Β·
3004 5606 3163 5679 Petri
3200 5607 3402 5663 sedem
3435 5623 3470 5662 ιι
3501 5621 3740 5664 succes-

389 5656 725 5714 consecrare,
782 5660 881 5697 nec
931 5646 1273 5714 provinciale
1318 5646 1615 5699 concilium
1675 5660 1967 5701 convocare
2076 5646 2453 5714 ⁵¹έ¹³ἶξ¹ί⁸³ξ⁴¹λ⁹¹έ
2494 5646 2528 5714 ξ’
2530 5646 2877 5714 f‘f‘,“'}j;:"f;f
2904 5646 3027 5714 ίυξτέ
3049 5646 3182 5714 ‘1':
3200 5646 3403 5714 ἽΪΪΫῘ
3427 5646 3733 5714 ζξξζῖξξῖί

2074 5696 2306 5753 scribus
2336 5697 2463 5768 ejus
2495 5695 3035 5752 sunt-difﬁniendie.
3056 5694 3190 5750 Jam
3222 5695 3362 5768 quia
3381 5694 3457 5750 ad
3487 5694 3740 5752 interro;

387 5725 568 5780 posse;
600 5713 769 5786 solius
815 5713 997 5767 autem
1037 5716 1265 5786 Romam
1309 5715 1583 5786 pontiﬁcis
1611 5731 1725 5786 esse
1752 5720 1806 5769 et
1848 5719 1961 5786 epi-

386 5779 566 5848 ScOpos
596 5779 859 5848 deponere
889 5786 937 5835 et
966 5784 1250 5850 generalia
1277 5779 1513 5838 concilia
1542 5784 1800 5839 indicere.
1874 5779 1886 5786 ’
2075 5789 2209 5858 gata
2254 5785 2430 5841 etiam
2478 5784 2836 5840 confratrum
2884 5786 3221 5841 nostrorum
3274 5783 3427 5839 Petri
3458 5786 3518 5839 et
3546 5787 3739 5840 JoanJ
