3974 6206
197 394 326 459 729

1171 383 1577 450 EPISTOLIE
1615 383 1718 447 ΕΤ
1757 380 2122 446 DECRETA
2173 379 2645 446 PONTIF'ICIA.

3487 390 3610 456 ⁸180

205 529 304 586 nis
336 527 746 602 episcoporum
777 522 1142 582 decrevimus
1173 523 1558 596 respondere;
1583 525 1856 592 optamus
1882 521 1938 586 Α
1967 516 2208 573 consilio
2238 517 2711 590 Carlhaginensis
2733 516 3150 598 archiepiscOpi
3175 526 3608 599 aget,quisolus

205 622 278 676 ut
305 621 569 674 sanetam
593 619 756 670 tuam
776 612 1428 684 traternitatemjugiter
1456 608 1853 681 invigilantem

205 707 563 764 utilitatibus
585 708 802 761 sanctae
829 701 1123 758 catholicze
1146 700 1432 765 Ecclesiae,
1452 702 1626 770 atque
1657 698 1857 752 devote

203 814 312 870 pro
344 796 514 852 nobis
536 796 1101 860 orantem,sanctaet
1116 788 1418 845 individua
1440 787 1697 842 Trinitas
1711 801 1857 838 sem-

203 902 312 959 per
338 887 662 949 conservet,
697 881 1045 938 eharissime
1077 879 1271 934 frater.

280 975 494 1031 Datum
525 991 622 1028 XVI
655 971 949 1027 Kalendas
978 967 1261 1034 Januarii,
1287 983 1438 1022 anno
1470 965 1691 1020 domini
1722 965 1857 1018 Leo-

205 1063 302 1119 nis
332 1080 494 1136 papae
526 1080 584 1118 1x
614 1061 839 1134 quinto,
873 1058 1192 1115 indictione
1221 1075 1320 1111 vn.

893 1174 1178 1232 LXXXIV.

210 1271 268 1323 S.
296 1269 406 1342 Leo
434 1268 499 1323 IX
523 1270 759 1342 Petrum
780 1269 840 1342 et
887 1267 1151 1342 Joannem
1179 1263 1451 1342 epz'seopes
1474 1336 1482 1342 ι
1502 1258 1694 1342 laudat
1719 1257 1859 1342 quod

273 1340 437 1411 jussu
463 1355 561 1394 suo
589 1337 997 1412 ρὀηείὶιίιγῃ-ιίθΔ
1013 1337 1171 1412 rebus
1206 1332 1588 1412 Ecclesiasticis
1605 1332 1855 1412 celebra-

285 1405 463 1465 perint
488 1413 542 1464 et
568 1409 702 1479 jura
751 1409 1142 1479 archiepiscopi
1192 1405 1638 1479 Carthaginensis
1667 1405 1858 1456 contra

283 1477 695 1539 Gummz'taaum
724 1477 1036 1553 episcopum
1065 1477 1436 1549 defenderint.

831 1571 1018 1639 (Anno
1052 1567 1234 1638 1053.)

743 1657 952 1730 [Mansi
978 1657 1135 1724 ibid.,
1167 1656 1320 1724 658.]

285 1775 399 1830 Lso
427 1775 756 1848 episcopus,
790 1789 994 1829 servus
1035 1785 1336 1827 servorum
1369 1767 1489 1834 Dei,
1541 1766 1856 1822 dilectissi-

209 1863 326 1919 mis
354 1864 414 1918 in
445 1863 670 1919 Christo
714 1863 991 1918 fratribus
1023 1865 1209 1957 Perse
1240 1863 1296 1957 et
1330 1858 1534 1913 JOANNI
1568 1854 1857 1928 episcopis
1889 1893 1936 1957 Β

209 1951 465 2010 salutem
497 1956 552 2007 et
582 1950 955 2024 apostolicam
989 1947 1469 2004 benedictionem.

279 2042 466 2096 Decus
484 2040 872 2096 Ecclesiarum
900 2039 1306 2112 Africanarum
1338 2036 1419 2090 ita
1448 2033 1854 2089 conculcatum

212 2147 246 2186 a
271 2128 546 2202 gentibus
593 2129 844 2183 nimium
878 2128 1142 2183 dolemus
1176 2130 1238 2179 ut
1268 2125 1438 2179 modo
1469 2123 1562 2177 vix
1594 2121 1856 2194 quinque

209 2217 582 2273 inveniantur
611 2216 889 2290 episcopi,
914 2216 1010 2270 ubi
1043 2215 1185 2269 olim
1220 2213 1452 2268 ducenti
1484 2211 1746 2283 quinque
1770 2226 1857 2264 so-

209 2307 408 2364 lebant
438 2324 540 2380 per
571 2305 817 2362 concilia
847 2305 1105 2377 plenaria
1124 2301 1484 2375 computari;
1519 2305 1574 2355 et
1606 2300 1683 2354 ibi
1718 2316 1856 2371 pau-

209 2395 373 2452 culas
403 2413 535 2451 oves
567 2395 919 2468 quotidiana:
951 2392 1225 2448 occisioni
1278 2392 1588 2463 deputatas
1621 2405 1851 2444 reman-

208 2484 379 2553 sisse,
413 2484 513 2540 ubi
541 2485 830 2556 quondam
855 2481 1455 2553 innumerabilisgrex
1485 2477 1713 2534 Domini
1739 2477 1848 2532 sub

205 2574 543 2630 numerosis
568 2573 845 2629 arietibus
875 2571 1202 2627 exsultabat
1230 2570 1347 2625 alta
1395 2585 1554 2641 pace.
1589 2567 1698 2622 Sed
1732 2567 1850 2622 hrec

204 2661 460 2735 peccatis
521 2662 737 2718 nostris
785 2661 1164 2734 imputantes,
1216 2658 1508 2729 justitiam
1565 2656 1850 2710 Creatoris

204 2749 625 2818 collaudantes,
658 2751 993 2815 timeamus,
1026 2753 1082 2804 et
1111 2746 1573 2804 misericordiam
1607 2746 1734 2814 eius
1763 2743 1851 2798 in-

204 2843 431 2896 stanter
459 2838 829 2912 postulemus
843 2843 906 2894 ut
927 2853 1121 2893 servos
1145 2854 1282 2892 suos
1296 2835 1534 2892 tandem
1565 2833 1852 2905 respicere

206 2927 500 3001 dignetur.
535 2928 699 2992 Quod
733 2933 926 2982 autem
949 2924 1269 2997 scripsistis
1301 2923 1470 2980 nobis
1503 2939 1606 2995 pro
1639 2926 1853 2977 sancta:

207 3017 487 3073 Romanae
520 3015 788 3072 Ecclesia:
807 3020 964 3071 statu
988 3019 1304 3086 nostraque
1327 3011 1726 3068 incolumitate
1752 3027 1852 3064 vos

207 3107 530 3162 Dominum
564 3105 784 3178 gratias
832 3105 1055 3177 agendo
1085 3119 1390 3159 exorasse:
1442 3099 1716 3156 noveritis
1745 3115 1852 3154 nos

201 3199 415 3250 vestras
446 3195 826 3251 fraternitatis
856 3194 1074 3266 gratias
1111 3207 1301 3266 agere,
1358 3196 1414 3246 et
1444 3207 1546 3263 pro
1579 3187 1850 3244 consola-

1967 606 2024 661 in
2058 606 2246 661 Africa
2274 606 2518 679 pallium
2558 609 2629 664 ab
2684 609 3000 681 apostolica
3030 613 3165 668 sede
3197 613 3407 672 habere
3440 619 3606 676 solet.

1966 695 2129 750 Unde
2158 699 2214 750 et
2243 695 2546 768 episcopos
2594 700 2971 754 consecrandi
3023 702 3341 775 principale
3372 713 3428 760 et
3458 709 3608 764 anti-

1966 801 2147 854 quum
2173 785 2274 853 jus
2307 787 2531 853 retinet,
2565 786 2717 842 sicut
2737 789 3009 844 exverbis
3039 791 3254 848 Aurelii
3287 793 3344 848 in
3365 798 3609 854 concilio

1965 873 2405 945 Carthaginensi
2439 876 2667 944 (Concz'l.
2699 879 2953 950 Carthag.
2990 881 3097 950 III.)
3144 882 3399 954 capitulo
3433 887 3606 959 trige-

1966 963 2112 1016 simo
2146 979 2296 1016 nono
2328 968 2517 1034 potest
2545 964 2813 1037 intelligi,
2841 984 2972 1023 cum
3008 968 3186 1025 dicit:
3238 972 3299 1026 In
3334 974 3608 1046 Ecclesia,

1966 1051 2036 1104 ad
2079 1067 2254 1122 quam
2308 1053 2547 1124 dignata
2590 1059 2677 1108 est
2726 1061 2917 1111 vestra
2960 1060 3240 1117 sanctitas
3283 1065 3611 1131 convenire,

1967 1139 2168 1193 crebro
2200 1157 2266 1194 ac
2298 1155 2442 1211 pene
2479 1157 2580 1212 per
2619 1143 2771 1197 diem
2806 1144 3166 1202 Dominieam
3199 1151 3503 1224 episcopos
3525 1172 3610 1211 or-

1967 1228 2257 1282 dinandos
2290 1229 2597 1296 habemus,
2648 1237 2757 1286 etc.
2817 1234 2926 1288 Sed
2976 1234 3084 1290 hoc
3130 1254 3231 1293 vos
3265 1257 3379 1296 non
3412 1242 3607 1313 lateat,

1968 1333 2081 1372 non
2111 1317 2317 1372 debere
2349 1322 2555 1389 praeter
2578 1319 2880 1374 scientiam
2905 1324 3325 1399 [sententiam.]
3360 1331 3606 1387 Romani

1967 1405 2259 1476 pontificis
2291 1407 2618 1462 universale
2650 1409 2962 1466 concilium
2997 1413 3294 1485 Cle‘hl‘al‘l,
3343 1425 3443 1474 ant
3491 1422 3610 1492 epi-

1967 1511 2177 1566 scopos
2207 1496 2474 1551 damnari
2503 1495 2590 1552 vel
2622 1498 2854 1570 deponi,
2905 1502 3065 1572 quia,
3100 1506 3227 1574 .etsi
3284 1506 3417 1562 licet
3445 1510 3610 1566 vobis

1969 1582 2198 1656 aliquos
2245 1584 2548 1656 episcopos
2599 1588 2952 1657 examinare,
3003 1591 3374 1650 difﬁnitivam
3415 1600 3611 1654 tamen

1969 1675 2317 1730 sententiam
2350 1675 2571 1748 absque
2605 1678 2876 1733 consultu
2912 1681 3155 1737 Romani
3202 1684 3515 1756 pontificis,
3550 1693 3616 1744 ut

1969 1765 2190 1819 dictum
2227 1770 2335 1832 est,
2367 1783 2478 1820 non
2513 1766 2649 1822 licet
2680 1769 2836 1824 dare.
2890 1770 3050 1834 Quod
3100 1772 3156 1827 in
3192 1776 3410 1831 sanctis
3441 1793 3613 1832 cano-

1969 1852 2145 1908 nibus
2198 1858 2508 1918 statutum,
2571 1856 2618 1910 si
2680 1858 2961 1927 quaeritis,
3022 1863 3266 1931 potestis
3315 1864 3612 1921 invenire:

1967 1942 2185 1997 scilicet
2215 1943 2353 2014 quia
2383 1945 2644 2000 omnium
2680 1946 3071 2003 Ecclesiarum
3119 1953 3371 2022 majores
3392 1958 3448 2008 et
3468 1955 3616 2009 diffi-

1967 2031 2197 2087 ciliores
2227 2049 2436 2098 causae,
2481 2051 2583 2104 per
2630 2041 2893 2092 sanctam
2944 2042 3001 2091 et
3049 2038 3428 2111 principalem
3462 2043 3617 2100 beati

1967 2120 2116 2175 Petri
2150 2121 2346 2176 sedem
2380 2139 2412 2176 a
2443 2125 2888 2180 successoribus
2921 2126 3050 2196 ejus
3073 2127 3424 2185 difﬁniendaa
3455 2137 3615 2200 sunt,

1967 2211 2166 2280 utpote
2198 2210 2289 2264 cui
2322 2210 2600 2266 divinitus
2650 2213 2901 2271 dicitur:
2953 2217 3228 2286 Conﬁrma
3268 2220 3470 2289 fratres
3499 2226 3619 2278 tuos

1967 2299 2121 2368 (Luc.
2175 2299 2359 2370 xxn);
2411 2304 2515 2355 et:
2571 2303 2686 2357 Tibi
2742 2303 2880 2360 dabo
2937 2307 3112 2361 claves
3161 2311 3319 2378 regni
3358 2311 3619 2367 caelorum

1965 2387 2172 2458 (Matth.
2206 2388 2342 2458 xw),
2378 2393 2485 2444 etc.

2035 2476 2228 2544 Nunc,
2263 2477 2402 2548 quia
2430 2478 2501 2533 de
2541 2479 2994 2553 archiepiscopis
3041 2488 3094 2538 et
3154 2486 3619 2558 metropolitanis

1965 2566 2313 2620 sententiam
2346 2571 2606 2622 nostram
2664 2570 2982 2641 requiritis,
3013 2574 3435 2630 venerabilium
3462 2581 3619 2632 ante~

1963 2669 2258 2709 cessorum
2292 2660 2626 2712 nostrorum
2659 2658 2815 2714 dicta
2845 2665 3041 2732 aperte
3072 2662 3497 2730 demonstrant,
3558 2667 3612 2722 id

1962 2747 2052 2798 est
2081 2743 2418 2811 Clementis,
2453 2747 2734 2811 Anacleti,
2769 2749 2992 2805 Aniceti
3027 2755 3083 2805 et
3115 2751 3504 2822 aliorum,ubi
3536 2755 3620 2810 ita

1963 2831 2214 2902 legitur:
2248 2835 2625 2891 Sacerdotum
2657 2838 2798 2892 ordo
2853 2838 3167 2910 bipartitus
3214 2846 3323 2911 est,
3359 2858 3465 2898 nec
3494 2860 3615 2900 am-

1964 2919 2120 2992 plius
2151 2938 2327 2992 quam
2372 2923 2520 2979 duos
2567 2927 2822 2993 ordines,
2871 2927 2927 2982 id
2978 2934 3068 2984 est
3118 2930 3529 3004 episcoporum
3561 2938 3619 2990 et

1963 3009 2456 3081 presbyterorum.
2502 3014 2670 3070 nobis
2738 3015 2929 3070 collati
2980 3022 3139 3084 sunt,
3222 3035 3324 3074 nec
3370 3021 3616 3093 apostoli

1964 3098 2304 3155 docuerunt.
2365 3101 2784 3175 Episcoporum
2845 3111 3039 3162 autem
3097 3108 3238 3163 ordo
3297 3126 3450 3165 unus
3498 3115 3612 3178 est,

1965 3189 2235 3258 quamvis
2267 3189 2362 3244 alii
2410 3192 2791 3262 praeferantur
2837 3193 2991 3262 aliis,
3043 3196 3162 3250 sive
3206 3213 3310 3268 pro
3361 3213 3428 3253 eo
3457 3199 3613 3270 quod

202 3284 365 3340 tione
395 3287 584 3339 vestra
615 3299 846 3355 semper
874 3298 1057 3338 orare.
1111 3283 1179 3336 Et
1226 3297 1443 3345 revera,
1485 3280 1714 3344 fratres,
1746 3277 1856 3333 hoc
1877 3261 1928 3328 'C
1967 3276 2196 3348 primus
2228 3277 2486 3334 civitates
2534 3285 2592 3335 et
2644 3282 2832 3353 magis
2881 3283 3232 3351 nominatas,
3285 3261 3609 3343 secundum

203 3372 568 3445 acceptabile
596 3376 682 3428 est
708 3371 955 3428 Domino
976 3374 1175 3426 nostro
1191 3370 1329 3426 Jesu
1343 3368 1575 3424 Christo
1597 3372 1662 3422 ut
1681 3369 1856 3438 caput

202 3461 479 3517 omnibus
510 3460 794 3516 membris
823 3459 1137 3532 prospiciat
1165 3462 1222 3514 et
1251 3456 1512 3530 invigilat
1542 3475 1554 3524 ;
1590 3455 1854 3511 membra

199 3567 330 3607 vero
365 3551 462 3606 sui
494 3549 705 3622 capitis
727 3549 977 3605 salutem
992 3547 1569 3604 sineintermissione
1587 3550 1854 3617 quaerant

201 3644 256 3696 et
281 3644 510 3713 optent.
537 3639 689 3694 Bene
711 3637 984 3710 equidem
1010 3637 1251 3703 fecistis,
1276 3638 1431 3708 quod
1449 3636 1604 3706 jussi
1626 3652 1660 3690 a
1681 3635 1852 3690 nobis

201 3726 522 3783 concilium
554 3728 623 3782 de
653 3728 826 3783 rebus
875 3725 1283 3782 ecclesiasticis
1331 3725 1660 3781 habuistis:
1694 3724 1849 3794 quod

200 3817 386 3872 etiam
416 3816 575 3870 omni
607 3832 755 3870 anno
784 3814 872 3870 vel
906 3813 1085 3871 semel
1117 3831 1289 3886 agere
1327 3814 1572 3869 debetis.
1606 3813 1853 3885 Insuper

202 3909 360 3961 recte
393 3907 594 3959 contra
639 3904 1081 3960 Gummitanum
1129 3904 1469 3976 episcopum
1502 3902 1848 3974 dignitatem

201 3991 684 4065 Carthaginensis
715 3992 977 4049 Ecclesia
1009 3992 1354 4048 defendistis
1380 4011 1392 4060 ;
1427 3991 1564 4063 quia
1593 3991 1719 4047 sine
1739 3991 1848 4046 du-

204 4081 296 4138 bio
320 4087 459 4155 post
489 4081 819 4138 Romanum
849 4082 1180 4154 pontificem
1214 4081 1440 4154 primus
1463 4081 1846 4152 archiepisco-

203 4186 310 4242 pus
338 4174 401 4228 et
428 4169 611 4227 totius
639 4171 842 4226 Africae
885 4171 1178 4226 maximus
1227 4169 1710 4242 metropolitanus
1758 4174 1848 4225 est

201 4257 680 4330 Carthaginensis
711 4259 1044 4331 episcopus,
1075 4275 1181 4314 nec
1211 4275 1314 4326 pro
1346 4258 1543 4330 aliquo
1571 4258 1844 4331 episcopo

201 4345 258 4402 in
306 4351 434 4404 tota
476 4347 670 4402 Africa
717 4351 909 4420 potest
959 4349 1197 4419 perdere
1247 4347 1614 4422 privilegium
1665 4347 1846 4404 semel

202 4439 542 4508 susceptum
573 4453 608 4492 a
635 4441 839 4492 sancta
885 4437 1147 4492 Romana
1195 4440 1252 4492 et
1298 4436 1619 4509 apostolica
1669 4438 1841 4493 sede:

203 4525 298 4580 sed
328 4525 622 4581 obtinebit
651 4524 796 4580 illud
826 4542 1013 4597 usque
1041 4526 1101 4580 in
1127 4527 1300 4580 finem
1329 4525 1548 4593 saeculi,
1581 4530 1638 4581 et
1663 4527 1846 4581 donec

1964 3366 2282 3436 potentiam
2321 3373 2422 3423 aut
2451 3367 2607 3441 leges
2656 3370 2851 3425 saeculi
2903 3373 3172 3441 retinent,
3223 3374 3345 3430 sive
3393 3377 3547 3448 quod
3581 3395 3615 3432 a

1963 3455 2182 3511 sanctis
2216 3457 2488 3513 Patribus
2519 3476 2622 3530 pro
2668 3459 2865 3530 aliqua
2913 3462 3236 3518 reverentia
3281 3465 3610 3522 sanctitatis

1963 3544 2198 3617 aliquod
2231 3545 2599 3618 privilegium
2622 3547 2927 3619 dignitatis
2954 3551 3615 3622 possident.Nam,sicut

1962 3635 2155 3689 omnis
2187 3636 2486 3691 mundana
2508 3641 2765 3708 potestas
2787 3637 2879 3692 bis
2892 3637 3173 3709 gradibus
3205 3640 3561 3712 dignitatum
3581 3661 3616 3698 a

1961 3739 2023 3778 se
2055 3723 2304 3778 invicem
2336 3725 2534 3790 distat,
2576 3727 2631 3780 id
2676 3730 2783 3792 est,
2830 3730 2893 3779 ut
2941 3727 3170 3798 primus
3201 3727 3278 3783 sit
3309 3730 3613 3801 Augustus

1958 3811 2044 3867 vel
2066 3811 2412 3882 imperator,
2445 3813 2654 3868 deinde
2703 3814 2974 3881 Ctesares,
3032 3815 3241 3871 deinde
3285 3833 3470 3888 reges,
3505 3819 3612 3875 du-

1959 3918 2055 3957 ces
2086 3906 2142 3956 et
2173 3901 2416 3957 comites
2465 3906 2637 3973 atque
2685 3902 2944 3957 tribuni:
2995 3905 3075 3958 ita
3116 3909 3173 3960 et
3219 3904 3614 3964 ecclesiastica

1959 3991 2216 4063 dignitas
2239 3991 2508 4046 ordinata
2537 4009 2571 4046 a
2601 3991 2820 4047 sanctis
2854 3993 3125 4048 Patribus
3173 3994 3483 4066 invenitur,
3517 3997 3610 4052 di-

1957 4084 2122 4135 cente
2152 4081 2319 4134 beato
2351 4079 2644 4134 Clemente
2690 4080 2879 4152 (Epist.
2930 4081 2981 4146 l,
3031 4085 3174 4137 tom.
3213 4083 3255 4151 I,
3289 4100 3346 4154 p.
3380 4083 3512 4152 91):
3546 4085 3610 4142 In

1956 4167 2048 4223 his
2077 4167 2431 4234 civitatibus,
2463 4168 2521 4229 in
2554 4169 2771 4240 quibus
2800 4169 2936 4224 olim
2968 4171 3123 4241 apud
3148 4170 3412 4226 ethnicos
3440 4172 3615 4244 primi

1957 4257 2227 4312 flamines
2257 4273 2458 4313 eorum
2490 4263 2665 4330 atque
2707 4259 2877 4329 primi
2908 4259 3053 4330 legis
3097 4260 3379 4316 doctores
3427 4266 3614 4327 erant,

1955 4346 2236 4417 primates
2267 4344 2353 4400 vel
2382 4346 2720 4417 patriarchas
2746 4347 2918 4418 positi
2951 4349 3215 4420 sunt,qui
3251 4348 3612 4422 reliquorum

1947 4433 2172 4504 judicia
2201 4438 2258 4488 et
2289 4435 2512 4505 majora
2541 4436 2940 4507 negotiajuste
2961 4437 3410 4510 difﬁnircnt,qui
3435 4441 3612 4495 etiam

1957 4539 2072 4578 non
2105 4522 2208 4577 uni
2239 4523 2570 4594 provinciae,
2606 4526 2704 4580 sed
2739 4525 3009 4597 pluribus
3041 4532 3376 4597 praeessent.
3395 4529 3615 4586 Deinde

202 4610 258 4666 in
278 4628 345 4668 ea
374 4613 743 4669 invocabitur
763 4631 974 4670 nomen
995 4614 1228 4670 Domini
1250 4613 1433 4669 nostri
1452 4615 1590 4670 Jesu
1609 4599 1846 4681 Christi,
1879 4634 1928 4696 Β
1959 4610 2058 4665 ubi
2090 4611 2525 4668 architlamines
2555 4617 2720 4668 erant
2760 4631 3146 4687 paganorum,
3189 4615 3610 4691 archiepiscopi

202 4699 316 4756 sive
344 4702 580 4758 deserta
597 4703 793 4774 jaceat
811 4702 1118 4776 Carthago,
1143 4703 1262 4758 sive
1294 4707 1563 4774 resurgat
1593 4701 1848 4774 gloriosa

202 4786 660 4861 aliquando.Hoc
690 4807 758 4846 ex
785 4791 1026 4846 concilio
1058 4791 1212 4847 beati
1243 4791 1517 4862 martyris
1548 4790 1839 4863 Cypriani,

201 4873 304 4932 hoc
326 4895 398 4934 ex
427 4880 667 4951 synodis
696 4879 939 4947 Aurelii,
970 4880 1080 4936 hoe
1132 4897 1202 4935 ex
1251 4879 1526 4935 omnibus
1555 4879 1842 4936 Africanis

203 4967 483 5034 conciliis,
534 4967 663 5035 hoc,
719 4969 873 5040 quod
906 4969 1099 5040 majus
1157 4972 1265 5036 est,
1311 4985 1380 5024 ex
1423 4968 1842 5025 venerabilium

201 5057 697 5123 praedecessorum
729 5061 1066 5113 nostrorum
1098 5058 1495 5114 Romanorum
1526 5057 1842 5130 prmsulum

204 5140 444 5200 decretis
471 5150 668 5218 aperte
697 5151 1065 5202 monstratur
1092 5163 1105 5201 :
1139 5163 1243 5202 nec
1273 5146 1607 5219 quicunque
1638 5146 1735 5202 ille
1767 5147 1846 5203 sit

199 5231 610 5290 Gummitanus
640 5235 972 5308 episcopus,
1007 5235 1264 5308 aliquam
1296 5235 1589 5291 licentiam
1638 5253 1844 5292 conse-

202 5321 397 5377 crandi
446 5324 755 5396 episcopos
801 5324 890 5380 vel
941 5324 1292 5396 deponendi,
1342 5341 1445 5380 seu
1491 5325 1844 5397 provinciale

201 5409 507 5467 concilium
539 5413 896 5468 convocandi
925 5413 1100 5468 habet
1131 5413 1258 5468 sine
1287 5429 1576 5470 consensu
1607 5413 1844 5468 Cartha-

201 5495 457 5566 ginensis
490 5501 1257 5574 archiepiscopi,cujuslibet
1286 5502 1590 5575 dignitatis
1621 5508 1724 5558 aut
1745 5519 1847 5574 po-

199 5585 424 5643 testatis
455 5589 552 5645 sit.
584 5591 1019 5646 Tantummodo
1066 5592 1406 5664 procurabit
1452 5591 1550 5646 ille
1581 5592 1846 5646 Gummi-

199 5674 370 5730 tanus
401 5679 712 5752 episcopus
744 5697 870 5751 quae
894 5681 965 5734 ad
995 5681 1289 5752 propriam
1318 5680 1651 5750 parochiam
1675 5681 1848 5750 perti-

197 5767 337 5818 nent
363 5783 375 5832 ;
409 5771 613 5824 caetera
641 5771 860 5835 autem,
887 5767 1042 5824 sicut
1070 5773 1130 5824 et
1158 5767 1256 5824 alii
1278 5768 1533 5838 episcopi
1564 5767 1842 5834 Africani,

1955 4700 2209 4755 instituti
2243 4705 2382 4756 sunt
2410 4700 2872 4757 Christianorum
2899 4702 3266 4774 quisingulis
3297 4706 3613 4776 provinciis

1953 4794 2285 4860 praeessent.
2322 4789 2428 4844 Ubi
2459 4807 2592 4846 vero
2615 4790 2954 4862 metropolis
2987 4796 3130 4854 erat,
3163 4807 3290 4860 quae
3319 4793 3609 4866 interpre-

1952 4882 2111 4933 tatur
2135 4887 2316 4933 maler
2343 4879 2555 4947 civitas,
2592 4879 3020 4952 metropolitani
3051 4883 3219 4934 erant
3251 4881 3488 4952 :quippe
3509 4881 3611 4953 qui

1953 4967 2024 5023 de
2053 4967 2243 5022 tribus
2271 4970 2373 5021 aut
2389 4967 2986 5037 quatuorcivitatibus
3015 4967 3172 5022 intra
3201 4965 3461 5038 aliquam
3483 4987 3614 5040 pro-

1953 5056 2203 5112 vinciam
2237 5055 2443 5126 majori
2476 5060 2534 5110 et
2564 5057 2738 5111 matri
2763 5057 3021 5112 aliarum
3058 5055 3356 5111 civitatum
3410 5059 3610 5128 praesi-

1955 5146 2196 5201 debunt.
2229 5143 2327 5199 Isti
2362 5143 2678 5214 aliquando
2711 5144 3140 5217 metropolitani
3165 5148 3393 5200 tantum
3418 5146 3609 5200 nomi-

1957 5238 2194 5297 nantur,
2228 5231 2544 5303 aliquando
2593 5249 2726 5286 vero
2779 5233 3226 5306 archiepiscopi,
3273 5233 3319 5288 si
3372 5233 3431 5288 in
3481 5233 3612 5305 ipsa

1957 5321 2255 5394 provincia
2286 5322 2539 5391 majores
2593 5336 2708 5374 non
2759 5319 2976 5375 fuerint
3019 5321 3222 5392 aliqui.
3256 5321 3362 5377 Ubi
3412 5325 3609 5377 autem

1958 5411 2215 5466 minores
2233 5410 2494 5465 civitates
2509 5407 2822 5464 habuerint
2843 5407 3214 5465 solummodo
3237 5410 3506 5466 flamines
3520 5409 3609 5465 vel

1957 5499 2224 5566 comites,
2257 5497 2512 5570 episcopi
2547 5500 2686 5552 sunt
2716 5495 2993 5550 instituti.
3028 5497 3203 5552 Porro
3233 5500 3455 5555 tribuni
3491 5501 3610 5572 ple-

1957 5587 2049 5642 bis
2080 5604 2194 5641 non
2227 5587 2479 5642 absurde
2511 5585 2921 5656 intelliguntur
2952 5585 3298 5656 presbyteri,
3324 5590 3442 5644 sive
3475 5589 3607 5644 reli-

1958 5675 2058 5747 qui
2092 5675 2382 5731 inferioris
2413 5675 2636 5730 ordinis
2659 5673 2874 5729 clerici.
2900 5673 3001 5730 His
3033 5673 3310 5730 omnibus
3339 5677 3534 5733 divino
3553 5679 3608 5731 et

1957 5763 2215 5819 humano
2249 5763 2548 5835 privilegio
2580 5761 2852 5834 praelatus
2880 5767 2969 5818 est
2994 5761 3253 5834 pontifex
3284 5763 3602 5822 Romanus.
