3974 6206
431 368 546 434 731

1499 363 1565 427 S.
1609 360 1890 426 LEONIS
1933 357 2018 423 IX
2055 353 2286 421 PAPE
2328 355 2765 424 OPUSCULA.

3729 367 3854 434 732

433 505 544 564 Sed
575 504 646 560 de
677 501 871 559 Africa
900 499 1250 573 primatibus
1282 496 1450 555 aliter
1484 497 1931 572 intelligendum
1962 499 2072 566 est,
2102 492 2158 562 Α
2188 494 2401 550 decreti
2452 493 2627 550 fuerit
2677 496 3065 562 conservator,
3127 493 3569 557 intercessionis
3627 502 3852 561 auxilio

435 595 572 667 quia
602 593 662 647 in
694 589 941 660 singulis
964 590 1090 659 ejus
1112 587 1422 658 provinciis
1447 587 1771 658 antiquitus
1796 587 2074 659 primates

432 681 889 736 instituebantur
937 694 1052 731 non
1105 678 1427 732 secundum
1479 678 1794 748 potentiam
1827 675 2075 746 alicujus

431 769 703 834 civitatis,
739 767 838 822 sed
871 767 1193 821 secundum
1227 769 1459 836 tempus
1503 784 1621 820 sua)
1652 765 2072 830 ordinationis;

432 858 647 931 quibus
678 861 874 912 tamen
906 856 1180 910 omnibus
1217 860 1459 926 praeerat
1491 873 1661 923 unus,
1692 854 1911 910 scilicet
1942 855 2076 908 Car-

428 945 796 1019 thaginensis
827 944 1320 1015 archiepiscopus,
1375 945 1474 1015 qui
1520 945 1692 999 etiam
1729 961 1841 998 non
1874 945 2075 998 incon-

429 1054 570 1109 grue
601 1035 712 1090 dici
748 1039 941 1106 potest
974 1033 1459 1104 metropolitanus
1511 1039 1745 1105 propter
1776 1033 2074 1104 Carthagi-

430 1143 562 1181 nem
598 1125 969 1196 metropolim
1003 1122 1180 1176 totius
1213 1123 1433 1187 Afrlm‘,
1469 1140 1718 1193 quorum
1751 1140 1932 1193 supra
1965 1139 2078 1176 me-

429 1216 730 1271 minimus.
785 1215 867 1269 Ita
921 1213 1136 1284 legitur
1185 1212 1240 1266 in
1300 1212 1541 1267 consilio
1609 1211 2073 1283 Carthaginensi,

427 1303 684 1376 capitulo
715 1302 996 1374 vigesimo
1019 1306 1178 1355 sexto
1202 1301 1428 1356 :Prima:
1450 1301 1604 1356 sedis
1621 1301 1932 1372 episcopus
1960 1318 2074 1356 non

427 1393 752 1466 appelletur
781 1392 1052 1462 princeps
1083 1391 1477 1460 sacerdotum,
1511 1396 1609 1444 aut
1651 1407 1924 1445 summus
1977 1408 2075 1445 sa-

429 1483 649 1547 cerdos,
683 1485 784 1536 aut
811 1479 1032 1560 aliquid
1065 1479 1426 1550 hujusmodi,
1477 1480 1575 1534 sed
1612 1484 1839 1534 tantum
1875 1479 2073 1550 primm

427 1571 584 1628 sedis
616 1569 947 1641 episcopus.
1013 1570 1288 1623 Sanctam
1341 1572 1593 1623 vestram
1649 1568 2072 1622 fraternitatem

419 1659 642 1732 jugiter
671 1657 1069 1730 invigilantem
1087 1657 1438 1711 utilitatibus
1462 1656 1782 1711 sanctmDei
1809 1655 2071 1710 Ecclesia:

427 1753 600 1819 atque
621 1747 820 1802 devote
844 1763 945 1817 pro
966 1746 1133 1799 nobis
1157 1750 1656 1808 orantem,sancla
1685 1749 1740 1798 et
1773 1743 2072 1798 individua

425 1835 679 1894 Trinitas
707 1851 936 1907 semper
961 1839 1279 1900 conservet,
1314 1833 1646 1889 charissimi
1680 1832 1904 1888 fratres.

1111 1940 1368 1994 LXXXV.

420 2032 474 2088 S.
509 2032 610 2086 Leo
642 2032 698 2086 l.\
733 2047 927 2085 narem
954 2046 1053 2100 pro
1076 2045 1178 2083 usu
1210 2031 1528 2084 monasterii
1576 2029 1914 2094 Casinensis,
1945 2045 2068 2082 cum

487 2104 744 2157 nauclero
791 2105 840 2156 et
889 2103 1069 2167 sociis,
1121 2102 1353 2154 liberam
1397 2106 1450 2155 et
1479 2106 1786 2171 exemptam
1818 2101 1884 2154 ab
1917 2102 2068 2154 omni

490 2175 695 2230 teloneo
725 2182 776 2228 et
805 2174 1077 2227 solutione
1106 2173 1368 2227 concedit.

1049 2262 1236 2329 (Anno
1267 2262 1448 2327 1053.)

700 2349 1034 2422 [Margarini
1085 2351 1300 2404 Bullar.
1335 2349 1520 2405 Casia.
1557 2350 1628 2416 II,
1662 2349 1776 2420 85.]

488 2458 600 2512 Leo
637 2457 968 2528 episcopus,
1027 2472 1326 2509 servorum
1372 2471 1576 2509 servus
1633 2455 1754 2517 Dei,
1811 2454 2063 2509 ecclesia:

417 2562 519 2601 seu
565 2545 921 2599 monasterio
971 2543 1402 2614 prazclarissimi
1465 2543 1676 2597 Christi
1711 2543 2064 2598 confessoris

417 2633 734 2703 Benedicti,
767 2631 826 2686 in
877 2636 1072 2686 monte
1125 2632 1330 2687 Casino
1371 2632 1674 2700 zediﬁcato,
1718 2637 1774 2687 ct
1806 2649 1905 2704 per
1933 2650 2059 2688 eam

415 2723 682 2778 Richerio
705 2722 900 2777 abbati
921 2720 1263 2791 cunctisque
1285 2722 1411 2792 ejus
1439 2722 1877 2778 successoribus
1897 2739 2064 2778 cano-

414 2812 540 2867 nice
572 2811 688 2866 illic
723 2810 1107 2876 intrantibus,
1143 2811 1199 2864 in
1235 2815 1604 2882 perpetuum.

484 2900 702 2954 Divina:
735 2899 967 2970 pietatis
999 2903 1265 2971 respectu
1297 2901 1496 2954 attacti
1541 2902 1922 2973 ejusdemque
1966 2917 2057 2954 ec-

415 2987 601 3044 clesiae
657 2992 991 3060 augmento,
1051 2988 1274 3059 praefati
1325 2988 1577 3044 Richerii
1631 2991 1813 3044 nostri
1859 2989 2054 3043 dilecti

413 3076 684 3150 precibus
715 3076 948 3149 pulsati,
982 3077 1227 3149 dignum
1261 3077 1635 3147 duximus,ob
1655 3095 1910 3133 amorem
1930 3095 2055 3133 san-

412 3165 658 3222 ctissimi
691 3165 980 3222 Benedicti
1006 3167 1133 3236 jam
1164 3166 1324 3236 dicti,
1351 3167 1786 3239 saepissimeque
1803 3167 2054 3237 dicendi,

2101 1863 2148 1928 B

2186 584 2371 656 ipsius
2389 583 2746 641 sanctissimi
2771 585 3303 658 Benedicti,portus
3327 589 3541 646 salutis
3571 592 3849 665 adeptus,

2186 692 2219 730 a
2249 675 2360 731 Deo
2391 675 2789 748 omnipotente
2803 675 3269 732 misericordiam
3291 682 3348 733 et
3373 679 3847 742 benedictionem

2186 765 2245 819 in
2277 768 2561 820 aeternum
2587 768 3006 835 consequatur.

2256 855 2465 909 Datum
2499 872 2554 909 ιν
2583 853 2709 909 Kal.
2761 853 2922 910 Junii
2962 870 3065 925 per
3114 870 3326 912 manus
3382 858 3675 916 Frederici
3724 861 3850 919 dia-

2187 943 2337 1012 coni,
2395 947 2605 998 sanctae
2652 943 2922 998 Romanae
2972 943 3242 1000 Ecclesiae
3297 945 3758 1017 bibliothecarii,
3795 959 3847 1007 et

2187 1031 2514 1088 cancellarii
2546 1032 2667 1087 vice
2713 1031 2932 1087 domini
2983 1032 3286 1089 Herimani
3322 1036 3839 1106 archicancellarii,

2187 1126 2244 1176 et
2275 1121 2639 1176 Coloniensis
2687 1120 3134 1194 archiepiscopi,
3190 1140 3342 1179 anno
3375 1125 3600 1180 domini
3636 1127 3838 1184 Leonis

2186 1211 2322 1266 noni
2358 1227 2520 1282 papa:
2548 1211 2615 1279 V,
2649 1210 2852 1266 indict.
2888 1228 2967 1266 v1.

2871 1343 3150 1400 LXXXVI.

2871 1346 3150 1400 LXXXVI.

2187 1435 2239 1488 S.
2273 1437 2372 1489 Leo
2402 1433 2478 1488 IX
2516 1433 2847 1506 Uldaricum,
2883 1433 3348 1504 archiepiscopum
3369 1437 3839 1506 Beneventanum,

2359 1506 2531 1577 pallio
2563 1505 2747 1569 donat,
2778 1506 3003 1575 ejusque
3021 1507 3323 1574 privilegia
3347 1510 3645 1578 conﬁrmat.

2808 1611 2994 1680 (Anno
3026 1610 3211 1683 4053.)

2501 1718 2770 1790 [Ughelli,
2804 1719 2972 1773 Italia
3001 1735 3178 1783 sacra,
3214 1721 3362 1788 VIII,
3394 1722 3508 1793 78.]

2257 1874 2291 1890 ..
2304 1877 2315 1888 .
2328 1837 2734 1890 Beneventanis
2747 1831 3014 1888 Ecclesia:
3028 1834 3569 1905 considerantes,ad
3589 1837 3723 1910 ejus
3732 1840 3829 1910 jus

2181 1930 2236 1981 et
2256 1925 2669 1996 proprietatem
2683 1939 3022 1978 revocamus
3040 1927 3215 1996 atque
3236 1924 3294 1978 in
3316 1931 3667 1997 perpetnum
3689 1929 3831 1982 sub-

2178 2016 2374 2069 dimus
2405 2019 2462 2069 et
2491 2013 2781 2068 tradimus
2812 2030 2823 2067 :
2857 2011 3123 2067 videlicet
3150 2011 3447 2068 ecclesiam
3480 2014 3680 2069 Sancti
3718 2016 3832 2070 Mi-

2177 2103 2394 2158 chaelis
2425 2103 2484 2158 in
2513 2106 2708 2157 monte
2739 2102 3005 2172 Gargano
3037 2101 3363 2173 positam,et
3393 2101 3586 2172 ipsum
3611 2103 3831 2158 castel-

2175 2191 2299 2247 lum
2359 2192 2456 2247 ubi
2518 2192 2633 2261 iam
2681 2191 2838 2245 dicta
2881 2206 3044 2245 sacra
3093 2193 3148 2244 et
3202 2189 3550 2245 venerabilis
3581 2189 3702 2245 sita
3734 2195 3830 2246 est

2174 2281 2622 2352 ecclesia,atque
2652 2279 3018 2352 Sipontinam
3039 2277 3340 2334 ecclesiam
3370 2295 3504 2333 cum
3536 2277 3824 2335 omnibus

2165 2367 2415 2438 justitiis
2447 2365 2835 2438 sibilegaliter
2856 2365 3120 2438 pertinen
3133 2364 3696 2434 tibus,Lucerinam,
3721 2369 3825 2423 As-

2174 2456 2397 2524 culum,
2435 2456 2741 2524 Bovinum,
2805 2455 3101 2522 Larinum,
3147 2454 3504 2523 Triventum,
3557 2461 3822 2512 sanctam

2171 2545 2478 2619 Agatham,
2503 2543 2854 2612 Avellinum,
2891 2543 3172 2608 Quintum
3205 2543 3820 2611 decimum,Arianum

2172 2636 2585 2702 Vulturanum,
2599 2632 3820 2704 Thelesiam,Alifem,Sessu1am,Lesinam,

2172 2725 2512 2782 Termulum
2523 2723 2835 2796 ,simulque
2849 2724 2994 2779 duas
3007 2723 3275 2779 abbatias
3286 2723 3565 2778 Sanctum
3581 2723 3818 2780 Petrum

2170 2815 2241 2871 de
2271 2814 2480 2881 Duddi,
2531 2817 2704 2885 atque
2751 2816 3027 2868 Sanctum
3079 2812 3366 2867 Joannem
3425 2812 3606 2867 situm
3651 2813 3819 2883 juxta

2167 2907 2395 2975 portam
2446 2905 2699 2958 Auream
2730 2917 2864 2956 cum
2897 2900 3146 2973 singulis
3168 2900 3819 2973 preprietatibusjusti-

2167 2991 2714 3064 tiis,parochiis,seu
2741 2989 3091 3046 dioecesibus
3123 2989 3430 3057 suis,nihil
3463 2990 3813 3062 excipimus,

2166 3082 2267 3138 sed
2301 3081 2516 3146 omnia,
2551 3079 2701 3136 sicut
2723 3079 2956 3151 justitia
2984 3095 3186 3134 eorum
3216 3078 3472 3146 est,buic
3495 3079 3625 3150 jam
3661 3097 3815 3154 saepe

2169 3170 2479 3226 nominata:
2511 3168 2764 3225 ecclesia:
2795 3169 3207 3224 Beneventanis
3234 3167 3293 3222 in
3317 3167 3599 3224 honorem
3629 3170 3688 3224 S.
3716 3171 3815 3225 Dei

418 3255 636 3327 aliquid
667 3272 736 3310 ex
766 3255 941 3310 rebus
961 3231 1875 3328 beatissimiI’etri,apostolorum
1901 3231 2057 3328 prin;
2087 3231 2130 3298 C
2168 3260 2467 3334 genitricis
2498 3259 2691 3314 Mariae
2723 3257 3126 3324 dedicatae,ubi
3158 3256 3656 3329 pretiosissimum
3691 3275 3818 3315 cor-

417 3344 584 3416 cipis,
618 3344 806 3400 eidem
838 3343 1192 3399 monasterio
1252 3344 1309 3398 in
1360 3361 1532 3400 usum
1563 3346 1810 3399 fratrum
1841 3344 2058 3400 ibidem

415 3433 1016 3507 degentium,Deoque
1047 3432 1423 3488 servientium
1456 3432 1652 3507 largiri
1683 3439 1740 3489 et
1771 3434 1829 3490 in
1861 3449 2060 3507 perpe-

413 3529 581 3579 tuum
611 3523 906 3590 conferre;
939 3527 1229 3594 quatenus
1263 3523 1666 3580 nobilissimus
1697 3539 1858 3596 grex,
1889 3527 1946 3579 et
1978 3524 2056 3579 fe-

412 3613 604 3668 cunda
634 3611 824 3684 proles
855 3612 998 3666 tanti
1033 3612 1216 3684 patris
1247 3612 1622 3668 omniumore
1653 3613 2052 3680 benedicendi,

411 3701 802 3766 Benedicti,ut
833 3705 1064 3772 portum
1086 3700 1295 3756 salutis
1314 3701 1384 3756 ad
1405 3706 1678 3756 aeternam
1696 3701 2058 3774 ingrediatur

412 3791 609 3856 vitam,
664 3807 766 3862 per
823 3806 1034 3845 manus
1102 3789 1334 3845 :etherei
1392 3791 1728 3863 summique
1784 3791 2059 3864 clavigeri

410 3879 563 3936 Petri
595 3878 776 3935 attolli
809 3879 1091 3935 subsidiis
1134 3884 1189 3934 et
1234 3880 1653 3936 muniﬁcentiis
1697 3880 1926 3952 repleri.
1961 3881 2054 3936 In-

407 3973 639 4025 tuentes
681 3969 860 4041 igitur
915 3986 948 4022 a
1008 3968 1273 4024 saeculari
1331 3986 1430 4023 eos
1491 3970 1722 4041 negotio
1772 3973 2054 4038 remotos,

405 4057 642 4130 propria
689 4074 818 4130 quze
867 4058 1278 4128 quoquomodo
1328 4059 1727 4128 possederant,
1762 4063 2044 4130 praecepto

406 4146 643 4213 Christi,
680 4146 876 4217 piique
910 4145 1092 4215 patris
1139 4145 1421 4216 exemplo,
1474 4146 1802 4216 reliquisse,
1853 4147 2050 4203 animo

405 4233 680 4306 gratanti,
715 4232 1008 4297 benevole,
1059 4249 1260 4287 eorum
1304 4233 1520 4301 navim,
1559 4233 1854 4306 aliquibus
1895 4253 2050 4292 mer-

404 4321 570 4376 cibus
602 4321 876 4375 relertam
909 4321 980 4374 ad
1033 4319 1262 4375 abbatis
1311 4325 1773 4395 cunctorumque
1799 4325 2048 4382 fratrum

405 4426 580 4465 usum
603 4425 737 4463 cum
752 4408 876 4463 suis
891 4407 1284 4464 mercimoniis
1307 4409 1628 4483 delegatam
1651 4415 2048 4472 concessimus

404 4515 532 4554 esse
563 4495 916 4562 absolutam,
951 4513 1084 4553 cum
1117 4497 1400 4554 Nauclero
1431 4516 1495 4555 ac
1532 4501 1781 4558 nauticis
1811 4504 2046 4571 suis,ab

2169 3368 2282 3424 pus
2329 3347 2653 3405 beatissimi
2711 3346 3118 3404 Bartholomaai
3171 3345 3419 3419 apostoli
3477 3346 3824 3419 requiescit,

2168 3439 2327 3498 salva
2355 3437 2700 3494 auctoritate
2731 3439 2956 3494 sancta
2997 3437 3270 3493 Romanis
3301 3440 3358 3493 et
3379 3436 3714 3509 apostolicae
3738 3455 3824 3493 se-

2167 3531 2278 3598 dis,
2306 3526 2705 3584 concessimus
2748 3543 2813 3581 ac
2857 3525 3311 3583 irrevocabiliter
3357 3525 3416 3580 in
3463 3530 3821 3599 perpetuum

2166 3618 2603 3674 confirmamus.
2651 3615 3035 3671 Concedimus
3087 3614 3267 3670 etiam
3321 3614 3676 3670 fraternitati
3705 3623 3822 3670 tuae

2166 3706 2327 3780 pallii
2359 3722 2532 3763 usum
2565 3705 2636 3761 ad
2669 3704 2986 3761 missarum
3017 3703 3302 3759 solemnia
3327 3703 3681 3760 celebranda
3707 3706 3822 3762 sci-

2165 3797 2369 3852 licetin
2386 3793 2801 3851 festivitatibus
2820 3792 3148 3848 Nativitatis
3171 3793 3401 3848 Domini
3417 3796 3476 3849 et
3491 3794 3824 3866 Apparitio-

2166 3885 2256 3942 nis
2286 3885 2496 3956 ipsius,
2530 3887 2587 3940 et
2618 3883 2677 3938 in
2707 3883 2880 3939 Coena
2909 3882 3085 3938 etiam
3118 3881 3373 3950 Domini,
3397 3885 3574 3954 atque
3601 3887 3819 3939 sanctae

2166 3971 2628 4030 Resurrectionis
2670 3971 2763 4027 die
2811 3971 3137 4036 Dominico,
3185 3970 3565 4026 Ascensionis
3597 3971 3819 4028 Christi

2162 4064 2233 4118 ad
2265 4062 2462 4129 ccelos,
2496 4077 2561 4116 ac
2584 4060 2677 4115 die
2722 4059 3026 4115 Dominico
3075 4059 3298 4114 Sanctae
3331 4058 3723 4127 Pentecostes,
3757 4061 3818 4116 in

2162 4150 2446 4206 natalitiis
2495 4148 2895 4221 apostolorum
2951 4164 3017 4202 ac
3049 4146 3374 4203 beatissimi
3430 4146 3819 4204 Praecursoris

2160 4239 2373 4294 Christi
2405 4237 2678 4310 Baptistae
2707 4237 2972 4306 Joannis,
2995 4237 3053 4292 in
3085 4235 3500 4307 Assumptione
3526 4236 3816 4292 B.M.V.in

2159 4328 2251 4385 die
2279 4325 2602 4399 S.Apostoli
2626 4325 3050 4394 Bartholomaei,
3069 4325 3127 4380 in
3179 4324 3481 4380 nativitate
3511 4324 3818 4383 sanctissi-

2159 4434 2264 4472 mas
2295 4415 2397 4472 Dei
2428 4414 2746 4472 Genitricis
2785 4415 3000 4481 Mariae,
3061 4418 3117 4470 et
3165 4413 3224 4468 in
3276 4414 3817 4470 consecrationibus

2156 4506 2588 4579 episcoporum,
2618 4506 2674 4559 et
2705 4503 2764 4558 in
2797 4502 2890 4559 die
2913 4501 3368 4559 consecrationis
3392 4501 3744 4569 ecclesias,et
3763 4503 3816 4558 in

404 4586 564 4642 omni
595 4585 788 4642 debito
842 4586 1158 4658 pensionis,
1210 4588 1400 4659 quoad
1447 4606 1634 4661 usque
1665 4591 1747 4646 ita
1776 4593 2052 4664 praefatus
2082 4602 2130 4668 D
2163 4593 2412 4651 natalitii
2441 4593 2529 4649 tui
2559 4592 2836 4658 die,sicut
2859 4593 2929 4647 ab
2963 4590 3432 4648 antecessoribus
3453 4591 3820 4659 nostris,tuis

402 4674 566 4732 locus
599 4675 658 4730 in
689 4675 918 4744 eadem,
963 4692 1080 4747 qua
1109 4693 1264 4731 nunc
1317 4681 1426 4744 est,
1460 4678 1570 4734 fuit
1601 4678 1879 4752 religione
1910 4698 2046 4737 con-

401 4765 680 4833 stitutus;
707 4782 823 4821 una
855 4765 1015 4820 navis
1049 4766 1390 4821 monasterii
1421 4766 1608 4838 ipsius
1650 4768 1709 4822 in
1738 4786 1914 4825 usum
1937 4771 2050 4827 fra-

399 4859 578 4922 trum,
629 4855 960 4911 necessaria
1017 4855 1395 4922 deferentem,
1455 4859 1518 4909 ut
1573 4855 1850 4925 diximus,
1915 4877 2049 4916 cum

400 4943 672 5000 nauclero
703 4948 760 4999 et
790 4943 1043 5000 nauticis
1075 4943 1200 4999 suis
1232 4945 1303 4999 ab
1335 4942 1495 4998 omni
1527 4944 1829 5015 pensionis
1851 4949 2048 5004 condi-

399 5034 556 5090 tione
587 5033 791 5088 lihera.
825 5032 1062 5088 Nullum
1116 5032 1370 5088 telonem
1403 5048 1470 5088 ex
1499 5033 1774 5089 omnibus
1807 5052 1930 5107 qua:
1962 5042 2050 5093 at-

397 5121 784 5178 tuleritalicui
803 5121 1308 5193 persolvat,neque
1325 5121 1639 5193 quisquam
1659 5122 1880 5194 aliquid
1901 5141 1970 5180 ex
1982 5142 2050 5183 ea

397 5210 623 5283 exigere
653 5215 988 5282 praesumat.
1024 5210 1083 5266 Si
1115 5210 1249 5282 quis
1283 5215 1476 5266 autem
1509 5210 1687 5281 hujus
1718 5218 1930 5270 nostra:
1952 5216 2050 5271 do-

398 5299 652 5356 nationis
683 5305 856 5371 atque
888 5299 1282 5356 concessionis
1321 5299 1516 5372 aliquo
1562 5303 1868 5358 temerario
1897 5321 2045 5360 ausu

395 5388 679 5443 exstiterit
709 5389 1030 5461 refragator
1060 5389 1146 5445 vel
1181 5389 1443 5461 violator,
1473 5390 1879 5463 cujuscunque
1909 5409 2045 5449 con-

395 5475 633 5530 ditionis
666 5476 765 5530 ille
797 5477 877 5531 sit
924 5485 1026 5533 aut
1078 5479 1384 5549 potestatis
1436 5495 1539 5535 seu
1573 5480 1877 5551 dignitatis
1907 5499 2047 5540 ana-

397 5562 652 5618 themate
685 5581 1000 5636 percussus
1053 5573 1350 5639 perpetuo,
1401 5568 1806 5626 benedictione
1855 5579 2048 5630 careat

397 5651 628 5714 interna,
662 5651 846 5704 donec
872 5652 1196 5723 resipiscat.
1228 5655 1334 5719 Qui
1361 5672 1512 5719 vero,
1556 5657 1802 5728 propria:
1836 5659 2044 5717 salutis

401 5735 645 5802 amator,
679 5735 1007 5805 apostolicae
1037 5739 1366 5811 largitionis
1390 5748 1566 5816 atque
1589 5743 1901 5805 oblationis
1928 5749 2044 5807 sive

2156 4683 2492 4741 institutum
2514 4698 2580 4738 ac
2595 4681 2874 4753 largitum
2887 4684 2976 4737 est
2991 4680 3552 4748 antecessoribus;in
3570 4684 3824 4737 secreta-

2160 4774 2247 4830 rio
2277 4789 2411 4828 vero
2443 4777 2544 4848 tua
2571 4769 2906 4826 fraternitas
2936 4769 3116 4841 pallio
3147 4769 3666 4824 induatur..........
3701 4769 3821 4824 Hoc

2161 4862 2337 4919 etiam
2367 4861 2473 4916 tibi
2506 4857 2903 4928 concedimus,
2937 4862 3002 4913 ut
3031 4874 3134 4929 per
3163 4857 3398 4931 singula
3425 4857 3545 4912 loca
3573 4871 3704 4926 quae
3732 4857 3824 4910 di-

2159 4952 2305 5008 tioni
2337 4949 2874 5021 archiepiscopatus
2912 4947 3300 5003 Beneventani
3346 4945 3678 5016 subjacent,
3713 4945 3818 5000 ubi

2160 5058 2229 5098 ex
2258 5040 2501 5112 antiqua
2531 5035 2705 5110 legali
2728 5035 3098 5092 institutione
3118 5034 3482 5108 episc0pales
3513 5033 3686 5089 sedes
3709 5033 3814 5090 ha-

2157 5131 2391 5194 bentur,
2423 5127 2729 5201 episcopos
2760 5125 3036 5180 canonice
3063 5125 3388 5180 constituas
3417 5128 3475 5178 et
3503 5137 3813 5178 consecras

2159 5218 2615 5291 etquodcunque
2630 5213 2800 5270 aliter
2813 5229 2990 5286 quam
3011 5213 3284 5270 decuitac
3296 5213 3446 5269 sacri
3461 5211 3816 5285 praecipiunt

2156 5323 2429 5375 canones,
2461 5303 2804 5360 institutum
2837 5302 3241 5374 est,exstirpes
3271 5305 3326 5358 et
3356 5299 3817 5369 emendes,scili-

2157 5401 2248 5454 cet
2275 5401 2557 5467 tanquam
2586 5391 2840 5463 peccatis
2871 5390 3238 5464 exigentibus
3271 5395 3473 5446 contra
3484 5391 3630 5461 jura
3649 5405 3816 5446 cano-

2158 5502 2301 5543 num
2332 5488 2388 5540 et
2416 5485 2756 5540 sanctorum
2783 5479 3054 5536 instituta
3083 5480 3343 5548 Patrum,
3376 5480 3522 5534 dum
3572 5477 3814 5534 omnino

2159 5575 2398 5647 quidam
2431 5585 2702 5645 perversa
2731 5573 2926 5627 mente
2958 5586 3073 5626 non
3106 5571 3379 5624 metuunt
3405 5568 3564 5641 quod
3597 5567 3818 5640 episcoo

2158 5679 2367 5737 porum
2414 5664 2504 5717 est
2552 5658 2853 5732 proprium
2909 5658 3025 5716 sibi
3073 5674 3382 5730 usurpare,
3423 5673 3594 5714 sacro
3627 5653 3818 5718 ordini

2159 5751 2466 5826 ascriptos,
2494 5747 2762 5811 videlicet
2781 5746 3022 5809 clericos
3042 5764 3160 5808 suae
3182 5746 3391 5808 ditioni
3412 5745 3728 5806 subdendo
3748 5744 3818 5802 de
