3974 6206
124 339 254 403 737

1116 336 1523 404 EPISTOLAE
1565 343 1665 406 ET
1710 341 2074 408 DECRETA
2119 345 2590 410 PONTIFICIA.

3435 349 3557 412 738

124 473 323 530 nostri
341 475 742 529 antecessores
756 471 1787 548 babuerunt,idtamen,quantulum-
1819 478 1874 544 Α
1907 481 2042 533 tatis
2073 480 2182 534 don
2197 498 2291 536 um
2317 482 2418 536 tibi
2443 482 2514 536 de
2535 486 2656 544 tuo,
2682 480 2848 535 beate
2867 481 3031 536 Petre
3057 481 3338 553 apustole,
3366 481 3553 538 fideli-

127 580 394 636 cumque
414 562 509 630 sit,
541 561 717 634 digne
739 565 933 617 tecum
953 560 1210 634 judicavi
1234 564 1618 621 sortiendum.
1653 567 1796 622 Ecce

129 652 299 708 enim
319 653 388 708 dc
401 649 798 708 oblationibus
821 649 1104 716 fidelium,
1125 667 1250 722 quae
1273 653 1376 708 tibi
1399 655 1722 710 offeruntur
1737 657 1795 711 in

126 750 307 805 altari
339 755 457 816 tuo,
516 749 625 805 sub
659 765 773 821 quo
813 765 1048 804 sacrum
1099 753 1156 803 et
1202 752 1533 807 venerabile
1578 770 1790 825 corpus

130 843 309 893 tuum
341 835 661 909 requiescit
686 839 744 892 et
774 836 949 891 etiam
973 835 1031 890 in
1054 836 1419 893 confessione
1441 837 1628 910 ipsius
1650 840 1795 896 alta-

138 927 244 995 ris,
281 925 569 982 decimam
594 929 822 998 partem
841 924 967 991 tibi,
999 924 1264 996 quamvis
1296 930 1465 982 tuum
1484 931 1673 983 totum
1699 929 1794 996 sit,

135 1032 357 1088 humili
403 1032 707 1088 devotione
747 1036 804 1087 et
832 1035 954 1087 tota
983 1030 1174 1087 cordis
1205 1034 1669 1104 prosternatione
1713 1037 1796 1089 of-

133 1121 408 1190 ferimus,
441 1122 752 1187 donamus,
789 1120 1188 1187 concedimus,
1221 1125 1277 1175 et
1307 1121 1484 1176 etiam
1518 1124 1798 1178 corrobo-

141 1227 349 1267 ramus
379 1216 552 1282 atque
582 1211 1002 1266 confirmamus
1020 1210 1092 1264 ad
1114 1211 1610 1266 constructionem
1633 1217 1689 1266 et
1716 1227 1800 1267 re-

142 1299 480 1355 sarcioncm
511 1300 626 1369 (sic)
658 1297 846 1370 ipsius
877 1297 963 1353 tui
994 1298 1144 1354 sacri
1177 1297 1379 1371 templi
1423 1299 1480 1354 in
1514 1299 1796 1368 aedificiis,

145 1397 495 1468 parietibus,
543 1395 811 1468 picturis,
858 1395 1059 1468 tignis,
1120 1396 1309 1461 tectis,
1342 1396 1709 1464 imbricibus,
1743 1403 1800 1454 et

146 1490 427 1557 praeterea
481 1484 864 1540 luminarium
922 1484 1469 1541 concinnationibus
1520 1487 1797 1555 assiduis,

147 1573 283 1640 olei,
316 1589 384 1630 ac
423 1589 586 1641 cerae,
623 1589 726 1628 nec
759 1589 872 1627 non
900 1571 1274 1644 lampadibus
1294 1573 1515 1642 vitreis,
1546 1580 1602 1630 et
1627 1576 1801 1630 cicin-

147 1662 302 1719 delis
352 1663 521 1733 (211),
576 1665 752 1734 atque
801 1661 1170 1735 thymiamati
1219 1663 1557 1735 caaterisque
1608 1665 1798 1719 omni-

149 1752 268 1806 bus
320 1750 675 1808 utensilibus
711 1768 837 1822 quze
868 1752 940 1806 ad
974 1769 1148 1807 usum
1180 1757 1237 1807 et
1269 1753 1676 1808 necessitatem
1712 1759 1796 1810 at-

1904 569 1993 620 ter
2023 584 2086 621 ac
2114 586 2256 640 pure
2287 570 2588 639 collatum,
2613 569 2810 624 venire
2836 570 3149 624 tentaverit
3169 576 3224 625 et
3246 569 3554 628 intemera-

1905 657 2032 709 tum
2082 674 2194 710 non
2247 659 2610 724 custodierit,
2656 675 2772 712 non
2821 658 3011 713 solum
3047 664 3384 731 segregatus
3417 661 3556 717 sita

1906 745 2317 800 communione
2343 747 2601 801 fidelium
2635 748 2688 800 in
2724 746 2831 801 hoc
2863 747 3164 818 temporali
3195 748 3328 816 vita,
3363 749 3465 803 sed
3497 749 3554 804 in

1906 831 2005 885 illa
2035 849 2266 903 quoque
2288 838 2501 889 aeterna
2532 836 2849 889 damnatus
2873 837 2945 890 sit
2970 836 3266 907 perpetuis
3293 837 3476 908 pcenis
3501 842 3558 892 et

1906 920 2328 991 gehennalibus
2352 923 2676 977 tormentis.
2704 932 2746 976 Α
2771 925 3058 978 contrario
3083 924 3280 992 etiam,
3305 925 3552 996 quicun-

1907 1025 2021 1078 que
2069 1009 2311 1066 devotus
2361 1017 2557 1066 custos
2603 1017 2658 1065 et
2716 1017 2920 1066 cautus
2966 1013 3304 1068 observator
3344 1020 3553 1069 nostrae

1907 1096 2221 1152 oblationis
2251 1099 2774 1166 exstiterit,divinis
2808 1100 3312 1157 benedictionibus
3343 1119 3552 1176 augea-

1910 1188 2091 1249 tur,et
2123 1185 2215 1240 hic
2238 1203 2338 1257 per
2366 1188 2615 1256 tc,beate
2642 1189 2802 1242 Petre
2825 1189 3106 1260 apostole,
3133 1207 3165 1244 a
3187 1196 3558 1261 peccatorum

1907 1273 2154 1328 vinculis
2186 1273 2545 1340 absolvatur,
2577 1280 2633 1330 et
2663 1276 2781 1330 illic
2811 1293 3044 1346 quoque
3067 1294 3169 1348 per
3199 1285 3251 1332 te
3282 1280 3437 1333 intra
3461 1280 3556 1350 ja-

1909 1379 2086 1416 nuam
2121 1363 2280 1433 regni
2316 1363 2567 1418 caelestis
2591 1364 2954 1418 admittatur.
2993 1365 3106 1418 lloc
3129 1367 3325 1437 itaque
3352 1372 3560 1422 nostra:

1911 1450 2647 1524 devotionisprivilegium,
2675 1456 2733 1505 ut
2758 1453 2948 1506 verius
2976 1454 3248 1506 credatur
3268 1460 3323 1508 et
3345 1456 3562 1510 certius

1908 1538 2212 1607 habeatur,
2247 1539 2675 1612 subscriptione
2700 1547 2898 1596 nostra
2922 1541 3346 1611 roboravimus,
3379 1547 3437 1597 et
3468 1560 3560 1597 ro-

1908 1628 2179 1682 boratum
2213 1633 2410 1684 nostro
2441 1628 2759 1700 significari
2787 1629 2979 1700 sigillo
3006 1630 3465 1701 (213)jussimus
3488 1631 3561 1687 ad

1909 1715 2141 1771 laudem
2175 1722 2230 1770 et
2252 1716 2499 1787 gloriam
2520 1717 2752 1772 Domini
2785 1719 2966 1772 nostri
2999 1719 3140 1773 Jesu
3171 1719 3382 1774 Christi
3408 1720 3562 1791 apud

150 1856 271 1910 que
303 1839 570 1894 decorem
598 1839 776 1894 totius
807 1839 997 1910 ipsius
1021 1839 1278 1896 ecclesia:
1309 1842 1618 1912 pertinent.
1644 1843 1798 1899 Deci-
1831 1846 1877 1910 B
1911 1822 2093 1912 ίῐίῖίῗξη,
2135 1805 2298 1912 tiliam
2340 1810 2503 1903 [tam
2540 1806 2832 1912 raposwlc’
2886 1825 3116 1907 semp"?
3165 1813 3289 1864 ⁸⁸ίο
3340 1825 3567 1912 ΙΠθηῖοτ

153 1943 318 1983 mam
357 1944 490 1983 vero
529 1927 716 2000 ipsam
764 1943 996 2000 semper
1035 1928 1308 1986 volumus
1338 1947 1468 1986 esse
1514 1931 1803 1988 decimam

154 2017 330 2084 diem,
383 2021 446 2071 ut
485 2015 698 2072 oblatio
729 2034 856 2088 quae
889 2017 994 2073 tibi
1036 2018 1302 2084 debetur,
1336 2025 1606 2092 separata
1651 2021 1727 2077 sit
1773 2038 1808 2078 a

155 2105 380 2162 caeteris
413 2104 830 2173 oblationibus,
861 2111 918 2162 et
947 2106 1173 2163 nullum
1217 2107 1416 2180 aliqua
1465 2109 1806 2166 confusione

159 2203 412 2271 patiatur
442 2218 722 2258 errorem.
756 2207 940 2274 Super
968 2203 1078 2259 hoc
1107 2205 1305 2273 etiam,
1339 2206 1388 2261 si
1421 2223 1539 2277 qua
1564 2223 1723 2273 vasa,
1755 2205 1805 2262 si

157 2307 277 2362 qua
305 2295 652 2348 ornamenta
681 2291 767 2348 vel
812 2291 1160 2349 indumenta
1189 2293 1584 2350 ecclesiastica
1631 2313 1808 2368 super

159 2379 358 2451 ipsum
388 2397 620 2436 sacrum
637 2385 695 2436 et
715 2381 1039 2437 venerabile
1069 2381 1249 2438 altare
1269 2387 1437 2439 tuum
1467 2383 1662 2440 oblata
1683 2385 1805 2440 fue-

161 2469 283 2524 rint
315 2469 388 2524 ad
418 2469 639 2524 cultum
670 2469 790 2536 Dei,
825 2469 1037 2526 divinis
1070 2471 1278 2527 ofﬁciis
1303 2476 1360 2528 et
1391 2473 1682 2545 mysteriis
1705 2491 1805 2530 ne-

162 2558 438 2627 cessaria,
490 2558 844 2615 conferimus
889 2576 957 2615 ea
993 2560 1193 2616 omnia
1223 2560 1334 2633 ipsi
1364 2565 1479 2618 tuae
1526 2561 1804 2633 ecclesiae,

160 2647 238 2700 ibi
271 2646 558 2719 perpetim
583 2663 969 2718 permansura
999 2648 1057 2702 in
1082 2665 1255 2704 usum
1287 2649 1568 2706 solarium
1601 2657 1714 2707 Deo
1754 2656 1810 2708 et

160 2735 263 2790 tibi
310 2735 432 2790 illic
472 2739 598 2790 tum
650 2736 863 2792 servire
921 2745 977 2792 et
1022 2737 1395 2794 serviturum.
1454 2740 1807 2796 Addendum

161 2848 393 2904 quoque
423 2831 718 2887 credimus
750 2832 892 2888 illud
922 2832 1233 2890 oblationis
1267 2851 1504 2904 munus,
1538 2841 1602 2891 ut
1631 2837 1808 2908 quid-

163 2921 297 2992 quid
329 2919 559 2976 scilicet
597 2937 701 2992 per
731 2920 930 2976 fideles
963 2923 1034 2978 ad
1067 2922 1263 2994 ipsum
1304 2928 1472 2979 tuum
1520 2924 1720 2994 altare,
1755 2930 1811 2982 et

166 3010 230 3068 ad
273 3011 468 3081 ipsam
517 3009 948 3065 confessionem
998 3010 1238 3066 offertur
1265 3010 1324 3066 in
1351 3011 1565 3084 vigiliis
1587 3014 1810 3070 Natalis

160 3097 266 3165 tui,
291 3097 443 3154 etin
475 3097 605 3169 ipsa
635 3096 718 3151 tui
749 3097 971 3154 Natalis
998 3098 1109 3166 die,
1141 3099 1308 3154 beate
1334 3099 1496 3156 Petre
1526 3102 1807 3174 apostole,

164 3189 353 3241 totum
389 3184 465 3241 sit
485 3184 736 3257 speciale
756 3190 925 3242 tuum
947 3203 1052 3259 pro
1073 3185 1486 3254 luminaribus,
1506 3195 1562 3245 et
1589 3191 1811 3247 caeteris
1843 3211 1886 3278 ρ

173 3274 308 3293 ,μμ
335 3275 415 3293 ηε,
452 3274 690 3293 --ηυρλ
953 3275 1041 3293 ν
1170 3281 1178 3293 .
1354 3276 1366 3293 .
1519 3279 1529 3288 .
1759 3282 1774 3293 .
2493 3291 2498 3293 _
2553 3290 2583 3293 Α

165 3274 418 3330 diversis
450 3274 915 3342 necessitatibus,
941 3275 1011 3329 ad
1027 3276 1155 3347 ipsa
1167 3281 1266 3332 tua
1285 3276 1570 3334 solemnia
1591 3282 1815 3352 agenda

168 3370 598 3444 pertinentibus
616 3372 730 3426 Nec
743 3371 885 3426 illud
902 3373 1465 3443 praetermittendum
1480 3376 1817 3435 censuimus

151 3450 249 3528 ut,
287 3459 759 3533 quotiescunque
796 3462 868 3515 de
899 3461 1349 3536 quibuscunque
1381 3466 1576 3537 regnis
1608 3471 1666 3521 et
1708 3472 1818 3522 ter-

165 3549 242 3604 ris
290 3549 538 3618 tributa,
591 3551 710 3605 sive
753 3551 824 3604 ad
858 3549 1036 3606 altare
1085 3556 1254 3607 tuum
1286 3553 1611 3610 offeruntur
1643 3557 1814 3628 (212),

165 3638 280 3693 sive
301 3639 381 3694 ad
405 3639 704 3709 apostolici
732 3640 906 3710 pedes
927 3645 1243 3710 ponuntur,
1270 3642 1390 3697 sive
1412 3643 1618 3713 quovis
1645 3645 1814 3700 modo

163 3731 273 3780 tuae
306 3726 640 3797 apostolicae
671 3727 814 3793 sedi,
849 3729 942 3783 cui
988 3727 1103 3784 Deo
1134 3735 1370 3785 auctore
1410 3732 1813 3803 praesidemus,

164 3814 598 3885 persolvuntur.
623 3815 846 3872 decima
869 3834 1003 3888 pars
1025 3834 1226 3873 eorum
1249 3835 1480 3892 semper
1498 3821 1626 3889 tibi,
1651 3822 1816 3878 beate

163 3901 328 3957 Petre
362 3902 642 3974 apostole,
678 3905 973 3974 debeatur,
1007 3906 1079 3962 ad
1111 3907 1585 3964 reformationem
1631 3910 1813 3966 eccle-

164 3989 256 4044 sia:
286 3997 426 4057 tuae,
458 3996 513 4047 et
534 3996 736 4048 caetera
768 4010 897 4065 quaa
932 3996 1204 4067 superius
1237 3995 1513 4053 diximus.
1569 3998 1639 4054 Ut
1679 4017 1812 4057 vero

164 4087 278 4144 haec
321 4089 528 4146 omnia
584 4091 965 4148 observentur
1022 4092 1265 4164 illibata,
1323 4100 1444 4152 tam
1494 4113 1528 4151 a
1575 4113 1814 4155 succes-

165 4178 398 4233 soribus
429 4180 646 4235 nostris
676 4179 735 4234 in
766 4181 902 4236 sede
933 4185 1055 4249 tua,
1084 4199 1116 4237 ο
1149 4183 1315 4240 beate
1334 4184 1500 4241 Petre
1531 4187 1810 4258 apostole,

168 4280 347 4337 usque
385 4267 440 4321 in
475 4268 650 4324 finem
684 4269 882 4324 seaculi
913 4270 1189 4339 sessuris,
1223 4287 1403 4344 quam
1433 4273 1610 4329 etiam
1641 4291 1816 4331 cuneo

165 4353 237 4408 tis
265 4354 632 4423 hominibus,
667 4362 784 4413 tam
805 4359 1034 4432 magnis
1066 4376 1243 4431 quam
1275 4362 1490 4433 parvis,
1513 4367 1633 4418 tam
1665 4363 1809 4418 divi-

164 4441 315 4500 tibus
371 4461 548 4516 quam
578 4447 958 4520 pauperibus,
995 4449 1410 4518 mediocribus,
1459 4451 1671 4508 diversi
1720 4469 1810 4509 se-

164 4543 264 4586 xus
293 4536 351 4588 et
385 4532 923 4602 etatis,statuimus
944 4536 1266 4610 apostolica
1293 4554 1702 4614 censura,qua,
1735 4540 1809 4594 li-

167 4624 250 4673 cet
293 4621 548 4695 indigni,
589 4623 892 4697 fungimur
921 4626 1043 4681 vice
1090 4630 1212 4695 tua,
1244 4627 1354 4683 sub
1386 4626 1566 4684 divini
1595 4628 1806 4700 judicii

166 4711 605 4780 contestatione,
630 4717 687 4768 et
710 4713 987 4770 terribilis
1009 4715 1808 4780 anathematisinterpositio-

167 4793 252 4849 ne,
284 4786 348 4838 ut
373 4782 594 4839 scilicet
622 4785 960 4857 quicunque
982 4791 1184 4842 contra
1205 4786 1314 4843 hoc
1335 4790 1546 4843 nostris
1572 4782 1814 4844 humili-

169 4937 355 4999 ticana
385 4943 632 5001 basilica
664 4950 720 5002 et
765 4948 952 5005 eidem
996 4947 1398 5012 inservientes,
1445 4947 1810 5006 oblationum

165 5015 528 5142 ggfnitrlinipso
558 5018 775 5091 templo
808 5020 1031 5087 fierent,
1066 5021 1328 5093 portione
1350 5020 1547 5093 aliqua
1569 5022 1678 5078 rite
1709 5040 1808 5095 po-

193 5098 375 5142 Irentu
385 5104 430 5142 ι’.

233 5155 378 5230 (211)
402 5159 622 5288 Nemge
651 5163 1252 5246 viti-eisnlampadibus,‘
1284 5164 1436 5245 quod
1472 5163 1644 5236 plane
1672 5180 1810 5220 con-

233 5231 276 5281 1t
303 5245 371 5284 ex
401 5235 515 5286 Vit.
596 5275 608 5286 .
643 5233 875 5288 Caesar“
907 5234 1290 5288 Arelatensis.
1314 5236 1412 5288 ubi
1448 5235 1565 5288 haec
1598 5236 1810 5288 haben-

167 5226 276 5302 stat
303 5226 371 5284 ex'
401 5230 515 5286 Vit.
550 5226 608 5288 Β.
643 5233 875 5288 Οίεεᾶῐιὶἱ
907 5226 1412 5302 ΑΓέῙᾶΐϐΠΒῘ8,.υῙ)ί
1448 5226 1565 5291 δ’ωο
1598 5236 1810 5292 haben-

165 5299 257 5350 tur
287 5315 298 5352 :
336 5303 493 5374 «ubi
525 5303 595 5358 de
622 5305 1018 5374 cubiculariis,
1045 5307 1186 5361 dum
1208 5299 1550 5362 cicindelam
1573 5309 1806 5362 concin-

166 5375 343 5439 naret,
364 5373 435 5430 de
456 5374 732 5450 manibus
746 5393 922 5449 super
943 5373 1198 5450 lapidem
1223 5377 1388 5448 lapsa
1413 5382 1528 5445 est;
1555 5395 1682 5449 quae
1704 5395 1810 5435 nec

164 5452 326 5514 versa
346 5449 463 5514 est,
499 5463 605 5502 nec
648 5447 854 5514 fracta,
904 5447 1021 5506 nec“
1054 5447 1362 5506 exstincta.
1396 5469 1424 5500 ι)
1459 5447 1811 5506 Οοηέυιαῐυιι

164 5507 357 5594 ῧᾶοοείἱ
387 5507 671 5594 Glossarq
702 5525 759 5574 et
786 5507 1084 5594 ludiculas
1107 5521 1380 5594 exoticar.
1405 5537 1638 5588 vocum,
1671 5539 1810 5594 sup-

162 5589 384 5664 P0§j§qe
406 5589 606 5664 godici
637 5591 822 5664 regul.
847 5597 1020 5664 Lucae
1049 5592 1353 5655 Holstenii.

231 5652 374 5725 (212)
406 5652 959 5736 Plurimasuquidem
979 5670 1036 5720 et
1057 5652 1310 5721 maxime
1332 5663 1640 5736 opulentas
1663 5664 1805 5720 fuis-

161 5735 225 5781 30
251 5740 378 5800 quae
405 5730 467 5792 in
489 5730 770 5794 Vaticana
787 5734 1035 5796 basilica
1054 5735 1195 5796 olim
1217 5730 1436 5797 ﬁebant
1455 5733 1804 5808 oblationes,

1915 1893 2118 1961 nostri,
2143 1899 2198 1949 et
2228 1895 2491 1949 omnium
2525 1895 2718 1950 ovium
2754 1913 2900 1967 quas
2924 1914 3062 1952 suas
3088 1897 3210 1969 ipse
3240 1899 3566 1970 pascendae

1915 1983 2018 2038 tibi
2049 1982 2364 2050 commisit,
2411 1989 2468 2038 et
2499 2000 2602 2055 per
2632 2001 2737 2039 nos
2771 1984 3082 2040 miseratus
3114 1986 3305 2056 pascit
3335 1991 3393 2041 et
3431 2003 3564 2058 pas-

1915 2077 2003 2126 cet
2033 2071 2224 2127 adhuc
2252 2089 2353 2143 per
2382 2070 2526 2127 alios
2558 2073 2614 2126 in
2657 2071 2868 2127 srecula
2910 2073 3277 2130 saeculorum.

1983 2158 2045 2222 ›ι‹
2076 2160 2191 2232 Ego
2244 2164 2350 2215 Leo
2399 2161 2709 2232 episcopus
2752 2178 2951 2216 servus
2996 2165 3152 2230 tuus,
3205 2163 3371 2219 beate
3403 2164 3565 2220 Petre

1915 2248 2195 2320 apostole,
2229 2249 2470 2318 donum,
2499 2250 2654 2320 quod
2675 2250 2779 2305 tibi
2813 2251 2882 2305 de
2918 2256 3014 2307 tuo
3049 2251 3178 2322 feci,
3212 2269 3392 2310 manu
3426 2271 3564 2326 pro-

1916 2338 2043 2410 pria
2073 2338 2358 2394 roboravi.

1987 2509 2149 2574 Acta,
2175 2506 2412 2578 scripta,
2434 2509 2823 2578 transumpta,
2848 2507 3142 2578 publicata
3159 2512 3216 2564 et
3236 2510 3568 2566 auscultata

1917 2584 2057 2633 sunt
2082 2577 2356 2650 przedicta
2384 2577 2792 2632 omniacoram
2817 2577 3301 2636 reverendissimo
3319 2582 3378 2637 in
3402 2582 3565 2638 Chri-

1920 2655 2010 2722 sto
2042 2657 2202 2722 patre
2228 2655 2290 2722 et
2319 2650 2580 2716 domino,
2602 2650 2840 2722 domino
2862 2650 3167 2718 Anibaldo,
3193 2654 3567 2710 miseratione

1918 2719 2116 2775 divina
2145 2721 2416 2792 episcopo
2449 2719 2716 2786 Tuscul.,
2749 2728 2960 2776 sancta:
2995 2723 3267 2780 Romanis
3297 2725 3564 2781 Ecclesiae

1918 2792 2112 2868 Ca_rd.,
2151 2793 2483 2868 apostolicae
2513 2792 2669 2868 sedis
2703 2793 2890 2868 legato
2923 2794 2991 2848 de
3023 2793 3357 2868 l_atere,ipro
3388 2797 3568 2852 tribu-

1919 2863 2035 2938 nali
2069 2864 2306 2938 sedente
2330 2864 2543 2938 Romae,
2570 2863 2626 2917 in
2646 2863 2860 2934 palatio
2881 2865 3072 2936 papali
3095 2863 3565 2938 apud—Sanctum

1921 2934 2307 3010 Petrum,_qui
2334 2934 2465 2988 huic
2489 2939 2859 3010 transumpto
2882 2934 3156 3010 priesenti
3183 2939 3420 3010 scripto,
3447 2939 3566 2995 lec-

1918 3010 1999 3072 to,
2036 3007 2353 3078 publicato,
2376 3005 2722 3078 exemplato,
2747 3005 2804 3060 et
2824 3005 3174 3076 auscultato,
3199 3005 3366 3065 suam
3399 3017 3455 3066 et
3475 3011 3569 3068 sui

1921 3077 2098 3132 oflicii
2132 3077 2539 3132 auctoritatem
2571 3077 2938 3148 interposuit,
2964 3087 3020 3134 et
3040 3081 3360 3143 decretum.
3395 3089 3452 3137 et
3484 3084 3568 3138 ei—

1923 3149 2056 3222 dem
2089 3148 2279 3222 voluit
2297 3148 2639 3222 etdecrevit
2669 3149 2913 3222 ubilibet
2961 3151 3016 3204 in
3043 3153 3266 3222 judicio
3297 3160 3352 3208 et
3382 3159 3565 3220 extra,

3038 3225 3262 3277 nariam
3280 3225 3567 3292 adhiberi,

1927 3293 2216 3367 mandans
2249 3308 2424 3367 suum
2455 3290 2715 3367 sigillum
2747 3290 3214 3367 eidem—appendi
3244 3300 3300 3349 et
3332 3290 3574 3367 majoris

1926 3362 2150 3417 roboris
2181 3362 2536 3418 firmitatem:
2574 3364 2634 3415 In
2671 3365 2979 3434 praesentia
3006 3362 3457 3423 reverendorum
3489 3371 3572 3422 vi-

1927 3451 2124 3488 rorum
2153 3434 2501 3488 domnorum
2529 3435 2727 3488 fratris
2754 3436 3038 3489 Francisci
3064 3438 3256 3491 abbat.
3283 3447 3575 3495 monaste-

1927 3505 2076 3578 riis.
2103 3505 2510 3578 Bartbolomzei
2529 3505 2599 3558 de
2613 3507 2990 3578 Camporegio
3007 3508 3392 3578 Eugubinem.
3420 3511 3570 3564 dioc.

1927 3522 1994 3558 ru
2019 3522 2076 3559 δ.
2103 3522 2510 3559 nartnoromuei
2529 3522 3392 3628 oeuamporegionugubinem.
3420 3522 3570 3564 dioc.

1926 3575 2214 3630 Decretor.
2265 3576 2526 3630 Doctoris
2575 3592 2749 3630 cance
2777 3575 2927 3641 larii,
2965 3583 3021 3630 et
3063 3579 3292 3632 Rnberti
3329 3581 3398 3633 de
3447 3581 3570 3634 Pla-

1925 3647 2113 3701 centia
2131 3645 2414 3717 Jurisper.
2439 3646 2742 3710 auditoris,
2759 3663 2822 3700 ac
2840 3647 3083 3703 Joannis
3098 3650 3332 3704 Themis
3352 3651 3421 3704 de
3435 3653 3568 3706 (iec-

1925 3735 2089 3784 cano,
2126 3717 2397 3791 canonic.
2441 3717 2719 3791 Parisien.
2754 3719 3002 3791 nepotis,
3037 3726 3093 3774 et
3133 3720 3569 3791 capellanorum

1925 3789 2240 3860 supradicti
2273 3789 2472 3842 domni
2505 3789 2699 3860 legali,
2737 3806 2803 3843 ac
2833 3789 3090 3860 plurium
3125 3789 3372 3846 aliorum
3406 3800 3570 3848 nota-

1923 3859 2144 3915 riorum
2175 3866 2230 3914 et
2260 3859 2496 3933 testium
2530 3859 2936 3928 litteratorum,
2961 3863 3032 3916 ad
3069 3863 3370 3933 praemissa
3402 3881 3569 3920 voca-

1924 3936 2119 4006 torum
2144 3936 2201 4006 et
2223 3929 3021 4006 specialiterrogatorum,ac
3046 3929 3099 3988 in
3127 3935 3434 4006 praesentia
3457 3935 3572 3990 mei

1963 4003 2214 4067 ualterii,
2248 4001 2301 4057 et
2336 4001 2494 4056 Pauli
2528 4003 2598 4057 de
2629 4004 2844 4057 Sancta
2893 4001 3163 4069 Victoria,
3207 4011 3263 4059 et
3314 4006 3568 4061 Matthaei

1964 4092 1994 4130 e
2022 4073 2254 4150 Spoleto
2293 4073 2755 4150 notorior._infra
2803 4074 3069 4150 scriptor.
3103 4078 3172 4131 ad
3197 4078 3346 4131 hanc
3380 4078 3565 4150 publi-

1922 4144 2233 4213 cationem,
2283 4144 2792 4213 auscultationem,
2837 4144 3050 4202 decreti
3095 4154 3152 4202 et
3197 4144 3568 4205 auctoritatis

1921 4217 2421 4292 interpositionem
2439 4217 2766 4292 specialiter
2782 4223 3115 4273 vocatorum
3132 4225 3190 4292 et
3212 4226 3570 4292 rogatorum,

1922 4290 2039 4366 sub
2062 4288 2213 4366 anno
2251 4289 2476 4366 [)omini
2502 4288 2816 4366 millesimo
2840 4290 3248 4366 trecentesimo
3278 4288 3568 4366 quinque:

1919 4361 2142 4432 gesimo
2174 4361 2440 4432 Jubilaeo,
2474 4361 2848 4432 pontiﬁcatus
2881 4363 3240 4418 sanctissimi
3274 4361 3332 4418 et
3361 4361 3570 4420 domni

1920 4431 2104 4487 nostri
2156 4431 2470 4487 Clementis
2502 4449 2659 4502 papa:
2692 4431 2763 4486 Vl
2796 4449 2948 4488 anno
2981 4440 3200 4501 octavo,
3252 4435 3569 4492 indictione

1920 4504 2112 4567 tertia,
2138 4504 2356 4558 mensis
2387 4503 2498 4558 Mai
2524 4505 2616 4558 die
2639 4504 2893 4558 decimo.

1843 4579 1888 4642 Ι)
1991 4575 2060 4629 Et
2089 4591 2192 4646 ego
2213 4575 2507 4650 Mattheus
2536 4574 2711 4650 Salvi,
2734 4574 2982 4650 clericus
3005 4577 3357 4648 Spoletanus
3383 4576 3573 4650 publi-

1919 4663 2022 4701 cus
2069 4645 2388 4718 apostolica
2436 4651 2490 4700 et
2540 4645 2825 4718 imperiali
2878 4645 3223 4704 auctoritate
3276 4645 3569 4714 notarius,

1922 4716 2226 4788 praadictas
2243 4716 2464 4772 litteras
2478 4716 2823 4790 apostolicas
2836 4734 3028 4773 eoram
3047 4721 3377 4790 supradicto
3401 4722 3571 4776 dom-

1921 4805 1995 4844 no
2030 4790 2238 4860 legato,
2273 4805 2374 4860 pro
2393 4788 2670 4844 tribunali
2694 4789 2952 4859 sedente,
2975 4791 3090 4845 vidi
3111 4788 3166 4844 et
3186 4789 3319 4861 legi,
3353 4806 3572 4863 easque

1920 4966 2092 5004 nemo
2123 4947 2494 5020 inficiasibit,
2519 4947 2618 5019 qui
2641 4949 2831 5020 prisca
2848 4949 3118 5004 Romana:
3145 4946 3412 5020 Ecclesire
3443 4965 3569 5020 mo-

1921 5027 2202 5075 numenta
2231 5019 2314 5074 vel
2348 5019 2996 5090 tantisperiversaverit.
3035 5021 3174 5074 Item
3209 5019 3315 5072 hoc
3346 5019 3401 5072 in
3440 5019 3565 5074 loco

1919 5091 2214 5163 prosequi,
2275 5106 2803 5163 supervacaneum;
2865 5090 3128 5162 exempla
3184 5091 3339 5145 enim
3411 5090 3565 5162 apud

1917 5159 2298 5234 Anastasium
2326 5159 2833 5234 bibliothecarimn
2870 5159 3082 5234 ubique
3113 5159 3464 5234 occurrunt;
3497 5178 3565 5216 ac

1916 5236 2023 5290 viri
2057 5231 2402 5294 doctissimi,
2421 5232 2622 5300 justus
2647 5231 3028 5298 Fontaninus,
3057 5240 3114 5290 et
3134 5234 3337 5288 Petrus
3361 5233 3568 5288 Moret-

1917 5311 2045 5372 tus;
2078 5306 2178 5360 ille
2208 5305 2265 5359 in
2299 5318 2498 5377 opusc.
2533 5302 2611 5356 De
2641 5302 2802 5358 disco
2833 5313 3106 5377 argenteo
3139 5306 3354 5372 votivo;
3389 5304 3481 5360 hic
3509 5305 3569 5359 in

1917 5379 2100 5450 Opere
2149 5378 2219 5431 de
2271 5375 2724 5450 presbyt.__par_t.
2780 5391 2821 5441 ι,
2873 5375 3011 5431 sect.
3063 5379 3118 5443 4,
3151 5377 3320 5450 plura
3351 5377 3420 5432 ad
3456 5377 3565 5431 hoc

1918 5445 2254 5505 institutum
2272 5445 2613 5518 spectantia
2643 5445 3044 5518 observarunt.

1990 5522 2136 5592 (213)
2159 5516 2417 5592 Extypon
2442 5516 2620 5592 bulla;
2640 5517 2935 5592 plumbeae
2967 5519 3276 5592 pendentis
3308 5536 3338 5592 e_
3369 5518 3566 5592 diplo—

1918 5589 2074 5648 mate
2105 5589 2409 5662 quod'Leo
2438 5590 2507 5644 IX
2525 5589 2706 5645 edidit
2735 5605 2838 5662 pro
2865 5591 3218 5662 monasterio
3243 5589 3513 5662 Fuldensi
3554 5604 3566 5641 :

1917 5681 1986 5719 ex
2017 5660 2293 5718 Friderici
2323 5661 2622 5718 Schannat
2654 5660 2921 5719 accurate
2941 5660 3174 5719 exhibet
3203 5661 3420 5720 Bullar.
3455 5663 3568 5720 Ro-

1917 5751 2184 5809 manum,
2208 5750 2357 5796 nova
2385 5732 2550 5810 edit,
2585 5750 2720 5813 pag.
2750 5735 2877 5796 383.
