3974 6206
457 277 577 340 739

460 482 598 537 cisci
641 478 977 550 subscripta
1014 482 1072 534 et
1115 478 1409 534 Gualterio
1457 479 1657 534 domui
1686 480 1991 550 gF'rederici
2032 481 2104 536 de

458 553 789 607 Clarmonte
820 549 969 604 infra
1000 550 1256 621 scriptis,
1290 550 1534 605 notariis
1561 549 1836 622 publicis,
1869 552 2100 605 auscul-

456 623 606 689 tavi;
646 626 701 676 et
736 622 877 692 quia
906 623 1066 692 ipsas
1096 637 1229 676 cum
1271 622 1550 692 praedicto
1632 623 1904 692 prazseuti
1941 627 2099 679 trau-

458 696 695 763 sumpto
728 691 1079 747 concordare
1127 691 1341 759 inveni,
1376 692 1455 747 nil
1489 691 1685 747 addito
1715 692 1802 748 vel
1850 693 2100 763 minuto,

456 763 612 834 quod
637 763 771 817 facti
794 763 1186 819 substantiam
1210 764 1504 828 immutat,
1526 763 1613 818 vel
1635 765 1816 819 variet
1839 764 2102 820 intellec-

452 839 605 908 tum,
638 834 855 908 idcode
877 835 1156 890 mandato
1187 835 1511 908 supradicti
1542 836 1745 891 domui
1779 834 1976 908 legati,
2010 852 2105 891 me

454 905 799 1031 subperipsi,
833 910 889 961 et
920 911 1161 978 rogatus
1186 906 1424 979 signum
1455 923 1652 963 meum
1686 905 1931 979 apposui
1965 924 2101 963 cou-

462 992 566 1031 sue
597 993 718 1031 um.

462 992 718 1033 suetum.

527 1048 594 1103 Et
621 1063 729 1120 ego
760 1047 1119 1120 Gualterius,
1147 1048 1345 1103 domui
1369 1048 1642 1120 Eriderici
1678 1048 1746 1104 de
1776 1047 2105 1120 Clarmoute

454 1119 724 1187 clericus,
786 1119 1041 1174 Firmau.
1067 1119 1217 1173 dioc.
1244 1119 1515 1244 publicus
1545 1120 1831 1175 catholica
1852 1119 2103 1175 auctori-

454 1195 572 1244 tate
602 1191 888 1244 uotarius.
908 1190 1215 1244 praedictas
1269 1193 1467 1244 itteras
1490 1191 1847 1244 auostolicas
1871 1191 2102 1244 scripsi.

452 1195 572 1247 tate
602 1191 888 1263 notarius.
908 1190 1215 1260 praedictas
1232 1190 1467 1263 litteras
1490 1191 1847 1262 apostolicas
1871 1191 2102 1263 scripsi,

455 1262 908 1343 transumptavi,
942 1269 997 1343 et
1014 1262 1341 1343 exemplavi
1360 1280 1461 1343 per
1480 1263 1903 1343 omnia,_prout
1926 1262 2104 1343 i_u_’_lit_-

456 1334 599 1389 teris
629 1332 775 1405 ipsis
806 1332 1165 1405 apostolicis,
1190 1332 1269 1388 ide
1299 1332 1473 1389 verbo
1503 1335 1574 1389 ad
1607 1332 1873 1404 verbum,
1904 1334 2019 1389 vidi
2051 1338 2108 1405 et

456 1404 974 1531 renpricontineri,
1003 1404 1318 1474 niladdito,
1344 1405 1570 1461 minuto
1590 1405 1673 1462 vel
1704 1404 2105 1486 mutato-quod

456 1494 528 1532 su
577 1475 855 1532 stantiam
874 1480 1080 1532 mutet.
1105 1475 1191 1530 vel
1211 1476 1391 1531 variet
1412 1476 1799 1532 intellectum.
1827 1493 1941 1531 nisi
1962 1477 2105 1531 forte

459 1548 718 1628 litteram
747 1546 834 1603 vel
867 1521 1152 1619 syllabam
1171 1564 1287 1628 per
1313 1549 1689 1628 errorem.“Et
1712 1519 1915 1628 ipsum
1938 1552 2105 1628 ‘trauf

459 1622 764 1696 sumptum
796 1635 992 1696 coram
1035 1619 1313 1696 praedicta
1340 1619 1825 1696 reverendissimo
1855 1622 2020 1696 patre
2036 1623 2107 1696 et

461 1688 678 1746 domino
709 1694 929 1759 nostro,
952 1688 1166 1746 domno
1187 1688 1493 1761 Auibaldo,
1515 1688 1796 1746 cardinali
1828 1688 2103 1761 apostoli-

460 1778 537 1816 cae
569 1760 748 1847 sedis,
779 1761 968 1833 legato
992 1777 1094 1847 ι)εο
1109 1760 1395 1847 tribunali
1427 1763 1685 1847 sedente,
1718 1764 1785 1847 ut
1813 1760 2012 1847 supra,
2037 1776 2103 1842 ac
2134 1783 2181 1847 B

460 1831 860 1904 praesentibus
890 1832 1181 1904 praedictis
1238 1832 1487 1887 testibus
1530 1831 1841 1904 litteralis,_
1868 1831 2103 1888 domuis

458 1902 827 1975 cancellario,
845 1902 1126 1975 auditore,
1143 1909 1370 1975 nepote,
1389 1908 1445 1958 et
1457 1902 1774 1975 capellanis
1786 1902 1927 1957 dicti
1944 1904 2104 1958 doru-

458 1974 516 2046 ui
548 1974 743 2046 legati,
777 1990 844 2029 ac
874 1974 1324 2046 quampluribus
1353 1974 1482 2030 aliis
1505 1974 1747 2046 notariis
1778 1977 1835 2029 et
1853 1975 2102 2029 testibus

456 2045 749 2117 litteratis,
765 2061 988 2117 necnon
1006 2045 1182 2117 Paulo
1206 2046 1497 2101 Francisci
1512 2051 1567 2102 et
1580 2045 1849 2102 Mattbmo
1871 2046 1940 2117 de
1957 2046 2099 2117 Spo-

456 2115 597 2189 leto,
619 2116 861 2189 notariis
889 2116 1141 2189 publicis
1163 2117 1539 2189 supradictis,
1564 2118 1635 2172 ad
1659 2117 1811 2189 haue
1837 2115 2102 2188 publica-

452 2186 693 2261 tionem,
710 2205 783 2261 ac
799 2186 1014 2243 decreti
1031 2193 1086 2244 et
1104 2186 1466 2261 auctoritatis
1488 2186 2012 2261 interpositionem,
2036 2192 2103 2243 ut

453 2276 634 2341 supra
665 2260 901 2341 dieitur,
929 2260 1149 2341 vocatis
1180 2260 1511 2341 specialiter
1537 2264 1596 2315 et
1626 2259 1865 2331 rogatis,
1899 2259 2101 2341 legen-

453 2330 635 2413 tibus,
662 2330 1001 2413 videntibus
1029 2336 1086 2413 et
1115 2330 1605 2413 auscnltantibus,
1640 2330 1774 2413 cuiu
1807 2330 2100 2413 praedictis

455 2401 790 2474 apostolicis
808 2402 1016 2474 litteris
1029 2401 1139 2474 legi
1152 2443 1164 2467 ,
1179 2403 1500 2474 etifideliter
1514 2401 1834 2458 auscultavi
1854 2402 2101 2474 ;ipsu_mo

455 2472 594 2545 que,
625 2472 694 2527 de
729 2473 1003 2545 mandato
1048 2472 1368 2545 supradicti
1413 2474 1614 2545 domui
1658 2472 1971 2529 cardiualis
2017 2472 2099 2529 1e-

454 2542 595 2615 gati,
630 2546 688 2598 et
734 2544 806 2599 ad
840 2542 1181 2599 instantiam
1212 2544 1633 2600 venerabilium
1662 2545 1942 2611 virorum,
1991 2545 2100 2600 do-

455 2614 774 2688 minorum,
812 2615 1058 2688 prioris,
1114 2616 1527 2688 canonicorum
1591 2615 1853 2688 capituli,
1904 2632 2099 2688 sacro-

454 2690 671 2760 sanctae
701 2685 953 2760 basilicae
976 2686 1257 2760 principis
1277 2685 1679 2760 apostolorum
1704 2688 1775 2743 de
1804 2687 1955 2743 Urbe
1987 2687 2097 2743 ibi-

454 2758 587 2841 dem
636 2758 1754 2841 prznsentiurn,‘_ipsun_1trausumptum
1802 2762 1859 2814 et
1904 2775 2096 2815 exem-

454 2828 617 2903 plum
638 2828 706 2883 in
739 2828 1212 2903 bancpublicam
1242 2830 1490 2886 formam
1522 2828 1756 2903 propria
1795 2847 1975 2887 mauu
2007 2845 2095 2885 re-

454 2899 608 2972 degi,
639 2916 825 2971 eoque
856 2899 1025 2974 signo
1054 2905 1333 2959 consueto
1365 2899 1589 2975 signavi
1620 2899 1877 2975 rogatus.

453 3060 507 3115 S.
560 3059 664 3115 Leo
706 3059 787 3133 IX
836 3061 898 3115 W
939 3058 1152 3133 [iberto]
1201 3062 1442 3132 episcopo
1492 3063 1817 3127 Mutinensi,
1866 3058 2093 3116 mandat

521 3134 580 3185 ut
609 3132 850 3217 eeelesiée
879 3132 951 3187 B.
975 3132 1245 3187 Simeonis
1273 3133 1756 3217 {Paditironensis)
1786 3132 1853 3188 ab
1889 3134 2091 3203 episco-
2122 3151 2165 3217 ρ

1071 3212 1345 3261 scarum
1376 3212 1610 3261 intersit.

1071 3275 1270 3348 (Anno,
1290 3276 1471 3348 1054.)

449 3344 691 3416 [Mabill.
738 3346 869 3402 Acta
936 3346 1029 3401 SS.
1082 3344 1199 3401 0rd.
1244 3344 1467 3486 Bfggdi,
1510 3362 1640 3401 saec.
1674 3346 1767 3415 VI,
1818 3348 1981 3418 parte
2029 3361 2092 3410 ιι,

1114 3434 1245 3490 pag.
1391 3460 1403 3473 .

514 3218 613 3274 pos
642 3202 934 3258 Mantuano
963 3219 1216 3259 consecra

516 3504 629 3560 Leo
676 3505 1007 3578 episcopus,
1062 3522 1265 3562 servus
1316 3523 1615 3563 servorum
1651 3505 1774 3573 Dei,
1812 3504 1908 3559 W.
1950 3503 2094 3577 [Wi-

446 3593 629 3665 berto]
664 3593 981 3650 Mutinensi
1015 3594 1288 3668 episcopo
1320 3596 1571 3652 salutem
1611 3599 1668 3650 et
1714 3592 2091 3667 apostolicam

447 3682 938 3739 benedictionem.

514 3772 796 3827 Mirabilis
828 3772 1057 3828 Deusiu
1088 3774 1310 3829 sanctis
1331 3773 1476 3842 suis,
1510 3772 1800 3845 gloriosus
1822 3776 1873 3826 et
1911 3770 2089 3828 mitis.

443 3876 667 3933 magna;
701 3861 1136 3928 misericordiae,
1168 3866 1227 3917 et
1256 3878 1434 3933 super
1475 3860 1761 3917 malitiam
1796 3860 2091 3931 praestabi-

440 3948 534 4019 lis,
571 3948 891 4005 multorum
938 3949 1198 4005 ﬁdelium
1236 3955 1302 4006 ut
1340 3966 1472 4006 vera
1503 3949 1898 4020 comperimus
1945 3947 2092 4003 rela-

442 4036 619 4105 tione,
653 4037 927 4109 centupla
966 4038 1437 4094 remuneratione
1482 4038 1719 4093 donavit
1773 4037 1959 4093 sancti
2000 4036 2092 4093 sui

441 4126 793 4182 confessoris
817 4124 1095 4181 meritum
1116 4130 1174 4180 et
1193 4125 1451 4182 laborem
1474 4126 1783 4181 Simeonis.
1811 4126 2092 4181 Reveren-

439 4216 672 4271 tissimo
704 4213 904 4269 abbati
936 4218 1139 4269 sancto
1173 4214 1486 4270 Benedicto
1511 4214 1857 4270 exhibeatur
1886 4214 2091 4281 bouor,

440 4302 718 4373 adjuncto
750 4301 863 4357 sibi
898 4302 1055 4356 socio
1086 4303 1358 4359 Simeoue
1410 4304 1716 4370 monacho,
1762 4304 2008 4358 eremita
2037 4307 2094 4359 et

442 4389 707 4446 diacono.
740 4390 1095 4448 Mantuanus
1115 4392 1425 4465 episcopus
1446 4409 1655 4449 novam
1686 4391 1766 4447 ibi
1790 4407 2091 4447 consecra-

438 4479 527 4534 bit
556 4477 889 4546 ecclesiam,
925 4480 1018 4535 cui
1060 4480 1332 4539 volumus
1380 4487 1445 4536 ut
1484 4481 1758 4538 exhibeas
1808 4480 2090 4536 honorifi-

440 4567 715 4635 centiam,
750 4568 971 4625 scilicet
1000 4569 1281 4627 iuteresse
1314 4576 1368 4627 te
1397 4571 1668 4627 volumus
1719 4569 1855 4625 huic
1886 4586 2085 4625 conse-

439 4656 683 4713 crationi
729 4662 787 4713 et
828 4657 1007 4730 hujus
1045 4661 1304 4732 corporis
1349 4658 1677 4725 elevationi,
1712 4662 1768 4713 et
1796 4657 1977 4719 altare
2024 4659 2083 4714 in

438 4746 567 4817 ejus
603 4745 822 4804 honore
853 4754 1247 4815 consecretur,
1273 4764 1448 4821 quem
1471 4747 1625 4802 Deus
1647 4763 1882 4803 summa
1909 4747 2091 4803 virtu-

435 4839 565 4892 tum
596 4835 936 4893 clariﬁcavit
967 4837 1273 4909 dignitate.

436 4996 492 5053 S.
534 4996 634 5052 Leo
661 4997 874 5053 clerum
901 5005 954 5051 et
980 4997 1244 5067 populum
1289 4996 1666 5051 Auximanum
1695 4996 1843 5051 docet
1872 4995 2095 5051 anathe-

505 5068 849 5124 matizandos
897 5083 984 5122 eos
1014 5084 1128 5122 esse
1163 5068 1260 5138 qui
1289 5077 1587 5140 sequantur
1636 5068 1792 5140 illam
1822 5090 1849 5115 «
1881 5083 2095 5140 perver-

505 5157 627 5195 sam
657 5148 707 5195 et
746 5155 970 5211 prorsus
1011 5138 1402 5194 exsecrabilem
1442 5139 1807 5211 quarumdam
1847 5138 2095 5211 plebium

503 5210 969 5277 consuetudinem,
1002 5218 1061 5265 ut
1090 5211 1363 5279 videlicet,
1395 5226 1492 5265 suo
1520 5210 1769 5282 de/uncto
1818 5210 2090 5282 cpisccpo,

508 5283 729 5338 domum
775 5283 1015 5354 episcopi
1058 5282 1337 5337 hostiliter
1383 5279 1751 5354 irrumpentes
1801 5279 2089 5354 invadunt,

503 5352 960 5427 facultates’ejus‘
977 5354 1269 5427 diripiant,
1314 5352 1651 5427 praediorum
1663 5352 1865 5427 domos
1906 5352 2092 5427 incen-

503 5422 661 5490 dant,
696 5422 1101 5497 vites'insuper'
1120 5428 1171 5481 et
1199 5422 1449 5492 arbusta,
1486 5424 1700 5482 bestiali
1732 5422 2094 5480 immaniores

505 5498 729 5565 feritate
756 5496 1054 5554 succidant.
1097 5519 1125 5545 ››

1061 5569 1248 5640 (Anno
1282 5568 1465 5640 1054.)

441 5630 606 5711 [Vide
651 5635 804 5692 inter
848 5636 1034 5711 Opera
1065 5630 1344 5711 ’βξ-Βριιῆ
1399 5630 1690 5711 Domiaui,
1747 5633 2095 5705 Patrologie

897 5710 1042 5766 tom.
1075 5708 1306 5781 CXLIV,
1339 5709 1446 5775 col.
1474 5708 1626 5784 347.]

1547 276 1614 338 S.
1660 275 1942 337 LEONIS
1986 274 2066 336 IX
2109 277 2339 341 ΡΑΡΑΞ
2379 279 2811 345 OPUSCULA.

406 460 411 467 .
461 425 595 465 cum
641 408 910 482 praesenti
956 410 1499 482 transumpto,_uua
1529 423 1663 482 cum
1696 408 1872 482 Paulo
1923 409 2102 482 _Fran-
2132 418 2184 479 Α

3740 290 3876 367 ,740

2943 412 3130 471 XCIII.

2212 502 2267 557 S.
2342 504 2439 557 Leo
2498 505 2652 558 Petri
2709 504 2969 559 Damiani
3044 504 3252 560 librum

2754 506 2969 587 ςιιηίᾳηί
3044 506 3252 587 librum
3325 506 3875 587 (Gemerrhianum)

2286 582 2533 657 deorum
2562 574 2980 657 quadrimodam
3007 578 3265 640 carnalis
3293 582 3645 650 contagionis
3686 574 3873 657 pollui

2285 648 2491 701 tionem
2523 668 2551 695 »
2572 646 2867 702 collaudat.

2833 736 3022 806 (Auno
3047 736 3233 809 4054.)

2254 823 2457 893 ‘[Vide
2513 824 2747 906 Petrum
2798 825 3188 906 Deam-ianumn
3232 827 3404 906 Opp._,
3462 830 3807 906 Patrologiz

2691 845 2747 879 [Il
2798 845 3173 881 Damianum.
3232 845 3276 883 U
3366 873 3378 885 .

2688 902 2828 951 tom.
2862 896 3071 966 CXLV,
3105 898 3215 954 col.

2942 1003 3130 1059 XCIV.

2216 1089 2271 1144 S.
2294 1092 2397 1168 Leo
2426 1094 2589 1168 Petri
2606 1093 2870 1168 Damiani
2905 1109 3147 1168 eremum
3185 1114 3205 1143 ι
3238 1112 3364 1168 qua:
3393 1097 3600 1155 dicitur
3630 1100 3779 1168 Ocri,
3809 1103 3864 1157 in

2284 1162 2504 1286 Saxetna
2532 1164 2782 1219 videlicet
2813 1166 3088 1220 territorio
3134 1162 3510 1238 constitutam,
3551 1162 3862 1244 privilegiis

2284 1250 2418 1286 orna
2451 1277 2462 1286 .
2499 1256 2524 1281 ››

2284 1250 2462 1288 ornat.
2499 1256 2524 1281 ))

2838 1324 3025 1395 (Auno
3062 1326 3243 1398 1055.)

2432 1411 2597 1481 [\‘ide
2627 1413 2958 1481 Patrologize
2980 1417 3121 1469 tom.
3153 1417 3357 1487 CXLV,
3391 1419 3500 1475 col.
3535 1420 3647 1491 15.]

2959 1520 3117 1577 XCV.

2216 1605 2271 1660 S.
2304 1607 2405 1661 Leo
2425 1608 2491 1685 IX
2505 1608 2836 1685 facultatem
2863 1608 2957 1665 dat
2988 1611 3227 1685 Berardo
3257 1613 3443 1669 abbati
3469 1616 3721 1685 Farfensi
3762 1614 3863 1670 ad-

2286 1678 2519 1756 vocandi
2552 1696 2923 1756 quemcunque
2970 1684 3279 1756 episcopum
3304 1687 3543 1744 voluerit
3569 1678 3641 1742 ad
3669 1702 3863 1743 conse-

2284 1750 2549 1805 crandum
2564 1750 3128 1824 ’Farfense’tcmplum.

2828 1842 3019 1911 (Anno
3069 1843 3252 1914 1053.)

2425 1929 2727 1999 [Muratori
2743 1932 2948 2002 Script.
2984 1932 3104 1988 Rer.
3136 1935 3258 1990 Ital.
3296 1936 3366 2004 ll,
3401 1952 3464 2003 ιι,
3490 1937 3643 2009 620.]

2284 2040 2395 2090 Ι,εο
2441 2036 2772 2109 episcopus,
2816 2054 3017 2095 servus
3058 2056 3353 2096 servorum
3403 2040 3525 2107 Dei,
3580 2042 3865 2099 BERARDO

2211 2125 2405 2181 abbati
2439 2126 2661 2181 Sanctae
2695 2125 2888 2182 Maria:
2920 2127 2991 2182 de
3022 2128 3185 2184 Farfa
3206 2127 3454 2185 salutem
3484 2132 3541 2185 et
3565 2130 3864 2202 apostoli-

2212 2229 2339 2268 cam
2365 2213 2850 2270 benedictionem.

2280 2303 2593 2360 Petitioues
2614 2307 2746 2360 tuas
2768 2306 2966 2377 justas
2996 2306 3311 2378 adimplere
3329 2323 3448 2363 nou
3470 2307 3862 2381 denegamus.

2210 2392 2410 2463 Itaque
2440 2393 2545 2448 tibi
2577 2394 2921 2451 auctoritate
2946 2399 3143 2450 nostra
3170 2394 3340 2451 liceat
3368 2395 3716 2468 conquiram
3744 2398 3863 2470 epi-

2212 2497 2478 2553 scopum,
2513 2483 2611 2554 qui
2644 2483 2749 2538 tibi
2781 2488 2941 2540 tuam
2975 2488 3275 2540 consecret
3304 2484 3638 2556 ecclesiam,
3670 2486 3857 2544 unde-

2208 2586 2439 2642 cunque
2467 2571 2737 2627 volueris.
2773 2573 2918 2629 Cave
2948 2578 3142 2629 tamen
3177 2591 3248 2630 ne
3285 2574 3365 2630 sit
3391 2575 3785 2634 Simouiacus.

2961 2687 2972 2699 .
3028 2688 3073 2739 ν
3108 2730 3121 2742 .

2209 2772 2263 2828 S.
2322 2774 2514 2829 Leonis
2577 2775 2643 2829 IX
2697 2774 2849 2831 bulla
2900 2687 3023 2847 ptaC
3044 2689 3383 2846 plirthenone
3453 2779 3509 2833 S.
3572 2780 3862 2837 Laurentii

2866 2848 2925 2901 in
2954 2847 3187 2903 Alsatia.

2823 2937 3011 3007 (Anno
3042 2937 3225 3007 1054.)

2382 3022 2625 3093 ίΜαὸίΙΙ.
2660 3024 2884 3092 Annal.,
2917 3024 3037 3080 0rd.
3068 3026 3127 3080 S.
3154 3026 3352 3083 Bened.
3386 3031 3487 3097 IV,
3517 3027 3673 3099 736.]

2283 3132 2392 3184 Leo
2423 3129 2752 3201 episcopus,
2787 3145 2989 3186 servus
3011 3147 3311 3187 servorum
3334 3133 3459 3199 Dei,
3479 3132 3768 3203 ecclesia,
3800 3135 3861 3191 in

2204 3216 2328 3273 loco
2359 3218 2460 3289 qui
2491 3218 2905 3290 diciturﬁesse
2926 3220 3148 3292 positae,
3174 3221 3232 3276 in
3252 3221 3471 3278 honore
3502 3228 3725 3280 sancta
3757 3224 3861 3281 Dei

2204 3306 2514 3362 Genitricis
2542 3307 2757 3375 Maria,
2779 3313 2837 3363 et
2856 3307 2915 3363 in
2938 3310 3223 3365 memoria
3252 3316 3591 3367 sanctorum
3619 3313 3861 3369 Martini

2204 3396 2578 3461 confessoris,
2612 3401 2669 3451 et
2701 3398 2991 3452 Laurentii
3019 3397 3205 3453 levita:
3226 3398 3461 3472 gloriosi
3485 3404 3544 3457 et
3562 3400 3703 3474 igne
3724 3418 3864 3474 pur-

2202 3485 2425 3558 gatorio
2460 3484 2639 3541 assati
2671 3487 2963 3559 martyris,
3015 3487 3315 3557 dedicatae,
3366 3494 3423 3550 et
3450 3504 3556 3561 per
3587 3505 3725 3546 eam
3761 3490 3862 3547 Se-

2204 3575 2392 3647 bergaz
2417 3575 2502 3645 [[2,
2526 3574 2852 3647 Gerbergaa]
2870 3574 3181 3631 abbatissae
3203 3578 3362 3649 nepti
3384 3582 3617 3647 nostrae,
3639 3582 3702 3634 et
3724 3582 3862 3652 post

2203 3680 2331 3718 eam
2362 3663 2724 3720 successuris
2754 3662 2900 3739 inibi
2930 3664 3031 3720 Dei
3056 3663 3284 3721 ancillis
3313 3665 3373 3721 iu
3406 3671 3791 3739 perpetuum.

2276 3752 2583 3820 Martinus,
2617 3752 2712 3807 hic
2736 3769 2957 3825 pauper
2978 3758 3035 3808 et
3054 3754 3340 3820 modicus,
3373 3772 3489 3826 quo
3519 3755 3741 3812 coelum
3772 3757 3861 3813 di-

2205 3842 2347 3897 vites
2375 3840 2778 3913 iugrediamur
2815 3842 3069 3898 dulciter
3111 3847 3329 3910 mouet,
3363 3848 3429 3899 ut
3461 3844 3576 3900 sibi
3607 3844 3863 3919 suisque

2203 3929 2590 3985 amicabiliter
2618 3930 2963 3987 serviamus.
2994 3932 3240 3987 Assatus
3263 3936 3328 3987 ut
3358 3932 3560 4005 piscis,
3594 3938 3860 3991 Lauren-

2204 4019 2344 4089 tius,
2360 4018 2861 4090 quemadmodum
2875 4018 3000 4090 ipse
3019 4018 3179 4087 dicit,
3201 4037 3439 4076 suavem
3460 4020 3715 4094 gloriam
3730 4040 3866 4096 pro-

2204 4107 2439 4175 meruit,
2467 4106 2551 4162 ita
2580 4110 2636 4163 et
2662 4123 2770 4163 uos
2799 4107 2910 4163 sibi
2943 4124 3167 4180 suoque
3195 4108 3439 4166 Domino
3471 4115 3676 4168 nostro
3720 4113 3862 4168 Iesu

2201 4196 2429 4251 Christo
2449 4196 2569 4251 vult
2581 4212 2683 4268 per
2696 4194 3151 4253 multoslabores
3169 4197 3471 4270 inservire,
3496 4200 3671 4256 utsic
3691 4200 3864 4274 digni

2201 4284 2531 4340 efficiamur
2541 4284 2790 4357 operarii
2809 4301 2917 4341 sua
2932 4286 3216 4341 mercede.
3233 4286 3348 4341 Hac
3363 4287 3541 4344 unius
3558 4287 3678 4344 leni
3695 4306 3865 4347 man-

2202 4372 2531 4440 suetudine,
2546 4372 2855 4429 etalterius
2867 4390 3108 4447 aspersa
3123 4374 3476 4447 impulsione
3487 4377 3860 4445 commoniti,

2202 4463 2357 4535 quod
2388 4460 2646 4517 solemus
2667 4466 2725 4517 et
2749 4462 3053 4527 debemus,
3078 4463 3252 4519 etiam
3275 4463 3413 4520 huic
3442 4466 3700 4522 ecclesias
3721 4483 3862 4523 cou-

2199 4552 2592 4607 ﬁrmatiouem
2615 4551 2799 4607 nostri
2821 4550 3108 4624 privilegii
3140 4552 3324 4625 gratis
3351 4555 3740 4612 concedimus
3755 4571 3861 4630 pro

2197 4644 2532 4697 sanctorum
2575 4639 2774 4695 debita
2800 4640 3169 4697 veneratione
3192 4645 3250 4697 et
3279 4647 3588 4714 parentum
3621 4650 3864 4702 nostro-

2202 4746 2357 4798 rum,
2391 4728 2537 4783 inibi
2568 4728 2628 4783 in
2659 4728 2890 4784 Christo
2937 4728 3389 4800 quiescentium,
3422 4732 3759 4789 memoriali
3794 4749 3864 4790 ac

2202 4816 2563 4891 praecordiali
2586 4817 2907 4873 devotione.
2932 4818 3099 4891 Tegit
3118 4818 3275 4875 enim
3309 4825 3527 4891 martyr
3553 4820 3865 4890 patrueles

2204 4912 2437 4963 nostros
2457 4906 2720 4971 comites,
2745 4905 3127 4962 Mathiridum
3147 4912 3203 4963 et
3223 4907 3695 4964 bonaamemorim
3712 4908 3867 4966 Ger-

2204 4996 2481 5064 hardum,
2526 4994 2772 5067 ejusque
2804 5011 3066 5067 uxorem,
3100 4996 3365 5052 devotam
3399 4994 3688 5053 famulam
3718 4996 3865 5066 Deo,

2204 5085 2482 5141 Cunisam
2508 5089 2564 5139 et
2586 5084 2777 5139 cordis
2799 5084 3007 5151 nostri,
3034 5084 3173 5139 dum
3195 5085 3357 5154 vixit,
3381 5084 3552 5141 dulce
3568 5084 3866 5155 solamen,

2204 5175 2443 5229 fratrem
2475 5176 2743 5228 nostrum
2776 5172 3100 5245 Hugouem.
3126 5177 3191 5228 Et
3213 5174 3352 5244 quia
3373 5190 3520 5229 suus
3542 5175 3710 5232 mitis
3730 5192 3865 5231 con-

2202 5264 2391 5318 fessor
2422 5262 2827 5333 cujuscunque
2856 5266 3192 5318 sanctorum
3224 5263 3336 5318 sibi
3374 5262 3697 5319 vindicavit
3733 5279 3863 5320 cor-

2202 5368 2365 5424 pora,
2399 5366 2514 5404 non
2547 5366 2609 5405 se
2637 5348 2887 5422 elouget,
2921 5367 3123 5407 eorum
3157 5351 3427 5425 precibus
3460 5352 3862 5425 exigentibus,

2202 5438 2289 5496 vel
2311 5438 2527 5495 alieuet
2555 5438 2628 5494 ab
2660 5438 2993 5497 animarum
3023 5442 3179 5514 apud
3214 5442 3394 5497 Deum
3421 5440 3747 5498 obtinenda
3775 5457 3868 5497 ve-

2203 5528 2320 5596 nia,
2353 5531 2419 5584 ut
2439 5528 2549 5582 sub
2571 5526 2742 5596 cujus
2764 5529 3121 5599 protectioue
3140 5528 3429 5597 vixerunt,
3453 5530 3710 5586 tuitione
3733 5545 3868 5602 pro-

2202 5617 2346 5694 pitia
2374 5633 2476 5690 per
2504 5629 2641 5672 eum
2663 5619 2875 5672 aeterna
2890 5622 3337 5689 promereautur
3353 5619 3599 5691 gaudia.
3639 5619 3867 5677 Conﬁr-

2202 5722 2555 5784 mamusque
2583 5701 2773 5765 eidem
2803 5703 2927 5766 loco
2948 5706 3052 5769 illa
3071 5724 3198 5783 quae
3220 5708 3509 5771 nominati
3532 5709 3754 5784 eidem,
3776 5705 3867 5768 vel
