3974 6206
402 291 540 367 743

1412 338 1417 345 ο
1469 300 1532 361 8.
1580 296 1862 361 LEONIS
1906 298 1985 359 IX
2032 296 2263 357 PAP/E
2307 297 2741 361 OPUSCULA.

3690 303 3824 365 7M

403 436 698 511 precibus,
732 439 815 503 ut,
847 433 985 506 quia
1015 432 1138 504 ipse
1167 431 1469 504 praefatam
1491 434 1732 503 sumptu
1762 434 1862 486 tuo
1893 434 1948 485 et
1977 430 2049 486 de
2075 431 2130 496 Α
2159 431 2505 486 auctoritate
2536 428 2869 485 conﬁrmari
2891 432 2949 486 et
2975 428 3321 487 auctorizari
3343 433 3822 509 postulaverunt,

405 527 582 583 rebus
612 523 862 597 propriis
893 538 1022 576 cum
1053 521 1227 577 fratre
1259 520 1570 577 Godefrido
1618 519 1943 576 construxit
1997 522 2055 574 et

403 612 635 670 donavit
665 609 965 667 ecclesiam
1002 626 1015 675 ;
1048 609 1199 663 hanc
1231 626 1263 664 a
1293 608 1462 664 nobis
1488 613 1780 664 mereatur
1800 608 2053 679 recipere

401 696 1713 775 gratiam.Annuimus,inquam,voluntarie,et
1729 697 1839 753 sibi
1853 701 1911 753 et
1923 696 2048 763 tibi,

400 789 575 844 frater
603 786 949 843 charissime
980 803 993 853 ;
1027 790 1084 841 et
1102 803 1203 841 vos
1233 786 1492 858 quidem,
1518 802 1665 858 quos
1722 786 1877 858 apud
1906 784 2051 841 alios

398 876 774 933 commendat
814 879 952 931 aetas
999 879 1056 931 et
1111 876 1366 931 exterius
1422 874 1739 931 reverenda
1783 874 2048 945 canities,

398 965 541 1021 mihi
572 968 769 1039 gratos
800 965 938 1019 fecit
965 962 1268 1020 moralitas
1298 961 1539 1020 interior
1580 968 1636 1020 et
1693 963 2049 1020 inviolabilis

396 1055 561 1111 fides.
595 1054 881 1110 Memores
903 1053 1078 1107 etiam
1118 1052 1179 1108 in
1210 1052 1320 1109 hac
1343 1057 1445 1108 tua
1483 1052 1762 1124 petitione
1819 1052 2048 1108 fuimus

394 1143 592 1200 fratris
620 1143 708 1198 tui
739 1142 961 1198 domini
1002 1142 1302 1214 Wasonis,
1361 1141 1719 1214 Tungrensis
1776 1141 2044 1197 Ecclesiae

392 1231 828 1306 vigilantissimi
854 1231 1128 1303 pastoris,
1169 1231 1293 1303 qui,
1354 1231 1495 1286 dum
1539 1229 1700 1297 vixit,
1754 1231 2046 1301 aequitatis

394 1338 621 1391 norma,
652 1320 951 1377 catholica:
982 1319 1602 1392 religionis,canonicaa
1634 1318 1809 1375 simul
1841 1319 2049 1377 hones-

392 1410 529 1466 tatis
547 1425 781 1481 semper
798 1408 909 1464 fuit
948 1409 1173 1480 regula.

465 1498 627 1555 Hanc
658 1497 837 1571 igitur
875 1502 1085 1553 nostrae
1120 1498 1529 1570 praeceptionis
1586 1497 1859 1571 paginam
1918 1496 2043 1552 fieri

385 1586 701 1660 jussimus,
735 1590 1057 1643 statuentes
1089 1585 1407 1659 apostolica
1444 1603 1692 1643 censura
1775 1590 1840 1641 ut
1896 1585 2041 1641 nihil

392 1676 749 1748 horumquze
797 1676 1033 1747 praefato
1083 1675 1436 1731 monasterio
1492 1693 1526 1731 a
1585 1674 2043 1747 quibuscunque

392 1763 1048 1863 ﬁ‘delibusconcessavel
1065 1764 1433 1863 concedenda
1446 1762 1651 1863 suntin
1666 1766 2037 1863 perpetuum,
2068 1798 2114 1863 Β

391 1854 607 1927 aliquis
627 1853 936 1910 temerario
977 1869 1124 1908 ausu
1191 1853 1505 1924 infringere
1551 1850 1639 1907 vel
1686 1852 2036 1909 imminuere

390 1944 622 2010 audeat,
644 1956 735 2010 ne,
770 1943 911 1998 dum
935 1958 1353 2013 praecursorem
1381 1945 1437 1997 et
1453 1940 1776 2013 Baptistam
1801 1940 2036 1997 Domini

389 2030 716 2096 oll'enderit,
745 2046 860 2101 quo
892 2028 1043 2085 inter
1072 2033 1239 2085 natos
1263 2028 1576 2085 mulierum
1601 2030 1791 2102 major
1834 2030 2037 2087 nullus

2164 525 2221 575 et
2243 519 2425 575 nostri
2444 518 2745 592 rcgiminis
2765 519 3011 575 tuitione
3024 520 3341 577 confortari
3357 522 3655 595 deprecati
3671 531 3822 587 sunt

2162 624 2411 681 quorum
2430 608 2694 679 petitioni
2713 623 3021 663 assensum
3044 609 3367 680 praebentes
3386 610 3818 674 conﬁrmamus

2162 702 2220 754 et
2239 696 2675 753 constitutionis
2700 700 2874 751 tantas
2904 695 3098 753 locum
3118 696 3368 766 liberali,
3402 703 3469 756 ut
3517 701 3821 775 deprecati

2160 790 2319 854 sunt,
2346 787 2481 856 jure
2511 785 2621 840 sub
2652 788 2853 840 nostra
2882 784 3218 842 defensione
3247 787 3819 861 suscipimus.Unde

2159 891 2363 931 omnes
2396 873 2490 930 Dei
2524 872 2725 929 ﬁdeles
2755 872 3096 930 charitative
3128 876 3559 935 submonemus
3580 897 3657 937 ne
3679 886 3813 938 tan-

2158 969 2285 1018 tum
2316 979 2464 1034 opus
2520 962 2852 1017 disturbare
2890 966 2948 1017 et
3004 962 3294 1035 dissipare
3342 966 3442 1021 Dei
3503 969 3813 1027 servitium

2156 1051 2243 1108 vel
2274 1052 2389 1108 Deo
2437 1052 2672 1107 devotas
2718 1050 3034 1123 patiantur.
3096 1053 3259 1119 Quod
3314 1054 3366 1109 si
3423 1054 3610 1129 aliqui
3667 1057 3810 1117 huic

2157 1141 2352 1198 divino
2382 1141 2543 1214 Operi
2567 1139 2834 1196 insidiari
2865 1142 3327 1214 prasumpserit,
3377 1160 3660 1203 concessa
3718 1148 3809 1205 vel

2155 1231 2519 1287 concedenda
2552 1228 2963 1285 calumniando
2993 1233 3051 1285 et
3078 1231 3455 1303 devastando,
3486 1233 3637 1291 iram
3672 1254 3804 1310 per-

2155 1324 2341 1392 petuas
2372 1318 2769 1374 damnationis
2799 1318 3082 1384 incurrat,
3115 1323 3173 1375 et
3225 1323 3281 1376 Β.
3324 1321 3427 1378 Dei
3487 1323 3801 1383 Genitricis

2155 1407 2537 1478 omniumque
2565 1409 2910 1462 Sanctorum
2941 1408 3375 1466 accusationem
3404 1428 3521 1468 non
3570 1415 3799 1485 evadat,

2152 1500 2207 1551 et
2229 1499 2499 1550 nostrum
2529 1494 2866 1563 anathema,
2901 1499 3197 1568 quantum
3226 1497 3332 1554 Dei
3357 1499 3584 1571 judicio
3607 1502 3798 1558 tradi-

2150 1592 2274 1639 tum
2306 1583 2476 1639 nobis
2497 1587 2605 1652 est,
2639 1583 2959 1655 apostolica
2979 1582 3155 1641 etiam
3188 1587 3529 1644 auctoritate
3553 1606 3792 1647 conces-

2150 1689 2282 1728 sum
2313 1672 2413 1728 Dei
2436 1672 2743 1728 inimicum
2769 1673 2907 1728 dare
2938 1671 2997 1728 in
3042 1673 3367 1744 interitum,
3402 1677 3463 1733 in
3514 1680 3793 1752 aeternum

2148 1763 2431 1817 damnum
2454 1761 2603 1818 senti
2614 1761 2886 1833 at.Hujus
2906 1778 3041 1818 vero
3064 1765 3515 1838 conscriptionis
3533 1766 3793 1824 chartam

2148 1852 2540 1907 utiirmiorem
2562 1850 2824 1907 obtineat
2850 1851 3319 1926 vigorem,sigilli
3342 1855 3525 1911 nostri
3546 1856 3793 1929 impres-

2146 1940 2308 1997 sione
2341 1939 2558 2013 signari
2590 1940 2943 1997 curavimus.

2939 2048 2981 2103 C

387 2120 661 2186 surrexit,
692 2118 793 2175 Dei
822 2118 1245 2190 omnipotentis
1276 2118 1424 2175 iram
1457 2118 1733 2176 incautus
1751 2118 2026 2176 incurrat.

2169 2138 2198 2191 ἲ.
2235 2137 2424 2193 Leonis
2445 2137 2511 2193 IX
2536 2137 2763 2211 epistola
2784 2136 2857 2192 ad
2911 2089 3233 2211 Δῖέςήαειετη
3289 2135 3790 2211 €0nstantinopoli-

457 2208 1081 2269 Datum.......

1090 2296 1329 2353 XCVIII.

387 2385 1019 2467 EpistotaAseuﬁbrevesA
1038 2386 1234 2467 Leonis
1402 2402 1505 2467 pro
1560 2388 1871 2467 cmetcrio
1920 2388 2037 2457 pri-

540 2465 726 2514 oratus
757 2456 950 2512 Sancti
981 2454 1220 2510 Orientii
1247 2454 1622 2513 Cluniacensis
1652 2457 1884 2512 ordinis.

1032 2527 1197 2580 Anno
1233 2526 1416 2597 1054.)

1009 2526 1197 2652 ἇΑῐῙῐΙΟ
1233 2526 1416 2608 1054.)

875 2597 1003 2668 [But
1030 2613 1114 2653 ar.
1149 2597 1399 2652 Cluniae.
1437 2596 1545 2671 l3.]

457 2691 569 2747 Lao
600 2687 931 2761 episcopus,
966 2702 1167 2742 servus
1220 2702 1523 2742 servorum
1571 2687 1665 2742 Dei
1724 2687 2036 2743 RAIMUNDO

387 2777 824 2850 archiepiscopo
856 2773 1435 2842 Ausciensi,salutem
1459 2779 1515 2831 et
1543 2775 1922 2848 apostolicam
1944 2775 2039 2831 be-

385 2865 771 2923 nedictionem
784 2904 797 2917 .

457 2954 726 3011 Pervenit
757 2951 827 3008 ad
853 2966 1026 3006 aures
1060 2955 1291 3008 nostras
1338 2951 1558 3008 clamor
1614 2952 2036 3009 monachorum

384 3042 580 3101 Sancti
602 3042 846 3098 Orientii
864 3042 1352 3097 commorantium
1378 3041 1437 3097 in
1460 3040 1741 3097 suburbio
1764 3041 2033 3107 civitatis,

386 3116 743 3205 pro'injuria
774 3147 954 3203 quam
986 3130 1112 3185 loco
1154 3129 1388 3185 illorum
1446 3129 1657 3186 inferre
1703 3130 1905 3185 niteris
1962 3130 2032 3186 de

383 3218 714 3277 ccemeterio
763 3224 925 3276 extra
981 3236 1156 3274 usum
1223 3218 1477 3291 antiquas
1537 3219 2026 3275 consuetudinis:

382 3328 500 3366 non
526 3310 682 3366 enim
718 3308 987 3365 meliores
1018 3325 1227 3363 sumus
1249 3324 1428 3379 quam
1457 3311 1652 3379 patres
1675 3307 2033 3373 nostri.Qua-

382 3404 621 3472 propter
650 3398 757 3454 tibi
789 3397 1120 3453 mandanus
1151 3400 1325 3467 atque
1356 3395 1465 3451 sub
1490 3396 1832 3451 auctoritate
1852 3394 1951 3450 Dei
1974 3400 2033 3451 et

381 3488 569 3543 sancti
602 3486 753 3542 Petri
786 3491 846 3542 et
875 3489 1075 3540 nostra
1131 3483 1508 3556 praecipimus
1567 3487 1632 3538 ut
1687 3483 2029 3555 praedictum

381 3575 802 3633 monasterium
836 3573 1001 3630 novis
1029 3572 1258 3644 legibus
1298 3576 1354 3627 et
1392 3572 1675 3628 inauditis
1715 3578 2028 3628 consuetu-

380 3666 617 3721 dinibus
648 3663 708 3719 in
727 3662 890 3719 nullo
921 3662 1181 3728 infestos,
1212 3662 1271 3717 in
1301 3661 1460 3717 nullo
1491 3661 1789 3726 molestos,
1818 3666 1935 3717 tam
1974 3664 2026 3715 in

378 3754 705 3811 ccemeterio
728 3770 904 3825 quam
920 3752 979 3807 in
996 3751 1126 3807 aliis
1148 3752 1324 3807 rebus
1337 3751 1407 3807 ad
1430 3751 1624 3823 ipsum
1647 3749 1841 3805 locum
1862 3750 2029 3821 perti-

380 3841 1069 3899 nentibus.Decernimus
1091 3839 1289 3911 itaque
1312 3840 1592 3895 canonica
1621 3843 1678 3894 et
1707 3839 2029 3910 apostolica

379 3933 721 3988 auctoritate
737 3935 804 3987 ut
816 3930 976 3985 nulla
991 3928 1233 3984 ecclesia
1245 3928 1526 3984 terminos
1542 3931 1793 3983 statutos
1810 3945 1840 3982 a
1856 3927 2031 3982 Patri-

378 4022 489 4077 bus
518 4021 733 4077 audeat
759 4018 1315 4075 transire.Undevos
1344 4018 1659 4072 admonere
1680 4016 1952 4072 volumus
1972 4020 2029 4071 et

377 4110 751 4182 praecipimus
769 4112 836 4162 ut
863 4107 1016 4178 quod
1037 4121 1223 4176 usque
1245 4105 1417 4160 modo
1443 4122 1558 4160 non
1582 4104 1896 4175 habuistis,
1921 4121 2025 4160 nec

378 4199 531 4253 intra
545 4197 752 4253 urbem
768 4210 872 4249 nec
895 4192 1253 4258 extra,vobis
1276 4193 1494 4263 injuste
1522 4192 1618 4247 vin
1630 4192 2027 4249 dicetis.Scili-

377 4290 466 4341 cet
490 4286 647 4340 sicut
676 4283 787 4338 fuit
826 4281 1222 4337 cmmeterium
1281 4281 1645 4352 temporibus
1694 4286 2025 4339 antecesso-

376 4389 508 4428 rum
540 4369 984 4435 vestrorum,ita
1003 4373 1344 4442 permaneat
1362 4367 1421 4423 in
1456 4370 1737 4425 saeculum
1760 4370 1819 4426 in
1865 4374 2023 4428 futu-

377 4477 529 4516 rum.

1100 4546 1283 4602 XCIX.

376 4639 430 4695 S.
464 4639 571 4696 Leo
600 4639 667 4695 IX
690 4637 978 4708 conﬁrmat
1012 4636 1393 4708 fundationem
1418 4638 1746 4707 percetebris
1784 4638 2016 4695 abbatis:

802 4709 856 4764 S.
888 4709 1076 4764 Maria
1105 4708 1252 4780 apud
1287 4708 1577 4765 Santones.

585 4795 590 4798 '
722 4851 730 4852 ί
812 4851 819 4852 7
903 4850 939 4852 7_
986 4780 1175 4852 (Anno
1210 4781 1397 4852 1054.)

679 4851 842 4924 (Gali.
879 4850 1079 4907 Christ.
1114 4851 1184 4919 II,
1218 4851 1521 4915 Instrum.,
1558 4850 1703 4918 481.]

442 4943 681 4999 Hectore
712 4940 976 4997 omnium
1009 4940 1312 4995 ordinante
1344 4938 1480 5007 Deo,
1516 4940 1629 4994 Lso
1661 4940 2012 5012 egn,Roma-

371 5049 459 5089 nae
489 5032 647 5089 sedis
677 5047 848 5103 papa.

440 5124 768 5178 Innotescat
795 5117 925 5175 volo
957 5117 1232 5173 omnibus
1262 5115 1556 5192 catholica:
1595 5117 1864 5173 Ecclesiae
1890 5117 2012 5173 cul-

370 5212 597 5267 toribus
628 5208 783 5282 quod
827 5206 1141 5275 Goil‘ridus,
1201 5222 1395 5261 comes
1448 5206 1905 5279 Andegavensis,
1956 5211 2013 5263 et

367 5301 560 5373 Agnes
591 5296 891 5355 comitissa
921 5295 1115 5353 locum
1146 5296 1204 5352 S.
1240 5294 1434 5351 Mariae
1461 5294 1877 5351 Sanctonensis
1907 5312 2014 5352 caa-

368 5388 545 5455 nobii,
573 5387 728 5460 quod
763 5386 1162 5442 monachabus
1193 5384 1337 5440 inibi
1369 5384 1480 5440 sub
1510 5383 1664 5439 beati
1715 5381 2011 5440 Benedicti

368 5476 571 5550 regula
599 5476 948 5548 degentibus
979 5475 1095 5532 Deo
1116 5475 1320 5531 devote
1349 5473 1759 5541 fundaverunt,
1810 5476 2013 5530 nostra

2050 4534 2099 4600 D

2216 2212 2411 2280 ianum
2480 2207 2887 2280 patriarcham,
2924 2207 3208 2280 adversus
3280 2208 3394 2279 ejus
3459 2217 3511 2265 et
3595 2207 3796 2264 Leonis

2215 2279 2477 2335 Acridani
2497 2280 2733 2351 episcopi
2762 2279 3047 2334 inauditas
3073 2280 3528 2350 praesumptiones
3573 2288 3632 2335 et
3688 2281 3791 2336 ni-

2212 2353 2356 2406 mias
2383 2353 2650 2406 vanitates
2679 2351 2849 2423 (215).

2217 2456 2331 2511 Leo
2380 2457 2676 2529 epicopus,
2733 2473 2935 2513 servus
2984 2472 3287 2512 servorum
3343 2455 3467 2523 Dei,
3498 2455 3784 2511 Micmni

2148 2545 2810 2617 Constantinopolitano,
2842 2550 2898 2601 et
2927 2546 3099 2601 Lsom
3124 2545 3430 2613 Acridano,
3479 2543 3791 2617 episcopis.

2221 2633 2262 2688 Ι.
2298 2635 2361 2689 1η
2408 2638 2558 2689 terra
2583 2650 2698 2706 pax
2726 2634 3035 2690 hominibus
3077 2636 3236 2691 bona?
3290 2634 3603 2690 voluntatis
3638 2633 3791 2704 (Luc.

2148 2724 2212 2789 η)
2233 2722 2581 2793 Hujusmodi
2615 2723 2913 2779 exordium
2946 2723 3147 2778 docuit
3172 2738 3281 2778 nos
3324 2721 3471 2777 illud
3524 2721 3793 2778 Domini-

2146 2828 2281 2866 cum
2308 2830 2321 2866 :
2351 2812 2415 2866 In
2444 2828 2825 2884 qmzrrzcunque
2849 2811 3069 2867 domum
3088 2815 3187 2867 aut
3215 2813 3493 2867 civitatem
3546 2812 3793 2867 intrave-

2145 2901 2289 2967 ritis,
2321 2903 2565 2971 primum
2594 2899 2788 2955 dicite:
2822 2905 2944 2955 Pas:
2963 2900 3094 2955 huic
3110 2899 3299 2955 domui
3316 2916 3338 2963 ,·
3367 2903 3419 2955 et
3445 2901 3498 2954 si
3517 2900 3597 2955 ibi
3617 2898 3799 2971 fuerit

2144 2989 2298 3059 ﬁlius
2322 2990 2496 3059 pacis,
2526 2990 2821 3059 requiescet
2847 3004 3012 3059 super
3034 2989 3197 3043 illum
3249 3005 3367 3060 pax
3420 2995 3643 3056 vestra;
3703 2988 3800 3043 sin

2147 3080 2347 3142 autem,
2381 3076 2450 3131 ad
2479 3093 2572 3132 vos
2600 3080 2899 3132 revertetur
2925 3077 3075 3144 (Luc.
3108 3078 3190 3147 ι.)
3224 3079 3287 3132 1η
3313 3091 3446 3149 pace
3472 3079 3675 3133 etenim
3705 3088 3801 3132 υοε

2064 3167 2106 3233 C
2142 3168 2284 3222 cavit
2315 3182 2413 3221 nos
2437 3167 2577 3221 Deus
2606 3166 2655 3233 (Ι
2681 3164 2800 3221 Cor.
2827 3166 2953 3237 vn),
2984 3167 3080 3238 qui
3125 3169 3203 3221 est
3245 3182 3361 3238 pan:
3414 3173 3640 3233 nostra;
3696 3167 3800 3238 qui

2141 3256 2273 3325 fecit
2301 3263 2529 3327 utraque
2556 3271 2749 3321 unum,
2782 3263 2835 3310 et
2878 3255 3096 3311 veniens
3151 3255 3549 3324 euangelizavit
3597 3268 3801 3326 pacm

2141 3344 2227 3399 his
2253 3346 2350 3415 qui
2377 3345 2553 3416 longe,
2586 3352 2636 3399 et
2666 3343 2753 3399 his
2783 3345 2881 3416 qui
2900 3360 3071 3416 prope
3099 3348 3257 3401 erant
3289 3343 3509 3415 (Ephes.
3546 3344 3629 3416 II)
3663 3360 3680 3399 :
3738 3348 3800 3400 et

2138 3432 2291 3487 inter
2321 3431 2604 3487 nonnulla
2625 3432 2806 3487 dixit:
2859 3434 3018 3489 Beati
3063 3434 3303 3505 paciﬁci,
3360 3434 3628 3505 quoniam
3679 3432 3800 3502 ﬁlii

2138 3521 2237 3575 Dei
2263 3522 2600 3576 vocabuntur
2645 3520 2851 3591 (Matth.
2907 3520 2986 3591 ν).
3048 3521 3304 3585 Quorum
3364 3522 3540 3593 pedes
3595 3519 3799 3578 Deilo~

2138 3625 2290 3680 quus
2324 3609 2506 3665 Isaias
2530 3608 2877 3677 admiratus,
2918 3609 3277 3682 proclamat:
3339 3612 3511 3679 Quam
3554 3612 3805 3683 speciosi

2136 3698 2294 3767 pedes
2324 3697 2819 3768 evangelz’zantium
2841 3713 3032 3770 pacem
3054 3704 3073 3752 .'
3092 3700 3219 3768 (Isa.
3250 3716 3327 3754 LII
3353 3717 3366 3767 ;
3401 3700 3640 3770 Rom.x.)
3698 3701 3792 3757 Ad

2139 3803 2315 3857 quam
2345 3802 2598 3859 magnus
2637 3786 2853 3843 Paulus
2884 3789 3264 3844 contestando
3313 3788 3398 3843 sic
3454 3787 3795 3860 discipulos

2139 3874 2519 3930 adhortatur:
2555 3876 2748 3931 Pacem
2778 3877 3083 3948 sequimini
3108 3892 3232 3932 cum
3260 3878 3591 3945 omnibus,et
3620 3892 3793 3933 sanc-

2136 3965 2441 4029 timoniam,
2452 3964 2565 4020 sine
2583 3981 2689 4036 qua
2700 3981 2858 4021 nemo
2870 3964 3074 4021 videbit
3083 3965 3647 4038 Deum(Hebr.xu).Et
3660 3983 3684 4021 :
3730 3964 3797 4023 Si

2135 4052 2260 4122 ﬁeri
2293 4056 2484 4124 potest,
2510 4053 2650 4125 quod
2679 4069 2749 4109 ex
2775 4054 2924 4111 vobis
2953 4062 3050 4123 est,
3072 4071 3197 4111 cum
3225 4057 3476 4111 omnibus
3534 4054 3790 4113 homini-

2136 4141 2235 4196 bus
2260 4157 2451 4213 pacem
2480 4142 2739 4199 habentes
2760 4143 2932 4215 (Rom.
2963 4144 3089 4213 xu).
3122 4144 3192 4198 Et
3247 4156 3483 4201 rursum
3511 4159 3524 4199 :
3585 4145 3795 4201 Pacem

2135 4228 2340 4299 habete,
2372 4235 2427 4287 et
2455 4233 2596 4287 Deus
2624 4231 2931 4288 dilectionis
2960 4235 3012 4287 et
3044 4233 3199 4303 pacis
3254 4234 3360 4287 erit
3404 4232 3688 4288 vobiscum
3719 4233 3797 4303 (11

2136 4317 2256 4375 Cor.
2290 4321 2475 4392 xvm).
2507 4320 2622 4376 Nec
2650 4319 2968 4388 immerito,
3000 4320 3227 4376 dicente
3274 4319 3580 4392 discipulis
3633 4321 3788 4389 suis,

2134 4407 2253 4463 imo
2285 4408 2560 4464 omnibus
2590 4407 2937 4464 Christianis
2967 4408 3093 4480 ipso
3124 4407 3371 4463 Domino
3397 4423 3410 4462 :
3440 4412 3648 4464 Pacem
3685 4424 3783 4465 re-

2134 4495 2325 4567 linquo
2354 4497 2524 4565 vobis,
2547 4512 2741 4568 pacem
2768 4511 2946 4552 meam
2974 4495 3041 4552 do
3068 4498 3217 4553 vobis
3265 4496 3424 4569 (Joan
3473 4500 3614 4565 xiv).
3646 4496 3790 4560 Qus

2131 4585 2336 4657 utique
2366 4602 2543 4657 quam
2576 4600 2856 4658 germano
2886 4588 2942 4640 et
2963 4584 3231 4642 unanimi
3259 4584 3492 4651 affectu,
3520 4589 3577 4641 et
3598 4585 3799 4641 indis-

2128 4670 2400 4729 solubilis
2422 4673 2653 4730 foederis
2676 4689 2827 4729 nexu
2859 4672 3161 4730 retinenda
3186 4673 3426 4741 sit,hinc
3447 4678 3640 4746 potest
3667 4672 3795 4730 colo

2125 4760 2163 4816 li
2170 4761 2227 4834 gi
2252 4763 2407 4834 quod
2430 4779 2554 4819 eam
2567 4761 2753 4829 ,ultim
2761 4778 2855 4818 am
2871 4760 3135 4818 cohmred
3145 4763 3277 4819 ibus
3288 4766 3344 4818 et
3356 4760 3798 4834 comparticipi-

2124 4851 2236 4906 bus
2252 4852 2399 4919 suis,
2414 4850 2574 4907 velut
2589 4850 2952 4907 hereditario
2975 4858 3030 4905 et
3045 4855 3321 4924 perpetuo
3335 4852 3468 4923 jure
3486 4860 3798 4905 commen-

2127 4940 2347 5009 datam,
2367 4940 2477 4996 sub
2508 4944 2861 4996 testamento
2877 4955 3011 4995 mox
3029 4955 3136 4995 suo
3153 4940 3437 5014 sanguine
3448 4935 3800 5010 subscripta

2130 5029 2501 5102 etpiamorte
2517 5028 3132 5101 confirmatoreliquit,
3167 5029 3336 5101 quasi
3358 5029 3607 5085 diceret:
3642 5026 3798 5082 Fraa

2124 5122 2244 5174 tres
2268 5121 2326 5173 et
2346 5116 2677 5174 cohairedes
2698 5118 2835 5184 mei,
2864 5116 3133 5189 relinquo
3153 5117 3318 5172 vobis
3347 5133 3414 5172 ex
3432 5114 3799 5190 patrimonio

2123 5210 2323 5262 nostro
2339 5210 2577 5276 sortem,
2597 5205 2980 5279 temporalem
3001 5204 3275 5262 videlicet
3302 5221 3510 5276 pacem
3535 5221 3549 5272 ;
3613 5218 3801 5277 quam

2121 5296 2170 5352 si
2193 5295 2479 5367 integram
2503 5294 3089 5351 etincontaminatam
3106 5293 3164 5349 in
3180 5295 3296 5350 fine
3317 5293 3464 5349 mihi
3481 5309 3801 5367 represen'

2122 5389 2253 5440 tave
2268 5382 2416 5447 ritis,
2450 5398 2644 5437 meam
2694 5386 2933 5455 sortem,
2965 5399 3166 5456 pacem
3216 5381 3442 5439 scilicet
3476 5383 3800 5457 sempiter-

2123 5487 2282 5541 nam,
2335 5469 2593 5541 adjungo
2651 5470 2835 5527 vobis.
2901 5473 3019 5529 Nec
3093 5471 3187 5528 his
3236 5474 3576 5539 contentus,
3641 5468 3802 5529 Patri

445 5634 595 5707 (2l5)
622 5634 766 5690 Vide
791 5634 947 5690 intra
969 5634 1027 5691 in
1052 5634 1372 5709 appendice
1403 5632 1713 5708 epistolam
1740 5629 2049 5691 Michaelis
2079 5624 2365 5689 Cerularii
2393 5629 2451 5684 et
2479 5627 2690 5693 Leonis
2716 5628 3012 5691 Acridani.
3088 5698 3093 5705 ε
