3974 6206
190 357 303 441 745

1164 381 1568 445 EPISTOLE
1610 382 1711 442 ET
1754 380 2116 444 DECRETA
2159 383 2626 447 PONTIFICIA.

3467 385 3587 446 ’ΠΒ

195 477 455 584 aequalis,
483 493 770 583 Patreque
797 511 1025 580 minor;
1059 529 1162 584 pro
1203 515 1312 570 hac
1345 516 1472 588 ipsa
1513 515 1740 572 Patrem
1787 514 1836 570 si
1865 513 1920 581 Α
1949 516 2217 587 gemebat
2246 519 2355 574 sub
2389 518 2662 590 periculis
2687 518 2746 573 in
2774 477 2939 574 falsis
2977 517 3276 584 fratribus,
3335 516 3588 574 revelata

193 601 554 673 deprecatur,
588 600 660 655 ad
692 599 924 656 Patrem
951 617 1148 670 suum,
1181 607 1236 658 et
1268 603 1493 660 Patrem
1546 609 1832 670 nostrum,

192 706 394 762 aquo
451 705 756 760 nunquam
826 689 1192 760 discesserat,
1251 693 1582 749 rediturus:
1644 697 1834 762 Pater,

189 794 318 851 quos
338 777 536 833 dedisti
566 779 855 844 mihi,volo
873 786 934 856 ut
960 781 1071 834 sint
1101 783 1442 851 unum,sicut
1471 789 1520 838 et
1549 798 1644 838 nos
1664 798 1836 838 unum

187 883 396 935 sumus,
426 871 477 921 et
505 869 618 922 sint
640 869 1006 923 consummati
1035 870 1094 923 in
1123 885 1300 924 unum
1329 870 1502 942 (Joan.
1535 873 1698 940 xvn).

256 955 323 1010 ΙΙ.
383 945 493 1012 Sed
562 958 650 1013 Vae
693 956 899 1012 mundo
964 975 997 1012 a
1051 957 1326 1014 scandatis
1383 959 1588 1032 (Matth.
1647 960 1832 1030 xvni),

188 1043 344 1120 quia,
373 1061 508 1102 cum
542 1061 687 1118 pene
717 1063 920 1102 omnes
952 1046 1175 1119 pagina
1211 1047 1416 1102 divinae
1463 1065 1570 1103 nos
1619 1047 1836 1120 pariter

187 1134 433 1191 invitent
465 1134 537 1189 ad
569 1134 787 1190 bonum
824 1135 1069 1192 unitatis
1099 1138 1155 1191 et
1183 1136 1365 1208 pacis,
1399 1142 1688 1208 quatenus
1737 1154 1834 1193 cor

186 1240 374 1278 unum
407 1228 466 1279 et
495 1223 690 1279 anima
720 1241 837 1280 una
853 1225 932 1280 sit
963 1225 1130 1280 nobis
1154 1225 1210 1280 in
1233 1243 1298 1282 co
1321 1227 1418 1297 qui
1445 1225 1750 1282 unanimes
1771 1228 1831 1282 in

187 1313 362 1368 domo
392 1329 520 1382 sua,
556 1329 681 1384 quas
712 1317 800 1370 est
827 1313 1118 1370 catholica
1148 1314 1420 1382 Ecclesia,
1453 1315 1716 1371 habitare
1745 1316 1830 1372 fa-

185 1401 283 1468 cit,
318 1402 560 1457 existere
589 1405 786 1457 tamen
839 1402 1144 1470 hactenus,
1206 1407 1263 1458 et
1318 1404 1576 1459 existunt
1633 1404 1831 1461 miseri

183 1490 470 1559 homines,
504 1507 631 1558 sua,
667 1507 781 1546 non
815 1508 943 1563 quze
988 1496 1126 1547 sunt
1181 1492 1322 1548 Jesu
1377 1493 1616 1560 Christi,
1672 1510 1828 1566 qure-

180 1582 375 1635 rentes
405 1578 635 1652 (Philip.
673 1580 753 1652 1|),
787 1595 890 1652 per
914 1580 1112 1636 omnia
1168 1581 1457 1638 militibus
1514 1581 1828 1638 Dominum

181 1667 380 1740 gloriae
412 1668 890 1742 cruciﬁgentibus
921 1670 1249 1742 nequiores.
1278 1671 1364 1726 Illi
1396 1671 1688 1743 siquidem
1711 1688 1830 1727 cor-

180 1755 449 1828 ruptibili
481 1757 687 1828 tunica
718 1757 926 1829 ipsius,
946 1759 1085 1830 quia
1113 1759 1484 1816 inconsutilis
1505 1763 1563 1815 et
1579 1760 1831 1831 desuper

179 1835 454 1947 contexta
482 1850 607 1947 erat
637 1862 741 1920 per
796 1848 1002 1947 totum,
1063 1853 1464 1920 pepercerunt,
1517 1849 1823 1947 dicentes:
1857 1883 1905 1947 B

176 1935 302 1988 Non
354 1933 664 1989 scindamus
721 1949 840 1988 eam
915 1934 1096 2005 (Joan.
1174 1936 1315 2006 xix),
1381 1935 1636 2007 quadam
1710 1935 1824 1990 uti-

177 2037 294 2092 que
334 2021 654 2100 reverentia
684 2021 956 2078 admirati
987 2026 1044 2078 et
1073 2024 1328 2080 textricis
1360 2023 1722 2096 diligentiam
1771 2028 1828 2080 et

177 2110 371 2183 operis
400 2110 776 2184 elegantiam.
818 2111 916 2167 Isti
947 2128 1079 2167 vero
1111 2112 1538 2184 incorruptibili
1559 2105 1826 2170 chiritati

175 2200 329 2272 ejus,
365 2216 481 2270 qua
509 2199 696 2255 nnivit
713 2200 1054 2269 Ecclesiam,
1074 2204 1139 2256 ut
1158 2201 1454 2257 exhiberet
1471 2201 1583 2258 sibi
1604 2206 1824 2258 vestem

173 2287 518 2360 gloriosam,
551 2305 667 2344 non
711 2288 1024 2345 habentem
1084 2290 1375 2346 maculam
1435 2294 1535 2346 aut
1593 2307 1822 2362 rugam,

170 2377 396 2449 impias
427 2381 484 2434 et
511 2365 822 2450 sacrilegas
851 2394 1062 2434 manus
1092 2379 1164 2434 ad
1196 2379 1645 2436 discindendum
1694 2398 1822 2436 cru-

172 2467 393 2522 deliter
417 2466 709 2539 injiciunt,
738 2465 970 2540 linguas
991 2467 1401 2540 magniloquas
1422 2472 1478 2524 et
1499 2469 1729 2526 dolosas
1752 2471 1823 2525 ad

168 2556 629 2612 confodiendam
643 2555 806 2612 illam
826 2560 1144 2625 exacuunt;
1163 2557 1330 2613 nihili
1344 2559 1662 2629 pendentes
1683 2559 1824 2614 inef-

165 2645 337 2702 fabili
361 2648 421 2701 et
449 2644 687 2717 speciali
707 2645 952 2702 artiﬁcio
975 2650 1269 2707 coaeternaa
1289 2647 1402 2703 Deo
1422 2647 1577 2702 Patri
1599 2647 1824 2719 sapien-

163 2735 256 2792 tiae
290 2739 664 2808 compactam
694 2739 753 2790 et
772 2739 1119 2803 contextam,
1149 2752 1252 2790 nec
1285 2735 1542 2791 humano
1565 2736 1822 2807 ingenio,

162 2840 268 2902 seu
292 2811 791 2900 philosophorum
813 2824 1170 2896 syllogismis
1184 2829 1284 2880 aut
1309 2826 1824 2897 argumentationi-

157 2913 276 2970 bus
310 2904 626 2970 oonsutam
657 2931 670 2969 :
707 2913 882 2968 Stulta
911 2915 1059 2968 enim
1086 2913 1283 2969 mundi
1331 2915 1491 2986 elegit
1550 2916 1706 2984 Deus,
1763 2919 1823 2971 ut

153 3003 474 3075 con/undat
501 3005 775 3075 sapientes
806 3002 851 3073 (ι
881 3001 1002 3058 Cor.
1039 3004 1100 3071 ι).
1133 3002 1331 3075 Neque
1361 3004 1517 3060 enim
1548 3021 1651 3076 per
1692 3004 1822 3060 rhe-

153 3097 321 3150 tores
343 3096 407 3148 et
434 3091 731 3168 sophistas
761 3089 992 3162 collegit
1016 3091 1354 3162 piscatores,
1377 3093 1478 3148 sed
1510 3109 1612 3164 per
1640 3092 1823 3164 pisca-

151 3188 322 3252 tores
357 3184 422 3236 et
443 3179 738 3252 simplices
759 3179 1020 3252 piscatus
1043 3184 1131 3238 est
1149 3181 1445 3252 sopbistas
1466 3184 1522 3237 et
1542 3185 1819 3249 oratores,

151 3243 327 3352 quia,
366 3269 525 3327 sicut
553 3243 816 3344 egregius
838 3268 1054 3324 Paulus
1085 3243 1262 3325 dicit:
1295 3272 1411 3326 Non
1459 3275 1538 3326 est
1594 3273 1651 3325 in
1709 3243 1820 3327 ser;
1852 3243 1894 3317 Ο

148 3379 326 3434 mone
356 3375 594 3431 regnum
623 3361 741 3426 Dei,
771 3358 862 3414 sed
887 3360 946 3412 in
974 3360 1174 3414 virtute
1202 3358 1252 3430 (Ι
1280 3360 1398 3415 Cor.
1433 3359 1534 3430 ιν).

231 3452 334 3508 ΙΙΙ.
369 3449 592 3506 Verum
623 3447 928 3504 erubescat
952 3450 1008 3502 et
1037 3447 1430 3504 contundatur
1467 3449 1651 3520 impia
1704 3449 1820 3507 hm-

153 3541 341 3610 resis,
376 3537 753 3610 impudenter
780 3535 1018 3592 inhians
1049 3535 1290 3592 sectioni
1321 3541 1496 3608 atque
1548 3538 1822 3594 divisioni

151 3626 517 3698 insecabilis
548 3623 1003 3701 etindivisibilis
1033 3625 1298 3696 unitatis,
1358 3625 1710 3683 recla’mante
1765 3633 1823 3685 et

146 3718 548 3791 repugnante
573 3731 686 3770 non
714 3712 904 3770 solum
929 3712 1116 3785 ipsius
1147 3714 1390 3770 unitatis
1436 3720 1665 3782 natura,
1721 3717 1822 3773 sed

146 3807 350 3863 etiam
373 3804 650 3858 humanae
674 3802 966 3876 sapientiae
989 3803 1341 3874 conjectura.
1360 3803 1669 3859 Discedant
1689 3821 1823 3876 ergo

143 3893 385 3968 perﬁdi
422 3890 598 3957 corvi,
621 3889 799 3958 milvi,
827 3889 1108 3958 vultures,
1133 3894 1190 3946 et
1209 3907 1574 3964 quascunque
1601 3891 1824 3949 laniatu

139 3985 238 4040 vel
268 3984 487 4039 morte
517 3979 706 4036 aliena
734 3985 1056 4052 pascuntur
1086 3996 1238 4036 aves.
1272 3979 1404 4036 Sola
1435 3981 1706 4037 columba
1752 3983 1824 4038 ad

142 4089 368 4131 arcam
403 4071 603 4126 redeat
633 4072 690 4125 et
718 4086 894 4141 super
923 4072 1099 4140 caput
1128 4068 1359 4125 Domini
1387 4070 1526 4126 Jesu
1559 4088 1824 4141 manens,

148 4167 366 4218 totum
401 4175 618 4231 corpus
648 4159 795 4229 ejus,
828 4157 984 4230 quod
1009 4161 1098 4214 est
1127 4157 1402 4226 Ecclesia,
1427 4158 1613 4224 uniat,
1637 4159 1828 4214 infun-

142 4237 253 4307 dat
287 4237 356 4306 et
401 4247 644 4319 repleat,
676 4247 1028 4322 unicamque
1073 4245 1404 4303 columbam
1461 4249 1532 4303 de
1589 4248 1827 4303 diversa;

141 4336 563 4412 professionis
595 4339 650 4391 et
681 4334 933 4391 nationis
981 4334 1322 4391 hominibus
1380 4339 1553 4408 atque
1610 4335 1828 4408 linguis

1946 603 2180 660 illorum
2211 605 2388 670 exitu,
2413 623 2514 677 per
2545 624 2610 662 os
2640 607 2792 662 beati
2822 606 3068 663 Joannis
3101 603 3349 678 apostoli
3407 606 3587 662 libere

1946 698 2335 765 protestetur:
2364 697 2446 750 En:
2474 697 2629 750 nobis
2663 698 2942 766 exierunt,
3002 695 3093 752 sed
3151 711 3262 750 non
3304 702 3466 751 erant
3519 709 3588 750 ex

1942 783 2118 838 nobis.
2151 783 2290 838 Nam
2318 785 2367 838 si
2395 786 2628 853 fuissent
2666 801 2734 839 ea:
2789 786 2964 850 nobis,
2992 785 3416 855 permansissent
3473 783 3589 838 uti-

1943 887 2046 942 que
2072 872 2351 927 nobiscum
2378 874 2427 941 (Ι
2441 874 2598 928 Joan.
2633 876 2715 940 ιι).
2744 873 2851 936 Qui
2873 872 3028 928 enim
3054 877 3257 944 pectus
3279 871 3585 941 columba,

1942 959 2098 1015 velut
2129 960 2406 1016 humores
2438 961 2598 1029 mali,
2632 960 2899 1016 solebant
2929 977 3212 1033 premere,
3241 965 3296 1017 et
3327 962 3399 1017 ad
3447 977 3588 1016 nau-

1944 1064 2102 1104 seam
2135 1047 2357 1119 jugiter
2403 1065 2734 1119 provocare,
2791 1048 3041 1118 alicujus
3097 1049 3449 1106 accessionis
3495 1048 3586 1106 vel

1941 1134 2263 1190 occasionis
2295 1135 2555 1207 impulsu
2581 1136 2820 1207 egressi,
2852 1137 2940 1191 vel
2989 1137 3176 1207 ejecti,
3235 1141 3335 1194 aut
3391 1137 3585 1209 potius

1941 1223 2142 1294 egesti,
2176 1224 2654 1294 comprobantur,
2684 1240 2813 1278 eam
2845 1223 3134 1291 relevare;
3190 1230 3363 1297 atque
3419 1226 3584 1284 bona

1937 1311 2287 1368 valetudinis
2320 1316 2538 1368 statum
2572 1329 2680 1368 sua
2700 1311 3056 1368 discessione
3084 1313 3272 1369 eidem
3292 1329 3581 1372 revocare.

1940 1401 2235 1472 Quotquot
2263 1406 2458 1458 autem
2484 1404 2696 1456 exeunt
2725 1400 2988 1471 redituri,
3019 1402 3258 1456 omnino
3285 1403 3358 1456 ab
3388 1418 3457 1457 ea
3485 1420 3583 1459 nep

1939 1494 2163 1560 queunt
2193 1489 2359 1546 avelli
2377 1495 2478 1545 aut
2502 1489 2737 1562 praecidi
2763 1494 2853 1557 ;et
2883 1490 2933 1544 si
2951 1489 3223 1545 videntur
3240 1490 3584 1561 aliquandiu

1940 1578 2125 1634 avulsi
2157 1585 2258 1634 aut
2290 1579 2520 1652 precisi,
2555 1579 2691 1650 quia
2719 1581 2877 1635 Novit
2931 1581 3072 1636 Deus
3130 1581 3227 1651 qui
3280 1583 3412 1635 sunt
3463 1580 3586 1650 ejus

1939 1669 2006 1738 (II
2039 1670 2170 1724 Tim.
2206 1669 2289 1738 ιι),
2325 1684 2427 1739 per
2455 1669 2626 1738 cujus
2659 1669 3233 1739 praedestinationem
3264 1672 3405 1724 sunt
3425 1669 3584 1725 intus

1938 1757 2062 1813 sine
2089 1773 2300 1821 errore,
2322 1757 2498 1812 etiam
2524 1757 2622 1828 qui
2646 1760 2927 1828 putantur
2948 1758 3086 1813 foris
3109 1775 3258 1826 esse,
3284 1762 3341 1814 et
3361 1774 3580 1826 errare;

1937 1863 2042 1902 nec
2073 1845 2226 1918 rapit
2255 1845 2571 1917 quisquam
2622 1846 2691 1901 de
2751 1862 2928 1901 manu
2988 1846 3197 1918 ipsius,
3260 1863 3407 1918 quos
3457 1848 3583 1917 jam

1937 1952 2177 2007 prorsus
2208 1939 2403 2007 raptos
2435 1935 2903 2005 suspicabamur.

2005 2024 2098 2078 IV.
2133 2025 2241 2080 Sed
2276 2042 2355 2080 vae
2413 2024 2725 2079 hominum
2784 2025 3069 2096 superbiae
3127 2029 3184 2081 et
3235 2027 3581 2098 arrogantis

1937 2112 2342 2186 [ignorantiae],
2376 2113 2476 2184 qui
2508 2114 2774 2168 membra
2793 2112 3160 2180 Antichristi,
3192 2117 3248 2169 et
3267 2131 3583 2185 praecurso-

1935 2219 2028 2259 res
2059 2204 2186 2273 ejus
2217 2203 2424 2269 effecti,
2459 2202 2558 2273 qui
2586 2206 2676 2257 est
2704 2219 2803 2258 rex
2831 2219 3010 2274 super
3065 2203 3368 2260 universos
3424 2203 3579 2260 ﬁlios

1934 2291 2241 2364 superbiae,
2259 2308 2372 2347 non
2395 2295 2627 2347 cessant
2646 2290 3000 2346 zizaniorum
3022 2295 3215 2363 pestes
3237 2293 3298 2347 in
3317 2293 3580 2348 medium

1933 2381 2110 2437 tritici
2143 2396 2436 2452 spargere,
2469 2384 2527 2435 et
2556 2395 2830 2446 messem,
2853 2380 2948 2435 cui
2969 2379 3201 2436 caeleste
3221 2385 3581 2452 praeparatur

1934 2470 2229 2538 horreum,
2266 2473 2553 2541 quantum
2585 2470 2643 2523 in
2677 2469 2761 2524 eis
2791 2473 2901 2537 est,
2933 2473 3198 2525 atterere.
3226 2469 3307 2525 De
3327 2485 3578 2541 quorum

1934 2557 2257 2631 periculoso
2285 2562 2543 2628 tempere
2576 2557 2823 2613 dilectus
2853 2559 3084 2613 Domini
3111 2558 3271 2630 virgo
3321 2559 3579 2615 Joannes

1930 2647 2112 2703 voluit
2143 2664 2249 2704 nos
2279 2647 2607 2702 instruere:
2662 2648 2868 2715 Filioli,
2926 2646 3222 2718 inquiens,
3277 2649 3581 2704 novissima

1932 2739 2067 2792 hora
2095 2740 2191 2804 est,
2225 2745 2275 2791 et
2303 2737 2442 2790 sicut
2499 2735 2738 2790 audistis
2794 2737 2928 2807 quia
2983 2736 3350 2792 Antichristus
3405 2738 3574 2805 ienit,

1931 2842 2079 2880 nunc
2107 2831 2288 2881 autem
2317 2825 2644 2880 Antichristi
2672 2825 2840 2879 multi
2863 2827 3004 2894 facti
3039 2833 3169 2880 sunt
3227 2826 3275 2896 (I
3301 2825 3457 2882 Joan.
3489 2825 3578 2897 ιι.)

1933 2915 2061 2970 Haec
2093 2913 2412 2969 novissima
2437 2912 2582 2968 hora
2611 2930 2646 2969 a
2701 2912 2890 2986 primo
2947 2914 3201 2970 adventu
3258 2913 3577 2970 Salvatoris

1933 3003 2204 3074 incoepta,
2238 3019 2425 3072 usque
2455 3003 2527 3057 ad
2561 3003 2882 3058 secundum
2940 3004 3069 3073 ejus
3119 3003 3436 3058 adventum
3490 3006 3578 3060 est

1933 3091 2352 3164 protendenda.
2388 3093 2521 3156 Quae
2554 3095 2695 3164 quot
2719 3091 3110 3148 Antichristos
3133 3093 3261 3162 jam
3309 3091 3580 3148 habuerit

1935 3185 2037 3236 aut
2064 3180 2362 3245 detexerit,
2394 3179 2582 3235 dicere
2613 3179 2745 3250 quis
2798 3180 3058 3251 poterit?
3114 3184 3193 3234 De
3249 3181 3466 3250 quibus
3522 3185 3580 3236 et

1933 3270 2145 3326 Doctor
2168 3269 2455 3341 gentium,
2485 3267 2772 3324 mirabilis
2804 3267 3038 3334 Paulus,
3062 3268 3329 3340 Ephesiis
3350 3270 3411 3324 in
3431 3269 3580 3325 Acti-

1931 3359 2042 3415 bus
2073 3357 2468 3429 apostolorum
2501 3357 2618 3413 ait:
2647 3359 2754 3425 Ego
2803 3359 2913 3412 scio
2972 3359 3231 3427 quoniam
3287 3360 3576 3415 intrabunt

1929 3452 2045 3520 post
2073 3447 2446 3502 discessionem
2474 3463 2654 3501 mcum
2684 3446 2801 3516 lupi
2830 3461 3019 3514 graves
3049 3447 3110 3500 in
3137 3462 3248 3510 vos,
3276 3462 3386 3501 non
3441 3463 3573 3516 par-

1930 3543 2104 3592 centes
2133 3537 2320 3607 gregi:
2353 3538 2401 3590 et
2430 3551 2499 3590 ex
2525 3535 2668 3589 vobis
2699 3535 2835 3601 ipsis
2866 3535 3283 3604 exsurgentviri
3301 3535 3575 3604 loquentes

1930 3641 2202 3698 perversa,
2265 3625 2346 3678 uti
2401 3622 2673 3679 abducant
2727 3623 3022 3693 discipulos
3055 3631 3178 3693 post
3206 3638 3262 3678 se
3291 3622 3426 3694 (Act.
3455 3624 3574 3695 xx).

1933 3714 2065 3781 Sed,
2101 3730 2132 3769 o
2162 3711 2406 3768 Domine
2434 3711 2594 3778 Jesu,
2638 3711 2877 3784 pervigil
2936 3712 3158 3778 Pastor,
3216 3716 3274 3767 et
3332 3712 3443 3767 Leo
3503 3712 3578 3768 de

1933 3802 2087 3859 tribu
2117 3802 2148 3858 J
2157 3802 2290 3868 uda,
2315 3801 2435 3872 qui,
2461 3801 2786 3855 secundum
2809 3799 3206 3866 Psalmistam,
3233 3817 3410 3872 super
3429 3800 3582 3872 aspi-

1934 3893 2067 3948 dem
2100 3895 2157 3946 et
2183 3889 2525 3946 basiliscum
2555 3888 2910 3956 ambulas,et
2938 3889 3244 3946 conculcas
3273 3889 3501 3946 leonem
3525 3892 3586 3945 et

1936 3982 2246 4036 draconem
2281 3980 2449 4052 (Psat.
2484 3980 2596 4051 xc),
2626 3979 2747 4048 jam
2779 3979 2839 4034 in
2871 3979 2985 4034 fine
3038 3978 3390 4035 saeculorum
3447 3994 3584 4034 oves

1935 4086 2161 4142 pascua:
2194 4073 2331 4139 tuae,
2350 4067 2527 4124 variis
2550 4067 2781 4124 insidiis
2803 4073 2860 4124 et
2881 4068 3038 4125 rabie
3059 4068 3586 4124 innumerabilium

1936 4159 2211 4230 luporum
2244 4158 2528 4214 hactenus
2560 4158 2765 4226 fessas,
2813 4158 3160 4214 miseranter
3217 4158 3468 4224 attende,
3529 4160 3588 4213 et

1936 4250 2160 4317 increpa
2180 4246 2332 4321 feras
2361 4246 2656 4302 arundinis
2687 4247 2854 4317 (Psal.
2889 4246 3084 4319 van),
3134 4263 3261 4318 quas
3313 4245 3583 4314 saeviunt,

1938 4335 3159 4406 etdentibusfrenduntsuperhumilitatem
3173 4335 3587 4397 Ecclesiastuis.

142 4429 483 4494 omnibus,
519 4425 688 4496 quasi
719 4424 789 4479 de
815 4423 1058 4480 diversis
1104 4425 1386 4481 membris
1441 4425 1675 4491 efﬁciat,
1736 4423 1828 4480 cui
1937 4425 2068 4482 fulti
2101 4428 2156 4480 et
2186 4425 2428 4496 protecti
2461 4425 2830 4491 arundineto,
2863 4425 2921 4479 id
2961 4430 3072 4494 est,
3133 4427 3434 4482 mundana
3489 4441 3589 4498 po-

139 4535 298 4575 voce
324 4514 590 4588 Capitis,
622 4513 773 4584 quod
805 4517 895 4569 est
920 4512 1047 4586 ipse
1076 4512 1366 4580 Christus,
1400 4514 1592 4570 dicat:
1621 4515 1735 4571 Una
1753 4517 1830 4570 est
1938 4517 2170 4580 testate,
2201 4513 2454 4569 exterius
2497 4513 2732 4585 quidem
2756 4514 2962 4582 nitida,
2985 4515 3084 4570 sed
3116 4515 3362 4572 interius
3382 4531 3586 4580 vacua,

139 4606 436 4665 columba
466 4620 607 4672 mea,
635 4589 878 4674 perfecta
904 4617 1045 4670 mea,
1079 4603 1432 4658 immaculata
1469 4619 1591 4659 mea
1647 4603 1829 4675 (Cant.
1862 4616 1908 4680 D
1941 4602 2061 4669 ubi,
2096 4603 2249 4658 sicut
2279 4602 2350 4657 ab
2384 4603 2619 4657 beatum
2650 4603 2760 4657 Job
2793 4603 2990 4658 divina
3016 4620 3153 4658 voce
3182 4604 3437 4659 dicitur:
3466 4607 3591 4660 Non

141 4699 228 4768 v).
267 4697 430 4762 Quae
462 4691 618 4750 enim
649 4707 881 4767 semper
919 4708 1034 4747 una.
1087 4695 1345 4760 vocatur,
1402 4697 1458 4747 et
1513 4696 1622 4760 est,
1682 4709 1832 4748 nun-
1941 4692 2120 4747 solum
2174 4707 2358 4746 omnes
2415 4692 2601 4748 bestiae
2659 4692 2790 4759 agri
2847 4690 3042 4745 ludunt
3090 4692 3204 4762 (Job
3231 4692 3345 4760 χιι),
3379 4694 3590 4746 cuncta

141 4801 352 4858 quam
391 4779 680 4837 dividitur
708 4785 810 4836 aut
841 4785 1110 4837 secatur:
1143 4797 1269 4852 quas
1312 4796 1544 4853 semper
1565 4783 1832 4852 perfecta,
1941 4780 2165 4838 scilicet
2179 4780 2350 4835 turba
2366 4779 2758 4850 malignorum
2782 4778 3094 4850 spirituum
3117 4779 3441 4834 secundum
3463 4778 3592 4833 libi-

135 4875 264 4930 hoc
301 4875 415 4928 est
447 4869 642 4942 plena,
676 4885 978 4940 nunquam
1012 4868 1302 4934 minuitur
1331 4875 1432 4925 aut
1479 4874 1830 4938 evacuatur;
1944 4875 2072 4927 tum
2103 4885 2280 4924 suum
2329 4867 2738 4935 debacchatur,
2798 4883 3002 4922 verum
3059 4865 3233 4921 etiam
3292 4865 3590 4931 Behemot,

137 4980 289 5035 quae
325 4975 577 5030 semper
597 4958 974 5026 immaculata,
1000 4973 1307 5029 nunquam
1327 4959 1722 5031 corrumpitur
1737 4964 1838 5015 aut
1946 4975 2148 5016 eorum
2181 4957 2382 5028 utique
2413 4955 2703 5027 princeps,
2737 4955 2951 5010 ibidem
2985 4955 3094 5010 sub
3126 4955 3336 5011 umbra
3374 4952 3598 5008 dormit

133 5048 538 5110 maculatur.
570 5045 878 5114 Quoniam,
911 5045 1019 5102 etsi
1051 5063 1476 5118 nonnunquam
1512 5049 1582 5102 ab
1615 5065 1682 5103 ea
1712 5047 1839 5119 ple-
1946 5049 2007 5104 in
2039 5051 2260 5104 secreto
2289 5045 2500 5102 calami
2529 5048 2586 5099 et
2625 5043 2768 5099 locis
2814 5043 3219 5112 humentibus,
3274 5060 3410 5102 cum
3468 5042 3597 5098 sine

135 5143 339 5216 rique
379 5136 468 5214 ita
490 5139 701 5192 exeunt
721 5139 785 5190 ut
805 5152 921 5191 non
942 5139 1328 5202 revertantur,
1353 5151 1468 5190 non
1495 5140 1688 5193 tamen
1713 5137 1840 5208 ejus
1950 5135 2565 5209 aliquainquietudine
2577 5133 3194 5190 velcontradictionein
3209 5132 3600 5206 superborum

131 5230 380 5286 unitas
408 5223 546 5279 inde
568 5223 939 5290 discinditur,
965 5226 1064 5279 aut
1081 5223 1357 5295 perfectio
1372 5224 1716 5295 minoratur,
1738 5242 1840 5281 seu
1951 5230 2006 5282 et
2031 5225 2391 5280 lubricorum
2424 5223 2697 5280 cordibus
2726 5221 3040 5294 requiescit
3071 5237 3333 5279 securus.
3384 5220 3601 5276 Catho-

128 5313 496 5391 virginitas
524 5310 790 5368 violatur.
816 5311 1297 5384 Quandoquidem
1319 5314 1585 5369 membra
1611 5315 1845 5372 corvina
1949 5315 2060 5370 lica
2110 5331 2242 5370 vero
2299 5312 2558 5369 Ecclesia
2623 5311 3040 5384 promissiones
3106 5314 3240 5366 tuas
3317 5310 3603 5374 retinens,

126 5405 400 5477 adhoc
438 5404 826 5470 revertuntur,
862 5405 927 5456 ut
953 5417 1060 5457 suo
1092 5399 1342 5472 corpori,
1378 5419 1410 5457 a
1440 5419 1554 5474 quo
1579 5404 1652 5460 ad
1694 5407 1840 5460 tem-
1953 5401 2214 5468 Domine,
2249 5401 2508 5472 quotidie
2547 5402 2759 5474 gaudet
2817 5399 3090 5471 compleri
3149 5399 3207 5454 in
3263 5400 3612 5459 doctoribus

126 5513 267 5571 pus
306 5490 690 5550 videbantur
718 5507 847 5548 esse
878 5490 1194 5562 disjuncta,
1226 5491 1754 5564 reincorporentur,
1785 5498 1842 5550 et
1955 5491 2078 5548 suis
2110 5490 2253 5545 illud
2285 5488 2630 5560 Sapientiae:
2680 5491 2982 5562 Fulgebunt
3024 5490 3188 5562 justi,
3245 5499 3301 5551 et
3348 5500 3614 5560 tanquam

119 5578 574 5664 integerrima
601 5583 944 5654 permaneat
973 5579 1246 5653 columba
1273 5579 1376 5638 illa
1405 5581 1597 5649 unica,
1636 5582 1731 5638 cui
1779 5599 1842 5639 se
1952 5580 2214 5638 scintilla"
2243 5581 2304 5636 in
2348 5577 2675 5634 arundinem
2723 5581 3029 5636 discurrerit
3077 5579 3206 5652 (Sap
3266 5589 3384 5657 ιιι),
3439 5582 3618 5648 atque

117 5671 597 5746 inoorporatos
625 5674 682 5724 et
709 5667 904 5725 unitos
936 5667 1082 5724 falso
1113 5668 1536 5742 gloriabantur.
1592 5670 1659 5727 Et
1715 5686 1841 5746 quae
1951 5671 2124 5730 vento
2173 5669 2422 5746 agitatas
2453 5666 2771 5729 arundines
2829 5669 3194 5728 comburent.
3259 5678 3436 5743 Tunc
3490 5666 3622 5724 ferae

524 5795 794 5885 Piraei,
833 5793 1098 5883 QXLIII.
3205 5800 3314 5894 εις
