3974 6206
430 363 549 426 ’147

1491 360 1556 419 S.
1601 356 1880 420 LEONIS
1925 356 2007 418 IX
2054 357 2282 420 ΡΑΡᾹΞ
2324 359 2760 423 OPUSCULA.

3727 371 3852 434 ’148

438 495 744 553 arundinis
764 493 982 566 pariter
1004 491 1372 559 interient,in
1395 492 2074 562 quibusestcongregatio
2104 492 2158 558 Α
2187 496 2411 560 sanguis
2443 512 2550 547 non.
2582 496 2842 550 revelavit
2870 494 2997 562 tibi,
3028 494 3119 550 sed
3152 495 3318 552 Pater
3347 514 3502 555 meus
3523 517 3622 572 qui
3655 513 3735 560 est
3796 511 3850 562 in

437 589 722 640 taurorum
747 583 916 654 (Psal.
951 582 1143 652 van),
1170 584 1352 636 cretus
1381 579 1649 634 videlicet
1671 579 2075 634 bzeresiarcha-

437 689 569 728 rum
601 671 885 727 cervicoso
917 671 1130 726 ducatu
1164 674 1294 742 post
1324 687 1385 725 se
1433 667 1789 723 trahentium
1846 685 2073 731 vaccas,

434 762 494 816 id
526 764 633 826 est,
665 759 1167 823 lascivasanimas
1197 757 1570 831 populorum,
1605 762 1670 812 ut
1707 757 1805 828 qui
1850 757 2074 827 probati

437 853 576 905 sunt
604 853 866 922 argento,
897 848 1300 916 excludantur,
1336 847 1556 902 scilicet
1584 845 1816 918 perfecti
1867 846 1923 900 in
1957 846 2073 901 elo-

437 937 592 1011 quiis
622 938 835 994 divinis
857 943 914 994 et
933 937 1168 994 stabiles
1199 938 1256 992 in
1285 937 1396 992 ﬁde
1423 939 1758 1008 appareant,
1784 935 2079 989 emineant

434 1027 523 1084 vel
556 1028 1024 1083 manifestentur.
1059 1031 1311 1098 Argento
1339 1025 1554 1096 quippe
1594 1023 1825 1094 eloquia
1882 1023 2077 1077 divina

437 1116 865 1190 signiﬁcantur,
898 1119 962 1170 ut
990 1117 1142 1169 idem
1172 1113 1478 1170 Psalmista
1534 1116 1812 1166 testatur:
1848 1112 2077 1181 Eloquia

436 1207 680 1276 Domini,
709 1207 924 1276 eloquia
951 1213 1116 1272 casta,
1177 1211 1461 1274 argentum
1519 1204 1643 1270 igne
1679 1203 2078 1256 'examinatum

440 1296 612 1367 (Psal.
651 1295 880 1366 x1).Per
937 1293 1334 1349 exclusionem
1381 1296 1597 1357 autem,
1633 1295 1941 1362 argentum
1991 1287 2079 1343 vel

440 1401 650 1440 aurum
710 1384 965 1455 quodam
1025 1382 1266 1437 artificio
1328 1379 1672 1451 subrigitur,
1727 1380 1984 1434 elevatur
2025 1384 2080 1434 et

441 1473 804 1545 exprimitur,
836 1477 902 1526 ut
925 1477 1161 1544 repente
1185 1471 1449 1525 videatur
1479 1486 1832 1540 respersum,
1858 1474 1913 1523 et
1940 1468 2076 1522 insi-

444 1561 678 1632 gnitum
711 1560 932 1615 decenti
967 1560 1312 1632 figuratione
1346 1559 1706 1613 diversorum
1741 1560 1949 1612 ﬂorum
1982 1561 2081 1611 aut

444 1649 793 1721 imaginum,
829 1650 978 1721 quod
1013 1649 1175 1720 prius
1205 1648 1428 1703 humile
1463 1647 1695 1716 jaeebat
1727 1651 1784 1701 et
1817 1646 2076 1717 planum.

445 1739 608 1804 Quod
637 1741 824 1794 totum
853 1737 1085 1793 brevius
1105 1742 1162 1792 et
1181 1737 1393 1792 clarius
1413 1736 1492 1791 sic
1515 1735 1809 1807 eloquitur
1831 1751 2080 1806 magnus

445 1827 703 1882 Paulus:
740 1828 954 1898 Oportet
979 1827 1203 1881 haereses
1227 1842 1353 1891 esse,
1401 1830 1461 1879 ut
1517 1827 1615 1896 qui
1664 1824 1880 1895 probati
1932 1826 2078 1890 sunt,

444 1916 727 1984 mani/esti
753 1916 892 1984 ﬁant
922 1917 980 1968 in
1008 1915 1156 1969 vobis
1190 1917 1238 1983 (1
1259 1915 1377 1968 Cor.
1414 1916 1514 1984 x1).
1545 1913 1679 1980 Sed,
1737 1930 1768 1966 0
1830 1911 2086 1984 maligna

444 2003 704 2071 haeresis,
740 2019 852 2058 non
881 2002 1013 2058 inde
1035 2003 1138 2056 tibi
1156 2002 1497 2066 blandiaris,
1523 2003 1675 2072 quod
1701 2001 1773 2056 ab
1789 2001 2084 2072 Apostolo,

451 2093 665 2164 Oportet
695 2093 926 2148 hwreses
957 2108 1090 2160 esse,
1154 2092 1430 2147 audieris.
1492 2091 1716 2146 Etenim
1774 2090 1831 2144 in
1886 2094 2086 2144 sancto

445 2180 754 2254 Evangelio
786 2181 1070 2236 Dominus
1129 2186 1329 2236 noster
1389 2180 1566 2234 dicit:
1626 2181 1840 2234 Necesse
1891 2184 1971 2234 est
2029 2182 2087 2231 ut

443 2271 668 2326 veniant
696 2269 994 2331 scandala;
1027 2273 1398 2325 verumtamen
1431 2284 1511 2323 rw
1541 2268 1753 2322 homini
1780 2283 1876 2338 per
1933 2281 2088 2337 quem

443 2359 763 2415 scandalum
819 2359 1008 2413 venit!
1067 2358 1272 2428 (Matth.
1333 2360 1518 2423 xvm.)
1576 2356 1793 2427 Nempe
1841 2371 1954 2409 non
2001 2358 2087 2409 est

451 2447 670 2502 frustra
701 2447 760 2500 in
792 2447 1023 2500 fornace
1053 2445 1312 2500 aurificis
1343 2445 1528 2516 palea,
1562 2445 1699 2514 quia
1728 2461 1937 2499 aurum
1971 2459 2085 2498 non

447 2538 754 2607 purgatur,
787 2535 835 2590 si
869 2535 1036 2606 palea
1065 2551 1178 2589 non
1213 2538 1435 2590 uratur.

517 2623 584 2677 V.
617 2623 748 2678 Haec
777 2626 833 2678 et
861 2622 975 2677 alia
1001 2621 1217 2677 similia
1237 2622 1330 2677 his
1361 2639 1493 2677 cum
1528 2638 1672 2693 pene
1701 2639 1904 2678 omnes
1937 2623 2085 2678 sacri

445 2712 662 2784 eloquii
687 2711 913 2784 paginae
945 2715 1145 2766 contra
1166 2712 1563 2783 impudentem
1588 2712 1880 2766 vesaniam
1919 2713 2087 2766 haere-

446 2802 699 2856 ticorum
731 2804 1095 2871 concrepent,
1126 2800 1499 2855 vehementer
1519 2800 2008 2872 obstupeseimus,
2033 2805 2088 2854 et

446 2889 722 2961 lacrymis
755 2888 1056 2944 cbaritatis
1079 2888 1437 2961 plangimus,
1457 2890 1538 2944 sic
1560 2891 1882 2945 edormisse
1904 2889 2089 2944 Eccle-

448 2979 547 3034 siae
578 2978 928 3044 sacerdotes,
962 2982 1250 3049 quatenus
1273 2979 1370 3049 qui
1389 2979 1487 3034 Dei
1507 2980 1822 3034 debuerant
1845 2995 1972 3034 esse
1993 2979 2090 3034 ad-

443 3069 686 3140 jutores,
721 3083 837 3123 non
868 3066 1213 3123 exhorreant
1241 3085 1441 3123 eorum
1475 3068 1596 3122 fieri
1626 3084 1903 3139 sequaces
1946 3085 2086 3140 quo-

448 3173 580 3212 rum
612 3156 956 3212 memoriam
987 3173 1121 3211 cum
1171 3157 1365 3212 sonitu
1426 3157 1688 3228 periisse,
1721 3162 1778 3212 et
1829 3157 2087 3212 civitates

2185 584 2335 637 cwtis
2367 583 2580 651 (Matth.
2615 587 2750 653 xvi).

2257 671 2350 724 Vl.
2368 671 2488 726 Non
2512 687 2647 742 ergo
2670 673 3027 743 perpenditis
3050 679 3272 746 quanta
3292 677 3667 750 impudentia
3693 683 3845 740 dica-

2185 763 2280 814 tur
2315 759 2496 822 Pater,
2531 761 2628 831 qui
2657 765 2745 815 est
2774 761 2832 815 in
2861 761 3042 829 caelis,
3077 765 3458 824 abscondisse
3490 786 3524 824 a
3576 771 3841 844 principe

2187 847 2607 920 apostolorum,
2641 849 2824 917 Petro,
2849 850 3098 919 cultum,
3124 853 3244 910 sive
3276 856 3454 912 ritum
3475 857 3732 916 visibilis
3757 879 3842 917 sa-

2188 936 2415 1003 crificii,
2460 955 2560 1008 per
2583 937 3082 1010 dispensationem
3105 942 3404 1015 Unigeniti
3436 946 3549 1015 sui,
3587 949 3686 1002 cui
3742 967 3839 1022 per

2189 1025 2569 1095 semetipsum
2598 1025 2938 1097 plenissime
2970 1029 3221 1086 revelare
3254 1031 3533 1105 dignatus
3579 1042 3672 1091 est
3698 1036 3839 1094 illud

2187 1113 2476 1168 ineffabile
2507 1131 2784 1170 arcanum
2837 1116 3146 1173 invisibilis
3191 1119 3515 1178 divinitatis
3574 1126 3836 1195 ejusdem

2191 1202 2315 1256 Filii
2352 1203 2462 1269 sui,
2497 1207 2561 1257 Et
2590 1205 2681 1258 cui
2718 1221 2831 1258 non
2863 1222 2964 1276 per
2994 1207 3291 1279 angelum,
3321 1227 3426 1266 nec
3457 1229 3560 1284 per
3586 1216 3838 1288 prophe-

2189 1297 2328 1357 tam,
2355 1293 2450 1345 sed
2485 1293 2715 1362 proprio
2747 1309 2863 1359 ore,
2898 1293 3022 1364 ipse
3056 1297 3339 1354 Dominus
3380 1302 3728 1372 angelorum
3787 1309 3842 1359 et

2190 1380 2605 1451 prophetarum
2649 1383 2731 1436 sic
2790 1384 3144 1454 repromittit
3186 1387 3244 1441 in
3295 1391 3718 1459 sequentibus:
3779 1394 3840 1447 Et

2189 1485 2282 1538 ego
2311 1469 2428 1523 dico
2457 1470 2576 1536 tibi,
2611 1473 2741 1540 quia
2773 1475 2831 1525 tu
2863 1489 2916 1526 es
2947 1477 3164 1537 Petrus,
3192 1481 3243 1530 ct
3271 1493 3433 1548 super
3458 1479 3595 1532 hanc
3618 1489 3841 1550 petram

2193 1558 2475 1627 aediﬁcabo
2505 1559 2811 1614 Ecclesium
2841 1578 3017 1616 meam
3049 1563 3252 1634 (Ibid.),
3311 1564 3465 1621 illius
3497 1567 3666 1638 capiti
3728 1585 3842 1624 vos

2192 1647 2449 1718 satagitis
2481 1647 2824 1704 subtrahere
2853 1649 3147 1707 Christum
3178 1653 3406 1722 Jesum,
3437 1660 3638 1728 praeter
3658 1673 3838 1728 quem

2192 1752 2361 1790 nemo
2394 1741 2583 1806 potest
2616 1737 2928 1793 universali
2959 1740 3226 1796 Ecclesia:
3253 1742 3410 1798 aliud
3440 1761 3655 1817 ponere
3707 1745 3840 1800 fun-

2192 1824 2532 1878 damentum
2568 1826 2756 1892 (lCor.
2775 1831 2880 1894 ιιι).
2900 1829 3058 1893 Quod
3086 1831 3286 1902 utique
3303 1833 3722 1890 devotissimus
3745 1833 3840 1890 ille

2197 1914 2399 1968 Petrus
2427 1930 2538 1967 non
2554 1915 2743 1968 solum
2768 1915 2982 1983 vivens,
3001 1919 3100 1972 sed
3124 1919 3297 1976 etiam
3323 1921 3581 1978 moriens
3594 1916 3843 1980 demon-

2197 2002 2389 2066 travit,
2414 2003 2646 2073 quando
2681 2003 2862 2058 nimia
2895 2005 3219 2063 humilitate
3250 2014 3305 2064 et
3335 2026 3593 2081 congrua
3615 2012 3845 2083 signiﬁ-

2195 2090 2421 2180 catione
2451 2108 2511 2145 se
2543 2091 2802 2164 cruciﬁgi
2832 2093 3102 2150 deorsum
3131 2113 3289 2152 verso
3347 2099 3535 2169 capite
3589 2099 3803 2170 petivit
3831 2119 3845 2167 ;

2198 2179 2452 2249 profecto
2479 2180 2673 2235 divina
2705 2181 3076 2252 inspiratione
3107 2185 3482 2256 praeﬁgurans
3519 2203 3654 2242 sese
3708 2204 3845 2244 esse

2196 2267 2451 2336 primum
2485 2273 2541 2322 et
2573 2269 2861 2340 quadrum
2894 2271 3140 2343 lapidem
3160 2272 3219 2326 in
3245 2273 3655 2342 fundamento,
3683 2277 3843 2346 quod

2196 2358 2286 2409 est
2313 2355 2574 2411 Christus
2603 2358 2630 2412 J
2641 2374 2796 2424 esus,
2829 2359 3322 2432 compaginatum,
3357 2362 3744 2420 cohaerentem
3766 2369 3846 2420 at-

2197 2462 2308 2515 que
2338 2461 2698 2514 connexum;
2733 2448 2852 2518 qui,
2888 2454 3086 2520 utpote
3125 2450 3534 2521 superpositus
3575 2451 3842 2524 angulari

2195 2533 2397 2605 lapidi,
2426 2538 2613 2589 totum
2650 2536 2878 2606 pondus
2936 2536 3339 2594 ecclesiasticae
3373 2539 3602 2595 fabricae
3659 2542 3846 2597 incor-

2197 2621 2459 2694 ruptibili
2492 2623 2780 2678 soliditate
2809 2627 3171 2693 sulferret,ac
3211 2628 3430 2699 proprii
3470 2629 3681 2701 capitis
3704 2648 3840 2703 sup-

2197 2711 2480 2782 positione
2512 2713 2709 2767 omnia
2738 2715 3000 2770 membra
3030 2716 3290 2788 corporis
3312 2716 3528 2773 Christi
3552 2735 3654 2790 per
3675 2725 3843 2791 aptas

2197 2804 2254 2855 et
2283 2801 2574 2855 naturales
2606 2818 2936 2874 compages,
2959 2821 3145 2876 usque
3167 2806 3239 2860 ad
3272 2810 3844 2865 consummationem

2199 2890 2417 2957 saeuli,
2451 2892 2618 2961 quasi
2655 2908 2838 2962 usque
2869 2893 2938 2946 ad
2973 2894 3147 2964 pedes
3169 2896 3512 2963 crescentia,
3534 2897 3841 2954 inﬂexibili

2199 2977 2346 3033 collo
2379 2979 2447 3033 ad
2483 2978 2656 3035 caelos
2687 2980 3040 3037 sustolleret.

2270 3068 2390 3122 VII.
2427 3068 2645 3124 Taliter
2674 3075 2874 3124 sancta
2904 3070 3159 3126 Ecclesia
3188 3088 3367 3144 super
3391 3077 3638 3145 petram,
3669 3076 3729 3131 id
3761 3081 3850 3134 est

2200 3155 2494 3212 Christum
2526 3162 2582 3213 et
2612 3175 2788 3230 super
2809 3159 3062 3225 Petrum,
3079 3159 3165 3216 vel
3193 3161 3449 3234 Cepham
3467 3163 3658 3220 ﬁlium
3677 3165 3850 3223 Joan-

447 3245 770 3302 destructas
792 3246 1006 3301 vident.
1025 3247 1159 3301 Inde
1180 3251 1269 3302 est
1290 3245 1662 3315 totumillud,
1681 3247 1832 3318 quod
1851 3247 2084 3301 tandem
2118 3229 2160 3296 C
2201 3245 2314 3313 nis,
2345 3247 2442 3318 qui
2491 3247 2653 3318 prius
2692 3229 2901 3304 Simon
2958 3229 3290 3317 dicebatur,
3341 3252 3644 3321 aedificata,
3710 3256 3850 3328 quia

449 3350 586 3390 cum
615 3335 899 3390 indicibili
929 3335 1272 3391 contritione
1304 3340 1360 3390 et
1397 3335 1614 3408 gemitu
1648 3335 1840 3392 cordis
1880 3353 1946 3391 ac
1967 3353 2090 3391 cor-

450 3423 609 3495 poris
639 3424 1019 3489 ell’undimus,
1043 3424 1102 3478 in
1127 3440 1242 3496 quo
1273 3425 1470 3479 omnia
1516 3423 1739 3479 viscera
1800 3425 2091 3480 catholicae

451 3513 655 3568 matris
676 3513 1112 3582 concutiuntur,
1137 3513 1196 3567 in
1220 3530 1333 3584 quo
1364 3529 1566 3569 omnes
1589 3529 1795 3569 sensus
1815 3514 2092 3570 Christia-

450 3617 660 3658 norum
692 3602 1121 3670 obtunduntur,
1154 3602 1210 3657 in
1235 3619 1349 3674 quo
1372 3601 1682 3673 disciplina
1703 3602 2092 3659 ecclesiastica

447 3695 505 3746 et
535 3696 869 3748 sanctorum
898 3691 1060 3764 vigor
1089 3709 1378 3747 canonum
1413 3691 1790 3746 confunditur
1815 3707 1880 3746 ac
1911 3691 2092 3747 calca-

447 3784 560 3848 tur,
588 3781 726 3853 quia
755 3785 837 3850 tu,
871 3781 1214 3836 charissime
1245 3770 1432 3848 nobis‘,
1463 3786 1518 3836 et
1547 3781 1738 3835 adhuc
1771 3781 2010 3835 dicende
2031 3781 2090 3836 in

445 3866 674 3926 Christo
693 3871 870 3926 frater
889 3875 945 3925 et
965 3871 1208 3926 antistes
1229 3869 1885 3941 Constantinopolitano,
1910 3873 2091 3941 tuque

443 3961 555 4013 Leo
583 3959 890 4026 Acridane,
925 3957 1577 4028 dieiminiapostolicam
1611 3963 1666 4012 et
1699 3957 1962 4011 Latinam
1993 3957 2090 4011 Ec-

444 4045 683 4102 clesiam
701 4065 851 4103 nova
879 4046 1343 4118 presumptione,
1367 4051 1541 4116 atque
1573 4045 1896 4100 incredibili
1915 4047 2089 4100 auda-

443 4135 554 4203 cia,
587 4153 691 4191 nec
723 4136 986 4190 auditam
1008 4151 1112 4189 nec
1152 4134 1473 4187 convictam
1508 4133 1698 4204 palam
1753 4133 2084 4202 damnasse,

441 4238 545 4293 pro
567 4238 633 4277 eo
654 4223 909 4278 maxime
927 4223 1082 4292 quod
1105 4223 1175 4276 de
1196 4221 1414 4292 azymis
1435 4223 1645 4276 audeat
1665 4239 2085 4279 commemora-

437 4307 657 4363 tionem
689 4307 999 4363 Dominica:
1012 4307 1346 4380 passionnis
1360 4307 1664 4364 celebrare.
1681 4311 1823 4365 Ecce
1855 4311 2087 4368 incauta

441 4395 816 4467 reprehensio
847 4400 1056 4464 vestra,
1090 4412 1218 4450 ecce
1243 4414 1358 4452 non
1391 4398 1543 4453 bona
1572 4397 1841 4470 gloriatio
1869 4406 2080 4467 vestra,

441 4485 678 4555 quando
709 4485 927 4556 ponitis
958 4485 1016 4540 in
1049 4485 1258 4541 coelum
1281 4503 1345 4541 os
1377 4492 1658 4556 vestrum,
1691 4506 1826 4544 cum
1882 4489 2085 4562 lingua

2201 3334 2367 3389 interi
2392 3336 2595 3405 portis,
2628 3336 3121 3408 disputationibus
3153 3339 3375 3395 scilicet
3411 3340 3848 3413 haereticorum,

2203 3441 2328 3496 qua:
2351 3440 2529 3478 vanos
2562 3424 2630 3479 ad
2651 3424 2951 3480 interitum
2975 3427 3373 3497 introducunt,
3397 3429 3743 3489 nullatenus
3766 3435 3851 3490 fo-

2201 3517 2290 3568 ret
2309 3514 2656 3584 superanda.
2683 3513 2774 3568 Sic
2797 3514 3100 3586 pollicetur
3120 3517 3250 3588 ipsa
3267 3517 3516 3586 Veritas,
3540 3538 3646 3592 per
3669 3539 3850 3595 quam

2201 3605 2341 3657 sunt
2364 3617 2515 3669 vera,
2545 3619 2927 3674 quaecumque
2958 3609 3097 3658 sunt
3119 3621 3285 3660 vera:
3320 3611 3506 3665 Porta:
3528 3611 3707 3681 inferi
3743 3630 3851 3668 non

2195 3692 2570 3761 powvalebunt
2601 3691 2852 3747 adversus
2881 3709 3002 3747 eam
3034 3693 3236 3764 (Matth.
3278 3696 3416 3766 xw).
3471 3697 3659 3769 Cujus
3720 3718 3851 3774 pro-

2202 3778 2500 3834 missionis
2531 3780 2796 3835 etl‘ectum
2829 3798 2891 3836 se
2923 3781 3193 3853 precibus
3225 3782 3574 3855 impetrasse
3609 3805 3643 3843 a
3682 3789 3870 3849 Patre.

2200 3867 2354 3923 idem
2382 3868 2562 3923 Filius
2594 3873 2966 3939 protestatur,
2991 3871 3234 3927 dicendo
3265 3874 3335 3929 ad
3355 3874 3585 3931 Patrem
3613 3895 3626 3945 ;
3652 3878 3848 3935 Simon

2197 3972 2314 4011 ecce
2343 3957 2575 4012 Satanas
2603 3960 2860 4028 expetivit
2890 3975 2998 4027 vos,
3016 3969 3077 4015 ut
3101 3962 3366 4018 cribraret
3399 3966 3540 4020 sicut
3572 3968 3853 4039 triticum,

2198 4047 2305 4117 Ego
2335 4051 2516 4100 autem
2547 4049 2734 4118 rogavi
2758 4064 2858 4118 pro
2880 4051 2948 4115 te,
2982 4053 3040 4104 ut
3069 4067 3180 4106 non
3205 4051 3422 4122 deﬁciat
3444 4054 3576 4122 ﬁdes
3601 4060 3703 4112 tua
3730 4076 3744 4125 ;
3800 4064 3855 4114 et

2198 4145 2257 4190 tu
2283 4136 2580 4207 aliquando
2607 4153 2895 4193 conversus
2932 4141 3195 4210 conﬁrma
3248 4144 3449 4212 fratres
3507 4152 3633 4201 tuos
3696 4149 3847 4217 (Luc.

2196 4225 2354 4296 xxn).
2389 4223 2510 4279 Erit
2539 4241 2672 4296 ergo
2687 4227 2998 4298 quisquam
3033 4232 3204 4284 tanta:
3235 4230 3539 4286 dementia:
3578 4235 3682 4305 qui
3717 4252 3848 4291 ora-

2193 4314 2410 4368 tionem
2446 4312 2624 4379 illius,
2647 4315 2816 4385 cujus
2836 4315 2979 4370 velle
3000 4322 3088 4372 est
3111 4335 3300 4389 posse,
3327 4321 3539 4376 audeat
3561 4323 3621 4377 in
3645 4323 3845 4397 aliquo

2194 4419 2436 4457 vacuam
2469 4403 2717 4473 putare?
2747 4404 2948 4459 Nonne
2977 4422 3011 4460 a
3041 4407 3177 4462 sede
3206 4407 3487 4480 principis
3547 4413 3846 4482 apostolo-

2194 4506 2346 4557 rum,
2381 4489 2643 4546 Romana
2665 4491 2931 4547 videlicet
2960 4494 3234 4560 Ecclesia,
3269 4499 3389 4551 tam
3422 4515 3526 4570 per
3555 4503 3838 4558 eumdem

436 4575 2084 4649 vestratransiensinterra,humanisargumentationibus
2116 4603 2160 4666 D
2193 4579 2428 4634 Petrum
2457 4597 2630 4651 quam
2666 4597 2766 4652 per
2797 4599 3161 4640 successores
3201 4601 3357 4656 suos,
3419 4591 3738 4660 reprobate
3791 4596 3848 4647 et

437 4665 493 4720 et
507 4663 636 4735 conj
645 4664 858 4720 ecturis
872 4665 1176 4736 antiquam
1201 4665 1371 4720 fidem
1393 4683 1496 4720 con
1509 4667 1698 4722 fodere
1715 4683 1780 4722 ac
1794 4667 2082 4723 subverte-

434 4768 497 4808 re
509 4752 803 4810 moliatur.
822 4754 986 4822 Ecce,
1002 4755 1115 4809 nisi
1142 4755 1488 4826 quantocius
1503 4755 1877 4827 resipiscatis,
1898 4757 2084 4812 incor-

432 4842 619 4913 porati
635 4847 690 4899 et
712 4843 1103 4911 annumerati,
1120 4844 1274 4914 quod
1296 4843 1474 4899 absit!
1499 4843 1660 4899 eritis
1686 4844 1744 4898 in
1769 4844 1870 4899 illa
1891 4848 2076 4902 cauda

431 4931 722 4998 draconis,
749 4949 866 5004 qua
883 4932 1114 4988 tertiam
1135 4936 1359 5003 partem
1394 4930 1696 4987 stellarum
1728 4933 1854 4988 coeli
1879 4934 2074 5007 traxit,

430 5023 486 5076 et
514 5020 573 5076 in
603 5025 822 5077 terram
852 5020 1033 5076 misit.
1064 5025 1203 5074 Ecce
1223 5021 1349 5090 jam
1380 5025 1510 5090 post
1551 5021 1712 5075 mille
1772 5039 1836 5076 ac
1896 5024 2074 5078 ferme

427 5109 634 5182 viginti
667 5127 700 5166 a
729 5109 1000 5181 passione
1032 5108 1346 5164 Salvatoris
1379 5110 1558 5163 nostri
1601 5128 1807 5176 annos,
1869 5113 2073 5183 incipit

425 5215 529 5270 per
556 5216 659 5255 vos
688 5197 911 5254 discere
944 5199 1204 5253 Romana
1233 5195 1489 5252 Ecclesia
1519 5199 1768 5270 qualiter
1791 5202 2070 5257 memoria

423 5287 716 5358 passionis
744 5288 1008 5358 ejusdem
1035 5287 1113 5342 sit
1138 5285 1463 5352 recolenda,
1497 5288 1665 5358 quasi
1693 5288 1769 5342 nil
1819 5289 1868 5343 ei
1929 5307 2066 5344 con-

423 5376 622 5431 tulerit
641 5376 971 5448 praesentia,
987 5375 1346 5433 conversatio
1369 5380 1426 5429 et
1447 5377 1726 5431 diuturna
1749 5377 2060 5445 institutio,

422 5481 548 5533 seu,
580 5483 696 5536 qua
725 5465 1063 5520 clarificavit
1085 5464 1292 5530 Deum,
1317 5480 1476 5519 mors
1510 5466 1764 5536 pretiosa
1784 5464 1941 5521 illius
1961 5483 2062 5522 ve-

423 5552 701 5608 nerabilis
733 5553 912 5619 senis,
944 5553 1036 5608 cui
1064 5552 1393 5625 specialiter
1421 5553 1684 5608 Christus
1733 5552 1910 5609 Filius
1964 5556 2064 5612 Dei

421 5639 532 5696 vivi
562 5641 735 5699 dicit:
765 5645 972 5699 Beatus
1003 5658 1078 5710 es,
1109 5642 1300 5699 Simon
1331 5644 1626 5714 Bar-Jona,
1656 5642 1789 5714 quia
1832 5660 1958 5700 caro
2014 5648 2066 5704 et

2191 4668 2472 4736 convicta,
2508 4674 2684 4740 atque
2715 4677 3045 4743 expugnata
3072 4679 3211 4729 sunt
3240 4675 3506 4731 omnium
3537 4677 3848 4735 haeretico-

2190 4773 2321 4812 rum
2353 4763 2701 4826 commenta,
2735 4763 2791 4814 et
2820 4759 3065 4816 fratrum
3099 4763 3349 4819 cordain
3374 4765 3485 4820 fide
3508 4765 3686 4830 Petri,
3715 4785 3846 4839 quae

2187 4845 2468 4902 hactenus
2501 4863 2603 4902 nec
2632 4848 2857 4916 defecit,
2892 4865 2995 4904 nec
3025 4867 3212 4923 usque
3257 4851 3319 4907 in
3352 4852 3519 4908 tinem
3571 4853 3841 4925 deficiet,

2188 4940 2328 4990 sunt
2353 4937 2696 4992 conﬁrmata
2716 4936 2743 4990 ?

2255 5025 2402 5078 Vlll.
2437 5025 2804 5082 Praeterimus
2828 5027 3174 5083 nominatim
3208 5029 3487 5102 replicare
3510 5031 3839 5104 nonaginta

2183 5119 2240 5168 et
2268 5130 2333 5168 eo
2364 5113 2620 5184 amplius
2650 5115 2900 5171 haereses
2930 5117 3002 5170 ab
3033 5117 3286 5174 Orientis
3318 5120 3608 5191 partibus,
3641 5120 3732 5176 vel
3766 5125 3836 5178 ab

2181 5201 2327 5272 ipsis
2359 5201 2590 5268 Graecis,
2624 5203 2850 5259 diverso
2878 5208 3140 5277 tempore
3167 5223 3234 5262 ex
3259 5207 3486 5264 diverso
3519 5226 3722 5266 errore
3761 5211 3833 5267 ad

2180 5291 2666 5360 corrumpendum
2688 5293 3082 5363 virginitatem
3102 5295 3398 5352 catholicae
3423 5297 3694 5355 Ecclesia:
3719 5315 3835 5354 ma~

2179 5376 2287 5431 tris
2308 5382 2685 5446 emergentes.
2701 5379 3022 5437 Dicendum
3038 5384 3286 5453 videtur,
3301 5401 3370 5440 ex
3391 5391 3556 5457 parte
3579 5392 3833 5458 quantas

2176 5463 2816 5534 Constantinopolitana
2836 5470 3094 5527 Ecclesia
3122 5490 3224 5544 per
3245 5473 3523 5545 przesules
3542 5492 3688 5532 suos
3701 5492 3833 5533 sus-

2175 5551 2436 5606 citaverit
2463 5555 2676 5621 pestes,
2710 5572 2858 5626 quas
2876 5559 3122 5616 viriliter
3139 5562 3516 5634 expugnavit,
3537 5564 3832 5637 protrivit,

2173 5643 2233 5699 et
2254 5639 2554 5697 suﬂ‘ocavit
2578 5639 2838 5703 Romana
2858 5652 2915 5707 et
2937 5649 3253 5724 apostolica
3274 5653 3617 5712 sedes.Ecce
3647 5653 3838 5714 Euse-
