3974 6206
103 342 218 410 m
434 429 438 433 _

101 484 233 538 hius
271 474 733 536 Nicomediensis
773 474 1102 546 episcopus,
1137 478 1290 532 sedis
1336 478 1745 533 Constantino-
1777 478 1829 543 Α

103 571 369 645 politanae
398 567 650 635 invasor,
683 568 741 621 et
762 563 1005 636 signifer
1036 564 1329 620 maledicti
1361 565 1480 620 Arii
1514 566 1750 621 exstitit.

105 664 359 728 Quartus
390 654 772 712 Macedonius
809 652 1215 720 haeresiarcha,
1246 655 1558 710 sutfocator
1597 661 1752 710 ante-

101 747 346 805 cesseris
377 744 469 800 sui
493 743 650 799 beati
672 740 858 810 Pauli,
877 740 1314 810 blasphemator
1335 743 1589 814 Spiritus
1621 760 1754 798 san-

101 838 198 903 cti,
227 839 414 891 tortor
443 831 938 896 Christianorum,
963 835 1018 886 et
1041 847 1229 901 usque
1259 831 1326 885 ad
1352 837 1597 886 mortem
1622 849 1754 903 per—

102 929 364 992 secutor,
395 928 454 978 et
487 921 634 977 alter
662 919 955 987 Julianus,
989 918 1322 974 charactere
1365 920 1423 974 in
1466 921 1755 976 frontibus

100 1013 358 1070 notando
390 1009 877 1067 catholicos.Haec
899 1007 1079 1062 etalia
1094 1007 1268 1077 mala,
1287 1013 1402 1063 tam
1423 1007 1548 1080 ipse
1577 1025 1751 1079 quam

102 1104 194 1159 sui
227 1117 529 1174 sequaces,
565 1115 667 1171 per
686 1114 892 1153 omnes
914 1096 1166 1151 Orientis
1190 1097 1387 1162 urbes,
1419 1102 1474 1151 et
1505 1097 1755 1151 maxime

99 1188 627 1260 Constantinopoli,
682 1187 909 1258 agebat,
949 1203 1083 1240 cum
1120 1185 1407 1257 Hesperiae
1457 1190 1652 1256 partes
1683 1186 1753 1240 ab

99 1282 213 1336 hac
232 1283 574 1351 tempestate
597 1278 850 1331 immotae
875 1278 1199 1339 manerent,
1217 1280 1358 1329 teste
1372 1280 1559 1329 vestro
1573 1274 1754 1328 histo-

98 1368 416 1442 riographo
441 1368 673 1422 Socrate
695 1367 852 1435 (Hist.
881 1365 1069 1419 ϐοείας.
1095 1363 1195 1418 lib.
1221 1381 1282 1430 ιι,
1315 1381 1440 1435 cap.
1474 1367 1550 1432 2).
1577 1364 1751 1426 Quin-

99 1465 200 1513 tus
233 1456 529 1512 Eudoxius
575 1454 828 1509 Arianus
871 1454 1104 1508 invasor
1145 1453 1322 1520 sedis,
1365 1457 1420 1507 et
1459 1452 1757 1507 ordinator

101 1545 374 1602 Eunomii
417 1543 695 1611 haeretici,
722 1543 923 1598 dicens
965 1546 1188 1614 patrem
1215 1549 1393 1608 ἀσεϐῆ,
1418 1539 1753 1618 quod‘nul-

91 1635 222 1690 lum
253 1633 442 1701 colat;
479 1632 691 1688 Filium
722 1639 916 1698 εὐσεϐῆ,
951 1632 1102 1702 quod
1151 1631 1380 1686 Patrem
1403 1630 1571 1685 colat.
1615 1630 1753 1685 Sex-

88 1729 191 1778 tus
230 1721 628 1794 Demophilus,
648 1721 772 1792 ipse
789 1719 1066 1775 Arianus.
1093 1721 1294 1775 Nonus
1319 1719 1752 1791 Maximus,Cy-

91 1813 360 1868 uicus-et
387 1808 821 1882 Apollinarista.
855 1809 1126 1864 Decimus
1168 1809 1474 1864 Nectarius
1503 1809 1588 1866 vir
1617 1825 1752 1865 san-
1783 1845 1831 1910 B

89 1905 253 1967 ctus,
287 1899 594 1955 ordinatus
625 1915 657 1953 a
696 1902 896 1953 sancta
926 1897 1496 1970 Constantipolitana
1533 1899 1750 1971 synodo

89 1990 327 2063 prima;
362 1989 432 2044 de
464 2004 602 2059 quo,
628 2005 760 2042 cum
793 1987 977 2042 sancti
1000 1991 1204 2042 Patres
1231 1993 1478 2044 Damaso
1504 2005 1664 2060 papae
1696 1992 1755 2042 et

89 2080 223 2134 suis
246 2077 608 2150 coepiscopis
632 2077 1029 2147 scripsissent,
1045 2077 1316 2130 dixerunt
1341 2095 1352 2131 :
1380 2101 1406 2126 «
1428 2076 1752 2132 Constanti-

89 2167 446 2241 nopolitanae
495 2166 661 2222 urbis
693 2165 1002 2231 novellam,
1035 2170 1098 2220 ut
1125 2165 1208 2220 ita
1237 2165 1524 2232 dicamus,
1558 2165 1748 2220 Eccle-

87 2257 248 2313 siam
268 2256 423 2312 velut
435 2272 504 2310 ex
522 2271 618 2310 ore
639 2253 845 2321 leonis,
861 2253 1146 2310 haereticis
1160 2254 1470 2309 sutiossam
1486 2253 1751 2326 blasphe-

85 2345 261 2412 miis,
289 2343 683 2400 abstraximus
708 2361 720 2398 :
756 2366 783 2393 »
817 2347 964 2399 teste
985 2343 1345 2399 Theodoreto
1363 2347 1552 2398 vestro
1575 2343 1753 2398 histo-

84 2433 422 2506 riographo
466 2434 684 2501 (Eccles.
735 2433 935 2488 Hz‘stor.
975 2431 1076 2487 lib.
1109 2450 1162 2499 v,
1197 2449 1324 2504 cap.
1364 2434 1460 2502 ιχ).
1495 2433 1604 2487 Sed
1637 2449 1749 2487 non

85 2523 237 2578 inde
261 2522 505 2577 omnino
523 2521 840 2576 suffocatus
859 2525 949 2577 est
970 2520 1066 2576 ille
1085 2526 1426 2577 veternosus
1440 2521 1752 2576 basiliscus

77 2617 140 2667 et
171 2623 547 2678 venenosus;
582 2609 722 2681 quia
751 2626 1058 2665 successor
1086 2609 1265 2680 hujus
1294 2613 1549 2665 Joannes
1577 2610 1754 2682 Chry-

78 2706 401 2758 sostomus
423 2700 496 2754 ab
516 2699 750 2771 ingrata
770 2698 1029 2754 Ecclesia
1050 2698 1141 2754 bis
1162 2704 1250 2753 est
1270 2697 1591 2770 depositus,
1613 2703 1669 2754 et
1692 2700 1748 2754 in

74 2788 300 2845 exsilio
323 2788 661 2844 defunctus.
687 2788 866 2859 Cujus
898 2787 1319 2858 depositionem
1354 2803 1468 2841 non
1501 2787 1750 2843 ferentes

77 2877 494 2934 occidentales
524 2876 802 2948 episcopi,
837 2876 892 2930 id
918 2882 1007 2931 est
1030 2876 1239 2942 Latini,
1273 2876 1342 2930 ab
1367 2875 1748 2931 Orientalium

67 2967 511 3024 communione
555 2969 696 3021 sunt
745 2964 1050 3037 segregati.
1083 2965 1270 3034 Hujus
1311 2981 1609 3019 successor
1641 2969 1747 3019 Ar-

69 3057 289 3113 sacius
309 3072 494 3110 manu
512 3053 752 3110 militari
772 3054 828 3108 in
843 3053 1149 3109 Joannitas
1170 3053 1450 3119 desaeviit,
1473 3054 1530 3108 in
1546 3070 1750 3125 sequa-

62 3163 166 3203 ces
191 3144 482 3201 videlicet
500 3143 654 3198 beati
679 3143 944 3198 Joannis.
974 3146 1105 3196 Jam
1129 3142 1370 3213 quintus
1393 3141 1657 3198 decimus
1686 3143 1744 3196 in

67 3234 374 3305 catalogo
404 3231 704 3287 Nestorius
729 3230 1114 3286 haresiarcha
1151 3231 1387 3297 exstitit,
1409 3231 1508 3302 qui
1541 3232 1751 3303 spiritu
1781 3213 1825 3280 C

58 3323 310 3381 diaboli
333 3319 567 3393 plenus,
591 3321 742 3375 inter
762 3318 909 3376 alias
927 3337 1047 3374 suae
1072 3319 1472 3391 perversitatis
1488 3320 1753 3393 blasphe-

60 3413 259 3479 mias,
297 3410 423 3467 tale
451 3409 611 3464 virus
639 3408 895 3464 evomuit
919 3426 931 3463 :
955 3407 1103 3463 «Dei
1134 3408 1472 3479 genitricem
1506 3409 1750 3465 Mariam

56 3501 292 3557 nullus
319 3497 610 3572 appellet;
635 3496 817 3553 Maria
845 3496 1002 3552 enim
1030 3496 1205 3551 homo
1228 3495 1355 3563 fuit,
1389 3502 1445 3551 et
1466 3497 1646 3554 Deum
1679 3500 1752 3554 ab

55 3591 335 3646 homine
369 3587 637 3660 generari
667 3587 844 3641 nimis
866 3583 1229 3657 impossibile
1259 3589 1366 3640 est.
1397 3609 1424 3636 »
1449 3586 1555 3650 Qui
1577 3587 1751 3643 etiam

55 3680 231 3735 duas
271 3676 644 3750 personasin
661 3676 776 3731 Deo
797 3675 1027 3730 Christo
1049 3674 1333 3729 mentitus
1365 3679 1471 3729 est.
1497 3675 1640 3731 Hinc
1670 3694 1757 3732 se-

50 3769 326 3841 ptimus
364 3763 628 3819 decimus
658 3763 966 3820 Flavianus
998 3765 1204 3819 beatus
1236 3763 1446 3834 praesul
1478 3767 1755 3837 martyrio

49 3858 420 3912 coronatus
440 3856 662 3924 postea,
681 3853 819 3924 quia
832 3852 1130 3908 damnavit
1150 3851 1442 3924 Eutychen
1461 3852 1754 3924 abbatem,

48 3962 265 4002 unam
297 3941 710 3998 substantiam
739 3941 826 3997 vel
850 3946 1119 3996 naturam
1143 3940 1201 3996 in
1234 3940 1463 3996 Christo
1494 3959 1753 3998 asseren-

47 4041 218 4090 tem.
275 4033 530 4101 Propter
572 4031 727 4102 quod
770 4029 1126 4086 beatissima
1175 4029 1468 4085 memorie
1520 4031 1756 4088 domino

47 4141 229 4196 papa
271 4122 477 4177 Leone
499 4126 551 4174 et
569 4119 860 4175 Marciano
879 4119 1386 4175 Christianissimo
1407 4119 1758 4192 imperatore

48 4213 318 4267 factum
358 4211 451 4263 est
481 4207 950 4264 Chalcedonense
986 4206 1304 4264 concilium
1351 4214 1756 4266 sexcentorum

44 4301 342 4373 triginta
367 4296 738 4368 pontiﬁcum.
765 4297 912 4360 Quid
927 4297 1190 4352 dicemus
1208 4297 1278 4351 de
1299 4297 1505 4353 Acacio
1527 4315 1764 4355 accusa-

44 4396 218 4456 tore,
264 4390 337 4442 et
375 4385 709 4441 restitutore
756 4385 904 4440 Petri
936 4384 1313 4440 Alexandrini
1349 4385 1627 4458 episcopi,
1662 4406 1763 4461 per

40 4495 224 4550 quos
250 4475 534 4548 plurima
555 4474 874 4530 homicidia
890 4472 1376 4543 exstiterunt,nisi
1398 4477 1554 4546 quod
1578 4494 1612 4532 a
1627 4495 1760 4533 san-

1076 340 1484 405 EPISTOLIE
1525 342 1626 404 ET
1667 340 2030 406 DECRETA
2075 340 2543 408 PONTIFICIA.

3385 299 3509 406 75c

1861 483 2148 549 angustus
2179 483 2371 534 tamen
2407 497 2604 551 cespes
2637 482 2770 551 post
2800 496 2914 534 non
2939 479 3192 534 multum
3224 480 3508 552 temporis

1863 568 2226 639 compressit.
2261 570 2363 623 Hic
2387 569 2578 624 nimiae
2610 569 2882 624 vanitatis
2906 585 3122 624 novum
3154 585 3366 625 nomen
3390 569 3506 641 pri-

1866 672 1998 711 mus
2024 657 2132 711 sibi
2169 659 2494 729 usurpavit,
2538 660 2637 712 ubi
2669 676 2730 713 se
2761 675 2793 713 a
2825 658 3052 713 cunctis
3083 657 3509 713 (acumenicum

1865 745 2278 813 patriarcbam,
2324 746 2381 800 id
2431 751 2521 801 est
2566 746 2976 815 universalem,
3007 751 3063 802 et
3094 747 3207 802 dici
3249 751 3305 801 et
3334 745 3512 802 scribi

1865 831 2073 887 debere
2123 834 2391 888 decrevit.
2443 835 2548 888 Pro
2597 852 2712 906 qua
2763 835 2964 907 utique
3009 835 3447 908 presumptione
3477 853 3511 891 a

1863 922 2050 976 beatis
2127 923 2506 993 pontiﬁcibus
2574 923 2802 995 Pelagio
2879 930 2935 979 et
2999 925 3273 997 Gregorio
3334 925 3512 998 digna

1864 1009 2169 1080 perculsus
2229 1016 2317 1065 est
2358 1013 2979 1068 excommunicatione.
3031 1015 3212 1084 Cujus
3259 1013 3509 1086 contagii

1865 1098 2096 1153 macula
2153 1099 2344 1153 adhuc
2393 1100 2555 1155 vobis
2604 1118 2737 1155 cum
2787 1102 2914 1172 ipsa
2974 1102 3378 1158 maledictione
3425 1102 3509 1158 sic

1865 1186 2108 1241 adluesit
2137 1191 2200 1240 ut
2233 1204 2384 1240 nunc
2417 1205 2647 1258 quoque
2679 1207 2779 1242 vos
2806 1190 2964 1259 ipsos
2987 1194 3381 1247 necumenicos
3412 1209 3511 1263 pa-

1865 1275 2146 1329 triarchas
2177 1280 2234 1329 et
2261 1275 2554 1346 appellare
2585 1282 2640 1330 et
2670 1279 2921 1332 scribere
2965 1297 3079 1333 non
3129 1281 3407 1335 timeatis.
3442 1281 3511 1335 Et

1864 1368 2016 1418 certe
2048 1381 2259 1418 nomen
2295 1365 2448 1418 istud
2483 1382 2514 1418 a
2545 1366 2763 1420 sanctis
2797 1367 3066 1421 Patribus
3098 1368 3154 1421 in
3189 1368 3510 1424 Chalcedo-

1863 1453 2029 1506 nensi
2063 1453 2302 1522 synodo,
2340 1453 2411 1506 ob
2444 1455 2824 1510 reverentiam
2870 1455 2926 1508 S.
2965 1455 3239 1510 Romanae
3283 1461 3342 1510 et
3371 1473 3508 1527 apo-

1863 1541 2082 1596 stolicae
2126 1541 2303 1606 sedis,
2357 1543 2731 1597 sanctissimo
2765 1544 3053 1599 decessori
3086 1549 3283 1601 nostro
3333 1545 3510 1601 Leoni

1863 1647 2048 1702 paper,
2083 1636 2138 1684 et
2166 1631 2610 1702 praeclarissimo
2659 1633 2903 1701 doctori,
2950 1634 3510 1706 successoribusque

1863 1722 1990 1789 ejus
2023 1720 2131 1774 fuit
2159 1719 2442 1788 oblatum,
2477 1721 2575 1775 sed
2611 1738 2714 1776 nec
2745 1723 2818 1776 ab
2844 1721 2963 1787 illo,
2999 1739 3102 1777 nec
3133 1724 3204 1778 ab
3227 1722 3345 1780 ullo
3377 1741 3508 1779 suc-

1864 1824 2161 1864 cessorum
2193 1808 2381 1880 ipsius
2412 1814 2642 1864 constat
2671 1809 2954 1866 hactenns
2981 1818 3301 1883 receptum.
3327 1813 3395 1868 Et
3415 1813 3509 1868 cui

1863 1903 1995 1970 post
2040 1898 2338 1952 Christum
2383 1899 2588 1953 Jesum
2637 1899 2745 1954 hoc
2785 1917 2996 1955 nomen
3047 1902 3235 1973 magis
3283 1905 3508 1973 poterat

1863 1986 2047 2059 aptari
2070 2003 2246 2058 quam
2271 1987 2710 2042 successoribus
2731 1988 2920 2043 Petri?
2947 1990 3056 2045 Sed
3081 1990 3366 2044 imitanda
3394 1989 3506 2044 hu-

1861 2075 2081 2131 militas
2121 2077 2568 2131 reverendorum
2604 2078 2966 2148 pontiﬁcum,
3009 2080 3315 2134 attendens
3349 2078 3503 2150 quod

1860 2165 1984 2236 ipse
2000 2164 2270 2236 princeps
2282 2164 2678 2236 apostolorum
2697 2183 2808 2221 non
2828 2167 3158 2222 inveniatur
3170 2168 3364 2224 dictus
3381 2167 3510 2223 uni-

1859 2253 2103 2308 versalis
2123 2253 2448 2324 apostolus,
2462 2258 2512 2308 et
2538 2256 2856 2326 superbum
2874 2256 3506 2312 refutavitvocabulum

1862 2343 2116 2413 penitus,
2137 2359 2251 2412 quo
2271 2342 2576 2396 videbatur
2597 2344 2970 2415 pardignitas
2987 2344 3255 2400 subtrahi
3278 2346 3506 2402 cunctis

1861 2448 1963 2502 per
1978 2431 2177 2485 orbein
2201 2429 2572 2500 praesulibus,
2596 2431 2734 2486 dum
2758 2434 2858 2486 uni
2881 2448 2949 2487 ex
2973 2437 3089 2487 toto
3111 2437 3502 2505 arrogaretur,

1860 2525 2142 2591 tanquam
2176 2517 2391 2590 singuli
2425 2518 2684 2573 dicerent
2712 2520 2902 2575 verbis
2926 2525 2981 2575 et
3001 2521 3364 2593 factis,quod
3381 2537 3506 2577 ma-

1862 2609 2044 2680 gister
2069 2624 2269 2661 eorum
2297 2611 2354 2662 et
2384 2606 2610 2678 primus
2630 2609 3060 2681 cruciﬁgendus
3081 2610 3272 2680 inquit
3293 2626 3306 2663 :
3328 2633 3354 2660 «
3380 2610 3505 2664 Non

1861 2714 1993 2752 sum
2048 2697 2261 2768 dignus
2302 2702 2478 2767 caput
2523 2714 2760 2751 sursum
2807 2715 3040 2770 ponere,
3083 2700 3185 2754 sed
3217 2698 3508 2754 declinare

1861 2785 2085 2840 vultum
2117 2786 2176 2839 in
2219 2789 2453 2839 terram.
2491 2807 2516 2831 ››
2552 2785 2757 2841 Vestra
2785 2803 2921 2859 ergo
2953 2787 3283 2842 fraternilas
3313 2787 3507 2842 videat

1861 2880 2081 2946 quanta
2110 2875 2263 2945 apud
2292 2889 2354 2928 se
2384 2874 2669 2944 protervis
2694 2879 2932 2944 tumeat,
2957 2893 3082 2947 quae
3107 2893 3210 2931 nec
3241 2875 3504 2932 oblatum

1860 2963 1972 3019 sibi
2001 2981 2034 3016 a
2055 2979 2372 3034 quoquam,
2399 2978 2503 3016 nec
2524 2979 2890 3030 concessum,
2915 2966 3015 3020 sed
3037 2965 3230 3036 potius
3254 2965 3504 3037 denega-

1858 3057 2006 3120 tum,
2022 3057 2079 3107 et
2096 3052 2206 3106 sub
2231 3069 2300 3105 an
2311 3051 2619 3106 athematis
2643 3052 3082 3123 interpositione
3099 3055 3168 3109 ab
3187 3053 3506 3124 apostolica

1860 3147 1918 3198 et
1948 3141 2138 3213 prima
2168 3141 2323 3204 sede,
2357 3145 2413 3195 et
2443 3156 2476 3194 a
2504 3141 2724 3196 sanctis
2753 3147 2926 3213 atque
2957 3142 3292 3198 orthodoxis
3323 3142 3506 3198 Patri-

1864 3231 1974 3285 bus
2004 3229 2376 3284 interdictum
2415 3231 2889 3301 superstitiosum
2921 3231 3295 3298 vocabulum,
3328 3236 3504 3286 tantae

1861 3317 2271 3376 obstinationis
2302 3319 2693 3384 contumacia,
2742 3336 2844 3391 per
2885 3321 3346 3392 quadringentos
3381 3321 3505 3391 jam

1861 3425 1894 3464 a
1925 3406 2265 3463 beatissimo
2288 3423 2438 3477 papa
2457 3407 2730 3479 Gregorio
2749 3411 2804 3461 et
2825 3407 3078 3478 amplius
3105 3425 3310 3473 annos,
3335 3425 3508 3462 usur-

1861 3513 2000 3568 pare
2030 3513 2142 3550 non
2163 3499 2352 3550 cessat
2377 3512 2390 3549 :
2411 3499 2467 3548 et
2483 3495 2753 3565 qualiter,
2774 3493 3036 3565 exemplo
3067 3495 3297 3550 Domini
3322 3494 3507 3550 nostri

1858 3585 1999 3641 Jesu
2047 3583 2260 3638 Christi
2300 3588 2357 3636 et
2405 3599 2670 3647 suorum,
2706 3582 2888 3653 parati
2919 3583 3059 3637 estis
3090 3600 3194 3654 pro
3228 3582 3507 3638 fratribus

1863 3674 2092 3729 animas
2132 3687 2365 3743 ponere,
2398 3671 2498 3740 qui
2530 3687 2632 3742 per
2660 3675 2744 3724 tot
2773 3676 3039 3742 tempora
3077 3671 3349 3726 noluistis
3392 3670 3507 3726 sal-

1863 3768 1980 3818 tem
2011 3761 2188 3816 inane
2220 3775 2453 3826 nomen,
2493 3765 2549 3814 et
2578 3759 2756 3814 totius
2787 3759 3052 3815 Ecclesiae
3086 3760 3368 3815 unitatem
3401 3777 3510 3815 sua

1863 3849 2186 3906 insolentia
2229 3846 2634 3903 scandalizans
2683 3848 3009 3920 deponere?
3049 3853 3106 3904 et
3148 3849 3287 3919 quid
3321 3848 3512 3904 effecit

1863 3942 1924 3996 in
1953 3940 2159 3996 vestris
2187 3937 2483 3993 mentibus
2507 3937 2676 3991 toties
2707 3937 3033 3994 declamata
3054 3939 3112 3993 in
3136 3939 3380 3994 auribus
3411 3937 3512 3994 illa

1864 4030 2102 4104 gloriosi
2134 4027 2392 4100 Apostoli
2440 4027 2746 4098 professio,
2781 4029 2881 4099 qui
2905 4029 3048 4084 dicit
3078 4046 3090 4085 :
3124 4031 3261 4098 Quis
3286 4029 3515 4084 scanda-

1867 4122 2090 4186 lizatur,
2122 4127 2173 4174 et
2208 4134 2304 4186 ego
2333 4134 2443 4171 non
2475 4133 2605 4170 uror
2623 4117 2650 4171 ‘?
2699 4120 2745 4188 (1
2777 4119 2896 4173 Cor.
2938 4120 3000 4189 ιι)
3034 4119 3131 4191 qui
3167 4135 3281 4173 non
3321 4119 3513 4174 solum

1868 4226 1970 4281 pro
2003 4206 2278 4264 seandalo
2298 4205 2550 4262 aliorum
2584 4225 2696 4262 non
2731 4207 2991 4276 urimini,
3023 4210 3123 4264 sed
3146 4208 3322 4264 etiam
3346 4224 3515 4265 scan-

1867 4299 1998 4354 dalo
2030 4303 2219 4353 vestro
2246 4296 2507 4368 quotidie
2540 4297 2710 4352 uritis
2742 4298 3063 4354 Ecclesium
3097 4298 3233 4354 Dei?

1941 4392 2009 4442 X.
2043 4388 2151 4442 Sed
2185 4392 2247 4441 ut
2283 4386 2354 4440 ad
2389 4377 2644 4457 reliquos
2674 4387 3008 4443 decessores
3028 4392 3251 4443 vestros
3268 4392 3524 4445 reverta—

1875 4494 2029 4544 mur,
2065 4475 2206 4547 quid
2258 4475 2327 4529 de
2373 4475 2591 4546 Pyrrho
2625 4477 2915 4548 episcopo,
2961 4478 3076 4532 imo
3125 4477 3522 4534 haeresiarchas

43 4566 372 4622 ctissimo
419 4561 648 4619 Gelasio
698 4579 850 4635 papa
890 4561 950 4616 in
1001 4566 1347 4634 perpetuum
1389 4564 1546 4620 fuere
1587 4567 1758 4622 ambo
1799 4586 1844 4650 Ι)
1876 4566 2111 4622 Macarii
2159 4564 2504 4619 Antiocheni
2551 4581 2802 4636 sequace
2832 4567 3107 4622 dicetur?
3155 4568 3254 4638 qui
3284 4569 3524 4623 veniens

39 4657 202 4712 dam
216 4653 370 4710 nati
393 4668 526 4706 cum
546 4652 772 4707 Joanne
797 4666 1134 4708 successore
1153 4656 1209 4707 et
1225 4652 1528 4708 defensore
1543 4655 1733 4710 Acacii
1746 4657 1773 4712 ?

40 4747 145 4816 (In
182 4749 366 4800 tomo
401 4740 464 4796 de
485 4741 850 4796 anathematis
881 4742 1100 4796 vinculo
1125 4757 1216 4813 ep.
1239 4742 1296 4808 9,
1331 4741 1440 4812 11.)
1465 4742 1601 4798 Post
1624 4759 1771 4814 quos

33 4832 430 4889 Anthimus
482 4830 907 4900 Eutychiamus
955 4829 1264 4885 haereticus
1293 4847 1396 4901 per
1425 4836 1770 4902 praesentem

35 4937 310 4998 papam
375 4920 702 4991 Agapetum
749 4919 808 4975 in
840 4919 972 4991 ipsa
1002 4918 1506 4991 Constantinopoli
1553 4926 1641 4976 est
1670 4923 1769 4978 de-

31 5010 330 5086 positus
366 5007 571 5078 (AGAP.
606 5010 765 5080 epist.
808 5007 861 5076 4,
893 5008 971 5080 5.)
1005 5006 1329 5079 Eutychius
1380 5013 1600 5075 autem,
1633 5010 1772 5082 quia

30 5095 547 5174 dogmatizabat
595 5096 924 5153 humanum
978 5112 1189 5166 corpus
1243 5095 1302 5150 in
1349 5099 1772 5154 resurrectione

33 5183 499 5264 impalbabile
548 5187 817 5241 tuturum
851 5190 907 5240 et
937 5180 1106 5239 vento
1137 5200 1383 5255 aereque
1429 5187 1708 5243 subtilius
1738 5206 1771 5244 a

28 5283 250 5338 beato
292 5273 593 5345 Gregorio
622 5280 760 5330 tunc
783 5275 1026 5329 diacono
1050 5273 1132 5328 ita
1149 5276 1237 5328 est
1267 5274 1586 5343 convictus,
1619 5280 1684 5331 ut
1711 5276 1771 5332 in

1884 4656 2129 4712 Romam
2180 4653 2394 4724 scripto
2441 4653 2954 4710 anathematizavit
2999 4655 3196 4709 omnia
3240 4672 3366 4725 quae
3398 4655 3523 4726 ipse

1878 4750 1934 4801 et
1963 4745 2297 4799 decessores
2330 4743 2420 4797 sui
2456 4748 2658 4797 contra
2689 4745 2862 4798 ﬁdem
2893 4743 3238 4799 catholicam
3266 4748 3323 4798 et
3352 4758 3522 4813 apos-

1877 4832 2061 4889 tolica:
2111 4831 2268 4887 sedis
2315 4832 2658 4886 senserant?
2706 4833 2817 4885 Sed
2861 4831 3208 4902 quantocius
3240 4831 3312 4884 ad
3341 4829 3526 4884 vomi-

1879 4928 2006 4977 tum
2041 4937 2327 4984 reversus,
2376 4937 2410 4974 a
2439 4936 2590 4990 papa
2622 4919 2925 4975 Theodoro
2958 4924 3047 4974 est
3095 4919 3434 4982 damnatus,
3470 4919 3530 4971 et

1878 5026 2184 5067 successor
2226 5009 2353 5077 ejus
2409 5007 2644 5076 Paulus,
2697 5009 2846 5077 quod
2900 5009 2970 5062 ab
3002 5009 3205 5062 eodem
3265 5008 3529 5062 Romano

1879 5098 2154 5172 pontiﬁce
2225 5095 2486 5150 monitus
2557 5100 2612 5150 et
2671 5097 3002 5168 increpatus
3066 5112 3183 5150 non
3258 5095 3526 5166 resipuit,

1879 5187 2137 5259 quando,
2170 5185 2327 5240 velut
2350 5183 2734 5241 simulacrum
2765 5189 2866 5240 aut
2897 5185 3252 5256 phantasma
3290 5181 3531 5256 aliquod

1879 5275 2222 5332 insensibile
2260 5275 2569 5330 Dominum
2596 5280 2860 5331 nostrum
2881 5275 3086 5330 Jesum
3118 5273 3412 5329 Christum
3436 5291 3531 5329 ar-

1878 5365 2153 5431 bitratus,
2186 5381 2290 5419 nec
2323 5381 2520 5430 unam,
2555 5382 2659 5420 nec
2680 5367 2829 5422 (luas
2859 5364 3186 5420 voluntates
3211 5363 3301 5418 vel
3326 5381 3532 5436 opera-

26 5360 433 5444 przesentia
462 5362 568 5434 pia.-
595 5363 889 5418 memoria:
909 5360 1123 5417 Tiberii
1146 5361 1516 5433 imperatoris
1548 5365 1774 5421 codices

26 5450 416 5531 dogmatis
445 5451 572 5521 ejus
595 5451 777 5523 justis
809 5451 1066 5507 flammis
1105 5451 1493 5506 traderentur.

121 5545 240 5603 ΙΧ.
287 5537 613 5596 Successit
641 5557 875 5613 quoque
899 5540 1036 5595 huic
1055 5540 1334 5604 Joannes,
1368 5542 1538 5612 cujus
1569 5559 1771 5614 super-

17 5629 582 5707 biam,quamvis
600 5629 910 5689 universus
928 5628 1186 5686 mundus
1199 5643 1258 5686 ca
1267 5643 1403 5700 pere
1425 5631 1773 5705 nequiverit,

1880 5451 2359 5509 tionesineodem
2374 5452 2558 5508 fuisse
2590 5455 2946 5522 difﬁnivit,et
2975 5453 3156 5510 altare
3188 5454 3536 5510 Latinorum

1881 5546 1937 5597 et
1968 5540 2288 5610 legatorum
2321 5540 2592 5595 Romana:
2631 5543 2922 5611 Ecclesiae,
2964 5545 3120 5615 quod
3154 5560 3324 5598 nemo
3358 5543 3540 5601 haere-

1881 5631 2131 5691 ticorum
2151 5632 2283 5687 ante
2295 5644 2429 5700 eum
2442 5644 2693 5701 praesum
2698 5637 2914 5706 pserat,
2933 5633 3236 5690 subvertit.
3258 5634 3344 5690 Ad
3361 5635 3537 5705 cujus
