3974 6206
446 376 558 445 151

1511 378 1577 439 S.
1622 377 1905 438 LEONIS
1948 376 2030 441 1X
2076 376 2305 439 PAPIE
2346 378 2776 442 OPUSCULA.

3739 368 3861 450 75's

450 508 692 579 rabiem,
730 526 847 582 qua
873 508 1145 565 saeviebat
1186 508 1244 563 in
1277 509 1612 577 catholicos,
1646 511 2081 577 destruendam,
2111 510 2168 578 Α
2193 510 2373 567 dicam
2413 513 2505 566 cui
2546 528 2656 567 non
2699 513 2997 569 maledixit
3015 512 3043 567 ?
3089 521 3189 571 aut
3238 517 3510 586 quomodo
3547 516 3865 578 detestabat-

450 596 857 653 sanctissimus
888 614 1041 671 papa
1086 597 1392 667 Martinus,
1425 598 1683 656 collectis
1740 604 1977 655 centum
2034 603 2091 655 et

446 680 706 761 quinque
726 685 1037 760 episcopis,
1062 687 1359 744 damnavit
1379 689 1586 761 Cyrum
1612 689 2085 757 Alexandrinum,

443 772 1400 855 Sergium,Pyrrhum,etPaulum,
1418 779 2087 851 Constantinopolitanos

312 921 331 939 ο
441 858 764 938 episcopos.
799 865 860 920 In
884 882 1001 939 qua
1022 867 1223 940 utique
1242 869 1475 925 vesania
1498 886 1603 925 nec
1632 887 1732 926 vos
1753 869 1883 926 istis
1915 869 2086 925 modo

438 952 807 1033 temporibus
826 953 1132 1013 inferiores
1154 956 1253 1014 illo
1274 962 1464 1015 vestro
1485 958 1685 1025 Paulo,
1709 974 2003 1015 summam
2032 962 2089 1012 et

445 1040 825 1114 apostolicam
858 1046 1078 1115 sedem,
1099 1052 1460 1120 cunctosque
1483 1048 1864 1104 institutionis
1885 1048 2013 1119 ejus
2029 1046 2089 1101 ﬁ-

444 1128 726 1211 dissimos
775 1133 1177 1191 observatores
1229 1137 1599 1193 anathemate
1647 1136 1972 1203 damnatis;
2006 1135 2089 1190 in-

445 1207 638 1293 cauta,
669 1219 1000 1297 impudenti
1050 1227 1383 1300 arrogantia
1428 1227 1570 1282 adeo
1610 1228 1825 1295 caecati,
1858 1229 1923 1280 ut
1974 1242 2087 1280 non

444 1310 923 1369 animadvertetis
985 1314 1146 1385 quid,
1192 1319 1250 1371 et
1296 1314 1395 1388 qui
1432 1316 1681 1385 faciatis,
1738 1321 1795 1371 ct
1842 1315 1954 1371 cui.
2004 1313 2089 1370 Illi

446 1392 657 1476 nempe
687 1400 878 1458 facitis
916 1404 1339 1476 praajudicium,
1379 1406 1450 1461 de
1480 1423 1595 1478 qua
1624 1422 1728 1461 nec
1758 1404 1944 1472 vobis,
1986 1420 2090 1460 nec

446 1488 683 1547 cuilibet
703 1492 1043 1550 mortalium
1061 1494 1195 1551 licet
1215 1495 1725 1567 facerejudicium,
1750 1494 2088 1550 beatissimo

447 1581 505 1634 et
547 1580 866 1665 apostolico
917 1583 1193 1656 pontiﬁce
1224 1585 1499 1641 Silvestro
1560 1584 1841 1641 divinitus
1901 1585 2092 1638 decer-

448 1664 643 1740 nente,
670 1664 1088 1746 'spiritualique
1119 1674 1397 1746 ejus'ﬁlio
1430 1674 1831 1743 Constantino,
1856 1671 2091 1744 religio-

448 1748 686 1815 sissimo
718 1763 1003 1834 Augusto,
1037 1780 1170 1820 cum
1197 1764 1465 1820 universa
1495 1765 1711 1837 synodo
1734 1762 1966 1819 Nicazna
1990 1778 2089 1834 ap-

449 1838 734 1919 probante
754 1867 819 1905 ac
850 1851 1252 1907 subscribente
1278 1856 1339 1907 ut
1357 1869 1592 1908 summa
1612 1853 1779 1909 sedes
1803 1869 1835 1908 a
1856 1850 2093 1907 nemine

440 1932 778 2019 judicetur;
812 1937 1224 1996 inviolabiliter
1260 1945 1315 1995 et
1344 1941 1690 1997 inconcusse
1723 1941 1833 1995 sibi
1867 1956 2095 1996 conser-

448 2027 579 2079 vato
618 2024 718 2083 illo
772 2027 1096 2103 privilegio,
1156 2031 1311 2103 quod
1356 2030 1509 2086 idem
1569 2030 1838 2103 princeps
1886 2034 2093 2102 quarto

451 2112 822 2186 baptismatis
854 2118 943 2177 sui
994 2118 1088 2175 die
1134 2120 1377 2177 devotus
1407 2120 1651 2177 contulit
1689 2119 1948 2193 pontiﬁci
1983 2120 2092 2175 Ro-

452 2218 647 2274 mano,
687 2203 911 2261 scilicet
940 2209 1007 2262 ut
1036 2207 1094 2262 in
1126 2211 1247 2265 toto
1279 2210 1418 2265 orbe
1450 2210 1781 2265 sacerdotes
1813 2210 1890 2264 ita
1940 2208 2097 2264 hunc

451 2294 629 2367 caput
645 2290 919 2366 habeant,
944 2295 1096 2353 sicut
1112 2315 1316 2354 omnes
1329 2297 1584 2370 judices,
1602 2315 1818 2370 regem.
1838 2300 2096 2365 Quorum

452 2399 685 2463 semper
712 2384 875 2441 omni
893 2386 1113 2442 mundo
1136 2387 1510 2444 reverendam
1541 2388 1914 2456 sententiam,
1949 2387 2102 2443 sicut

449 2466 735 2539 veraciter
763 2473 959 2530 divina
981 2474 1363 2547 inspiratione
1392 2475 1844 2548 promulgatam,
1887 2476 2102 2548 ample-

454 2558 537 2617 xae
568 2558 801 2634 reliquae
833 2562 1193 2620 universales
1222 2565 1449 2637 synodi,
1486 2564 1541 2620 id
1576 2569 1665 2622 est
1693 2566 2100 2622 Constantino-

455 2648 1231 2727 politanaprima,consensu
1244 2654 1575 2726 piiAugusti
1589 2658 1646 2709 et
1659 2654 1914 2726 religiosi
1928 2655 2106 2726 majo-

457 2736 539 2805 ris
564 2730 1557 2819 Theodosii,Eplicsinaprima,sub
1586 2743 1831 2800 Juniore
1846 2744 2106 2800 Theodo-

459 2820 568 2897 sio,
586 2824 706 2885 ﬁlio
730 2830 1547 2904 Arcbadii,Chaceldonensis,
1570 2834 1679 2889 sub
1702 2833 1946 2905 imperio
1964 2833 2105 2889 diva:

463 2906 757 3000 memoriis
775 2920 1077 2990 Marciani,
1092 2922 1263 2978 tertia
1277 2922 2109 2995 Constantinopolitana,roga-

463 3012 527 3067 tu
542 3013 598 3066 et
610 2994 1535 3070 consensuJuniorisConstantini
1547 2994 1830 3080 ,unanimi
1843 2994 2108 3069 volunta-

465 3104 540 3168 te,
560 3088 958 3175 concordique
978 3102 1152 3157 verbo
1185 3105 1243 3158 et
1262 3101 1481 3174 scripto
1513 3102 1936 3158 cunﬁrmavere
1968 3119 2109 3158 san-

2196 616 2359 671 quem
2403 602 2667 657 Dominus
2710 618 2820 657 non
2866 602 3212 659 detestatur?
3256 605 3443 676 (Num.
3493 611 3703 682 mn.)
3743 609 3861 669 Vos

2196 706 2328 744 vero
2381 707 2485 745 nec
2550 707 2713 745 amor
2768 690 2869 745 Dei
2918 695 2974 745 et
3023 692 3296 765 proximi,
3354 712 3460 751 nec
3524 700 3857 756 reverentia

2196 777 2527 834 divinorum
2543 783 2979 847 canonum,aut,
2994 779 3151 837 sicut
3164 782 3856 847 diciturorthodoxorum

2197 867 2526 939 principum
2574 872 2900 924 vestrorum
2930 869 3249 941 prohibitio
3280 880 3535 945 revocat,
3571 876 3721 949 quin
3748 896 3857 953 pu-

2199 955 2344 1012 blice
2376 956 2739 1014 maledicatis
2759 963 2815 1013 et
2841 958 3213 1015 detestemini
3236 977 3426 1034 genus
3446 963 3733 1036 electum,
3764 976 3859 1025 re-

2201 1045 2327 1118 gale
2358 1046 2772 1116 sacerdotium,
2804 1050 3156 1121 gentemque
3201 1056 3467 1109 sanctam
3498 1053 3562 1126 (Ι
3586 1060 3738 1113 Petr.
3774 1059 3855 1127 η).

2268 1133 2385 1190 ΧΙΙ.
2411 1136 2572 1198 Quod
2596 1136 2862 1207 quamvis
2875 1138 3153 1195 omnibus
3177 1139 3447 1197 Ecclesiis
3464 1142 3707 1212 Christi,
3734 1162 3857 1218 qua:

2198 1240 2378 1279 unam
2400 1224 2745 1280 catholicam
2763 1225 2823 1280 in
2847 1230 2967 1282 toto
2987 1228 3210 1285 mundo
3230 1229 3519 1301 efﬁciunt,
3541 1250 3575 1289 a
3592 1232 3857 1308 principe

2198 1313 2617 1384 apostolorum,
2671 1315 2838 1371 Petro
2891 1315 2968 1371 sit
3014 1334 3147 1373 vere
3191 1318 3434 1388 dictum,
3482 1322 3629 1378 nulli
3661 1327 3857 1380 tamen

2198 1401 2391 1457 verius
2434 1406 2670 1474 aptatur
2700 1420 2880 1475 quam
2908 1403 2993 1459 illi
3019 1406 3113 1460 cui
3146 1408 3382 1480 proprie
3409 1411 3683 1482 praesidet
3731 1413 3859 1485 ipse

2198 1491 2299 1563 qui
2348 1490 2598 1547 ccclestis
2649 1493 2811 1564 regni
2854 1493 3069 1549 meruit
3115 1496 3510 1568 gubernacula
3557 1500 3859 1569 obtinere,

2202 1580 2441 1636 Domino
2470 1580 2608 1637 Jesu
2632 1581 2862 1638 Christo
2894 1582 3002 1638 sibi
3042 1584 3285 1651 dicente
3317 1603 3331 1642 :
3376 1588 3485 1643 Tibi
3511 1587 3643 1644 dabo
3673 1590 3865 1645 claves

2200 1664 2357 1739 regni
2382 1670 2641 1725 calorum
2670 1670 2877 1740 (Matth.
2913 1674 3049 1743 xvx),
3095 1677 3174 1740 et,
3204 1673 3264 1729 in
3297 1676 3534 1748 speciali
3564 1681 3860 1749 potestate

2200 1757 2423 1831 ligandi
2454 1763 2511 1814 et
2540 1758 2821 1827 solvendi,
2854 1761 3073 1816 summi
3112 1763 3418 1821 sacerdotii
3446 1765 3851 1839 privilegium.

2200 1849 2271 1903 At
2295 1847 2597 1919 quoniam,
2631 1852 2942 1905 attestante
2963 1849 3301 1908 Salomone:
3325 1852 3429 1911 Cor
3447 1856 3593 1927 regis
3614 1857 3675 1911 in
3690 1840 3863 1911 manu

2201 1937 2421 1993 Domini
2446 1954 2459 2003 ;
2487 1954 2802 2008 quocunque
2830 1940 3066 1995 voluerit
3095 1944 3263 1997 vertet
3291 1942 3435 1998 illud
3474 1945 3660 2015 (Prov.
3694 1945 3820 2016 xxx)
3849 1960 3863 2000 :

2200 2030 2431 2083 tantum
2462 2027 2686 2098 apicem
2713 2026 2963 2084 caelestis
2986 2029 3282 2102 dignitatis
3312 2031 3371 2086 in
3402 2032 3572 2088 beato
3601 2035 3786 2089 Petro
3810 2036 3869 2089 et.

2203 2115 2263 2171 in
2294 2116 2422 2186 ejus
2444 2115 2672 2171 vicariis
2695 2117 3189 2187 prudentissimus
3218 2123 3454 2175 terrena
3485 2120 3867 2177 monarchie

2205 2204 2474 2276 princeps
2487 2204 2903 2264 Constantinus
2925 2206 3127 2263 intima
3146 2208 3613 2266 consideratione
3637 2209 3864 2266 reveri-

2204 2297 2321 2360 tus,
2374 2298 2613 2351 cunctos
2662 2312 2849 2368 usque
2901 2296 2960 2352 in
3013 2297 3185 2353 ﬁnem
3233 2297 3432 2354 saeculi
3468 2314 3861 2356 successuros

2206 2382 2396 2439 eidem
2445 2382 2708 2455 apostolo
2759 2384 2820 2441 in
2864 2385 3127 2441 Romana
3187 2386 3323 2442 sede
3371 2387 3705 2459 pontifices,
3756 2404 3865 2461 per

2209 2473 2447 2529 beatum
2479 2472 2821 2530 Silvestrum
2841 2492 2954 2531 non
2969 2474 3163 2531 solum
3186 2474 3474 2549 imperiali
3496 2480 3787 2550 potestate
3809 2481 3865 2534 et

2210 2560 2517 2634 dignitate,
2539 2580 2738 2618 verum
2754 2564 2928 2620 etiam
2949 2565 3151 2621 infulis
3165 2568 3221 2622 et
3242 2566 3535 2623 ministris
3555 2566 3864 2623 adornavit

2211 2650 2634 2723 imperialibus,
2656 2652 3144 2727 valdeindignum
3164 2655 3284 2712 fore
3298 2656 3616 2714 arbitratus
3637 2661 3864 2714 terreno

2212 2741 2455 2812 imperio
2488 2743 2594 2796 sub
2624 2758 2772 2813 quos
2793 2743 2988 2799 divina
3005 2746 3284 2817 majestas
3323 2745 3581 2818 praefecit
3600 2745 3823 2803 caelesti
3850 2764 3864 2814 ;

2212 2830 2594 2902 cuiequidem
2628 2849 2746 2886 con:
2762 2837 3029 2903 paratum
3062 2834 3219 2890 istud
3252 2838 3548 2892 terrenum
3573 2834 3722 2891 nihil
3752 2840 3861 2902 est,

2213 2918 2327 2975 nisi
2357 2920 2582 2976 vanitas
2601 2921 2948 2991 vanitatum,
2970 2939 3087 2993 qua
3106 2923 3397 2992 homines,
3428 2924 3594 2981 obliti
3625 2925 3863 2982 Domini

2211 3008 2498 3064 Creatoris
2521 3010 2631 3077 sui,
2658 3010 3295 3085 intumescentesﬁmox
3325 3015 3765 3072 detumescunt.
3797 3014 3867 3072 Et

2214 3101 2411 3153 tamen
2448 3097 2772 3171 imperialis
2802 3100 3086 3159 celsitudo
3116 3102 3226 3159 hoc
3257 3107 3449 3160 totum
3480 3104 3637 3178 quod
3671 3103 3865 3178 potuit

464 3189 945 3267 ctamBomanam
959 3190 2108 3264 etapostolicamsedem,postDominum
2150 3263 2179 3267 ψ
2216 3187 2427 3255 effecit,
2460 3189 2693 3260 quando
2724 3194 2844 3248 tota
2873 3191 3176 3248 devotione
3206 3193 3492 3267 quidquid
3539 3211 3573 3249 a
3619 3193 3868 3249 Domino

462 3258 687 3349 Jesu‘m,
720 3284 895 3355 caput
921 3296 1051 3338 esse
1066 3280 1330 3337 omnium
1359 3281 1748 3338 Ecclesiarum
1770 3281 1890 3349 Dei,
1923 3288 1979 3337 et
1999 3280 2106 3337 hoc
2138 3263 2181 3331 C
2219 3281 2538 3347 acceperat,
2567 3277 2756 3333 eidem
2779 3278 2839 3334 in
2870 3280 3292 3339 ministrissuis
3314 3282 3590 3338 reddidit.
3616 3280 3692 3339 Ut
3715 3281 3870 3338 enim

467 3369 677 3449 debere
708 3369 886 3442 credi,
937 3370 1201 3427 conﬁteri
1231 3374 1288 3426 et
1317 3371 1493 3427 scribi
1526 3372 1598 3427 ab
1633 3371 1913 3427 omnibus
1937 3387 2108 3427 vene-

465 3459 758 3537 ratoribus
771 3456 987 3519 Nicaeni
1007 3460 1236 3517 concilii
1262 3461 1435 3533 cujus
1448 3463 1802 3517 statutorum
1826 3477 2011 3532 usque
2035 3460 2109 3516 ad

463 3565 650 3625 unum
696 3549 817 3607 iota
865 3550 1364 3623 contemptoribus
1413 3548 1745 3606 districtum
1798 3550 2112 3607 anathema

461 3643 698 3713 cautum
728 3644 819 3698 est
865 3658 899 3697 a
936 3639 1198 3713 quinque
1226 3639 1500 3713 praefatis,
1532 3644 1590 3695 et
1621 3640 1848 3697 cunctis
1877 3644 2108 3696 sancto-

462 3746 596 3787 rum
629 3730 868 3787 Patrum
904 3730 1144 3805 synodis
1174 3728 1696 3802 subsequentibus.

533 3820 627 3889 ΧΙ.
660 3820 777 3889 Sic,
792 3820 964 3892 juxta
977 3821 1337 3893 Sapientem,
1362 3819 1512 3891 lapis
1538 3818 1759 3875 missus
1778 3836 1894 3875 non
1917 3820 2111 3893 pergit

463 3908 536 3967 ad
566 3908 778 3968 caalum
802 3910 989 3983 (Eccti.
1012 3910 1211 3981 xxvn),
1235 3914 1292 3965 et
1313 3908 1712 3977 maledictum,
1738 3909 1956 3965 frustra
1976 3926 2107 3981 pro-

464 3997 673 4071 latum,
704 3999 1014 4056 revertitur
1041 4000 1103 4055 in
1132 4004 1430 4057 auctorem
1474 4016 1649 4054 suum
1682 4000 1863 4069 (Prov.
1906 3999 2060 4069 xxvx)
2091 4016 2103 4053 :

464 4089 572 4158 sic,
594 4090 767 4161 juxta
793 4087 953 4161 vulgi
990 4088 1383 4160 proverbium,
1410 4087 1510 4158 qui
1532 4103 1711 4158 supra
1734 4090 1910 4159 caput
1934 4103 2107 4143 suum

464 4194 675 4252 spuere
704 4164 969 4245 conatur,
994 4177 1346 4249 quantocius
1366 4176 1425 4230 in
1448 4175 1654 4231 faciem
1685 4175 1848 4230 illius
1867 4181 2109 4248 sputum

466 4265 753 4337 relabitur
786 4284 799 4323 :
827 4267 923 4322 Sic
940 4265 1110 4321 nobis
1134 4263 1507 4320 maledictum
1527 4281 1631 4336 pro
1656 4264 1962 4320 maledicto
1994 4284 2107 4324 non

462 4353 864 4423 reddentibus,
896 4354 996 4410 sed
1015 4370 1149 4409 cum
1171 4352 1499 4420 Psalmista,
1519 4353 1825 4409 adversum
1845 4371 1952 4410 nos
1976 4372 2108 4428 pec-

463 4445 660 4500 catore
688 4443 1066 4512 consistente,
1116 4441 1442 4500 custodiam
1483 4442 1568 4498 ori
1604 4447 1805 4499 nostra
1838 4444 1966 4515 jam
2005 4444 2106 4502 diu

459 4531 814 4606 ponentibus
860 4533 1033 4605 (Psal.
1074 4532 1331 4603 xxxvm),
1382 4548 1485 4605 per
1522 4537 1814 4588 tumorem
1846 4537 2105 4590 vestrum

458 4621 970 4696 incurristis,quod
984 4621 1171 4679 dolem
1182 4621 1416 4694 us,quia
1428 4623 1565 4695 praej
1575 4622 1832 4677 udicium
1848 4622 2110 4679 faciendo
2139 4644 2188 4708 υ

460 4729 707 4772 summa
734 4714 882 4781 sedi,
917 4714 988 4770 de
1022 4730 1138 4786 qua
1167 4729 1270 4769 nec
1289 4711 1581 4784 judicium
1608 4710 1746 4767 licet
1774 4712 1963 4768 facere
1983 4713 2106 4769 cui-

460 4796 639 4878 quam
670 4804 996 4871 hominum,
1038 4801 1355 4861 anathema
1382 4800 1690 4873 accepistis
1721 4802 1792 4857 ab
1820 4801 2108 4859 universis

461 4891 732 4957 Patribus
762 4893 1028 4950 omnium
1072 4889 1494 4949 venerabilium
1542 4888 1946 4946 conciliorum.
1980 4893 2103 4957 Quo

456 4982 945 5055 indissolubiliter
959 4978 1389 5054 astringemini,
1409 4979 1457 5034 si
1471 4995 1569 5034 cor
1582 4979 1659 5034 im
1667 4979 1955 5051 paenitens
1974 4982 2105 5037 reti-

462 5075 656 5132 nendo
694 5090 872 5146 super
915 5075 1145 5129 tantam
1187 5068 1726 5142 praesumptionem,
1761 5068 1833 5124 ab
1864 5068 1962 5125 illo
2002 5088 2106 5143 per

458 5162 706 5231 vicarios
734 5162 924 5235 ipsius
956 5178 1070 5218 non
1102 5157 1432 5223 solvamini,
1467 5157 1557 5213 cui
1590 5156 1920 5229 specialiter
1959 5159 2103 5216 dixit

455 5253 747 5321 Christus,
770 5251 952 5309 Filius
981 5249 1081 5307 Dei
1108 5248 1221 5304 vivi
1256 5265 1267 5302 :
1305 5248 1656 5319 Quzecunque
1683 5248 1911 5303 solveris
1938 5264 2104 5321 super

454 5346 683 5409 terram,
714 5349 877 5399 erant
904 5341 1084 5397 soluta
1111 5342 1161 5396 et
1194 5341 1253 5395 in
1282 5338 1430 5393 cwlis
1457 5335 1680 5408 (Matth.
1712 5338 1849 5407 xvr).
1879 5336 1939 5392 Si
1970 5354 2103 5394 con-

457 5432 717 5490 feramus
746 5436 939 5489 vetera
968 5428 1154 5500 novis,
1186 5426 1422 5485 Balaam
1458 5425 1551 5483 ille
1593 5424 1855 5482 hariolus
1905 5426 1962 5481 in
1993 5426 2103 5484 hac

453 5526 620 5593 parte
666 5521 891 5577 cautior
922 5519 1030 5576 fuit
1059 5518 1241 5586 vobis,
1277 5516 1399 5588 qui,
1433 5531 1701 5572 revcrens
1741 5514 1949 5582 Deum,
1996 5532 2102 5573 nec

454 5608 786 5680 promissis,
818 5606 1128 5675 necminis
1161 5605 1314 5678 regis
1344 5604 1513 5661 Moab
1536 5604 1608 5660 ad
1630 5602 2101 5662 maledicendum

452 5694 592 5752 ﬁliis
612 5695 789 5753 Israel
819 5695 973 5754 ﬂecti
1002 5694 1195 5769 potuit
1224 5710 1239 5753 :
1270 5692 1568 5764 Quomodo,
1602 5692 1897 5767 inquiens,
1926 5694 2105 5754 male-

2218 3365 2564 3423 venerabilis
2585 3366 2801 3425 Paulus
2817 3369 2984 3426 docet
3008 3385 3020 3425 :
3045 3372 3163 3428 Non
3180 3376 3260 3428 est
3274 3375 3511 3444 potestas
3522 3372 3644 3428 nisi
3656 3389 3692 3428 a
3722 3362 3872 3428 Deo:

2217 3472 2555 3527 quwcunque
2571 3461 2753 3513 autem
2767 3461 2910 3527 sunt,
2930 3476 2963 3513 a
2978 3461 3081 3517 Deo
3100 3460 3356 3517 ordinata
3375 3465 3503 3517 sunt
3518 3463 3696 3533 (Rom.
3720 3461 3869 3532 xm).

2217 3544 2441 3608 Quibus
2498 3545 2558 3601 in
2615 3547 2831 3603 terreni
2887 3548 3050 3621 regni
3100 3553 3431 3623 opportuna
3478 3548 3873 3605 administra-

2216 3633 2374 3690 tione
2405 3652 2521 3691 non
2561 3637 2952 3693 resistendum
3001 3638 3085 3694 sic
3134 3639 3491 3695 instruimur
3526 3655 3631 3712 per
3674 3639 3873 3713 ipsum

2218 3724 2539 3797 principem
2570 3725 3004 3799 apostolorum:
3038 3728 3279 3801 Subjecti
3295 3732 3461 3785 estote
3486 3730 3645 3785 omni
3674 3728 3878 3785 huma-

2218 3829 2309 3871 na
2334 3821 2619 3873 creatura?
2632 3821 2855 3888 propter
2882 3818 3055 3873 Deum
3073 3835 3095 3881 ;
3124 3820 3241 3874 sive
3269 3820 3405 3891 regi,
3449 3819 3613 3891 quasi
3640 3820 3878 3893 praecel-

2219 3905 2388 3972 lentt;
2440 3907 2555 3961 sive
2599 3906 2846 3973 ducibus,
2893 3916 3156 3980 tanquam
3200 3909 3267 3963 ab
3315 3925 3375 3965 eo
3406 3910 3613 3979 missis,-
3662 3908 3737 3965 ad
3770 3911 3881 3966 vin-

2216 3993 2419 4049 dictam
2438 3996 2842 4067 matfactorum,
2884 3995 3107 4054 laudem
3142 4015 3270 4055 vero
3310 3999 3598 4068 bonorum,
3635 4002 3774 4071 quia
3801 4001 3880 4054 sic

2218 4092 2295 4138 est
2311 4084 2561 4139 voluntas
2582 4086 2682 4141 Dei
2695 4085 2740 4157 (I
2761 4086 2903 4143 Petr.
2920 4087 3081 4159 11).Et
3094 4091 3227 4160 post
3240 4105 3428 4161 pauca
3446 4106 3459 4145 :
3474 4090 3650 4145 Deum
3668 4092 3870 4155 timete,

2216 4188 2398 4242 regem
2444 4174 2798 4245 honoriﬁcate
2829 4176 3033 4249 (Ibid.).
3080 4181 3272 4249 Atque
3311 4194 3415 4250 per
3460 4177 3868 4251 coapostolum

2217 4261 2345 4331 ejus
2364 4262 2609 4318 Paulum
2630 4281 2642 4318 :
2664 4263 2853 4320 Omnis
2874 4268 3065 4321 anima
3079 4267 3870 4339 potestatibussublimioribus

2216 4349 2432 4406 subdita
2460 4353 2552 4407 sit.
2586 4352 2727 4407 Nam
2757 4354 2854 4425 qui
2877 4355 3079 4410 resistit
3102 4356 3378 4428 potestati,
3410 4356 3512 4411 Dei
3526 4355 3873 4412 ordinatiom'

2217 4440 2440 4495 resistit.
2492 4440 2598 4509 Qui
2632 4442 2818 4497 autem
2863 4445 3142 4513 resistunt,
3176 4445 3288 4518 ipsi
3312 4444 3425 4500 sibi
3452 4444 3871 4503 damnationem

2216 4531 2509 4601 acquirunt
2538 4530 2711 4602 (Rom.
2746 4535 2890 4603 xm).
2926 4533 3088 4590 Unde
3118 4533 3412 4607 Sapientia
3441 4534 3503 4590 in
3543 4534 3871 4592 Proverbiis

2217 4617 2445 4675 intonat
2487 4618 2689 4676 dicens
2744 4637 2755 4675 :
2789 4622 2893 4676 Per
2912 4638 2999 4678 me
3028 4640 3177 4694 reges
3216 4628 3469 4694 regnant,
3514 4628 3566 4679 et
3587 4625 3874 4698 principes

2208 4709 2364 4780 justa
2391 4708 2688 4766 decernunt
2716 4710 2897 4781 (Prov.
2927 4712 3255 4784 vm).Quod
3277 4714 3455 4769 etiam
3486 4729 3642 4784 saepe
3673 4714 3869 4770 dictus

2214 4800 2575 4871 Augustinus
2595 4802 3011 4859 Constantinus
3033 4802 3386 4875 perspicacis
3417 4801 3624 4858 anima:
3652 4801 3870 4859 vivaci-

2215 4892 2333 4944 tate
2364 4888 2765 4961 deprehendit,
2791 4896 2848 4946 et
2873 4891 3047 4947 matri
3070 4909 3187 4947 suae
3216 4891 3495 4965 religiosa:
3510 4887 3750 4945 Helenae
3780 4891 3867 4947 in-

2212 4980 2301 5033 ter
2330 4977 2611 5034 nonnulla
2635 4978 2718 5035 sic
2740 4979 3041 5053 rescripsit
3063 4997 3076 5035 :
3104 4980 3255 5046 «Qui
3272 4981 3603 5038 moderatur
3625 4980 3865 5049 saecula,

2212 5070 2269 5122 et
2288 5066 2550 5139 disponit
2572 5068 2748 5124 totius
2772 5069 2976 5125 mundi
3005 5070 3304 5144 suffragia,
3336 5070 3552 5144 quibus
3575 5066 3799 5125 alimur
3817 5071 3869 5124 et

2212 5160 2633 5225 sustentamur,
2656 5174 2760 5230 per
2778 5175 2840 5215 se
2871 5158 3111 5231 quidem
3142 5159 3426 5232 spirantia
3454 5157 3737 5231 viviﬁcat,
3769 5157 3867 5215 sed

2212 5262 2315 5318 per
2346 5249 2579 5317 pectora
2608 5246 2941 5320 principum
2975 5264 3081 5304 sua
3096 5248 3237 5319 jura
3265 5247 3496 5304 saeculis
3525 5246 3734 5307 dictat.
3770 5271 3798 5299 ››

2283 5333 2431 5389 Xlll.
2460 5334 2563 5389 llis
2606 5338 2665 5389 et
2689 5334 2821 5392 aliis
2850 5335 3305 5410 quamplurimis
3333 5336 3718 5405 testimoniis,
3743 5337 3864 5409 jam

2208 5422 2375 5478 vobis
2406 5420 2773 5478 satisfactum
2804 5440 2934 5481 esse
2963 5425 3163 5481 debuit
3197 5426 3269 5482 de
3296 5429 3532 5483 terreno
3562 5430 3623 5482 et
3651 5423 3870 5483 cmlesti

2212 5508 2479 5582 imperio,
2514 5508 2633 5562 imo
2664 5510 2735 5565 de
2775 5513 2955 5586 regali
3003 5516 3332 5572 sacerdotio
3382 5515 3443 5573 S.
3485 5514 3770 5573 Romana
3818 5519 3867 5570 et

2212 5597 2544 5674 apostolicae
2574 5596 2752 5667 sedis,
2785 5603 3075 5676 praecipue
3104 5621 3281 5678 super
3313 5602 3554 5677 speciali
3582 5605 3718 5674 ejus
3751 5603 3864 5660 dis-

2212 5686 2505 5770 positione
2527 5684 2590 5743 in
2602 5685 2783 5764 caelis,
2798 5689 2851 5749 si
2863 5709 3099 5770 quoquo
3110 5694 3285 5754 modo
3297 5691 3619 5757 Christiani
3636 5709 3771 5756 esse
3782 5690 3864 5756 vel
