3974 6206
388 298 508 362 755

1464 308 1528 370 S.
1575 307 1856 370 LEONIS
1900 306 1982 367 IX
2027 306 2254 368 PAPIE
2295 304 2727 370 OPUSCULA.

3692 314 3818 379 756

388 452 530 494 auro
557 438 867 511 purissimo
898 444 955 494 et
981 439 1230 511 gemmis
1255 438 1524 511 pretiosis
1559 440 1639 494 uti
1672 440 1942 509 debeant,
1976 444 2032 496 et
2062 441 2115 508 Α
2143 440 2318 513 inferi
2344 456 2455 496 non
2474 441 2857 512 praevalebunt
2905 439 3164 497 adversus
3194 457 3339 498 eam.
3370 445 3448 500 Et
3505 444 3613 502 tibi
3666 447 3811 508 dabo

388 524 449 581 in
482 527 669 599 capite
698 529 767 583 ad
813 527 1042 583 laudem
1107 530 1201 583 Dei
1235 546 1337 600 pro
1398 530 1617 585 honore
1673 530 1825 585 beati
1874 530 2030 585 Petri

387 622 634 690 gestare.
669 619 795 688 Ipse
820 631 951 671 vero
973 618 1349 673 beatissimus
1381 637 1532 692 papa
1560 637 1735 691 super
1754 636 2029 676 coronam

388 703 718 771 clericatus,
750 721 927 775 quam
959 707 1105 778 gerit
1136 708 1205 762 ad
1236 707 1481 779 gloriam
1507 709 1656 765 beati
1697 708 1867 773 Petri,
1901 725 2031 764 om-

388 792 526 849 nino
556 792 683 864 ipsa
712 809 782 848 ex
810 811 951 849 auro
984 812 1096 850 non
1130 801 1219 851 est
1241 814 1449 868 passus
1483 798 1565 852 uti
1585 815 1798 853 corona
1820 816 1833 865 ;
1855 797 2032 870 phry-

388 881 552 955 gium
581 886 776 937 autem
806 884 1056 939 candido
1086 886 1295 950 nitore,
1342 885 1712 957 Splendidam
1745 903 2035 942 resurrec-

387 971 606 1027 tionem
637 970 1003 1027 Dominicam
1050 975 1388 1047 designans,
1448 978 1575 1046 ejus
1634 975 2031 1031 sacratissimo

384 1059 585 1116 vertici
616 1061 890 1117 manibus
918 1063 1131 1118 nostris
1178 1064 1592 1136 imposuimus,
1652 1070 1709 1120 et
1768 1069 2031 1120 tenentes

388 1150 617 1205 frenum
650 1149 783 1221 equi
815 1150 1144 1223 ipsius,pro
1176 1153 1496 1209 reverentia
1518 1154 1670 1209 beati
1700 1154 2032 1220 Petri,stra-

391 1237 532 1295 toris
565 1236 651 1292 illi
691 1240 947 1295 ofﬁcium
994 1241 1390 1309 exhibuimus,
1452 1247 1771 1299 statuentes
1828 1244 2029 1299 eodem

388 1329 633 1404 phrygio
652 1346 857 1386 omnes
880 1346 1211 1386 sucessores
1228 1333 1355 1403 ejus
1372 1331 1748 1403 singulariter
1794 1334 1851 1387 in
1902 1349 2034 1405 pro-

390 1421 781 1487 cessionibus,
804 1422 874 1475 ad
896 1420 1279 1477 imitationem
1299 1421 1527 1493 imperii
1546 1421 1751 1477 nostri.
1790 1422 1948 1477 Unde
1972 1425 2037 1477 ut

389 1509 739 1582 pontiﬁcalis
751 1526 895 1581 apex
923 1526 1039 1566 non
1059 1510 1420 1579 vilescat,sed
1447 1512 1634 1583 magis
1657 1528 1831 1583 quam
1855 1515 2033 1567 terre-

391 1598 451 1654 ni
473 1598 703 1670 imperii
722 1598 977 1671 dignitas
998 1604 1055 1654 et
1073 1600 1268 1670 gloria:
1292 1600 1550 1671 potentia
1574 1602 2035 1670 decoretur,ecce

388 1692 510 1744 tam
533 1687 816 1760 palatium
839 1692 1126 1755 nostrum,
1153 1694 1213 1743 ut
1236 1690 1536 1761 przelatum
1560 1695 1670 1756 est,
1710 1707 1886 1761 quam
1922 1690 2031 1745 Ro-

392 1793 630 1834 manam
647 1778 877 1847 urbem,
898 1781 955 1832 et
992 1794 1197 1832 omnes
1222 1778 1393 1833 Italia:
1439 1796 1541 1835 seu
1585 1778 2033 1836 occidentalium

390 1867 695 1939 regionum
717 1865 1201 1937 provincias,loca
1221 1872 1277 1921 et
1299 1868 1580 1934 civitates,
1606 1869 1877 1939 saepefato
1903 1868 2035 1924 bea-

390 1954 621 2010 tissimo
641 1954 923 2026 pontiﬁci,
948 1959 1004 2010 et
1023 1955 1178 2010 Patri
1202 1960 1398 2012 nostro
1422 1956 1699 2012 Silvestro
1718 1956 2035 2013 universali

388 2059 548 2116 papae
566 2044 973 2099 contradentes
995 2047 1169 2116 atque
1198 2044 1670 2117 relinquentes,ei
1694 2045 1779 2101 vel
1804 2063 2037 2102 succes-

390 2131 833 2203 soribusipsius
853 2132 1228 2204 pontiﬁcibus
1254 2138 1597 2205 potestatem
1644 2138 1701 2190 et
1753 2134 2034 2190 ditionem

388 2220 620 2276 firmam
643 2220 932 2292 imperiali
950 2238 1199 2285 censura
1218 2239 1320 2293 per
1340 2223 1490 2278 hanc
1506 2226 1767 2278 nostram
1786 2223 2037 2279 divalem

380 2310 711 2383 jussionem
734 2314 791 2364 et
813 2311 1239 2381 pragmaticum
1262 2313 1647 2367 constitutum
1670 2313 2038 2368 decernimus

390 2398 773 2470 disponenda,
808 2400 1121 2469 atquejuri
1161 2405 1378 2454 sancta:
1440 2400 1712 2455 Romanis
1772 2400 2036 2457 Ecclesia:

390 2485 769 2542 concedimus
800 2502 1202 2557 permansura.
1240 2487 1400 2542 Unde
1431 2504 1755 2559 congruum
1800 2505 2037 2561 prospe-

390 2574 586 2629 ximus
606 2576 874 2628 nostrum
893 2574 1203 2645 imperium
1223 2579 1279 2629 et
1296 2576 1455 2647 regni
1480 2580 1825 2647 potestatem
1849 2578 2036 2633 orien-

392 2662 612 2719 talibus
641 2662 945 2719 transferri
966 2679 1031 2718 ac
1054 2664 1439 2719 transmutari
1487 2664 1841 2737 regionibus,
1892 2673 1947 2722 et
1977 2667 2035 2721 in

392 2751 678 2827 Byzantia:
710 2751 1017 2824 provinciae
1049 2753 1269 2824 Optimo
1301 2752 1423 2809 loco
1456 2754 1679 2809 nomini
1710 2760 1909 2811 nostro
1954 2757 2033 2810 ci-

390 2843 630 2897 vitatem
660 2841 955 2908 aediﬁcari,
988 2845 1045 2896 et
1067 2846 1333 2897 nostrum
1363 2842 1480 2899 illic
1513 2844 1789 2899 constitui
1848 2845 2035 2917 impe-

392 2930 570 2997 rium,
631 2930 912 3002 quoniam
972 2931 1071 2986 ubi
1130 2931 1493 3004 principatus
1552 2935 1921 2989 sacerdotum
1978 2937 2036 2989 et

393 3017 733 3074 Christianas
774 3017 1069 3091 religionis
1091 3025 1271 3091 caput
1323 3022 1395 3075 ab
1429 3023 1782 3093 lmperatore
1813 3021 2032 3079 caelesti

393 3107 784 3164 constitutum
816 3111 924 3173 est,
946 3108 1180 3179 justum
1222 3125 1335 3163 non
1362 3113 1450 3165 est
1482 3116 1546 3164 ut
1593 3108 1713 3165 illic
1763 3115 2032 3166 terrenus

2140 530 2314 585 claves
2345 531 2502 601 regni
2528 530 2811 584 extorum.
2834 532 2898 585 Et
2928 530 3290 603 quodcunque
3348 533 3614 603 ligaveris
3642 555 3812 612 super

2140 623 2366 686 terram,
2396 621 2502 675 erit
2532 619 2762 690 ligatum
2790 627 2843 675 et
2870 622 2931 673 in
2959 620 3107 674 cazlis
3134 637 3155 682 ;
3184 624 3238 675 et
3286 622 3647 696 quodcunque
3702 630 3813 686 sol.

2144 710 2283 763 veris
2312 724 2474 779 super
2497 708 2836 775 terram,erit
2859 709 3098 764 solutum
3128 711 3251 765 etin
3278 713 3807 790 ccelis(1l!atth.xv1).

2142 797 2248 861 Qui
2280 797 2457 852 etiam
2487 797 2545 851 in
2578 796 2842 869 catalago
2865 798 3492 869 apostolorum,instar
3522 805 3807 877 cardinis,

2143 886 2215 941 ab
2238 885 2365 958 ipso
2388 886 2632 942 Domino
2661 886 2803 941 Jesu
2829 886 3056 942 Christo
3079 888 3307 960 primus
3338 891 3813 965 positus,Petrus

2144 975 2201 1029 id
2224 979 2313 1030 est
2343 974 2565 1046 Cephas,
2588 979 2775 1031 exstat
2804 976 3273 1047 cognominatus.
3308 979 3413 1035 Cui
3463 983 3805 1055 specialiter

2143 1066 2199 1119 et
2229 1064 2598 1134 nominatim,
2622 1082 2737 1120 non
2770 1069 3001 1122 tantum
3042 1071 3177 1123 ante
3209 1068 3545 1141 passionem
3605 1090 3804 1145 suam,

2142 1168 2344 1208 verum
2370 1158 2426 1209 et
2454 1153 2512 1208 in
2548 1153 2733 1226 ipsius
2765 1153 3011 1209 articulo
3072 1155 3387 1228 passionis,
3419 1176 3556 1217 mox
3601 1168 3671 1219 ut
3709 1166 3803 1220 sui

2145 1242 2402 1314 corporis
2434 1246 2491 1318 et
2533 1243 2838 1316 sanguinis
2896 1231 3166 1301 mirabile
3221 1247 3568 1318 mysterium
3631 1269 3810 1325 agen-

2144 1331 2285 1386 dum
2308 1329 2655 1403 generaliter
2675 1330 2983 1403 discipulis
3014 1332 3404 1402 tradidit,tam
3418 1353 3550 1395 oves
3581 1355 3642 1395 se
3675 1357 3811 1413 pas-

2144 1422 2338 1475 torum
2370 1420 2601 1475 Pastore
2648 1437 2947 1492 percusso,
3007 1420 3449 1496 dispergendas,
3507 1443 3687 1498 quam
3747 1434 3810 1486 et

2145 1508 2403 1580 usquein
2434 1509 2611 1564 linem
2644 1509 2841 1565 saeculi
2901 1510 2972 1566 ad
3027 1527 3212 1566 unum
3274 1513 3451 1583 ovile,
3509 1519 3564 1571 et
3620 1517 3695 1572 ad
3727 1535 3800 1573 se

2144 1614 2327 1652 unum
2352 1601 2646 1669 pastorem
2705 1598 3062 1671 colligendas
3123 1603 3608 1671 commendando,
3666 1605 3798 1661 ait:

2143 1685 2353 1751 Simon,
2382 1686 2593 1753 Simon,
2615 1703 2731 1743 ecce
2756 1687 2986 1743 Satanas
3014 1690 3279 1761 expetivit
3325 1707 3434 1759 vos,
3465 1698 3524 1749 ut
3578 1694 3804 1750 cribra-

2148 1778 2229 1830 ret
2255 1777 2400 1831 sicut
2421 1777 2668 1831 triticum
2693 1794 2714 1839 ,'
2746 1793 2843 1846 ego
2874 1782 3060 1833 autem
3084 1782 3283 1851 rogavi
3335 1797 3435 1852 pro
3463 1786 3539 1851 te,
3570 1787 3629 1837 ut
3684 1799 3801 1838 non

2147 1865 2362 1934 deﬁciat
2388 1866 2521 1935 ﬁdes
2545 1874 2639 1920 tua
2668 1884 2686 1920 :
2718 1874 2767 1922 et
2798 1875 2857 1922 tu
2880 1867 3180 1938 aliquando
3204 1884 3496 1926 conversus
3526 1872 3801 1943 conﬁrma

2143 1957 2346 2024 fratres
2371 1957 2489 2010 tuos
2520 1956 2671 2025 (Luc.
2696 1956 2859 2027 xxn).
2886 1955 3086 2028 Ipsum
3124 1974 3354 2030 quoque
3382 1959 3629 2031 angelus
3687 1977 3801 2033 per

2150 2041 2424 2099 mulieres
2454 2043 2526 2098 ad
2556 2042 2869 2100 videndam
2900 2046 3254 2117 resurgentis
3267 2047 3525 2119 Magistri
3538 2047 3798 2120 gloriam

2150 2131 2385 2186 nomine
2416 2130 2699 2197 invitavit,
2732 2148 2867 2187 cum
2895 2132 3039 2188 dixit
3071 2150 3083 2188 :
3115 2133 3281 2190 Dicite
3308 2134 3594 2211 discipulis
3652 2138 3802 2209 ejus,

2148 2226 2198 2275 et
2228 2222 2408 2286 Petro,
2441 2222 2580 2292 quia
2608 2223 2853 2276 surrexit
2880 2225 2936 2277 et
2964 2237 3076 2277 ecce
3098 2222 3359 2294 praecedet
3400 2239 3489 2279 vos
3523 2226 3587 2279 in
3647 2224 3805 2281 Gali-

2151 2310 2334 2366 laeam.
2368 2310 2450 2364 lbi
2479 2325 2606 2364 eum
2635 2310 2883 2366 videbitis
2913 2310 3132 2383 (Matth.
3153 2311 3268 2382 xx).
3300 2312 3538 2368 Necnon
3578 2312 3798 2383 eidem,

2149 2398 2277 2469 ipsa
2305 2395 2397 2452 die
2427 2398 2871 2455 resurrectionis
2901 2416 3040 2468 suae,
3074 2399 3206 2472 pius
3236 2404 3293 2455 et
3319 2416 3489 2457 verax
3521 2400 3806 2475 Magister

2151 2483 2443 2555 apparuit,
2488 2484 2990 2556 quemadmodum
3045 2485 3393 2543 venerabilis
3441 2489 3803 2563 evangelista

2148 2570 2332 2627 Lucas
2365 2589 2471 2627 nos
2502 2572 2763 2640 instruit,
2797 2574 2998 2630 dicens
3032 2591 3044 2630 :
3081 2576 3222 2644 Quia
3251 2579 3499 2633 surrexit
3533 2578 3804 2636 Dominus

2152 2677 2291 2727 vere,
2322 2665 2373 2716 et
2403 2664 2665 2733 apparuit
2708 2664 2921 2719 Simoni
2949 2664 3099 2735 (Luc.
3157 2665 3333 2738 xxiv).
3367 2667 3553 2733 Quam
3578 2667 3804 2745 ~Inani-

2150 2749 2516 2806 festationem
2549 2749 2657 2806 soli
2688 2751 2855 2807 Petro
2884 2751 3071 2825 prius,
3107 2753 3316 2810 deinde
3364 2754 3450 2809 illi
3476 2771 3611 2811 cum
3667 2755 3803 2812 reli-

2148 2838 2280 2910 quis
2328 2839 2746 2912 condiscipulis
2781 2841 3017 2912 factam,
3074 2841 3368 2914 gloriosus
3427 2845 3804 2917 coapostolus

2147 2929 2275 2999 ejus
2304 2927 2517 2983 Paulus
2548 2928 2822 2997 declarat,
2850 2930 2949 2984 ubi
2982 2931 3055 2986 ad
3087 2930 3420 2987 Corinthios
3451 2932 3537 2989 sic
3565 2933 3801 2990 scribit:

2150 3017 2289 3085 Quia
2316 3020 2560 3074 surrexit
2590 3018 2837 3076 Christus
2865 3021 3032 3074 tertia
3051 3019 3140 3076 die
3194 3021 3491 3077 secundum
3548 3022 3807 3096 Scriptu-

2146 3122 2258 3177 ras,
2282 3110 2331 3162 et
2360 3110 2495 3180 quia
2522 3109 2667 3163 visus
2690 3117 2767 3163 est
2797 3108 3012 3181 (Iephte,
3070 3113 3118 3165 et
3148 3113 3267 3181 post
3318 3111 3438 3168 hac
3484 3111 3741 3169 undecim
3758 3113 3807 3185 (ι

390 3197 708 3269 imperator
736 3196 948 3252 habeat
968 3201 1333 3269 potestatem.
1368 3199 1497 3254 Haec
1529 3215 1659 3254 vero
1685 3199 2037 3271 omnia,quae
2068 3187 2111 3254 C
2151 3195 2271 3251 Cor.
2303 3200 2397 3267 xv)

391 3302 496 3358 per
518 3286 669 3341 hanc
699 3286 1063 3359 imperialem
1086 3303 1311 3343 sacram
1334 3292 1390 3343 et
1410 3303 1513 3360 per
1540 3287 1655 3344 alia
1684 3287 1897 3345 divalia
1944 3290 2038 3345 de-

392 3379 551 3431 creta
579 3375 892 3431 statuimus
922 3382 1097 3448 atque
1127 3377 1623 3443 conﬁrmavimus,
1653 3394 1839 3450 usque
1883 3378 1942 3432 in
1976 3378 2037 3432 ﬁ-

392 3480 527 3519 nem
560 3464 764 3519 mundi
790 3464 1014 3521 illibata
1041 3470 1097 3521 et
1125 3466 1474 3521 inconcussa
1516 3483 1902 3539 permansura
1930 3467 2035 3523 de-

387 3552 703 3609 cernimus.
731 3576 752 3602 ι
792 3554 1012 3610 Deinde
1043 3555 1194 3611 facta
1223 3555 1627 3624 obtestatione,
1662 3571 1857 3611 coram
1918 3560 2031 3612 Deo

383 3642 510 3698 vivo
539 3646 597 3698 et
625 3643 873 3699 terribili
896 3644 1025 3714 ejus
1047 3644 1293 3715 judicio,
1329 3649 1385 3700 et
1423 3645 1841 3716 imprecatione
1870 3650 2031 3702 aeter-

382 3750 468 3787 nae
499 3732 1003 3789 condemnationis
1033 3734 1365 3790 temeratori
1396 3733 1485 3790 vel
1507 3736 1890 3807 contemptori
1942 3736 2029 3808 ip-

380 3821 503 3877 sius
535 3822 626 3878 sui
658 3823 966 3894 privilegii,
1000 3829 1239 3879 secutus
1270 3823 1424 3879 idem
1454 3824 1805 3879 venerabilis
1846 3826 2027 3881 Cons-

377 3913 664 3979 tantinus,
693 3911 811 3966 ait:
848 3936 875 3961 «
910 3911 1097 3983 Hujus
1129 3929 1262 3968 vero
1321 3912 1644 3983 imperialis
1698 3913 1882 3969 nostri
1935 3914 2028 3970 de-

377 4000 517 4055 creti
550 4000 827 4072 paginam
862 4000 1110 4071 pmpriis
1142 4000 1415 4055 manibus
1446 4001 1806 4068 roborantes,
1850 4019 2025 4074 super

375 4089 773 4145 venerandum
805 4105 1019 4159 corpus
1046 4090 1107 4142 Β.
1154 4088 1328 4154 Petri,
1392 4088 1677 4160 principis
1736 4091 2025 4161 apostolo-

374 4195 506 4234 rum
532 4178 869 4249 posuimus,
903 4177 1100 4246 ibique
1126 4176 1312 4231 eidem
1373 4177 1469 4231 Dei
1530 4177 1793 4249 apostolo
1845 4197 2020 4252 spon-

373 4267 578 4321 dentes
609 4281 716 4319 nos
748 4263 1386 4319 cunctainviolabiliter
1416 4281 1779 4337 conservare,
1813 4273 1869 4323 et
1891 4286 2021 4325 nos-

372 4354 481 4410 tris
513 4352 957 4409 successoribus
1002 4352 1456 4424 imperatoribus
1513 4358 1909 4413 conservanda
1959 4358 2015 4413 in

371 4442 668 4498 mandatis
687 4440 1201 4512 relinquere,Patri
1227 4446 1421 4497 nostro
1444 4443 1741 4513 Silvestro,
1783 4462 2015 4503 summo

2217 3286 2357 3342 XVI.
2390 3289 2652 3342 Instante
2683 3302 2917 3358 quoque
2932 3288 3059 3359 jam
3090 3304 3209 3343 suae
3227 3289 3657 3361 assumptionis
3679 3290 3803 3364 glo-

2144 3375 2252 3441 ria,
2284 3374 2384 3430 ubi
2415 3375 2740 3446 prandebat
2768 3392 2902 3431 cum
2932 3380 3154 3448 septem
3186 3376 3495 3450 discipulis
3529 3379 3804 3450 suis,Do-

2144 3465 2341 3520 minus
2370 3481 2628 3520 amorem
2678 3465 2832 3521 Petri
2857 3482 2995 3538 erga
3043 3482 3105 3521 se
3159 3466 3326 3522 tertio
3384 3468 3713 3541 inquisivit,
3746 3474 3804 3526 et

2142 3553 2314 3610 tertio
2339 3553 2659 3622 conﬁtenti,
2695 3571 2877 3627 agnos
2902 3560 2959 3609 et
2988 3570 3122 3611 oves
3168 3572 3308 3612 suas
3338 3556 3506 3613 tertio
3555 3574 3799 3630 pascere

2139 3642 2431 3715 praecepit,
2466 3659 2569 3716 pro
2604 3642 2820 3715 quibus
2851 3660 2968 3716 qua
2997 3648 3183 3700 morte
3214 3644 3643 3702 clariﬁcaturus
3699 3662 3799 3704 es-

2138 3736 2228 3787 set
2257 3736 2458 3800 Deum,
2492 3732 2551 3786 in
2584 3731 2919 3788 extensione
2949 3750 3233 3789 manuum
3267 3731 3428 3790 illius
3459 3739 3517 3791 et
3546 3735 3799 3808 praecin-

2138 3820 2327 3876 ctione
2358 3820 2556 3877 futura
2585 3821 2774 3877 eidem
2805 3821 3173 3894 significavit.
3208 3822 3315 3888 Qui
3349 3839 3453 3878 nec
3482 3839 3669 3893 mora,
3703 3842 3793 3883 as-

2136 3914 2374 3981 sumpto
2405 3910 2673 3978 Domino,
2707 3909 2766 3965 in
2800 3910 2990 3967 medio
3021 3914 3260 3967 centum
3293 3915 3350 3966 et
3405 3911 3614 3985 viginti
3675 3914 3793 3970 fra-

2134 4002 2288 4052 trum
2318 4015 2658 4071 exsurgens,
2691 4003 2749 4054 et
2778 4000 3102 4071 profundos
3125 3999 3484 4056 sanctissimi
3516 4000 3795 4059 Psalmis-

2132 4091 2201 4141 ιω
2233 4102 2443 4143 sensus
2473 4087 2825 4155 edisserens,
2858 4088 3200 4145 auctoritate
3232 4106 3340 4145 sua
3398 4089 3790 4162 apostolicum

2134 4191 2468 4242 numerum,
2531 4180 2687 4231 sorte
2740 4180 3123 4232 annumerato
3185 4176 3429 4246 Mathia,
3490 4179 3790 4251 supplevit

2130 4280 2306 4335 quem
2337 4264 2729 4320 undenarium
2762 4282 3068 4322 remanere
3099 4267 3261 4322 nefas
3320 4265 3586 4323 credidit.
3647 4269 3786 4335 Qui-

2129 4353 2240 4409 bus
2271 4354 2448 4409 etiam
2480 4353 2698 4425 pariter
2728 4354 2910 4410 misso
2949 4354 3172 4427 Spiritu
3203 4355 3261 4411 S.
3323 4355 3382 4409 in
3442 4354 3621 4411 variis
3679 4357 3789 4414 lin-

2130 4442 2287 4515 guis,
2321 4458 2457 4497 cum
2489 4442 2731 4514 quidam
2761 4446 3065 4516 stuperent
3094 4442 3503 4512 admiratione,
3536 4445 3783 4517 quidam

368 4530 629 4604 pontiﬁci
651 4530 1035 4587 etuniversali
1058 4547 1239 4603 paprc,
1270 4536 1325 4586 et
1347 4549 1449 4603 per
1464 4549 1598 4588 eum
1630 4534 1855 4590 cunctis
1878 4553 2013 4592 suc—
2048 4556 2093 4620 Ι)
2126 4532 2457 4620 deridentes
2479 4531 2799 4587 inveterata
2814 4532 3072 4620 caecitate
3117 4531 3377 4587 dicerent
3415 4537 3613 4589 musto
3654 4534 3783 4608 ple-

366 4620 699 4676 cessoribus
721 4622 849 4690 ejus
874 4621 1269 4692 pontiﬁcibus,
1297 4621 1538 4677 Domino
1569 4622 1685 4676 Deo
1714 4627 1771 4677 et
1816 4624 2011 4680 Salva-

362 4711 488 4764 tore
517 4713 710 4766 nostro
740 4710 877 4766 Jesu
912 4711 1137 4766 Christo
1168 4714 1481 4777 annuente,
1522 4710 1833 4778 tradimus,
1887 4715 2010 4770 feli-

362 4802 454 4854 ter
492 4801 667 4871 atque
688 4800 1022 4872 perenniter
1050 4800 1426 4872 possidenda.
1463 4821 1491 4849 ››

430 4889 549 4943 XV.
574 4892 679 4944 Tot
708 4905 844 4959 ergo
875 4894 933 4944 et
970 4888 1187 4944 talibus
1247 4886 1495 4957 aliisque
1552 4889 2007 4962 quamplurimis

356 4977 710 5035 testimoniis
732 4978 982 5033 subnixa
1008 4993 1123 5030 non
1155 4975 1447 5030 erubescit
1475 4976 1688 5033 veritas
1719 4980 1819 5034 sed
1877 4997 2008 5036 con-

354 5067 579 5122 futatur
607 5066 924 5139 impudens
956 5065 1202 5119 vanitas.
1262 5065 1337 5117 At
1372 5080 1474 5119 nos
1529 5065 1666 5120 hinc
1720 5067 2003 5126 habentes

355 5155 765 5211 testimonium
791 5155 988 5225 majus
1019 5150 1563 5221 Constantino,Qui,
1597 5159 1662 5209 ut
1692 5156 1775 5210 ait
1800 5157 2006 5215 beatus

353 5243 714 5315 evangelista
740 5244 1016 5309 Joannes,
1050 5242 1113 5296 de
1140 5249 1286 5296 terra
1317 5244 1416 5309 est,
1439 5245 1488 5295 et
1516 5242 1583 5297 de
1614 5252 1764 5299 terra
1822 5247 2001 5318 loqui-

353 5339 444 5385 tur
464 5330 854 5400 (Joan.m),vix
876 5331 945 5385 ab
965 5331 1200 5387 homine
1218 5329 1622 5385 testimonium
1654 5333 1997 5406 accipimus,

352 5418 609 5473 contenti
641 5419 979 5475 testimonio
1007 5418 1169 5474 illius
1199 5417 1300 5488 qui
1327 5418 1398 5472 de
1429 5418 1569 5474 coelo
1590 5423 1769 5489 venit,
1810 5429 1868 5478 et
1899 5441 1998 5480 su-

349 5520 452 5573 per
481 5520 689 5560 omnes
711 5512 820 5571 est,
866 5510 923 5560 et
951 5506 1137 5562 dicit:
1206 5508 1277 5559 Tu
1336 5522 1392 5560 es
1448 5511 1664 5578 Petrus,
1722 5516 1773 5565 et
1828 5529 1995 5583 super

346 5590 486 5645 hanc
510 5597 725 5660 petram
761 5593 1043 5661 aediﬁcabo
1101 5594 1395 5649 Ecclesium
1457 5612 1653 5668 meam,
1717 5609 1767 5656 et
1816 5604 1990 5672 porta

2125 4638 2231 4676 nos
2253 4637 2401 4689 esse,
2430 4619 2632 4677 Petrus
2654 4637 2770 4676 uno
2789 4621 2848 4675 S.
2866 4619 3045 4676 Joelis
3066 4620 3401 4676 testimonio
3438 4621 3592 4692 (Joel.
3630 4624 3694 4695 η)
3726 4627 3784 4680 et

2120 4709 2358 4782 ignaros
2387 4708 2685 4780 instruxit,
2707 4713 2764 4765 et
2806 4707 3140 4764 incredulos
3184 4707 3492 4765 destruxit.
3553 4709 3782 4769 Deinde

2120 4801 2457 4857 constanter
2483 4795 2880 4869 improperata
2908 4796 3024 4853 illis
3055 4796 3338 4855 scelerata
3369 4814 3476 4854 sua
3532 4799 3774 4871 conspi-

2119 4886 2342 4942 ratione
2371 4882 2651 4942 adversus
2680 4885 2993 4942 Dominum
3038 4889 3096 4941 et
3124 4885 3425 4943 Christum
3447 4887 3592 4958 ejus,
3650 4903 3778 4959 qua

2115 4975 2311 5046 ipsum
2344 4978 2641 5030 auctorem
2670 4974 2798 5029 vita:
2830 4978 3017 5030 morte
3036 4974 3385 5047 turpissima
3433 4979 3571 5031 tunc
3628 4991 3773 5033 con-

2114 5065 2461 5118 demnantes
2505 5061 2915 5118 interfecerant
2970 5061 3315 5119 clarissimis
3372 5062 3525 5120 beati
3583 5064 3771 5123 David

2120 5149 2373 5208 oraculis
2402 5149 2649 5205 astruxit
2676 5149 2835 5207 illius
2867 5154 3132 5207 sanctam
3164 5152 3680 5221 resurrectionem,
3711 5160 3773 5213 et

2117 5238 2434 5315 gloriosam
2466 5238 2892 5307 ascensionem,
2924 5245 2982 5296 et
3003 5240 3077 5294 ab
3106 5256 3172 5295 eo
3230 5240 3770 5311 impresentiarum

2113 5332 2328 5385 factam
2359 5322 2616 5396 Spiritus
2646 5328 2833 5382 sancti
2864 5327 3228 5384 eﬁ‘usionem.
3264 5328 3368 5393 Ita,
3392 5333 3768 5402 compunotig

2107 5416 2348 5484 Judaeis,
2378 5412 2609 5483 primus
2638 5416 3035 5485 apostolorum
3066 5417 3181 5473 reis
3212 5416 3523 5489 sanguinis
3572 5419 3769 5478 Chris-

2105 5506 2148 5563 ti
2180 5498 2578 5578 paenitentiam
2608 5499 2835 5570 indixit,
2860 5509 2917 5561 et
2945 5522 3147 5563 eorum
3179 5505 3450 5579 protinus
3480 5507 3594 5565 tria
3625 5510 3763 5568 mil-

2099 5595 2179 5652 lia
2197 5585 2513 5663 baptizavit
2543 5587 2675 5655 (Act.
2710 5590 2793 5662 ιι).
