3974 6206
329 304 450 371 759

1399 309 1463 407 st
1509 304 1790 403 Leonis
1830 304 1915 403 ut
1958 303 2190 411 parte
2228 304 2665 403 crescam.

3622 314 3781 411 ’περς

400 398 520 497 XX.
554 443 913 516 Quapropter
940 460 973 497 a
1002 444 1164 497 tanta
1195 398 1593 531 amentia‘jam
1625 398 1967 531 resipiscite,
2088 398 2208 529 Cor.
2235 440 2300 531 ξ.)
2332 441 2398 496 Et
2425 441 2525 497 ubi
2564 439 2781 531 notavit
2820 456 2931 531 eos.
2967 459 3055 529 ex,
3084 446 3420 531 arrogantia
3471 448 3639 531 falsa
3802 522 3807 523 γ

335 533 392 587 et
421 530 659 587 Latinos
688 547 813 586 vere
844 529 1180 594 catholicos,
1215 533 1389 601 atque
1419 522 1663 585 maximi
1690 528 1837 585 Petri
1884 528 1972 601 fa-

334 618 501 675 milia
515 620 695 674 riores
710 617 1029 691 discipulos
1053 617 1559 689 institutionisque
1580 619 1708 688 ejus
1722 616 1974 673 devotio-

334 724 425 764 res
438 708 1003 773 sectatores,cessate
1018 707 1237 761 subsan
1248 707 1436 762 nando
1455 722 1615 779 azym
1626 707 1732 761 itas
1749 723 1972 776 vocare,

335 799 434 851 aut
461 793 737 849 ecclesias
759 793 875 850 illis
895 794 1203 867 denegare,
1237 812 1340 851 seu
1362 798 1669 864 tormenta,
1691 794 1841 852 sicut
1863 812 1974 850 ca:-

333 880 524 956 pistis,
557 880 787 950 inferre,
816 882 865 938 si
893 882 1071 939 vultis
1113 900 1271 939 nunc
1314 888 1371 940 et
1414 901 1644 956 semper
1673 900 1876 957 pacem
1921 886 1977 939 et

332 970 663 1045 portionem,
692 988 833 1047 cum,
856 971 1024 1028 Petro
1054 971 1288 1029 habere.
1322 974 1501 1044 Cujus
1550 973 1876 1028 doctrinam
1920 976 1978 1027 et

330 1059 707 1116 traditionem
738 1060 797 1114 in
827 1060 1088 1133 Epistola
1117 1061 1188 1116 ad
1220 1061 1901 1133 Romanos,sapientibus
1922 1064 1978 1116 et

331 1148 746 1220 insipientibus
766 1150 994 1205 debitor
1008 1149 1106 1205 ille
1125 1151 1387 1223 gentium
1408 1151 1716 1217 Doctor,ad
1737 1151 1977 1206 tertium

334 1237 541 1294 ccelum
571 1240 628 1294 et
654 1236 715 1293 in
746 1238 1085 1309 paradisum
1112 1244 1336 1313 raptus,
1369 1240 1452 1295 sic
1484 1256 1585 1310 per
1609 1239 1808 1295 omnia
1827 1255 1979 1294 com-

333 1328 798 1397 mendat,dicens
846 1345 858 1385 :
899 1332 1153 1385 Primum
1200 1330 1417 1400 quidem
1462 1331 1678 1398 gratias
1724 1346 1821 1401 ago
1869 1334 1979 1386 Deo

332 1436 448 1476 meo
490 1436 591 1491 per
639 1422 823 1475 Iesum
883 1419 1159 1475 Christum
1203 1435 1305 1490 pro
1352 1420 1604 1474 omnibus
1650 1420 1816 1485 vobis,
1849 1420 1977 1490 quia

335 1510 468 1580 ﬁdes
496 1513 672 1565 vestra
698 1511 1067 1566 annuntiatur
1095 1509 1152 1564 in
1184 1509 1438 1565 universo
1478 1508 1680 1563 mundo
1710 1509 1879 1578 (Rom.
1915 1508 1973 1579 1).

335 1598 614 1669 Excujus
664 1597 900 1671 capituli
951 1598 1253 1654 occasione
1297 1598 1504 1654 beatus
1552 1600 1606 1653 et
1654 1595 1979 1652 catholicus

336 1687 538 1743 doctor
554 1686 1351 1760 Augustinus,in:Latinaque
1372 1683 1573 1758 lingua
1590 1684 1975 1751 clarissimus,

336 1778 511 1847 atque
538 1779 738 1832 noster
765 1775 1233 1848 Chrysostomus,
1266 1776 1346 1830 ait
1382 1774 1585 1830 :Fides
1633 1774 1765 1842 ista,
1799 1789 1976 1845 quam

337 1864 584 1921 Romani
624 1864 862 1931 habent,
894 1865 1021 1936 ipsa
1063 1864 1383 1935 eademque
1433 1867 1540 1931 est,
1574 1867 1631 1918 et
1675 1880 1791 1918 non
1840 1861 1973 1931 alia,

336 1968 464 2024 quas
492 1953 550 2008 in
583 1953 851 2009 universo
882 1953 1134 2022 mundo;
1151 1951 1535 2009 annuntiatur
1584 1956 1642 2007 et
1688 1951 1973 2023 creditur;

335 2058 462 2113 quas
492 2058 607 2096 non
638 2041 829 2097 solum
879 2041 939 2096 in
989 2045 1162 2109 terra,
1196 2042 1299 2097 sed
1331 2044 1388 2096 et
1416 2041 1474 2096 in
1508 2039 1669 2097 cmlis
1699 2041 1977 2113 praedica-

332 2133 455 2197 tur;
482 2129 620 2201 quia
632 2130 805 2185 Jesus
822 2129 1148 2202 pacificavit
1169 2146 1272 2202 per
1292 2129 1640 2203 sanguinem
1664 2146 1838 2185 suum
1861 2147 1976 2186 non

332 2217 522 2273 solum
551 2219 849 2274 terrestria
876 2224 934 2275 et
964 2219 1209 2287 inferna,
1244 2219 1345 2275 sed
1374 2223 1430 2275 et
1460 2218 1714 2275 coelestia
1744 2218 1879 2289 (Col.
1914 2220 1974 2286 1).

332 2306 403 2362 Et
429 2306 539 2362 hoc
569 2312 658 2366 est
685 2308 744 2362 in
770 2308 1039 2364 universo
1070 2296 1292 2363 mundo
1323 2308 1499 2364 ﬁdem
1531 2306 1854 2380 praedicari,
1877 2324 1979 2378 per

332 2411 511 2466 quam
543 2395 742 2451 omnia
769 2397 1029 2452 mundus
1049 2397 1126 2451 sit
1145 2396 1417 2452 subditus
1449 2396 1705 2452 Deo.Sed
1731 2396 1979 2451 Paulum

334 2484 532 2539 audite
560 2484 1018 2554 subsequentem
1054 2502 1066 2538 :
1100 2485 1355 2540 Desidere
1402 2484 1581 2540 videre
1622 2501 1732 2552 vos,
1773 2493 1832 2541 ut
1867 2485 1978 2540 ali-

335 2570 467 2644 quid
498 2568 784 2641 impértiar
810 2571 961 2626 vobis
989 2573 1188 2639 gratiae
1214 2572 1525 2645 spiritualis
1554 2573 1623 2628 ad
1648 2573 1979 2642 conﬁrman-

335 2659 433 2714 dos
473 2675 564 2714 vos
611 2658 782 2731 (Rom.
836 2659 897 2730 1).
951 2660 1059 2725 Qui
1116 2676 1187 2715 ne
1234 2664 1539 2732 putaretur
1581 2659 1725 2718 velle
1757 2661 1976 2734 aliquid

334 2746 692 2804 institutioni
723 2748 876 2803 Petri
905 2748 1116 2804 addere
1142 2749 1228 2804 vel
1260 2749 1511 2817 demere,
1543 2751 1809 2823 exposuit
1838 2750 1977 2823 quid

336 2832 544 2889 dixerit
571 2835 642 2890 ad
670 2836 1074 2905 conﬁrmandos
1103 2854 1194 2893 vos
1225 2857 1241 2892 :
1276 2838 1330 2894 id
1367 2848 1462 2907 est,
1495 2841 1663 2894 simul
1708 2841 1980 2896 consolari

336 2923 396 2977 in
425 2922 576 2977 vobis
598 2940 699 2996 per
727 2940 868 2993 eam,
900 2940 1025 2999 quae
1042 2927 1273 2982 invicem
1298 2936 1392 2997 est,
1425 2928 1587 2999 fidem
1620 2932 1848 2985 vestram
1888 2937 1976 2984 at-

337 3029 439 3087 que
458 3027 636 3067 meam
661 3012 939 3089 (lbid.).Et
966 3014 1026 3068 in
1058 3015 1172 3072 fine
1202 3016 1467 3089 Epistolas
1491 3035 1735 3074 monens
1766 3035 1863 3074 eos
1886 3018 1979 3074 de-

332 3102 514 3158 vitarc
542 3101 718 3177 falsos
748 3102 1039 3170 fratres,et
1065 3109 1272 3176 praeter
1300 3106 1625 3163 doctrinam
1656 3125 1833 3180 quam
1864 3110 1976 3182 ipsi

2084 525 2394 614 mundanae
2424 530 2721 604 sapientiae
2751 524 3057 605 subjunxit
3104 554 3121 590 :
3170 524 3297 617 Iam
3325 524 3746 617 saturati'estis,

2083 609 2195 686 iam
2222 618 2412 674 divites
2438 619 2576 690 [acti
2601 622 2751 689 estis,
2782 622 2903 677 sine
2927 623 3084 679 nobis
3127 608 3411 701 regnetis;
3439 634 3494 687 et
3522 608 3750 694 utinam

2084 709 2408 776 regnaretis,
2441 710 2502 762 ut
2547 712 2599 763 et
2643 725 2741 765 nos
2788 711 3067 767 vobiscum
3111 702 3507 787 regnaremus!
3537 723 3589 789 (Ι
3617 723 3747 782 Cor.

2086 795 2260 868 1v.)Et
2290 795 2576 852 inflationi
2602 814 2805 854 eorum
2836 799 3097 858 minatus
3116 802 3342 877 virgam
3363 806 3445 864 ait
3471 825 3483 864 :
3505 810 3751 871 Omnino

2086 885 2314 940 auditur
2337 887 2484 941 inter
2510 902 2602 942 vos
2628 888 2943 960 fornicatio,
2973 893 3025 946 et
3045 891 3175 947 talis
3200 894 3521 973 fornicatio,
3560 903 3752 971 quatis

2085 989 2184 1063 nec
2234 976 2378 1031 inter
2423 980 2627 1046 gentes,
2678 977 2757 1032 ita
2804 982 2865 1033 ut
2906 996 3145 1057 umorem.
3161 987 3340 1059 patris
3386 984 3586 1057 habeat
3622 992 3751 1063 qui-

2085 1062 2232 1118 dam.
2264 1064 2329 1117 Et
2358 1079 2444 1118 vos
2474 1066 2662 1135 inﬂati
2705 1068 2853 1135 estis,
2904 1072 2957 1123 et
3001 1084 3112 1125 non
3156 1074 3332 1145 magis
3380 1075 3597 1133 luctum
3641 1080 3746 1135 ha-

2089 1151 2302 1214 buistis,
2335 1159 2395 1207 ut
2421 1152 2648 1208 tollatur
2666 1153 2733 1209 de
2760 1155 2938 1212 medio
2974 1165 3214 1216 vestrum
3241 1164 3343 1237 qui
3348 1148 3351 1153 ’
3365 1145 3463 1220 hoc
3491 1181 3629 1238 opus
3667 1169 3749 1239 [e-

2086 1240 2161 1294 cit
2190 1240 2238 1311 (I
2267 1239 2386 1296 Cor.
2416 1241 2493 1313 v).
2528 1241 2749 1307 Quibus
2774 1244 3039 1319 expletis,
3068 1249 3377 1323 admonuit
3405 1270 3505 1309 eos
3535 1271 3747 1312 secum

2087 1329 2332 1403 epulari,
2354 1348 2469 1387 non
2495 1331 2554 1386 in
2579 1332 2861 1390 fermento
2882 1324 3745 1417 veteri,quodlto°tam'massam

2089 1419 2431 1493 corrumpit,
2465 1421 2565 1476 sed
2616 1421 2674 1476 in
2721 1423 2939 1496 azymis
2987 1412 3346 1489 sinceritatis
3376 1412 3435 1486 et
3476 1416 3745 1503 veritatis

2088 1508 2269 1579 (me)
3042 1512 3043 1515 ‘

2159 1595 2329 1652 XXII.
2368 1596 2551 1667 Igitur
2579 1597 2708 1654 istis
2737 1602 2794 1654 et
2821 1599 3165 1679 hujusmodi
3196 1604 3524 1676 apostolicis
3558 1624 3736 1679 sanc-

2088 1687 2401 1756 torumque
2430 1688 2670 1743 Patrum
2699 1687 2872 1745 dictis
2892 1692 3027 1745 cum
3058 1686 3358 1749 evidenter
3384 1695 3744 1767 approbatur

2089 1772 2430 1828 Latinorum
2460 1773 2688 1830 sincera
2715 1775 3130 1857 obedientia,et
3160 1779 3551 1852 plurimorum
3580 1784 3741 1841 Grae-

2087 1876 2288 1919 corum
2319 1861 2683 1934 improbetur
2710 1866 2983 1939 corrupta
3010 1866 3349 1941 insolentia,
3374 1875 3516 1928 sunt
3543 1871 3742 1931 adhuc

2086 1949 2256 2022 plura
2286 1950 2377 2006 his
2404 1952 2717 2031 superhoc
2748 1954 2898 2033 parti
2946 1960 3158 2012 nostrae
3191 1958 3462 2029 faventia,
3498 1976 3652 2032 quae,
3686 1962 3741 2019 si

2085 2038 2282 2095 liceret
2312 2040 2384 2095 ad
2418 2040 2676 2119 medium
2708 2042 3140 2113 deducere,non
3174 2034 3361 2102 solum
3385 2048 3741 2106 excederent

2087 2128 2329 2184 modum
2388 2128 2666 2201 epistolae,
2697 2147 2902 2187 verum
2960 2133 3129 2189 etiam
3178 2139 3417 2206 possent
3472 2136 3741 2192 armaria

2088 2232 2351 2273 onerare.
2384 2219 2749 2292 Quapropter
2771 2220 2865 2277 his
2888 2221 3138 2292 omissis,
3160 2223 3503 2280 ch'aritative
3522 2240 3743 2281 mone-

2088 2314 2242 2373 mus,
2262 2323 2334 2362 ne
2362 2307 2633 2364 absentes
2653 2308 2784 2364 sitis
2810 2309 3271 2383 vobismetipsis;
3305 2312 3408 2367 sed
3457 2327 3560 2368 vos
3602 2316 3743 2370 ante

2086 2410 2190 2450 vos
2216 2395 2606 2465 constituatis,
2639 2397 2762 2454 vias
2788 2399 3279 2471 praedecessorum
3317 2390 3651 2457 vestrorum
3683 2406 3743 2458 et

2085 2488 2308 2539 vestras
2338 2484 2585 2541 sollicite
2616 2475 3262 2554 consideratis,necnos
3282 2488 3508 2560 privato
3539 2505 3742 2547 amore

2087 2571 2421 2644 palpetis,et
2448 2574 2508 2629 in
2540 2575 2786 2631 fratrum
2817 2576 3001 2633 oculis
3022 2578 3327 2655 festucam,
3343 2577 3741 2651 explorantes,

2087 2660 2146 2715 in
2176 2661 2384 2717 vestris
2412 2664 2637 2720 trabem
2670 2680 2786 2720 non
2816 2665 3084 2722 videatis.
3134 2656 3542 2723 Recordamini
3572 2666 3741 2724 illius

2087 2750 2352 2807 nefandae
2381 2752 2607 2823 synodi,
2638 2769 2816 2825 quam
2847 2752 3158 2811 voluerunt
3185 2755 3376 2812 vocari
3419 2755 3738 2829 septimam

2086 2840 2262 2894 vestri
2293 2838 2709 2910 hmresiarchaa,
2760 2858 3008 2914 quorum
3057 2836 3513 2917 conspiratione,
3545 2834 3742 2917 ipsius

2087 2927 2319 2984 Domini
2352 2929 2535 2985 nostri
2558 2931 2699 2987 Jesu
2728 2930 2941 2987 Christi
2965 2936 3022 2988 et
3039 2923 3377 2989 sanctorum
3408 2935 3740 2990 reverendae

2086 3016 2395 3090 imagines,
2427 3023 2528 3075 aut
2557 3020 2809 3075 ﬂammis
2844 3020 3089 3090 tradita,
3124 3024 3224 3077 aut
3246 3022 3418 3094 aquis
3447 3024 3599 3078 sunt
3620 3022 3743 3078 im-
3834 3038 3837 3039 '

2087 3106 2556 3179 mersaa,picturaa
2583 3124 2718 3164 vero
2738 3126 2809 3165 ex
2827 3108 3150 3181 parietibus
3181 3104 3561 3167 basilicarum
3577 3110 3744 3168 dele-

335 3173 700 3263 acceperant,
730 3196 954 3260 euntes,
989 3172 1084 3248 ait—
1136 3210 1148 3248 :
1181 3199 1327 3264 Rogo
1370 3212 1477 3264 vos,
1526 3172 1748 3267 fratres,
1781 3208 1841 3255 ut
1882 3172 1973 3256 ob-
2007 3172 2063 3263 ατ
2088 3172 2559 3275 t:e(216):Quibus
2573 3172 2847 3270 quamvis
2861 3213 3091 3270 semper
3106 3197 3429 3256 restituerit
3448 3198 3744 3258 Romano-

335 3281 558 3335 servetis
603 3296 690 3335 eos
731 3280 827 3354 qui
866 3279 1225 3339 dissensiones
1279 3292 1330 3339 et
1372 3286 1722 3357 offendicula,
1773 3294 1982 3359 praeter
2090 3300 2220 3338 rum
2244 3285 2587 3356 pontiﬁcum
2610 3286 2945 3354 auctoritas,
2976 3303 3093 3359 prie
3115 3287 3345 3343 cunctis
3372 3291 3573 3349 tamen
3596 3288 3737 3345 San-

335 3368 637 3424 doctrinam
666 3385 830 3441 quam
857 3386 949 3425 vos
976 3369 1264 3438 didicistis,
1310 3374 1566 3443 faciunt;
1611 3383 1667 3430 et
1714 3376 1981 3434 declinata
2086 3373 2333 3429 ctissimi
2362 3391 2526 3447 papa:
2556 3374 2776 3433 Nicolai
2801 3375 2990 3431 ubivis
3018 3375 3315 3433 laudanda
3341 3376 3606 3446 libertas,
3632 3380 3739 3450 qui

333 3479 402 3534 ab
431 3465 956 3543 illis,Hujuscemodi
982 3464 1131 3520 enim
1162 3462 1371 3519 Christo
1401 3464 1628 3519 Domino
1647 3468 1837 3523 nostro
1868 3483 1980 3523 non

334 3567 599 3631 serviunt,
631 3560 724 3617 sed
768 3573 865 3614 suo
908 3554 1120 3623 ventri;
1165 3560 1216 3609 et
1246 3569 1347 3625 per
1393 3552 1576 3608 dulces
1620 3569 1898 3611 sermones
1926 3561 1977 3612 et

332 3653 726 3713 benedictiones
779 3647 1041 3704 seducunt
1096 3641 1257 3699 corda
1326 3644 1719 3698 innocentium.
1788 3649 1977 3701 Vestra

326 3747 473 3804 enim
502 3739 812 3800 obedientia
845 3738 901 3792 in
930 3736 1085 3793 omni
1127 3735 1240 3790 loco
1285 3732 1567 3804 divulgata
1610 3736 1707 3788 est.
1761 3732 1972 3793 Gaudeo

326 3836 498 3907 igitur
523 3833 585 3886 in
612 3830 761 3885 vobis
792 3828 960 3894 (Rom.
997 3825 1136 3895 xv1).

393 3923 534 3979 XXI.
567 3920 711 3975 Ecce
739 3918 800 3973 in
826 3916 1007 3972 totius
1038 3912 1303 3987 Epistolas
1335 3912 1485 3969 serie
1515 3929 1631 3968 non
1677 3911 1971 3969 invenitur

322 4029 574 4086 magnus
594 4009 812 4068 Paulus
836 4006 1011 4061 fidem
1034 4003 1374 4060 Latinorum
1395 4001 1732 4068 correxisse,
1748 4018 1854 4058 nec
1883 4002 1967 4058 vi-

321 4099 830 4173 tiaredarguisse;
866 4096 966 4151 sed
997 4089 1434 4164 congratulatus
1469 4089 1603 4145 ﬁdei
1646 4094 1704 4146 et
1729 4107 1965 4146 conver-

258 4206 263 4211 '
321 4190 535 4250 sationi
564 4203 789 4255 eorum,
812 4185 885 4240 de
912 4179 1340 4255 perseverantia
1367 4178 1964 4247 commonuisse,cum

322 4298 439 4337 non
468 4282 706 4351 propter
734 4272 1042 4345 reprobam
1071 4267 1382 4334 actionem,
1414 4267 1515 4321 sed
1564 4270 1620 4321 et
1657 4266 1729 4321 ob
1774 4268 1963 4340 ipsius

320 4365 459 4423 ﬁdei
487 4361 838 4419 citissimum
886 4356 1259 4428 naufragium
1290 4354 1351 4408 in
1382 4355 1609 4411 Graecos
1656 4355 1830 4411 fuerit
1878 4356 1963 4412 in-

316 4458 521 4512 vectus
550 4448 863 4507 accerrime
892 4446 964 4502 ab
993 4445 1158 4500 initio
1208 4459 1395 4515 usque
1444 4444 1619 4500 finem
1653 4443 1855 4518 primae
1886 4447 1959 4502 ad

2085 3478 2190 3534 per
2213 3462 2435 3535 legatos
2465 3480 2604 3521 suos
2629 3466 2747 3520 tam
2783 3481 2887 3536 pro
2924 3464 3107 3521 sacris
3140 3463 3524 3538 imaginibus,
3550 3482 3739 3538 quam

2083 3569 2189 3625 pro
2219 3552 2583 3626 depositione
2628 3553 2781 3610 beati
2830 3552 3111 3610 antistitis
3141 3554 3373 3626 Ign'atii,
3405 3558 3464 3610 et
3500 3555 3739 3625 substi-

2048 3708 2055 3713 ﬁ
2083 3642 2306 3699 tutione
2326 3641 2514 3699 Photii
2532 3641 3140 3715 neophyti,ecclesiam
3162 3643 3305 3716 agiae
3322 3643 3550 3717 sophia:
3571 3643 3739 3702 clau-

2081 3731 2177 3802 sit,
2201 3732 2385 3789 donec
2413 3732 2570 3788 sedis
2600 3730 2929 3805 apostolicae
2961 3731 3354 3805 acquiesceret
3382 3732 3659 3805 decretis.

2151 3820 2348 3877 XXIII.
2380 3821 2549 3878 Absit
2577 3825 2769 3878 autem
2804 3825 2868 3876 ut
2887 3820 3135 3877 velimus
3160 3822 3400 3881 credere
3424 3823 3584 3894 quod
3612 3840 3743 3896 .puo.

2076 3908 2231 3965 blica
2272 3910 2429 3966 fama
2456 3926 2573 3966 non
2604 3909 2836 3966 dubitat
2881 3925 3162 3978 asserere,
3193 3910 3733 3985 Constantinopoli-

2076 4002 2225 4055 tanae
2238 3998 2505 4055 Ecclesiae
2519 3998 2834 4071 contigisse
2847 4002 2912 4055 ut
2922 3997 3455 4067 eunuchos,contra
3466 4000 3735 4072 primum

2073 4089 2260 4144 sancti
2282 4087 2495 4147 Nicani
2519 4087 2749 4143 concilii
2770 4086 3114 4159 capitulum,
3129 4087 3351 4160 passim
3373 4102 3734 4161 promoven-

2073 4177 2453 4245 do,feminam
2473 4176 2534 4233 in
2553 4177 2689 4233 sede
2710 4175 3061 4255 pontiﬁcum,
3079 4193 3323 4257 suorum
3345 4177 3734 4239 sublimasset

2070 4265 2531 4339 aliquando.Hoc
2553 4269 2673 4321 tam
2696 4265 3089 4347 abominabile
3119 4264 3311 4325 scelus
3349 4265 3729 4347 detestabile.-

2071 4372 2185 4429 que
2206 4354 2565 4421 facinus,etsi
2579 4354 2898 4411 enormitas
2917 4353 3105 4426 ipsius
3120 4352 3208 4411 vel
3222 4353 3428 4417 horror
3438 4355 3730 4417 fraterna-

2069 4461 2183 4517 que
2211 4443 2609 4500 benevolentia
2630 4460 2745 4500 non
2774 4442 3059 4513 permittit
3092 4460 3198 4502 nos
3240 4442 3492 4512 credere,
3523 4446 3724 4503 consi-

314 4539 644 4601 Corinthios
673 4536 959 4611 Epistolas.
1004 4534 1166 4599 Quod
1222 4537 1372 4590 certe
1415 4532 1599 4606 liquet
1645 4534 1704 4590 in
1753 4535 1956 4607 paucis
1984 4538 2032 4603 1)
2066 4534 2268 4590 derata
2291 4537 2489 4589 tamen
2521 4531 2745 4589 incuria
2761 4536 2954 4589 vestra
2981 4548 3122 4606 erga
3147 4535 3726 4593 sanctorumcensu-

309 4627 632 4700 verbis,ubi
662 4626 743 4684 ait
774 4645 787 4683 :
820 4625 1022 4681 Fidelis
1074 4624 1233 4689 Deus,
1281 4639 1379 4696 per
1419 4640 1574 4694 quem
1624 4626 1798 4681 vocati
1828 4626 1956 4680 estis
2069 4630 2194 4678 'ram
2224 4621 2684 4695 canonum,quia
2702 4621 3004 4678 eunuchos
3023 4625 3081 4701 et
3099 4620 3298 4694 aliqua
3326 4626 3491 4695 parte
3511 4640 3723 4697 corpo-
3757 4664 3761 4667 τ

309 4724 373 4778 in
416 4719 729 4776 societatem
772 4716 912 4772 Filii
964 4716 1083 4785 eius
1140 4716 1265 4769 Iesu
1324 4712 1529 4769 Christi
1586 4714 1805 4769 Domini
1854 4732 1951 4770 no-
2065 4712 2148 4768 ris
2178 4711 2547 4782 imminutos,
2580 4727 2697 4767 non
2727 4710 2917 4767 solum
2968 4711 3040 4766 ad
3086 4710 3446 4778 clericatum,
3487 4714 3595 4769 sed.
3638 4715 3718 4771 ad

306 4812 429 4868 stri.
488 4809 713 4866 Obsecro
765 4808 947 4862 autem
1002 4820 1111 4873 vos,
1163 4805 1382 4874 fratres,
1439 4818 1539 4874 per
1595 4817 1794 4858 nomen
1848 4804 1950 4859 Do-
2062 4798 3713 4874 pontiﬁcatum'etiamindifferenteracsolemniteradhuc

303 4901 450 4956 mini
476 4899 653 4955 nostri
674 4900 808 4955 Jesu
838 4894 1062 4961 Christi,
1111 4902 1173 4949 ut
1223 4892 1460 4964 idipsum
1506 4890 1700 4947 dicatis
1747 4907 1947 4959 omnes,
2062 4890 2567 4962 promovetis,fieri
2586 4889 2846 4962 potuisse
2861 4880 3330 4962 pensamus.Sed
3347 4888 3486 4962 quid
3503 4887 3725 4961 plura?

303 4997 355 5048 et
396 5005 507 5045 non
543 4989 658 5044 sint
707 4989 767 5042 in
814 4985 959 5040 vobis
1006 4985 1335 5046 schismata;
1362 4983 1489 5037 sitis
1516 4984 1700 5036 autem
1724 4984 1953 5053 perfecti
2059 4980 2169 5034 Tot
2198 4983 2257 5033 et
2302 4979 2464 5035 antis
2511 4977 2910 5035 schismaticis
2943 4980 3001 5035 et
3017 4966 3327 5047 haereticis,
3359 4975 3713 5063 catholicam

300 5081 361 5135 in
419 5077 602 5134 eodem
657 5092 840 5140 sensu,
894 5081 946 5130 et
1003 5076 1066 5128 in
1115 5071 1304 5128 eadem
1357 5071 1608 5126 scientia.
1655 5069 1948 5141 Signiﬁca-
2058 5072 2235 5139 atque
2264 5067 2646 5139 apostolicam
2664 5066 2979 5123 Ecclesiam
3001 5066 3715 5141 aperteimpugnantibus

299 5172 417 5227 tum
464 5171 545 5223 est
590 5167 741 5221 enim
796 5163 936 5231 mihi
992 5161 1060 5217 de
1110 5161 1279 5225 vobis,
1326 5162 1525 5227 fratres
1568 5161 1696 5225 mei,
1746 5161 1813 5214 ab
1861 5159 1946 5215 his
2058 5162 2117 5212 et
2146 5156 2473 5212 discindere
2519 5156 2944 5224 laborantibus,
2978 5156 3261 5212 hactenus
3305 5157 3712 5226 redundastis,

297 5260 393 5330 qui
444 5258 577 5312 sunt
625 5253 841 5320 Chloes,‘
877 5249 1018 5323 quod
1066 5250 1433 5306 contentiones
1474 5251 1585 5303 sint
1628 5250 1775 5304 inter
1829 5264 1939 5304 vos.
2054 5250 2121 5302 ut
2151 5246 2357 5303 Latina
2384 5245 2472 5302 vel
2505 5245 2897 5302 Occidentalis
2929 5244 3471 5330 Ecclesiaiderﬂobis
3492 5238 3733 5332 merito
3772 5310 3775 5313 .

292 5348 401 5401 Hoc
454 5346 641 5399 autem
698 5340 815 5397 dico
868 5339 1008 5411 quod
1064 5339 1437 5408 unusquisque
1474 5345 1713 5393 vestrum
1758 5338 1939 5393 dicit:
2052 5336 2328 5406 conqueri
2361 5334 2709 5406 possit,voce
2741 5351 2967 5407 sponsae
2985 5334 3185 5391 dicens
3210 5334 3271 5389 in
3293 5334 3550 5401 Canticis
3570 5354 3717 5404 cane.

291 5434 397 5503 Ego
441 5430 660 5503 quidem
698 5446 822 5484 sum
852 5430 1033 5498 Pauli,
1064 5444 1157 5499 ego
1204 5430 1389 5481 autem
1433 5427 1642 5497 Apollo,
1673 5442 1773 5495 ego
1816 5442 1939 5481 vero
2048 5424 2300 5479 ticorum
2334 5440 2346 5476 :
2378 5422 2513 5477 Filii
2543 5424 2741 5478 matris
2786 5439 2926 5482 meae
2964 5428 3357 5496 pugnaverunt
3381 5430 3580 5491 contra
3606 5444 3714 5491 ,me

294 5520 509 5589 Cephea,
542 5533 636 5587 ego
683 5521 870 5571 autem
919 5516 1136 5573 Christi.
1171 5516 1398 5571 Divisus
1443 5518 1521 5570 est
1569 5514 1855 5571 Christus?
1892 5515 1938 5584 (ι
2046 5510 2370 5581 (Cant.1).Et
2398 5524 2531 5564 vere
2565 5527 2577 5564 :
2610 5512 2877 5593 nunquid
2907 5513 3065 5570 enim
3097 5514 3363 5587 Romana
3390 5517 3450 5572 et
3467 5520 3742 5592 appeto;

363 5604 508 5675 (216)
538 5602 669 5658 Hac
698 5607 787 5660 est
814 5601 1454 5681 Constantinopolitana
1477 5603 1587 5659 sub
1609 5604 1986 5662 Constantino
2015 5602 2399 5687 Gopronymo.
