3974 6206
91 298 249 367 Μ,

1058 286 1468 353 EPISTOLE
1503 285 1623 350 ΕΤ·
1646 280 2014 349 DBGRETA
2053 280 2529 349 PONTIFICIA.

3379 278 3500 344 res
3540 236 3544 243 ’

90 435 199 493 lica
214 431 410 503 sedes,
439 444 573 503 quae
600 434 704 501 per
720 421 1097 499 Evangelium
1119 423 1322 497 genuit
1353 422 1616 481 Latinam
1638 421 1735 477 Ec-
1765 419 1821 485 Α
1842 398 2163 476 ieremiam
2208 421 2411 475 contra
2460 416 2747 492 quosdam
2793 417 3194 493 conqueritur,
3242 416 3446 485 dicens
3483 436 3496 477 :

93 523 327 583 clesiam
355 520 419 579 in
443 518 774 583 Occidente,
797 520 986 572 mater
1005 531 1122 571 non
1144 517 1233 570 est
1254 513 1737 584 Constantinopo-

94 614 286 671 litanae
310 607 589 667 Ecclesiae
613 607 673 663 in
704 606 957 672 Oriente,
982 606 1161 677 quam
1193 600 1295 677 per
1324 600 1643 676 gloriosum
1676 601 1738 656 ﬁ-

92 703 247 761 lium’
267 714 443 757 suum
475 695 950 762 Constantinum,
981 694 1040 749 et
1068 691 1294 749 nobiles
1327 686 1740 764 sapientesque

97 792 409 857 Romanos,
444 802 561 844 non
592 789 823 841 tantum
856 782 1142 846 moribus,
1178 782 1280 837 sed
1310 784 1367 837 et
1396 780 1584 837 muris
1615 784 1738 835 stu-

100 878 225 937 duit
252 892 526 950 reparare
543 875 575 931 ?
605 873 768 939 Quod
790 872 841 928 si
863 869 1359 939 contradicitis,ad
1392 864 1533 942 quid
1548 872 1742 925 vestro

99 952 443 1041 imperatori
464 963 683 1021 Latinis
703 961 931 1028 laudes,
964 964 1023 1017 et
1044 960 1107 1015 in
1134 958 1395 1016 Ecclesia
1410 958 1625 1014 Graecis
1653 973 1741 1014 re-

102 1058 369 1115 citantur
404 1053 619 1111 Latinas
646 1049 971 1108 lectiones?
1002 1049 1219 1123 Utique
1254 1048 1329 1104 ob
1357 1047 1743 1104 reverentiam

101 1145 263 1203 illius
292 1142 522 1211 matris,
554 1158 685 1216 quas
696 1142 824 1213 jam
854 1139 1081 1196 cunctis
1110 1153 1472 1211 paganorum
1503 1134 1748 1191 crudeli-

99 1233 324 1295 tatibus
346 1235 421 1291 et
447 1229 811 1287 diversorum
840 1232 1270 1285 tormentorum
1320 1224 1746 1298 quaestionibus

100 1325 309 1381 vexata
337 1323 395 1377 et
422 1320 789 1392 impugnata,
823 1334 890 1373 ac
917 1315 1085 1373 velut
1104 1331 1340 1383 aurum,
1389 1310 1588 1370 nimiis
1619 1330 1747 1385 per-

102 1414 437 1470 secutorum
484 1407 742 1465 flammis
771 1407 1029 1477 decocta,
1062 1404 1402 1463 deliciosam
1434 1393 1752 1475 tiliam,‘vi-

104 1499 313 1563 delicet
340 1498 662 1556 Ecclesiam
695 1496 1396 1569 ConstantinOpolitanam
1439 1491 1640 1552 edidit.

175 1586 375 1646 XXIV,
391 1586 460 1645 Et
474 1588 637 1645 certe
646 1586 775 1657 jam
796 1584 1023 1641 decima
1034 1601 1070 1641 a
1080 1585 1305 1641 Nerone
1318 1584 1377 1639 in
1390 1582 1753 1641 Christianos

107 1674 437 1750 persecutio
470 1674 704 1747 penitus
723 1674 1045 1741 refrixerat,
1070 1675 1198 1746 jam
1240 1689 1413 1729 omne
1443 1672 1753 1727 mundanae

1846 510 1924 566 Me
1952 508 2364 582 dereliquerunt
2392 511 2602 582 fontem
2631 525 2794 583 aqua?
2821 512 2983 581 vivae,
3023 513 3074 566 et
3100 509 3360 581 foderunt
3390 509 3499 571 sibi

1845 600 2131 665 cisternas,
2164 601 2425 655 cisternas
2454 600 2765 672 dissipatas,
2800 615 2926 673 quae
2953 602 3232 656 continere
3262 616 3375 656 non
3408 616 3498 655 va-

1848 688 1961 743 lent
1988 704 2156 760 aquas
2186 688 2316 759 (Jer,
2350 688 2434 761 ιι).
2466 689 2538 744 Et
2573 693 2705 761 post
2737 688 2933 761 aliqua
2973 707 2985 745 :
3020 690 3178 745 Nunc
3215 688 3351 761 quid.
3398 689 3503 744 tibi

1847 777 1929 832 vis
1968 779 2028 832 in
2076 778 2167 832 via
2216 779 2462 849 Aegypti,
2496 782 2556 833 ut
2589 780 2740 834 bibas
2790 795 2996 851 aquam
3044 776 3367 851 turpidam?
3396 777 3501 833 Aut

1849 865 1981 936 quid
2011 866 2112 921 tibi
2128 868 2189 921 in
2208 867 2316 921 viis
2344 867 2716 939 Assyriorum,
2735 876 2795 923 ut
2825 868 2974 924 bibas
2993 884 3197 939 aquam
3223 866 3506 938 ﬂuminis?

1851 954 2037 1025 (lbid.)
2060 956 2216 1022 Quas
2248 955 2451 1028 utique
2482 973 2553 1012 ne
2574 956 2846 1012 sitiemus
2866 957 3021 1012 idem
3050 960 3227 1023 vetat,
3260 956 3501 1019 dicens:

1852 1045 2083 1100 Prohibe
2109 1050 2301 1114 guttur
2330 1053 2485 1101 tuum
2523 1062 2557 1099 α
2611 1047 2709 1101 siti
2756 1046 2959 1117 (lbid.).
3010 1046 3155 1102 Hinc
3201 1045 3502 1112 Salomon,

1852 1149 2000 1205 quas
2031 1150 2219 1204 aquas
2250 1138 2546 1207 appetere,
2566 1151 2832 1206 quasque
2853 1135 3176 1194 debeamus
3195 1135 3377 1195 vitare
3408 1136 3507 1194 de-

1855 1225 2212 1289 monstrans,
2232 1222 2314 1278 ait
2337 1240 2350 1278 :
2376 1224 2506 1281 Bibe
2523 1241 2723 1295 antam
2748 1223 2812 1279 de
2831 1226 3071 1283 cisterna
3088 1230 3204 1290 tua,
3229 1222 3279 1281 et
3301 1227 3511 1296 ﬂuenta

1847 1313 2001 1385 putei
2045 1313 2171 1384 tui.
2208 1314 2545 1368 Deriventur
2589 1315 2767 1383 fontes
2814 1314 2901 1368 tui
2935 1315 3107 1383 foras,
3138 1316 3188 1371 et
3221 1316 3281 1367 in
3310 1311 3511 1385 plateis

1856 1418 2029 1473 aquas
2058 1404 2179 1457 tuas
2225 1401 2428 1465 divide.
2460 1402 2662 1458 Habeto
2706 1417 2797 1457 eas
2844 1403 3015 1469 solus,
3046 1404 3295 1463 necsint
3342 1403 3527 1457 alieni.

1853 1491 2154 1564 participes
2184 1492 2283 1547 tui.
2315 1491 2400 1547 Sit
2430 1507 2567 1547 vena
2596 1494 2703 1546 tua.
2723 1490 3005 1548 benedicta
3036 1490 3222 1563 (Prov.
3245 1490 3324 1563 v).
3358 1489 3515 1549 Etin

1857 1580 2378 1652 subsequentibus,
2433 1581 2768 1637 haereticam
2798 1580 3140 1648 vanitatem,
3173 1578 3518 1651 subspecie

1860 1667 2052 1725 stultae
2078 1669 2362 1734 mulieris,
2386 1669 2603 1725 visibili
2627 1670 3060 1742 quodammodo
3088 1670 3280 1727 forma
3300 1668 3519 1727 colora-

108 1764 355 1821 insaniae
371 1763 709 1822 incendium
740 1762 996 1835 sopitum
1028 1766 1172 1859 erat,
1196 1760 1325 1834 jam
1352 1759 1535 1818 Roma
1557 1760 1757 1859 adulta
1786 1792 1834 1859 Β
1863 1762 1988 1859 tarn
2008 1762 2183 1831 atque
2201 1759 2492 1832 depictam
2518 1758 2856 1826 introducit,
2880 1759 3109 1859 dicens:
3129 1760 3330 1821 Mulier
3343 1759 3522 1816 stulta

107 1854 167 1908 et
195 1849 478 1925 longaeva,
510 1850 570 1905 in
595 1849 790 1906 divino
821 1849 982 1906 cnltu
1009 1848 1213 1906 victrix
1232 1854 1292 1906 et
1310 1852 1605 1916 coronata,
1640 1848 1759 1904 alta
1787 1848 1831 1859 “”
1869 1853 1919 1903 et
1938 1848 2193 1915 clamosa,
2224 1850 2497 1919 plenaque
2522 1849 2809 1915 illecebris,
2830 1851 2880 1903 et
2908 1848 3054 1905 nihil
3071 1850 3293 1905 omnino
3321 1850 3519 1915 sciens,
3548 1904 3551 1907 .

108 1955 256 2012 pace
272 1938 694 2012 triumphabat,
715 1939 843 2011 jam
863 1939 1312 1995 innumerabilis
1333 1939 1639 2011 utriusque
1671 1955 1761 1994 se-

106 2044 220 2087 xus
243 2032 301 2085 et
339 2028 581 2087 diversae
609 2028 800 2085 aetatis
831 2033 1159 2101 martyrum
1187 2029 1497 2096 exercitus,
1542 2026 1762 2084 nostris

110 2116 329 2190 azymis
359 2116 992 2189 saginatus,universos
1020 2116 1358 2173 idololatria
1390 2115 1763 2189 fregeratim-

111 2209 305 2277 petus,
349 2206 478 2277 jam
517 2206 834 2274 mundum,
867 2208 925 2261 et
951 2205 1152 2277 ipsum
1191 2206 1399 2261 mundi
1438 2196 1763 2278 principem

113 2294 227 2350 sub
256 2293 508 2367 pedibus
536 2293 809 2362 habebat,
846 2294 974 2365 jam
1004 2310 1121 2349 non
1151 2293 1347 2349 solum
1391 2293 1504 2367 ipsi
1555 2296 1764 2349 nostris

111 2381 511 2439 institutionis
560 2382 875 2453 antistites,
920 2383 1023 2439 sed
1062 2385 1119 2439 et
1159 2380 1672 2450 ministri,eorum,
1704 2382 1766 2436 in

116 2471 343 2547 quibus
365 2470 712 2549 Laurentius
733 2489 800 2528 ac
821 2471 1187 2541 Vincentius,
1210 2468 1371 2533 omni
1399 2473 1621 2529 mundo
1650 2475 1768 2528 stu-

112 2562 321 2634 pente.
352 2558 762 2631 deficientibus
800 2559 946 2632 ipsis
986 2559 1296 2616 tormentis
1342 2563 1401 2617 et
1447 2560 1770 2618 tortoribus

117 2646 513 2711 insultabant.
539 2648 711 2709 Modo
735 2648 982 2706 delicata
1001 2649 1123 2705 ﬁlia
1143 2649 1204 2705 in
1226 2648 1484 2705 conclavi
1506 2650 1771 2708 residens

118 2735 621 2807 securahdeliciis,
634 2735 907 2806 lascivia,
920 2741 980 2794 et
1007 2737 1182 2811 longo
1203 2738 1323 2795 otio
1338 2734 1645 2809 dissoluta,
1666 2757 1772 2797 nec

117 2826 187 2883 ad
212 2825 633 2897 campumrite
643 2825 1079 2898 agonizantiu'm
1101 2826 1419 2900 aliquando
1439 2844 1769 2901 progressa,

114 2914 442 2991 piamatpe
463 2916 766 2987 aatagente
796 2918 854 2971 et
882 2916 1233 2979 decernente
1261 2932 1366 2988 pro
1387 2932 1471 2983 ea,
1499 2933 1617 2973 non
1646 2934 1775 2974 eru-

112 3002 308 3072 bescit
339 3005 447 3086 aut
476 3007 710 3083 veretur
733 3003 1054 3075 primatum
1072 3002 1363 3078 arrogare,
1396 3006 1674 3061 maternae
1691 3023 1778 3063 se-

1868 1937 2015 1994 sedet
2070 1939 2130 1992 in
2172 1938 2382 2009 foribus
2410 1937 2599 1994 domus
2628 1954 2745 2007 suae
2768 1954 2946 2011 super
2971 1938 3171 1996 sellam
3213 1939 3282 1993 in.
3311 1937 3553 1994 excelso.

1868 2027 2021 2082 urbis
2052 2028 2184 2097 loco,
2217 2036 2275 2083 ut
2304 2032 2517 2083 vocaret
2540 2035 2887 2090 transeuntes
2910 2043 3015 2097 per
3032 2029 3262 2085 viamet
3286 2041 3520 2098 pergene

1872 2124 1949 2173 tes
1977 2116 2175 2181 itinere
2202 2133 2298 2187 suo
2331 2133 2344 2171 :
2380 2118 2484 2187 Qui
2510 2125 2588 2172 est
2613 2118 2900 2189 parvulus,
2941 2117 3175 2173 declinet
3204 2115 3425 2175 ad,me..
3458 2116 3525 2173 Et

1872 2206 2088 2261 vecordi
2124 2207 2305 2267 locuta
2340 2214 2419 2262 est
2452 2224 2464 2262 :
2498 2207 2668 2278 Aqua:
2712 2209 2939 2278 furtivae
2978 2205 3248 2262 dulciores
3287 2207 3526 2272 sunt,.ct
3556 2248 3561 2249 κ

1872 2296 2035 2367 panis
2064 2294 2409 2351 absconditus
2432 2296 2673 2351 suavior.
2708 2298 2781 2351 Et
2812 2296 3090 2365 ignoravit
3111 2294 3253 2365 quod
3272 2296 3523 2367 gigantes
3550 2336 3557 2341 η

1876 2382 1958 2439 ibi
1974 2386 2110 2448 sint,
2132 2392 2182 2439 et
2200 2385 2257 2439 in
2274 2384 2564 2455 pro/undis
2584 2385 2821 2456 infernis
2834 2386 3069 2439 conviva:
3079 2385 3193 2456 ejus
3213 2383 3396 2454 (Prov.
3422 2384 3522 2448 ιχ).

1951 2471 2137 2528 XXVI.
2173 2472 2432 2537 Quorum
2477 2489 2549 2531 ne
2581 2472 2665 2529 sit
2686 2472 2978 2544 particeps
3020 2472 3080 2529 in
3111 2470 3314 2527 tartari
3344 2470 3524 2527 llam-

1880 2562 2015 2629 mis,
2048 2577 2196 2633 quas
2226 2560 2486 2619 vicissim
2517 2561 2647 2619 sine
2676 2562 2790 2618 line
2822 2564 3026 2633 pascat
3072 2557 3349 2619 medullis
3377 2559 3525 2627 suis,

1872 2651 1999 2722 jam
2030 2666 2187 2706 nunc
2217 2649 2337 2705 filia
2356 2651 2689 2713 recordetur
2728 2650 2984 2723 gemitus
3005 2649 3112 2723 pits
3133 2646 3533 2725 genitricis,“

1881 2743 2025 2811 quot
2050 2737 2138 2794 vel
2172 2743 2392 2812 quanta
2420 2739 2682 2812 pericula
2710 2743 2945 2819 propter
2974 2756 3128 2806 eam,
3159 2754 3263 2795 seu
3292 2740 3531 2811 propter

1882 2844 2111 2884 sorores
2144 2827 2355 2900 ipsius,
2369 2828 2431 2883 in
2452 2833 2616 2885 utero
2634 2846 2741 2887 suo
2762 2828 3049 2886 hactenus
3068 2828 3246 2896 vidit;
3267 2830 3326 2883 et
3343 2825 3557 2901 gratia

1883 2916 1985 2973 Dei
2016 2915 2206 2972 discat
2225 2915 2360 2973 talis
2393 2917 2538 2984 fieri,
2573 2917 2780 2981 saltem
2812 2916 3131 2991 admonita,
3165 2915 3359 2989 qualis
3385 2914 3535 2971 bene

1885 3005 1957 3061 de
1987 3022 2049 3061 se
2080 3005 2350 3062 meritam
2380 3010 2654 3072 matrem,
2685 3006 2861 3064 etiam
2893 3007 3056 3065 senio
3086 3024 3155 3063 ac
3179 3005 3419 3069 assiduo
3449 3002 3535 3061 in-

114 3092 348 3173 nectuti
378 3092 790 3163 iamemeritze
808 3093 1119 3167 derogare,
1152 3109 1257 3149 nec
1287 3095 1541 3150 eﬂ'estum
1563 3111 1777 3167 corpus
1816 3161 1850 3173 η
1885 3110 2123 3167 curvam
2143 3093 2412 3161 laboreet
2427 3095 2765 3164 tremulam,
2783 3097 2920 3159 data
2935 3113 3114 3157 manu
3137 3099 3313 3169 atque
3326 3108 3536 3167 supper

111 3161 256 3253 ejus,
282 3161 593 3253 laboribus
623 3184 679 3241 et
702 3161 1312 3254 diebus,£ugo$osque
1331 3186 1389 3238 et
1409 3182 1607 3241 minus
1636 3161 1777 3241 vali-
1809 3161 1854 3229 (ἶ
1891 3161 2002 3239 sito
2031 3182 2278 3247 humero
2307 3185 2541 3240 studeat
2553 3161 2855 3243 sublevare
2876 3189 2933 3242 et
2952 3161 3302 3252 sustentare,
3326 3161 3539 3243 nonad
3567 3207 3574 3214 ·

113 3270 447 3337 dosartus,
472 3269 770 3341 quondam
780 3273 1009 3335 torosOS
1028 3274 1089 3327 et
1104 3271 1178 3326 ad
1200 3270 1399 3343 praelia
1413 3271 1610 3328 divina
1630 3289 1787 3330 exer-

112 3361 232 3426 tos,
248 3358 474 3429 saltem
487 3356 693 3430 aliqua
705 3358 948 3417 humani
958 3358 1097 3415 tatis
1107 3356 1373 3432 respectu
1387 3352 1788 3430 considerare,

122 3446 363 3519 nullam
382 3446 785 3519 reverentiam
805 3447 1138 3513 reverendis
1157 3448 1320 3504 canis
1338 3448 1526 3521 ipsius
1547 3438 1785 3522 habere,

120 3535 231 3592 sed
292 3536 496 3608 ipsam
554 3533 803 3607 puellari
858 3534 1093 3592 levitate
1142 3539 1275 3608 post
1326 3536 1788 3596 innumerabiles

118 3624 482 3697 triumphos
502 3624 584 3687 ad
598 3623 864 3702 recidiva
894 3623 1052 3681 bella
1091 3622 1401 3682 adversum
1433 3631 1618 3682 semet
1652 3644 1789 3699 pro-

117 3728 375 3783 vocare,
403 3715 463 3767 et
486 3728 621 3777 eam
646 3711 831 3771 solido
861 3714 1254 3786 perfectorum
1299 3714 1429 3772 cibo
1478 3706 1787 3788 privatam,

112 3802 192 3859 ad
223 3799 579 3875 carnalium
608 3799 697 3863 lac
724 3801 1039 3872 retrahere,
1078 3801 1234 3875 quod
1256 3807 1460 3860 contra
1478 3820 1659 3861 usum
1686 3823 1788 3862 na-

111 3894 317 3965 tura»:
335 3905 418 3947 ex
445 3887 591 3961 ipsis
622 3889 946 3962 pubertatis
973 3908 1094 3948 sua
1124 3891 1403 3949 mammis
1432 3891 1493 3949 in
1524 3893 1788 3966 Egypto,

110 3980 280 4049 sicut
328 3993 528 4050 supra
560 3977 782 4043 dictum
810 3985 919 4051 est,
962 3979 1133 4037 toties
1171 3980 1510 4048 contractis,
1545 3986 1792 4038 conatur

111 4067 624 4143 impudenterpri
652 4069 784 4141 ejus
811 4067 1116 4125 instillare.

185 4157 369 4223 XXX.
388 4156 463 4221 Et
476 4156 706 4217 unitum
727 4156 936 4231 saltem
948 4156 1254 4214 verumlac
1272 4158 1285 4213 l
1304 4158 1411 4214 Sed
1428 4157 1572 4231 proh
1594 4159 1787 4216 dolor!

113 4264 243 4321 non
261 4251 365 4308 est
396 4244 513 4314 lac,
537 4261 653 4317 quo
676 4249 878 4321 tenera
902 4245 1168 4305 fidelium
1192 4246 1475 4319 paulatim
1499 4247 1795 4305 nutriatur

110 4335 409 4408 infantia,
427 4337 515 4397 ,ut
542 4334 615 4390 ad
645 4334 900 4392 solidam
926 4352 1123 4392 escam
1144 4332 1468 4410 .pertingat,
1500 4336 1601 4393 sed
1633 4338 1789 4409 quod

110 4425 420 4507 Salomon
457 4423 801 4485 cavendum
831 4424 1159 4493 denuntiat,
1191 4421 1394 4481 dicens
1422 4420 1440 4481 ξ
1472 4426 1583 4481 Fili
1612 4428 1712 4495 mi,
1743 4429 1795 4482 si

101 4516 160 4571 te
207 4508 583 4595 nataverint.
613 4516 941 4585 peccatores,
962 4530 1033 4570 ne
1069 4515 1353 4587 aquiescas
1388 4516 1469 4571 eis
1510 4514 1690 4586 (Prov.
1728 4516 1793 4587 ι).

104 4603 182 4659 Et
210 4621 235 4678 ξ
277 4596 375 4673 Va:
395 4603 457 4669 ei
480 4603 587 4673 qui
609 4602 779 4677 lactat
807 4604 1047 4659 amicum
1073 4618 1267 4671 suum,
1286 4607 1340 4660 et
1363 4601 1518 4659 ducit
1546 4616 1673 4660 eum
1700 4606 1792 4661 via

105 4691 423 4767 WWIGG
450 4693 649 4771 (Ῑῖιθου.
677 4691 825 4765 χω,
857 4690 973 4748 Nec
1002 4694 1092 4748 est
1110 4708 1288 4764 aqua,
1323 4692 1396 4747 de
1425 4707 1543 4763 qua
1571 4692 1673 4764 qui
1704 4692 1792 4749 bi-

104 4781 471 4855 berit,an
497 4777 860 4849 sitintultra,
884 4778 1021 4850 quia
1048 4780 1152 4836 ﬂet
1168 4780 1231 4835 in
1261 4797 1345 4836 eo.
1362 4776 1505 4841 fons,
1521 4797 1686 4854 aqua:
1708 4798 1796 4838 sa-

104 4867 646 4950 lientislinhvitam
672 4871 955 4927 ete'rnam
980 4871 1041 4926 et
1065 4868 1315 4926 ﬂumina
1342 4869 1414 4925 de
1441 4873 1640 4928 ventre
1667 4871 1795 4942 ejus

105 4960 312 5032 fluent
343 4956 697 5037 aqumvivm
726 4957 1057 5031 (laeuum),
1075 4958 1178 5013 sed
1208 4956 1406 5030 potius
1434 4975 1598 5032 aquas
1629 4958 1796 5015 furti-

102 5040 611 5134 va'degputeis.
648 5063 797 5125 quos
842 5045 1159 5114 Palmatini,
1188 5046 1384 5103 lutum
1415 5064 1534 5105 non
1581 5063 1797 5121 aquam

100 5142 428 5211 amantes,
489 5134 1046 5216 repleveruntterra
1073 5134 1229 5205 (Geni
1262 5136 1416 5208 xxvi)
1444 5154 1457 5204 ;
1490 5135 1580 5192 vel
1610 5137 1681 5192 de
1711 5137 1797 5192 ci-

1894 3271 2127 3327 ruinam
2158 3272 2475 3345 impellere,
2509 3273 2855 3346 deprimere,
2878 3273 3239 3346 perturbare,
3272 3270 3363 3328 vel
3388 3268 3536 3329 affli-

1894 3376 2048 3433 gere.
2082 3360 2180 3417 Pio
2211 3363 2419 3418 aﬂ'ectu
2440 3367 2497 3418 et
2516 3361 2726 3418 humili
2757 3363 2928 3419 corde
2967 3362 3191 3434 jugiter
3219 3359 3542 3435 perpendat

1897 3448 2036 3521 quid
2066 3448 2221 3504 idem
2248 3449 2524 3506 Salomon
2556 3450 2743 3506 dicat:
2770 3450 2978 3507 Stultus
2995 3448 3393 3519 homodespicit
3416 3462 3535 3502 ma-

1896 3546 2034 3595 trem
2079 3555 2253 3599 suam.
2285 3539 2465 3609 (Prov.
2501 3539 2631 3609 xv);
2664 3542 2723 3595 et
2750 3538 2890 3595 item
2919 3556 2931 3595 :
2965 3539 3042 3595 Ne
3065 3537 3359 3609 despicias,
3412 3549 3561 3591 cum.

1895 3629 2138 3682 senuerit
2183 3630 2362 3693 mater
2408 3635 2505 3682 tua
2532 3628 2715 3700 (Prov.
2746 3629 2931 3699 χχιιι).
2970 3625 3245 3699 Alioquin
3277 3624 3347 3694 si,
3380 3621 3543 3695 quod
3578 3666 3579 3669 η

1898 3713 2078 3770 absit!
2109 3716 2375 3787 pertinax
2401 3732 2529 3773 esse
2555 3716 2822 3783 voluerit,
2853 3720 2909 3774 et
2939 3716 3045 3789 piae
3072 3714 3248 3772 matri
3279 3709 3539 3785 superci-

1897 3802 2046 3858 lium
2064 3804 2190 3874 ejus
2217 3807 2274 3859 et
2290 3805 2684 3879 arrogantiam
2706 3805 2899 3865 adhuc
2920 3802 3342 3870 dissimulanti,
3364 3805 3544 3874 atque

1900 3892 1972 3949 ad
2003 3892 2460 3953 satisfactionem
2493 3893 2781 3967 patienter
2810 3892 3195 3967 exspectanti,
3220 3905 3456 3964 parcere
3482 3893 3545 3946 et

1900 3997 2105 4053 parere
2133 3982 2567 4054 contempserit,
2600 3981 2924 4056 experietur
2962 3983 3021 4039 in
3077 3980 3308 4037 anicula
3354 3982 3543 4038 matre

1900 4069 2113 4126 virides
2158 4086 2343 4126 annos
2371 4074 2597 4127 exertos
2629 4071 2697 4127 ad
2728 4075 3108 4143 paternorum
3156 4068 3563 4127 traditionumt

1901 4158 2299 4214 defensionem
2335 4158 2605 4227 lacertos,
2638 4158 3084 4223 adolescentulis
3110 4161 3543 4231 .competentem

1902 4246 2281 4316 alacritatem,
2306 4247 2637 4319 juvenculae
2675 4248 3068 4304 constantiam
3098 4248 3432 4314 efficacem;
3466 4250 3545 4318 et,

1893 4336 2065 4407 juxta
2089 4329 2480 4405 Salomonem,
2515 4341 2831 4403 contumax
2873 4337 3140 4395 comedet
3188 4336 3545 4407 fructusvie:

1903 4440 2041 4493 suae,
2073 4424 2313 4497 suisque
2360 4425 2621 4490 consiliis
2652 4426 3015 4485 saturabitur
3044 4427 3225 4497 (Prov.
3260 4426 3353 4503 1).;
3386 4426 3563 4499 quia,

1828 4535 1875 4601 Β
1901 4512 2055 4570 sicut
2081 4512 2238 4569 idem
2269 4517 2518 4569 testatur
2548 4531 2561 4569 :
2590 4515 2897 4571 Benedictio
2921 4517 3101 4587 patris
3128 4516 3315 4586 ﬁrmat
3366 4515 3573 4573 domos-

1899 4603 2145 4674 ﬁliorum
2154 4620 2173 4665 ,'
2195 4601 2508 4659 maledictio
2525 4607 2709 4659 autem
2725 4605 2923 4661 matris
2936 4603 3180 4660 eradicet
3188 4604 3551 4674 fundamenta

1902 4691 2089 4763 (Eceli.
2126 4691 2242 4762 1n);
2276 4694 2334 4746 et
2361 4690 2614 4763 iterumj:
2640 4693 2814 4761 Quam
2840 4692 3004 4747 malae
3030 4694 3196 4763 fama:
3225 4695 3300 4747 est
3329 4693 3431 4762 qui.
3453 4691 3550 4763 fu-

1900 4782 1981 4852 git
2005 4787 2254 4852 patrem;
2273 4784 2326 4834 et
2355 4782 2445 4845 est
2459 4781 2780 4839 maledictus
2800 4797 2836 4836 a
2863 4782 2971 4845 Deo,
2993 4781 3090 4853 qui
3111 4786 3402 4851 exasperat
3430 4795 3573 4837 ma-.

1903 4872 2047 4925 trem
2074 4868 2274 4941 (lbid.).
2308 4869 2416 4924 Et:
2443 4870 2550 4937 Qui
2576 4870 2781 4947 afﬂigit
2804 4872 3039 4943 patrem,
3057 4876 3108 4926 et
3126 4869 3272 4940 fugit
3299 4874 3559 4932 matrerm;

1906 4959 2308 5030 ignominiosus
2335 4963 2412 5013 est
2441 4960 2490 5012 et
2519 4958 2721 5029 infelix
2751 4959 2935 5031 (Prov.
2967 4957 3107 5030 xIx).
3131 4957 3317 5022 Quam
3347 4954 3553 5027 utique

1909 5047 2201 5104 offendere
2230 5049 2393 5101 cavet
2413 5044 2684 5116 quisquis
2716 5045 2943 5117 placere
2967 5047 3118 5119 patri
3149 5045 3365 5114 studet,
3396 5041 3567 5117 velut

1908 5136 2083 5193 etiam
2113 5134 2353 5207 quidam
2384 5131 2738 5206 sapientium
2770 5135 2973 5199 saeculi,
2998 5136 3079 5190 ait
3112 5154 3125 5191 :

99 5226 346 5301 sternis
380 5224 697 5303 dissipatis
715 5224 961 5298 (Jer..n),
982 5240 1097 5280 seu
1124 5224 1473 5291 fluminibus
1492 5225 1724 5299 Egypti
1744 5230 1801 5282 et
1838 5260 1847 5266 -

96 5313 485 5390 Babylonis,
535 5312 753 5387 quibus
782 5312 1144 5371 distenditur
1168 5312 1393 5381 venter,
1423 5318 1482 5372 et
1523 5310 1800 5388 gravatus

98 5422 247 5477 non,
260 5401 574 5476 repletun,
588 5402 697 5463 ised
708 5400 1056 5475 .exinanitur
1075 5401 1494 5470 etintumeScit
1510 5405 1694 5475 (Num.
1717 5407 1795 5472 v),

98 5500 168 5553 ut
200 5509 397 5570 more,
426 5490 739 5572 hydrqpici
783 5493 946 5548 tanto
978 5490 1112 5564 plus
1140 5490 1303 5550 sitiat
1341 5493 1416 5549 ad
1450 5492 1797 5566 perniciem,

96 5586 349 5661 quagtp
354 5578 515 5658 plus
526 5578 769 5662 biberit...
780 5580 860 5660 De
874 5578 1098 5652 quibus
1118 5581 1683 5655 profecthominus
1697 5598 1800 5654 per

1993 5270 2067 5319 Ne
2096 5269 2320 5317 matrem
2349 5263 2610 5325 offendas,
2642 5263 2772 5314 dum
2798 5265 2880 5315 vis
2908 5265 3082 5316 bonus
3110 5282 3225 5319 esse
3257 5266 3485 5331 parenti.

1908 5488 2263 5548 sertionibus
2275 5489 2416 5561 quid
2438 5491 2729 5544 mereatur
2739 5486 2915 5543 etiam
2928 5486 3179 5547 carnalis
3190 5490 3397 5549 matris
3418 5505 3557 5549 con—

1906 5581 2167 5650 temptus
2187 5594 2202 5633 :
2226 5581 2284 5635 et
2303 5577 2444 5652 quid
2463 5578 2534 5635 de
2554 5576 2877 5651 spiritualis
2888 5575 3188 5651 genitricis
3205 5580 3563 5638 contumelia

1980 5401 2201 5457 XXVII.
2236 5399 2338 5456 His
2359 5399 2540 5473 igitur
2560 5401 2616 5454 et
2636 5396 2770 5453 aliis
2793 5397 3246 5471 quamplurimis
3266 5401 3450 5472 liquet
3470 5420 3559 5459 as.
3660 5460 3685 5469 ν,
