3974 6206
334 305 450 380 763

1398 307 1466 370 S.
1511 301 1796 370 LEONIS
1837 302 1919 366 1X
1958 299 2193 364 PAP/E
2234 301 2678 369 OPUSGULA‘.‘

3627 306 3760 371 ’164

333 453 391 506 et
421 445 830 522 exprobatione
859 443 1118 500 dicetur?
1147 441 1252 499 Illa
1281 439 1576 514 siquidem
1606 440 1664 495 in
1695 437 1976 512 iniquita-
2004 429 2063 506 Α
2091 444 2258 497 scant
2277 442 2688 512 etsequantur,
2712 436 3086 496 contenditis.
3106 438 3182 496 Ut
3204 438 3364 497 enim
3383 439 3593 511 fertur,
3616 456 3752 498 om-

331 539 490 594 tibus
511 555 617 594 nos
640 539 948 607 conceptos
969 533 1264 605 generavit
1284 532 1356 587 ad
1381 535 1655 597 mortem;
1680 529 1791 586 ista
1820 545 1975 596 vero,

333 627 522 701 culpis
554 625 838 689 remissis,
863 623 1222 696 regeneravit
1254 623 1324 676 ad
1356 622 1558 676 vitam.
1585 621 1840 685 Quarum
1873 635 1976 672 ceu

333 717 534 788 dispar
555 720 643 772 est
665 714 959 781 meritum,
984 712 1064 766 ita
1085 717 1139 766 et
1161 711 1379 783 dispar,
1404 727 1508 781 pro
1531 725 1732 764 earum
1757 707 1978 763 honore

333 809 398 860 ut
427 806 507 874 [et
536 801 647 874 vel]
679 803 958 857 dedecore
1005 799 1331 872 praemium,
1385 797 1484 870 qui
1533 795 1827 852 carnalem
1861 811 1980 848 ma-

332 891 793 949 tremhonoranti
811 888 1144 960 longmvitas
1160 906 1223 942 su
1236 905 1334 959 per
1348 886 1725 941 morientium
1741 888 1975 952 terram,

331 986 388 1038 et
418 982 854 1036 firmamentum
889 995 1033 1033 casae
1080 993 1303 1032 casurae
1353 974 1806 1047 repromittitur;
1853 989 1979 1027 exa-

333 1071 590 1144 speranti
615 1073 811 1125 autem
849 1085 999 1132 eam,
1024 1072 1385 1122 terrenorum
1423 1064 1732 1120 eradicatio
1770 1063 1976 1116 funda-

333 1164 686 1215 mentorum.
722 1159 896 1214 Porro
919 1155 1283 1228 spiritualem
1317 1157 1679 1216 venerantes,
1729 1151 1979 1224 longitu-

331 1250 526 1304 dinem
559 1249 786 1302 dierum
820 1246 879 1300 in
911 1246 1111 1300 dextra
1132 1244 1230 1299 Dei
1265 1243 1544 1298 videbunt
1574 1243 1743 1313 (Psa-I.
1779 1242 1890 1312 xv),
1923 1245 1979 1295 et

331 1337 388 1391 in
421 1340 575 1391 terra
599 1334 914 1389 viventium
943 1333 1068 1387 sine
1093 1332 1206 1387 fine
1229 1331 1578 1386 habitabant
1603 1349 1613 1397 ;
1641 1333 1979 1402 spernentes

330 1441 465 1480 vero
499 1421 919 1495 illam,duplici
943 1421 1286 1476 contritione
1309 1425 1704 1484 conterentur,
1729 1424 1804 1483 et,
1831 1418 1982 1473 sicut

332 1512 612 1584 diploide,
635 1510 975 1566 confusione
1006 1526 1115 1564 sua
1142 1509 1462 1563 induentur
1502 1508 1673 1578 (Psal.
1707 1506 1883 1576 cvm),
1927 1511 1983 1561 et

332 1602 498 1658 radix
524 1617 725 1656 eorum
749 1601 820 1655 de
844 1604 997 1654 terra
1025 1599 1344 1653 viventium
1368 1596 1651 1652 evelletur
1673 1597 1845 1668 (Psal.
1881 1596 1976 1664 LI).

332 1691 559 1747 Etenim
611 1690 839 1745 all‘ectio
897 1687 1148 1743 carnalis
1199 1687 1403 1742 matris
1447 1687 1494 1741 si
1557 1703 1662 1742 nos
1712 1685 1980 1758 prohibet

332 1797 366 1836 a
420 1780 740 1835 reverentia
811 1777 1122 1850 spirituali,
1192 1776 1427 1847 penitus
1488 1775 1869 1846 relinquenda
1925 1779 2056 1871 etB

329 1868 730 1926 abscindenda
760 1871 847 1922 est
881 1866 1069 1932 nobis,
1109 1869 1168 1919 ut
1193 1864 1248 1918 in
1276 1862 1717 1918 Deuteronomio
1753 1863 1978 1935 Moyses

331 1959 400 2013 de
427 1957 582 2012 tribu
619 1956 745 2010 Levi
773 1954 914 2009 dicit
946 1973 957 2009 :
990 1955 1096 2022 Qui
1123 1953 1331 2008 dixerit
1357 1955 1506 2024 patri
1544 1969 1641 2007 suo
1685 1961 1735 2007 et
1760 1953 1929 2007 matri
1961 1969 1973 2005 :

327 2047 514 2102 Nescio
544 2061 633 2101 vos
651 2063 671 2107 ,'
702 2048 755 2099 et
783 2045 1053 2117 fratribus
1084 2044 1199 2097 suis
1236 2061 1247 2098 :
1281 2045 1474 2113 Ignoro
1505 2043 1662 2109 illos;
1695 2050 1745 2097 et
1770 2044 1977 2097 nescie-

327 2141 456 2190 runt
489 2136 629 2202 ﬁlios
659 2150 784 2189 suos
830 2151 842 2188 :
889 2135 950 2188 hi
976 2132 1340 2187 custodierunt
1389 2135 1768 2186 testamentum
1802 2136 1976 2200 tuum,

319 2224 531 2296 judicia
571 2228 686 2289 tua,
737 2239 766 2277 ο
812 2222 997 2287 Jacob,
1029 2225 1080 2276 et
1111 2222 1283 2292 legem
1313 2229 1484 2287 tuam,
1519 2237 1547 2274 0
1578 2221 1747 2275 Israel
1796 2222 1974 2292 (Deut.

325 2316 546 2380 χχχιιι).
607 2312 770 2375 Quod
831 2311 1082 2381 denique
1144 2309 1382 2364 facturis
1431 2310 1685 2363 domnus
1716 2309 1888 2364 Jesus
1919 2311 1978 2365 in

330 2399 638 2472 Evangelio
672 2397 1012 2469 centuplum
1042 2397 1155 2461 hic,
1189 2402 1244 2451 et
1275 2397 1332 2450 in
1368 2397 1562 2451 futuro
1591 2396 1768 2452 vitam
1815 2401 1978 2452 mter-

332 2505 470 2544 nam
493 2486 832 2559 repromisit
855 2486 1058 2556 (Matth.
1092 2487 1228 2553 xxx).

401 2576 644 2632 XXVIII.
677 2575 784 2630 Sed
813 2590 942 2629 ecce
969 2575 1090 2645 jam
1125 2589 1240 2628 non
1272 2573 1440 2627 debet
1470 2574 1699 2645 ingrata
1728 2573 1846 2628 filia
1877 2591 1978 2647 ap-

332 2682 554 2739 parere,
591 2665 727 2736 quia
751 2681 865 2734 prae
896 2662 1117 2717 cazteris
1148 2678 1276 2716 eam
1310 2663 1596 2717 honorare
1626 2663 1866 2735 dignata
1893 2669 1982 2719 est

332 2759 518 2810 mater
545 2771 672 2809 sua.
708 2753 853 2807 Nam
884 2769 1017 2806 cum
1053 2750 1212 2805 nullo
1243 2750 1435 2805 divino
1467 2750 1550 2806 vel
1582 2752 1838 2807 humano
1863 2753 1980 2824 pri-

329 2844 536 2915 vilegio
567 2840 965 2896 honorabilior
995 2857 1097 2894 seu
1133 2839 1342 2894 clarior
1372 2838 1504 2895 aliis
1531 2840 1804 2897 Ecclesiis
1835 2842 1979 2896 Con-

333 2929 854 3002 stantinopolitano.
899 2929 1110 2984 existat
1154 2928 1429 2998 Ecclesia,
1492 2934 1548 2984 et
1601 2930 1979 2996 Antiochena,

332 3025 508 3093 atque
527 3019 942 3086 Alexandrina,
964 3017 1038 3073 ob
1053 3018 1436 3073 reverentiam
1460 3018 1740 3091 principis
1758 3025 1982 3091 aposto-

333 3109 547 3176 lorum,
571 3108 724 3163 inter
753 3106 897 3162 alias
930 3110 1217 3161 retentent
1249 3106 1551 3178 dignitatis
1572 3108 1748 3176 jura;
1783 3114 1978 3164 tamen

335 3199 428 3272 pia
451 3202 656 3265 mater,
682 3197 943 3251 Romana
964 3195 1182 3250 scilicet
1198 3194 1473 3261 Ecclesia,
1490 3195 1694 3252 nolens
1708 3181 1980 3254 dilectam

2088 550 2192 590 nes
2225 530 2559 588 Latinorum
2589 527 2861 586 basilicas
2902 545 3080 600 penes
3121 547 3227 586 vos
3258 529 3584 599 clausistis,
3619 547 3751 588 mo-

2089 613 2290 680 nachis
2313 621 2669 678 monasteria
2679 624 2736 675 et
2751 619 3066 675 abbatibus
3083 619 3516 688 tulistis,donec
3531 621 3754 678 vestris

2085 714 2342 769 viverent
2366 709 2674 767 institutis.
2708 709 2851 764 Ecce
2875 708 2936 763 in
2967 708 3075 764 hac
3106 713 3294 782 parte,
3340 710 3611 766 Romana
3640 711 3751 765 Ec-

2088 803 2266 860 clesia
2294 804 2512 874 quanto
2539 799 2863 865 discretior,
2915 799 3274 854 moderatior
3312 803 3369 854 et
3398 799 3753 855 clementior

2087 891 2252 949 vobis
2273 895 2362 946 est
2384 889 2396 945 ι
2421 888 2721 960 Siquidem
2742 903 2878 942 cum
2897 886 3053 942 intra
3073 891 3129 942 et
3149 892 3313 943 extra
3338 888 3591 943 Romam
3613 887 3749 959 plu-

2089 980 2241 1036 rima
2271 980 2601 1035 Graecorum
2633 975 2998 1048 reperiantur
3019 976 3378 1032 monasteria
3405 975 3528 1032 sive
3558 975 3747 1032 eccle-

2089 1072 2208 1141 siae,
2232 1067 2458 1124 nullum
2479 1083 2680 1123 eorum
2696 1065 2886 1121 adhuc
2898 1066 3278 1137 perturbatur
3292 1065 3379 1121 vel
3394 1065 3750 1137 prohibetur

2089 1177 2123 1216 a
2154 1163 2394 1232 paterna
2435 1155 2767 1223 traditione,
2804 1154 2924 1210 sive
2954 1171 3063 1210 sua
3091 1155 3558 1222 consuetudine;
3595 1154 3746 1225 quin

2088 1249 2284 1322 potius
2315 1247 2595 1302 suadetur
2623 1248 2681 1299 et
2707 1245 3056 1299 admonetur
3097 1259 3228 1298 eam
3259 1244 3588 1298 observare.
3623 1242 3747 1297 Nec

2088 1337 2244 1393 enim
2266 1334 2697 1392 animositatem
2711 1332 2904 1404 impias
2923 1331 3213 1388 haereseos
3225 1332 3424 1398 habet,
3444 1347 3568 1401 qua
3587 1347 3748 1386 sem-

2089 1443 2192 1498 per
2221 1423 2503 1481 divisione
2534 1422 2769 1495 gaudet,
2797 1421 2999 1476 dicens
3029 1437 3133 1492 per
3163 1419 3504 1493 patricidam
3537 1435 3741 1475 mere-

2088 1516 2291 1571 tricem
2323 1532 2336 1570 :
2367 1518 2477 1571 Nec
2504 1513 2664 1579 mihi,
2695 1526 2793 1567 nec
2817 1509 2919 1566 tibi
2943 1511 3033 1577 sit,
3058 1509 3148 1565 sed
3177 1510 3449 1566 dividatur
3475 1509 3572 1578 (III
3594 1511 3727 1579 Reg.

2089 1607 2263 1672 xvu);
2295 1603 2396 1659 sed
2429 1603 2641 1674 pietate
2669 1617 2814 1656 verae
2846 1598 3052 1654 matris
3083 1599 3168 1655 sic
3209 1598 3576 1654 Salomonem
3627 1596 3735 1651 de-

2088 1697 2396 1766 precatur:
2451 1691 2695 1756 Obsecro,
2746 1689 2982 1754 domine,
3027 1687 3151 1744 date
3191 1688 3322 1743 huic
3349 1689 3623 1758 infantem
3651 1687 3736 1739 vi-

2088 1800 2212 1838 vum
2241 1786 2290 1837 et
2335 1781 2504 1836 nolite
2549 1779 2859 1848 interﬁcere
2903 1793 3028 1832 eum
3069 1776 3270 1849 (Ibid.).
3317 1775 3440 1832 Scit
3478 1789 3740 1846 namque

2088 1872 2228 1943 quia
2257 1870 2338 1925 nil
2369 1870 2585 1926 obsunt
2604 1867 2779 1923 saluti
2808 1865 3168 1921 credentium
3198 1863 3438 1920 diversae
3469 1879 3574 1934 pro
3607 1862 3738 1917 loco

2088 1967 2146 2017 et
2174 1965 2435 2032 tempore
2463 1955 2938 2020 consuetudines,
2971 1954 3204 2026 quando
3249 1969 3365 2008 una
3412 1952 3582 2020 ﬁdes,
3628 1967 3742 2022 per

2088 2049 2454 2106 dilectionem
2513 2061 2761 2118 operans
2818 2043 2972 2100 bona
3015 2059 3139 2115 quea
3186 2043 3390 2112 potest,
3451 2038 3553 2093 uni
3605 2037 3732 2093 Deo

2089 2137 2462 2195 commendat
2489 2150 2713 2191 omnes.

2157 2227 2315 2282 XXX.
2349 2225 2510 2290 Quod
2544 2239 2644 2278 vos
2675 2237 2810 2278 cum
2841 2237 2909 2277 ex
2939 2220 3126 2276 debito
3147 2218 3362 2291 gradus
3391 2220 3452 2271 et
3479 2214 3595 2270 loci
3629 2231 3734 2269 ve-

2088 2317 2196 2375 stri
2217 2313 2572 2389 oportuisset
2591 2312 2740 2369 scire
2760 2314 2815 2366 et
2835 2309 3164 2383 praedicare,
3187 2310 3477 2379 quatenus
3507 2306 3582 2360 de
3612 2304 3735 2360 col-

2088 2407 2254 2463 lectis
2285 2405 2490 2461 ovibus
2511 2401 2757 2475 gratiam
2790 2417 2823 2454 a
2843 2399 2996 2454 bono
3026 2401 3276 2470 pastore,
3311 2411 3430 2450 non
3456 2393 3734 2449 condem-

2089 2495 2385 2551 nationem
2435 2508 2538 2563 pro
2568 2488 2849 2562 dispersis
2878 2484 3251 2543 mereremini
3298 2483 3598 2556 percipere
3643 2483 3736 2536 in-

2090 2582 2356 2640 eurristis
2385 2580 2529 2636 illud
2550 2577 2811 2652 Apostoli
2831 2577 2906 2632 ad
2936 2576 3210 2632 Hebraeos
3243 2593 3256 2630 :
3292 2575 3454 2642 Quia,
3487 2588 3614 2628 cum
3641 2571 3734 2627 de-

2091 2674 2319 2729 bueritis
2346 2669 2602 2741 magistri
2631 2683 2744 2724 esse
2771 2673 3025 2738 tempore,
3060 2666 3261 2720 iterum
3283 2678 3494 2718 necesse
3525 2663 3738 2717 habetis

2088 2763 2268 2819 doceri
2312 2775 2436 2832 qua
2476 2760 2586 2814 sint
2631 2758 2897 2813 elementa
2943 2769 3258 2810 sermonum
3285 2753 3384 2809 Dei
3415 2751 3606 2823 (Hebr.
3655 2749 3739 2819 v.)

2089 2852 2274 2906 Zetum
2303 2850 2452 2905 enim
2479 2847 2578 2903 Dei
2601 2845 2832 2912 habetis,
2860 2843 2950 2898 sed
2979 2859 3088 2898 non
3119 2841 3417 2898 secundum
3450 2841 3742 2895 scientiam

2091 2941 2264 3011 (Rom.
2296 2938 2374 3009 x).
2403 2938 2585 3002 Quam
2604 2937 2671 2988 ut
2691 2929 3247 3004 apprehendissetis,
3271 2945 3388 2985 non
3415 2927 3590 2995 saltu,
3633 2925 3740 2982 sed

2090 3026 2366 3084 canonico
2388 3022 2710 3090 intervallo,
2742 3021 2861 3077 imo
2885 3019 3058 3092 plano
3089 3019 3236 3090 pede
3266 3018 3339 3073 ad
3362 3017 3740 3089 episcopatus

2092 3115 2324 3173 culmen
2365 3132 2399 3170 a
2428 3113 2575 3169 laica
2605 3109 3044 3166 conversatione
3081 3107 3379 3180 pervenire
3421 3104 3739 3175 debuistis,

2093 3223 2166 3262 ne
2198 3204 2362 3260 vobis
2407 3202 2837 3268 refragarentur
2874 3196 3052 3253 verba
3101 3195 3289 3268 ipsius
3329 3192 3616 3267 Apostoli,
3665 3192 3741 3248 de

334 3287 515 3342 ﬁliam
546 3285 678 3341 dote
699 3284 1150 3340 honorificentia:
1173 3301 1240 3340 ex
1261 3289 1380 3339 toto
1403 3301 1616 3354 carere,
1650 3302 1753 3359 per
1782 3287 1980 3343 beatos
2089 3295 2360 3366 episcopo
2393 3287 2639 3345 dicentis
2675 3304 2687 3343 :
2722 3285 2838 3342 Non
2864 3285 3216 3356 neophytum,
3248 3299 3319 3340 ne
3337 3285 3399 3339 in
3417 3282 3741 3355 superbiam

335 3375 791 3449 praedecessores
840 3377 1069 3429 nostros
1122 3374 1178 3428 in
1221 3374 1447 3446 aliquot
1493 3375 1730 3446 synodis
1761 3375 1982 3432 curavit
2090 3386 2262 3440 elatus
2293 3382 2354 3436 in
2375 3378 2650 3451 judicium
2690 3373 2899 3431 incidat
2939 3373 3144 3429 diaboli
3189 3375 3236 3444 (Ι
3278 3375 3410 3428 Tim.
3444 3372 3553 3443 ιιι).
3586 3372 3739 3426 Nam

335 3465 644 3519 decernere
677 3468 757 3530 ut,
785 3463 956 3542 (salva
988 3463 1400 3535 principalium
1439 3469 1496 3519 et
1526 3465 1980 3538 apostolicarum

337 3553 566 3609 sodium
588 3553 830 3626 antiqua
849 3554 1153 3626 dignitate,
1179 3553 1861 3627 Constantinopolitanus
1885 3572 1982 3611 an-

271 3660 275 3664 ·
337 3643 503 3698 tistes
532 3642 922 3697 honoraretur
952 3642 1102 3698 sicut
1148 3643 1316 3715 regia:
1350 3641 1600 3698 civitatis
1650 3644 1983 3716 episcopus,

339 3731 607 3802 quamvis
635 3731 1008 3787 Justinianus
1059 3730 1367 3803 religiosus
1417 3733 1717 3804 Augustus
1759 3733 1986 3805 legibus

335 3819 614 3875 humanis
644 3819 926 3875 voluisset
971 3827 1231 3876 astruere
1264 3825 1326 3874 ut
1355 3825 1489 3892 post
1531 3837 1743 3893 papam
1777 3822 1989 3877 Roma-

337 3925 480 3964 num
531 3909 729 3964 sedeat
763 3909 1420 3982 Constantinopolitanae
1457 3909 1669 3981 praasul
1700 3910 1989 3966 Ecclesia.
2102 3915 2292 3974 evenit
2327 3918 2414 3980 ut,
2447 3913 2507 3967 in
2539 3907 2797 3966 culmine
2825 3906 3076 3978 positus,
3126 3905 3312 3961 valeat
3357 3904 3762 3962 humilitatem

335 4001 392 4052 εἰ
420 4003 573 4053 certe
630 3998 741 4053 hoc
791 3998 953 4053 nulla
990 3997 1104 4053 alia
1152 3998 1493 4053 excellentia
1539 3999 1883 4054 meritorum
1905 4004 1996 4056 est
2105 4006 2331 4062 discere
2355 4000 2454 4074 qui
2477 4001 2535 4054 in
2558 3997 2698 4054 imis
2714 4013 2830 4052 non
2854 3995 3026 4052 desiit
3041 3994 3363 4068 superbire.
3390 3994 3514 4049 Huc
3536 3995 3766 4050 accedit

339 4091 636 4154 assecuta,
671 4087 782 4140 nisi
815 4089 966 4158 quod
990 4088 1247 4141 Romana
1279 4086 1533 4143 Ecclesia
1551 4104 1654 4158 pro
1687 4105 1881 4144 amore
1902 4105 1994 4144 ve-
2107 4100 2163 4152 et
2189 4092 2335 4149 illud
2366 4090 2544 4163 quod,
2579 4085 2915 4158 albuginem
2938 4084 3161 4140 habens
3190 4084 3251 4140 in
3283 4083 3469 4151 oculo,
3502 4101 3536 4138 a
3567 4100 3765 4140 sacer-

339 4174 620 4231 nerabilis
651 4175 1040 4239 Constantini,
1067 4175 1340 4246 seipsam,
1367 4182 1656 4246 quantum
1690 4177 1748 4232 in
1780 4193 1846 4232 eo
1866 4177 1998 4248 fuit,
2108 4183 2266 4240 ἀοιίο
2295 4177 2659 4253 prohibetur.
2697 4173 3051 4247 Albuginem
3083 4173 3300 4244 quippe
3341 4173 3518 4228 habet
3539 4173 3601 4228 in
3633 4189 3772 4229 ocu-

336 4263 680 4317 honorantis
711 4268 767 4317 et
796 4262 1129 4327 exaltantis,
1177 4262 1470 4318 civitatem
1507 4265 1694 4336 ipsius
1734 4265 1838 4321 hoc
1879 4267 1996 4338 pri-
2112 4262 3066 4342 lo,quisquisarrogantiajustitiaa
3082 4261 3769 4333 velsapientiazcaecatur.

336 4349 558 4420 vilegio
593 4350 833 4404 honoris
867 4350 991 4406 sola
1020 4349 1280 4405 humana
1322 4351 1724 4409 benevolentia
1751 4353 2003 4428 insigni-
2183 4357 2372 4415 XXXI.
2405 4355 2515 4413 Sed
2549 4353 2704 4410 absit
2737 4356 2804 4408 ut
2848 4350 3104 4424 religiosi
3136 4349 3430 4423 principes
3477 4355 3536 4406 et
3566 4352 3773 4408 ortho-

335 4438 434 4505 vit,
461 4439 631 4509 juxta
661 4439 955 4510 prophetae
1000 4439 1222 4494 dictum
1274 4441 1345 4496 ad
1380 4441 1504 4497 Heli
1541 4460 1552 4498 :
1591 4443 2004 4516 Gloriﬁcuntem
2117 4448 2273 4514 doxi,
2325 4448 2499 4517 atque
2528 4439 3033 4500 Christianissima
3062 4444 3119 4495 et
3163 4441 3273 4495 Deo
3303 4439 3512 4495 devota
3540 4441 3772 4510 civitas,

341 4543 426 4612 me
443 4527 792 4599 gloriﬁcabo;
815 4530 911 4616 qui
932 4531 1113 4583 autem
1131 4535 1482 4587 contemnunt
1506 4548 1607 4599 me,
1632 4541 1794 4589 erunt
1829 4536 1994 4607 igno-
2051 4541 2099 4608 Ῑ)
2128 4554 2231 4598 vos
2252 4536 2312 4591 in
2335 4533 2444 4591 hoc
2465 4535 2658 4588 vestro
2678 4545 2871 4587 errore
2891 4528 3213 4585 audiendos
3233 4532 3440 4601 putent
3467 4543 3481 4584 :
3505 4544 3657 4600 quos
3679 4545 3779 4602 po-

345 4618 580 4688 \i‘leSU
603 4622 730 4690 [ἴω.
767 4622 850 4688 ιι).
2126 4628 2249 4686 tius
2292 4624 2365 4680 ad
2409 4621 2652 4678 unitatis
2694 4620 2916 4675 bonum
2958 4622 3180 4673 terrore
3227 4617 3533 4689 potestatis
3567 4634 3779 4690 cogere

408 4709 596 4766 XXIX.
631 4710 740 4764 Aut
769 4709 818 4764 si
842 4710 996 4781 quoi
1019 4709 1174 4765 aliud
1199 4711 1426 4778 retinet,
1462 4716 1562 4767 aut
1626 4716 1794 4784 putat
1825 4729 1886 4768 se
1917 4713 2020 4770 ha-
2129 4716 2362 4773 debent.
2388 4711 2784 4768 Recordentur
2799 4705 3473 4778 Constantinopolitanos
3493 4708 3778 4777 praesules

332 4800 468 4856 bere
499 4799 802 4872 dignitatis
835 4798 1224 4872 privilegium,
1259 4816 1360 4855 vos
1394 4799 1648 4857 rebelles
1699 4801 1919 4858 lumini
1952 4820 2020 4860 ac
2129 4807 2188 4862 in
2241 4805 2473 4860 tantum
2505 4798 2716 4872 priscis
2757 4794 3120 4867 temporibus
3150 4794 3608 4851 familiarissima
3656 4794 3781 4850 sibi

335 4889 588 4959 veritati,
622 4895 678 4945 et
708 4889 968 4962 signiferi
998 4890 1216 4944 umbrae
1251 4893 1308 4943 et
1333 4887 1635 4970 vanitatis,
1670 4891 1928 4962 proferte
1957 4891 2019 4948 in
2129 4893 2332 4950 morbo
2365 4888 2651 4964 superbiai
2700 4885 3021 4953 laborasse,
3055 4887 3121 4939 ut
3149 4883 3338 4940 edicto
3377 4885 3784 4954 Augustorum

338 4980 623 5035 medium.
653 4979 770 5034 Vos
804 4979 961 5035 enim
995 4977 1372 5050 alloquimur,
1397 4981 1515 5049 qui,
1538 4978 1694 5035 sicut
1717 4981 1859 5035 Dom
1879 4980 2018 5052 inus
2127 4980 2461 5047 Theodosii,
2511 4974 2743 5033 Arcadii
2773 4979 2830 5031 et
2877 4972 3112 5029 Honorii
3144 4971 3476 5045 prohibitus
3515 4971 3594 5027 sit
3624 4971 3790 5043 quis-

336 5068 416 5123 ait
447 5069 784 5130 Pharisasis,
821 5070 1028 5123 tulistis
1058 5069 1268 5122 clavem
1297 5068 1734 5141 scz’enlz‘m,(l.uc.
1771 5074 1876 5139 xx),
1911 5079 2009 5142 qui
2125 5087 2310 5145 quam
2326 5087 2394 5126 ex
2413 5062 3057 5136 Constantinopolitana
3077 5061 3786 5134 Ecclesiapontificatum,

342 5158 624 5214 claudistis
655 5175 888 5229 regnum
917 5158 1180 5211 cwlorum
1209 5160 1338 5210 ante
1367 5157 1632 5226 homines,
1666 5175 1767 5214 nec
1793 5161 1907 5231 ipsi
1937 5161 2020 5215 in-
2131 5162 2404 5218 defuncto
2452 5158 2722 5230 episcopo
2753 5151 3031 5219 Sisinnio,
3062 5150 3336 5223 deinceps
3369 5167 3626 5222 sperare,
3683 5151 3788 5207 sed

345 5249 523 5312 iratis,
556 5264 655 5302 nec
684 5249 823 5302 alios
853 5254 1062 5301 intrare
1087 5246 1416 5317 permittitis
1450 5245 1656 5316 (illatth.
1689 5248 1879 5320 xxm),
1913 5251 2015 5304 sed
2127 5268 2196 5307 ex
2225 5248 2341 5305 alia
2370 5247 2482 5303 sibi
2504 5244 2728 5317 jugiter
2756 5241 3092 5313 pontiﬁcem
3123 5244 3410 5312 expetere,
3445 5239 3587 5310 quia
3617 5243 3790 5295 erant

339 5339 536 5413 potius
586 5335 937 5408 prohibetis,
973 5336 1114 5390 dum
1146 5335 1353 5390 matris
1382 5337 1777 5392 venerandam
1810 5336 2015 5394 faciem
2126 5337 2285 5394 inani
2313 5333 2508 5408 gloriae
2535 5330 2716 5389 dediti
2741 5334 2798 5386 et
2819 5347 2999 5403 supra
3019 5330 3259 5385 modum
3284 5332 3656 5400 arrogantes,
3682 5344 3787 5384 ceu

341 5443 670 5494 conspucre
693 5423 977 5496 quzsritis,
1001 5425 1141 5480 dum
1165 5442 1295 5480 eam
1327 5424 1714 5496 insequimini
1737 5425 2016 5482 conviciis
2127 5423 2590 5482 commemorant
2635 5417 3117 5490 historiographi.
3157 5416 3266 5485 Qui
3314 5417 3493 5474 etiam
3529 5418 3800 5472 referunt

337 5520 394 5568 et
443 5512 940 5579 malcdictis,dum
967 5531 1147 5584 agnos
1171 5515 1298 5585 ejus
1321 5513 1392 5567 ab
1416 5530 1482 5569 ea
1505 5514 2014 5586 segregare,etiam
2127 5515 2280 5587 quod
2305 5509 2675 5584 septuaginta
2691 5522 2793 5562 sex
2809 5505 3133 5564 Orientales
3155 5506 3437 5580 episcopi,
3471 5506 3796 5564 concilium

343 5598 722 5657 anathemate
751 5604 810 5655 et
840 5598 1106 5670 ﬂagellis,
1142 5619 1215 5658 ne
1245 5617 1444 5656 vocem
1476 5605 1808 5660 maternam
1831 5617 2015 5674 agno-
2127 5601 2470 5660 Sardicense
2536 5593 2919 5666 declinantes,
2963 5595 3024 5652 in
3084 5594 3480 5669 Philippopoli
3524 5595 3790 5656 Thracia

2091 3489 2226 3530 cum
2247 3471 2440 3527 locum
2459 3464 2712 3522 doctoris
2725 3467 2970 3534 usurpat
2987 3462 3280 3530 indoctus,
3300 3477 3536 3517 necesse
3557 3464 3649 3516 est
3676 3463 3748 3514 ut

2097 3564 2198 3617 aut
2225 3558 2416 3615 discat
2445 3554 2601 3628 quod
2631 3553 2851 3620 doceat,
2885 3555 2986 3608 aut
3013 3567 3199 3607 caecus
3229 3553 3450 3623 pastor,
3491 3565 3595 3606 seu
3628 3566 3748 3605 non

2098 3649 2300 3707 valens
2325 3647 2542 3701 latrare
2562 3642 2724 3698 canis
2745 3645 2945 3696 mutus
2966 3642 3095 3710 (Isa.
3117 3640 3249 3711 va),
3274 3638 3600 3712 perniciose
3632 3638 3753 3694 sibi

2099 3744 2156 3796 et
2185 3733 2464 3808 subjectis
2498 3733 2814 3798 remaneat,
2847 3732 2949 3786 aut
2977 3729 3202 3784 discere
3225 3731 3282 3784 et
3322 3733 3512 3784 tacere
3540 3727 3754 3784 erube-

2099 3843 2290 3894 scens,
2323 3819 2714 3896 perniciosius
2740 3819 2942 3875 docere
2973 3821 3311 3890 praesumat.
3335 3818 3485 3873 Raro
3516 3833 3760 3888 quoque
