3974 6206
158 278 288 344 763

1151 269 1562 341 EPISTOLJE
1602 273 1702 340 ET
1745 265 2107 339 DEGRETA
2153 267 2625 339 PONTIFIGIA.‘

3461 252 3582 340 766

165 409 790 474 anathematizandum
823 401 1290 470 conventiculum
1323 413 1634 479 haberunt,
1687 430 1819 469 san-
1853 413 1908 479 Α
1939 410 2301 483 punirentur.
2335 411 2556 467 Idcirco
2587 411 2695 467 etsi
2723 412 2795 468 ad
2828 410 2935 468 hoc
2965 393 3066 470 vos
3095 412 3344 487 impellit
3363 418 3579 483 tumor,

167 512 452 579 ctamque
472 502 982 561 etimmaculatam
995 503 1236 557 Nicaeus:
1251 503 1455 575 synodi
1477 503 1648 558 ﬁdem
1665 502 1826 557 adul-

165 600 450 663 terentes,
471 593 767 650 communi
792 592 1222 663 subscriptione
1234 609 1487 648 errorem
1509 609 1682 648 suum
1696 609 1826 647 con-

167 685 484 739 firmarunt
501 681 922 751 ;Occidentales
942 697 1066 736 vero
1078 683 1341 746 trecenti,
1358 681 1824 753 amplexisanam

165 775 511 828 sanctorum
546 775 788 826 Patrum
841 769 1214 837 sententiam,
1279 771 1670 824 unanimitate
1721 787 1828 826 sua

169 862 644 916 corroborarunt.
678 860 841 925 Quod
874 862 1063 914 totum
1097 859 1228 913 ideo
1285 859 1519 924 dicitur,
1580 875 1651 914 ne
1697 864 1829 930 post

170 948 437 1022 priorum
459 948 854 1020 cognitionem
874 949 1104 1002 incaute
1126 948 1512 1020 praesentibus
1535 947 1822 1002 credatur.

247 1039 468 1094 XXXII.
500 1038 646 1093 Nam
672 1039 944 1093 Romana:
968 1037 1235 1092 Ecclesiae
1259 1038 1423 1106 ﬁdes,
1451 1055 1552 1108 per
1570 1039 1826 1105 Petrum,

176 1144 360 1200 super
385 1132 609 1199 petram
639 1127 941 1190 aediﬁcata,
975 1141 1079 1180 nec
1108 1124 1388 1181 hactenus
1445 1126 1658 1192 deficit,
1721 1142 1828 1181 nec

176 1215 411 1271 deﬁciet
439 1215 498 1272 in
530 1215 758 1279 saacuia,
791 1214 1017 1270 Christo
1037 1215 1162 1284 ejus
1185 1213 1430 1269 Domino
1458 1218 1700 1286 rogante
1724 1231 1826 1286 pro

177 1321 267 1372 ea,
300 1321 407 1361 ceu
437 1307 683 1360 testatur
713 1303 823 1359 sub
853 1303 984 1376 ipsa
1007 1303 1280 1375 passione
1312 1319 1417 1361 sua
1445 1319 1456 1359 :
1498 1304 1605 1374 Ego
1636 1306 1830 1374 rogavi

175 1409 279 1466 pro
306 1397 379 1460 te,
410 1396 593 1459 Petre,
628 1398 684 1448 ut
710 1409 822 1448 non
848 1393 1062 1464 deﬁciat
1104 1393 1235 1463 ﬁdes
1291 1398 1435 1460 tua;
1495 1402 1546 1448 et
1603 1402 1662 1449 tu
1719 1395 1826 1449 ali-

176 1482 393 1554 quando
425 1498 716 1538 conversus
746 1483 1009 1552 conﬁrma
1036 1485 1237 1553 fratres
1295 1491 1410 1538 tuos
1457 1485 1604 1551 (Luc.
1662 1488 1824 1550 xxn).

179 1571 302 1635 Quo
333 1571 486 1627 dicto
516 1571 937 1627 demonstravit
957 1572 1130 1627 ﬁdem
1154 1573 1398 1627 fratrum
1421 1573 1578 1627 vario
1600 1573 1827 1628 defectu

178 1659 647 1731 periclitandam,
679 1661 778 1715 sed
813 1661 1159 1716 inconcussa
1189 1665 1245 1716 et
1295 1661 1662 1717 indeﬁciente
1717 1663 1830 1717 ﬁde

183 1748 526 1848 Petnri,v.elut
557 1750 735 1804 ﬁrmae
768 1749 1038 1848 anchorae
1065 1749 1334 1848 subsidio
1394 1751 1709 1848 ﬁgnendam,
1771 1756 1830 1806 et
1862 1783 1910 1848 B

178 1838 243 1892 in
273 1837 656 1893 fundamento
681 1837 1026 1892 universalis
1057 1837 1320 1892 Ecclesiae
1342 1838 1827 1894 conﬁrmandam.

183 1927 347 1991 Quod
377 1943 548 1982 nemo
575 1931 769 1997 negat,
789 1925 900 1980 nisi
923 1926 1018 1996 qui
1041 1926 1337 1981 evidenter
1360 1926 1477 1982 haec
1509 1927 1636 1998 ipsa
1656 1929 1834 1984 verba

181 2015 458 2071 Veritatis
488 2016 817 2087 impugnat,
851 2014 990 2085 quia
1020 2013 1173 2070 sicut
1202 2015 1438 2070 cardine
1471 2020 1657 2071 totum
1683 2017 1830 2088 regi-

184 2109 280 2160 tur
307 2103 547 2170 ostium,
581 2104 662 2159 ita
694 2105 858 2159 Petro
881 2107 938 2158 et
968 2105 1410 2160 successoribus
1462 2105 1592 2175 ejus
1650 2106 1831 2160 totius

187 2192 452 2266 Ecclesia:
482 2192 820 2264 disponitur
847 2192 1328 2248 emolumentum.
1363 2194 1431 2248 Et
1460 2195 1613 2249 sicut
1658 2195 1831 2249 cardo

185 2281 509 2337 immobilis
537 2298 886 2354 permanens
917 2281 1078 2336 ducit
1107 2286 1165 2336 et
1192 2283 1418 2337 reducit
1447 2284 1689 2349 ostium,
1748 2283 1831 2338 sic

186 2371 395 2426 Petrus
417 2375 474 2425 et
502 2371 590 2426 sui
619 2387 984 2426 successores
1013 2369 1263 2425 liberum
1295 2371 1366 2425 de
1423 2372 1581 2426 omni
1639 2370 1828 2426 Eccle-

189 2459 980 2530 siahabentjudicium,cum
1006 2475 1174 2514 nemo
1197 2460 1404 2516 debeat
1424 2476 1626 2515 eorum
1643 2461 1828 2516 dimo-

186 2565 321 2604 vere
337 2551 580 2614 statum,
606 2547 743 2619 quia
763 2564 999 2603 summa
1018 2548 1185 2604 sedes
1204 2566 1238 2603 a
1259 2550 1490 2604 nemine
1504 2550 1827 2620 judicatur.

189 2637 354 2693 Unde
381 2636 574 2692 clerici
607 2637 735 2707 ejus
763 2636 1088 2692 cardinales
1120 2637 1417 2704 dicuntur,
1457 2638 1680 2693 cardini
1712 2639 1830 2693 uti-

191 2743 304 2800 que
332 2725 435 2793 illi,
469 2741 585 2797 quo
617 2730 822 2781 caetera
849 2729 1176 2794 moventur,
1223 2726 1470 2781 vicinius
1530 2727 1826 2783 adhaeren-

186 2820 296 2872 tes.

255 2904 500 2960 XXXIII.
556 2906 918 2976 Quapropter
971 2922 1079 2961 nos
1137 2905 1461 2962 certissime
1512 2907 1827 2963 retinentes

186 2994 346 3050 omni
377 2993 767 3049 venerabilem
799 2994 1019 3049 mundo
1059 2993 1486 3050 institutionem
1547 2995 1718 3063 Petri,
1774 3000 1829 3050 et

187 3083 365 3138 ﬁdem
393 3082 582 3154 ipsius
622 3081 939 3154 coapostoli
995 3083 1086 3138 sui
1144 3087 1201 3137 et
1255 3084 1508 3140 doctoris
1564 3084 1828 3156 gentium

188 3170 376 3237 Pauli,
400 3151 968 3226 clarissimo—calamo
990 3166 1405 3244 subseriptam,
1423 3173 1492 3228 ab
1516 3151 1836 3244 apostolica
1863 3151 1906 3217 (ἶ

189 3259 328 3316 sede
358 3258 631 3314 omnibus
658 3258 841 3315 libere
871 3258 1196 3315 clamamus
1227 3262 1381 3332 quod
1423 3260 1641 3317 Galatis
1678 3261 1834 3316 idem

190 3347 440 3404 Paulus:
477 3349 621 3404 Licet
648 3364 764 3416 nos,
797 3353 894 3403 aut
948 3350 1177 3418 angelus
1207 3349 1272 3404 de
1325 3351 1452 3406 creto
1501 3352 1836 3420 evangetizet

195 3437 366 3505 vobis,
419 3440 794 3508 praeterquam
847 3437 986 3509 quod
1061 3440 1494 3510 evangelimtum
1539 3447 1614 3494 est
1666 3441 1832 3508 vobis,

191 3526 485 3581 anathema
511 3528 604 3580 sit.
637 3525 789 3581 Sicut
814 3526 1080 3597 praedixi,
1111 3532 1163 3582 et
1217 3544 1364 3582 nunc
1416 3531 1617 3584 iterum
1673 3529 1831 3585 dico:

190 3615 253 3671 Si
282 3617 403 3686 quis
458 3615 921 3684 evangetimverit
966 3619 1170 3686 praeter
1223 3617 1280 3670 id
1334 3617 1474 3688 quod
1529 3619 1832 3689 accepistis,

187 3703 490 3759 anathema
516 3704 588 3756 sit
617 3702 762 3773 (Gal.
795 3704 856 3774 1).
889 3704 1005 3759 Nec
1034 3705 1165 3760 ideo
1207 3704 1532 3771 silebimus,
1583 3707 1632 3760 si
1691 3707 1832 3761 dici-

187 3808 328 3847 mur
359 3805 474 3845 non
505 3805 632 3847 esse
662 3791 863 3863 quales
893 3793 1193 3860 debemus,
1228 3809 1331 3848 nec
1355 3793 1544 3864 qualis
1590 3799 1679 3850 est
1729 3799 1833 3851 Pe-

185 3887 338 3937 trus.
371 3880 534 3946 Quod
567 3879 765 3952 utique
795 3881 1087 3954 agendum
1112 3885 1286 3949 esset,
1307 3883 1356 3937 si
1387 3883 1662 3954 cuiquam
1685 3900 1837 3939 com-

186 3969 603 4025 mendaremus
620 3969 1032 4042 nosmetipsos.
1066 3972 1206 4038 Quia
1234 3987 1378 4037 vero,
1411 3972 1563 4027 sicut
1584 3972 1665 4026 ait
1685 3974 1834 4044 Apo-

186 4057 393 4126 stolus,
424 4073 540 4114 non
579 4058 941 4130 praedicamus
977 4062 1350 4130 nosmetipsos,
1397 4059 1490 4115 sed
1535 4061 1835 4116 Dominum

181 4149 365 4203 Iesum
417 4163 514 4202 nos
562 4151 744 4202 autem
795 4163 972 4203 servos
1018 4164 1297 4203 servorum
1351 4149 1470 4219 ejus
1515 4164 1614 4220 per
1640 4153 1831 4207 Iesum

181 4236 256 4305 (II
283 4233 405 4290 Cor.
441 4236 516 4306 1v)
542 4253 555 4303 ;
587 4235 742 4290 nobis
769 4252 868 4306 pro
894 4237 1124 4292 minimo
1155 4241 1254 4304 est,
1285 4241 1344 4291 ut
1383 4254 1418 4291 a
1478 4239 1626 4293 vobis
1676 4239 1830 4310 judi-

178 4339 384 4390 cemur,
417 4328 514 4378 aut
537 4325 605 4379 ab
627 4325 866 4380 humano
885 4324 995 4392 die,
1028 4328 1297 4396 quoniam
1326 4327 1420 4396 qui
1465 4326 1682 4397 judicat
1709 4344 1827 4394 nos,

177 4412 444 4467 Dominus
498 4416 575 4468 est
630 4414 677 4484 (I
706 4412 950 4484 Cor.1v).
1009 4415 1189 4485 Neque
1242 4416 1392 4469 enim
1447 4419 1542 4487 qui
1590 4417 1831 4486 seipsum

1933 507 2130 556 tamen
2164 501 2420 555 retardat
2449 502 2645 557 timor.
2682 503 2815 566 Quae
2846 520 2978 558 cum
3023 503 3103 559 ita
3161 504 3298 572 sint,
3361 504 3580 561 nullius

1935 595 2129 645 tamen
2164 605 2264 644 vos
2286 589 2568 647 detractio
2599 593 2884 664 reprimit,
2926 593 3068 664 quin
3129 593 3435 665 diligenter
3490 594 3578 650 lac

1934 685 1990 735 et
2021 680 2213 735 lanam
2247 685 2317 740 ab
2349 683 2551 738 ovibus
2575 681 2818 753 exigatis
2844 700 2856 750 ;
2883 699 2986 737 nec
3002 682 3304 749 veremini,
3335 701 3406 739 ne
3425 683 3580 740 dica-

1936 775 2032 826 tur
2065 790 2175 827 non
2209 789 2336 829 esse
2367 790 2468 828 vos
2499 788 2666 844 pares
2699 770 2816 826 illis
2849 771 3315 834 antecessoribus
3375 773 3584 829 vestris

1939 863 2190 934 magnis.
2225 862 2340 916 Cur
2370 862 2500 926 hoc,
2530 859 2640 914 nisi
2674 860 2811 932 quia
2842 859 3178 931 quicunque
3231 861 3581 927 sacerdotes,

1936 949 2043 1003 etsi
2077 950 2340 1020 dispares
2372 952 2510 1004 sunt
2532 948 2759 1013 merito,
2786 963 2953 1018 pares
2973 952 3166 1003 tamen
3195 953 3332 1004 sunt
3353 950 3586 1006 ofﬁcio?

1936 1037 2050 1091 Nec
2081 1043 2270 1109 potest
2290 1036 2562 1109 denegari
2595 1053 2695 1107 pro
2729 1036 2936 1091 merito
2969 1038 3121 1108 quod
3157 1038 3401 1094 debetur
3456 1041 3582 1095 ofﬁ-

1937 1125 2044 1180 cio.
2077 1126 2349 1199 Alioquin
2375 1143 2488 1180 non
2522 1129 2697 1180 staret
2729 1125 3143 1186 sacerdotium,
3177 1126 3226 1180 si
3260 1130 3452 1198 majus
3484 1134 3586 1184 aut

1939 1215 2135 1270 minus
2174 1215 2357 1281 ﬁeret,
2393 1231 2493 1269 seu
2546 1213 2866 1268 variaretur
2921 1215 3243 1269 secundum
3296 1216 3582 1273 humano-

1939 1319 2069 1358 rum
2116 1303 2455 1358 varietatem
2511 1301 2875 1370 mcritorum,
2927 1308 3241 1374 essentque
3297 1322 3443 1376 pene
3503 1311 3587 1361 tot

1937 1393 2262 1449 sacerdotia
2292 1395 2433 1465 quot
2463 1390 2750 1447 homines.

2008 1482 2221 1537 XXXV.
2256 1484 2379 1546 Qua
2409 1482 2480 1536 de
2517 1498 2599 1546 re,
2633 1481 2860 1546 fratres,
2898 1479 3120 1536 utinam
3154 1497 3270 1536 non
3328 1484 3398 1538 ad
3424 1483 3586 1554 judi-

1939 1571 2095 1628 cium
2150 1577 2416 1627 nostrum
2471 1571 2759 1633 dicamus,
2821 1570 3075 1640 profecto
3135 1587 3343 1627 sumus
3395 1573 3589 1644 qualis

1939 1663 2165 1730 Petrus,
2198 1665 2254 1716 et
2286 1677 2401 1715 non
2433 1677 2644 1720 sumus
2701 1659 2892 1730 qualis
2949 1664 3178 1727 Petrus,
3239 1661 3377 1732 quia
3433 1662 3588 1718 idem

1941 1767 2147 1806 sumus
2165 1750 2377 1814 ofﬁcio,
2401 1753 2456 1803 et
2481 1766 2592 1803 non
2614 1749 2767 1803 idem
2793 1749 3020 1802 merito.
3037 1750 3105 1802 Et
3127 1749 3591 1824 quotiescunque

1943 1839 2031 1894 lac
2061 1843 2116 1894 et
2145 1838 2364 1905 lanam,
2387 1837 2606 1892 scilicet
2636 1836 2993 1908 stipendium
3016 1841 3071 1892 et
3087 1836 3589 1896 honoriﬁcentiam

1944 1929 2015 1983 ab
2046 1926 2251 1982 ovibus
2282 1926 2380 1981 Dei
2411 1926 2722 1998 exigimus,
2756 1925 2919 1979 nulla
2949 1925 3142 1981 meriti
3175 1926 3358 1981 nostri
3397 1929 3478 1982 ibi
3527 1930 3592 1984 ﬁt

1942 2015 2437 2082 commemoratio,
2472 2015 2570 2069 sed
2605 2013 2794 2070 ofﬁcio
2828 2018 3025 2069 nostro
3060 2015 3341 2085 quaeritur
3394 2016 3592 2072 debita

1942 2103 2422 2176 recompensatio.
2456 2105 2534 2157 Ac
2567 2102 2615 2156 si
2643 2101 2916 2157 meritum
2949 2102 3101 2157 Petri
3136 2120 3248 2158 non
3280 2103 3588 2175 habentes,

1942 2193 2198 2248 ofﬁcium
2231 2196 2428 2247 autem
2476 2191 2627 2246 Petri
2687 2195 3093 2262 exsequentes,
3150 2190 3339 2248 ofﬁcio
3390 2198 3588 2251 nostro

1942 2283 2168 2337 debitos
2225 2279 2589 2352 reposcimus
2658 2280 2929 2346 honores,
2987 2282 3263 2352 Apostolo
3322 2282 3586 2340 dicente:

1941 2371 2198 2439 Quandiu
2217 2371 2468 2424 minister
2482 2385 2598 2434 ero,
2623 2371 2739 2423 min
2749 2371 2999 2424 isterium
3013 2386 3193 2424 meum
3217 2370 3591 2442 honon'ﬁcabo

1941 2462 2112 2532 (Rom.
2150 2463 2230 2528 ιι).
2257 2459 2325 2513 Et
2355 2475 2721 2529 prmmonens
2772 2474 2907 2513 oves
2955 2458 3168 2514 Christi
3229 2460 3300 2514 ad
3359 2460 3587 2517 solven-

1939 2548 2080 2603 dum
2114 2546 2362 2619 singulis
2393 2546 2607 2613 debita,
2643 2547 2757 2600 ait:
2803 2545 3024 2602 Reddite
3083 2549 3340 2603 omnibus
3390 2548 3587 2619 debita,

1938 2639 2029 2692 cui
2057 2637 2334 2702 honorem,
2371 2636 2627 2691 honorem
2659 2636 2830 2705 (Rom.
2867 2635 3161 2706 vm).Non
3198 2637 3336 2708 quia
3367 2637 3588 2695 bonum

1939 2724 2718 2797 sitaccipientibus,sedquia
2731 2723 2952 2779 malum
2972 2724 3172 2780 sitnon
3187 2727 3586 2784 reddentibus.

1939 2815 2032 2871 Sic
2045 2832 2179 2886 ergo
2193 2818 2247 2869 et
2261 2813 2636 2869 beatissimus
2651 2813 3044 2886 praedecessor
3063 2817 3259 2870 noster
3277 2815 3588 2888 Gregorius

1939 2904 2077 2960 dicit
2102 2921 2113 2958 :
2139 2904 2319 2958 Nemo
2342 2920 2447 2958 nos
2470 2907 2707 2975 propter
2723 2919 2830 2958 nos
2853 2903 2908 2957 in
2935 2903 3059 2958 loco
3101 2904 3248 2959 Petri
3285 2905 3590 2978 despiciat,

1939 2993 2078 3065 quia
2109 3010 2177 3047 ex
2206 2991 2482 3048 cathedra
2511 2993 2658 3063 ejus,
2694 2993 2812 3059 cui,
2865 2997 3100 3048 auctore
3152 2993 3288 3062 Deo,
3352 2996 3591 3066 quales-

1945 3099 2174 3155 cunque
2204 3082 2608 3155 przesidemus,
2635 3080 2829 3136 debita
2860 3081 2970 3137 sibi
2993 3083 3132 3152 jura
3164 3087 3429 3140 nostrum
3463 3085 3588 3141 ofﬁ-

1946 3173 2102 3228 cium
2137 3171 2432 3227 reclamat.
2459 3171 2810 3242 Frequenter
2830 3170 2985 3226 enim
3011 3171 3159 3228 solet
3189 3173 3414 3229 evenire
3436 3176 3588 3247 quod

1946 3261 2220 3327 dicimus,
2253 3264 2319 3314 ut
2349 3276 2597 3332 persona
2629 3259 2686 3313 in
2719 3259 2829 3314 hoc
2859 3259 3078 3315 mundo
3122 3264 3327 3330 potens
3385 3262 3589 3336 despe-

1945 3354 2102 3405 ctum
2137 3365 2368 3404 servum
2400 3348 2630 3403 habeat.
2665 3348 2929 3418 Cumque
2974 3365 3076 3419 per
3130 3365 3264 3404 eum
3324 3351 3450 3406 suis
3501 3352 3588 3408 vel

1944 3437 2232 3494 extraneis
2264 3437 2460 3508 aliqua
2490 3437 2749 3506 mandat,
2784 3453 2898 3491 non
2951 3435 3286 3508 despicitur,
3342 3455 3592 3510 persona

1945 3527 2112 3584 missi
2170 3526 2339 3593 servi,
2400 3519 2651 3597 quia'in
2695 3525 2867 3579 corde
2942 3528 3205 3579 servatur
3270 3529 3592 3584 reverentia

1945 3613 2231 3669 mittentis
2263 3611 2502 3667 domini.
2547 3613 2768 3683 Ergone
2825 3611 3031 3666 saltem
3094 3614 3249 3682 quod
3309 3614 3591 3672 Dominus

1944 3701 2234 3758 concessit
2265 3700 2572 3754 Pharisais
2603 3704 2660 3756 et
2706 3698 2923 3754 Scribis
2985 3701 3322 3757 sedentibus
3381 3703 3439 3757 in
3491 3721 3590 3759 ca-

1943 3791 2151 3846 thedra
2221 3789 2460 3861 Moysis,
2543 3804 2744 3844 servus
2803 3789 3112 3860 denegabit
3167 3790 3586 3861 qualibuscum-

1945 3897 2056 3951 que
2087 3879 2380 3934 conservis
2410 3877 2536 3932 suis
2566 3877 2624 3931 in
2658 3876 2934 3932 cathedra
2966 3877 3114 3932 Petri
3141 3878 3168 3933 ?
3197 3880 3376 3951 Super
3407 3883 3587 3937 cathe-

1943 3969 2119 4034 dram,
2146 3967 2358 4039 inquit,
2391 3967 2586 4038 Moysis
2615 3965 2873 4021 sederunt
2917 3961 3125 4022 Scriba:
3179 3973 3231 4022 et
3290 3969 3586 4026 Pharisaei.

1944 4059 2140 4114 Omnia
2168 4073 2292 4127 ergo
2323 4071 2658 4127 qucecunque
2684 4055 2930 4110 dixerint
2961 4056 3113 4112 vobis
3142 4062 3354 4113 servate
3397 4063 3447 4113 et
3501 4062 3588 4130 fa-

1941 4150 2042 4205 cite
2073 4146 2279 4217 (Matth.
2314 4146 2496 4216 χχιιι).
2529 4147 2614 4200 Ita
2646 4146 2799 4217 quod
2835 4145 2983 4200 male
3014 4146 3286 4214 vivimus,
3319 4153 3586 4205 nostrum

1942 4240 2064 4292 est:
2100 4236 2252 4307 quod
2281 4218 2414 4290 vero
2446 4235 2598 4289 bona
2630 4233 2903 4300 dicimus,
2938 4234 3248 4303 cathedrae,
3279 4239 3450 4309 cujus
3491 4255 3591 4293 oc—

1941 4325 2173 4380 casione
2203 4339 2440 4379 necesse
2474 4323 2760 4379 habemus
2818 4329 2975 4379 recta
3031 4325 3363 4396 praedicare.
3429 4326 3592 4382 Unde

1940 4414 2081 4469 dicit
2109 4412 2205 4467 ille
2227 4411 2748 4468 exercitatissimus
2784 4412 3034 4468 Paulus:
3070 4416 3207 4470 Dum
3237 4415 3590 4481 omnimodis,

172 4500 535 4568 commendat,
569 4501 669 4555 ille
690 4501 950 4572 probatus
969 4509 1066 4568 est,
1126 4501 1218 4556 sed
1274 4518 1433 4572 quem
1483 4503 1623 4557 Deus
1678 4519 1824 4558 com-
1855 4520 1902 4583 D
1930 4505 2048 4559 sive
2071 4503 2371 4570 occasione,
2405 4503 2518 4556 sive
2547 4501 2759 4556 invidia
2801 4503 3046 4557 Christus
3092 4508 3480 4571 annuntietur,
3540 4513 3592 4561 et

169 4588 394 4644 mendat
424 4588 501 4659 (II
529 4589 649 4645 Cor.
682 4593 759 4658 Χ).
790 4589 858 4644 Et
886 4589 1218 4661 repellendo
1249 4590 1627 4646 temerarium
1658 4591 1824 4660 judi-

175 4675 357 4744 cium,
391 4677 533 4732 dicit
562 4677 739 4733 alibi:
775 4679 848 4733 Tu
881 4680 1005 4750 quis
1031 4695 1107 4744 es,
1168 4680 1268 4750 qui
1304 4681 1523 4750 judicas
1577 4680 1826 4735 alienum

169 4769 430 4821 servum?
457 4765 566 4821 Suo
598 4768 814 4823 domino
833 4770 938 4823 stat
965 4775 1061 4822 aut
1087 4768 1268 4833 cadit;
1298 4772 1491 4838 potens
1549 4773 1629 4823 est
1675 4770 1826 4823 enim

168 4856 311 4911 Deus
345 4855 514 4910 illum
536 4863 772 4912 statuere
801 4856 974 4928 (Rom.
1002 4858 1140 4928 x1v).

246 4942 491 5000 XXXIV.
552 4945 770 5016 Nempe
826 4950 882 5002 et
931 4963 1054 5013 vos,
1123 4945 1257 5001 licet
1317 4945 1824 5018 quamplurimum

167 5031 473 5097 tumentis,
507 5034 775 5104 quamvis
807 5034 878 5089 de
909 5035 1072 5090 vobis
1103 5035 1258 5089 ultra
1285 5035 1526 5089 modum
1560 5035 1680 5090 alta
1701 5053 1827 5090 sen-

165 5120 353 5188 tiatis,
387 5137 504 5175 non
537 5122 831 5178 credimus
859 5127 1075 5191 tamen,
1111 5123 1266 5194 quod
1297 5123 1486 5180 dicere
1536 5124 1820 5194 audeatis,

164 5226 271 5265 vos
301 5225 434 5266 esse
452 5209 654 5282 quales
673 5211 917 5278 debetis,
938 5215 1038 5266 aut
1066 5211 1260 5283 qualis
1280 5211 1622 5280 Alexander,
1645 5213 1824 5268 Joan-

161 5315 272 5355 nes
303 5297 782 5369 Chrysostomus,
804 5299 892 5354 vel
953 5299 1261 5355 Flavianus
1322 5300 1448 5368 fuit,
1511 5299 1663 5355 sicut
1721 5318 1827 5357 nec

158 5387 572 5444 Antiochenus
599 5403 660 5443 se
689 5387 890 5456 talem,
920 5388 1112 5460 qualis
1143 5387 1364 5444 exstitit
1412 5388 1536 5460 ipse
1599 5389 1825 5458 Petrus,

156 5493 268 5533 nec
298 5475 736 5533 Alexandrinus
768 5493 969 5548 parem
1003 5495 1065 5532 se
1109 5479 1302 5534 Marco
1361 5476 1446 5532 vel
1505 5477 1826 5534 Athanasio

153 5565 429 5639 proﬁteri
456 5569 546 5623 est
575 5581 778 5634 ausus,
812 5566 950 5638 quia
970 5567 1095 5626 sine
1142 5566 1551 5631 retractatione
1610 5584 1644 5624 a
1705 5567 1827 5622 suis

1935 4594 1991 4647 in
2055 4591 2152 4646 hoc
2207 4590 2436 4660 gaudeo,
2493 4593 2583 4644 sed
2637 4595 2688 4646 et
2746 4592 2988 4660 gaudebo
3038 4592 3267 4664 (Philip.
3332 4595 3415 4663 ιι).
3449 4594 3589 4648 Ecce

1932 4677 2244 4753 Apostolus
2275 4679 2360 4734 sic
2389 4678 2751 4733 necessarios
2783 4679 2940 4733 ducit
2971 4678 3332 4749 hujusmodi,
3356 4683 3420 4734 ut
3445 4696 3586 4751 gau-

1933 4769 2068 4824 deat
2100 4784 2278 4839 super
2305 4767 2426 4833 eis;
2463 4770 2518 4821 et
2547 4783 2649 4821 vos
2680 4766 2778 4838 qui
2809 4767 2974 4832 estis,
2998 4767 3105 4837 ‘qui
3170 4767 3587 4839 negligentiam

1933 4873 2134 4912 eorum
2167 4856 2238 4910 ad
2272 4854 2551 4926 injuriam
2575 4854 2904 4927 apostolica:
2939 4854 3230 4910 cathedra:
3287 4860 3584 4926 retorque-

1932 4945 2046 5000 tis‘?
2068 4946 2184 4999 Nos
2210 4944 2366 4998 enim
2391 4943 2533 5014 quid
2559 4944 2805 4999 sumus?
2825 4945 2939 4999 Nec
2956 4947 3158 4998 contra
3179 4961 3286 5000 nos
3315 4948 3404 4999 est
3427 4960 3587 5000 mur-

1938 5050 2068 5088 mur
2099 5037 2379 5098 vestrum,
2415 5032 2514 5086 sed
2548 5039 2752 5086 contra
2780 5033 3115 5099 Dominum,
3151 5033 3321 5104 cujus
3351 5033 3585 5088 ordina-

1938 5121 2082 5176 tioni
2139 5119 2485 5187 resistendo,
2545 5120 2982 5176 damnationem
3036 5121 3198 5176 vobis
3259 5121 3586 5193 acquiritis,

1929 5227 2072 5266 cum
2098 5212 2299 5264 nostra
2331 5211 2610 5280 potestas,
2644 5208 2798 5262 sicut
2823 5214 2878 5264 et
2910 5210 3122 5279 omnis,
3165 5229 3197 5265 a
3255 5210 3414 5267 nullo
3474 5211 3588 5268 alio

1939 5299 2053 5354 nisi
2089 5300 2160 5354 ab
2192 5297 2320 5368 ipso
2355 5297 2448 5352 sit.
2476 5296 2787 5351 Sciendum
2821 5300 2910 5352 est
2966 5299 3105 5368 quia
3161 5299 3307 5354 falsa
3355 5300 3591 5372 justitia

1937 5386 2433 5458 dedignationem,
2469 5402 2602 5440 vera
2633 5388 2828 5440 autem
2861 5386 3332 5456 compassionem
3380 5389 3580 5446 habet.

1936 5479 2060 5542 Qua
2081 5475 2281 5545 utique
2294 5475 2626 5546 privamini,
2643 5473 3002 5539 insultando,
3020 5490 3132 5528 non
3153 5480 3587 5548 compatiendo;

1939 5563 2141 5620 alienae
2203 5562 2544 5621 calamitati.
2604 5563 2674 5619 Et
2744 5562 2891 5620 forte
2964 5563 3284 5636 approbare
3336 5569 3592 5653 nequiti8
