3974 6206
230 278 374 370 im

1232 298 1641 366 EPISTOLIE
1679 286 1783 366 ET
1823 299 2188 367 DECRETA
2235 295 2695 367 mmmam.

3544 284 3665 373 ’τ’-ιδ

240 423 578 508 dubitastis
608 428 878 509 dirigere.
907 426 1065 493 Inter
1091 432 1213 490 haec
1244 433 1554 523 dirigimus
1580 437 1790 494 vestris
1821 453 1907 492 ca—
1934 437 1991 510 Α
2018 440 2108 494 tas
2136 454 2401 506 suorum,
2432 439 2589 510 quod
2607 438 2844 496 tandem
2865 455 2971 513 per
2994 443 3072 513 te,
3097 412 3441 499 charissima
3462 443 3659 512 frater,

254 522 663 586 villationibus
690 523 1047 598 refragantia
1074 524 1499 582 venerabilium
1523 525 1760 583 Patrum
1798 542 1907 582 no-

257 608 516 674 strorum
547 612 747 686 aliqua
777 628 955 685 super
983 611 1078 669 his
1110 612 1327 686 scripta
1357 632 1370 683 ;
1403 613 1633 688 deinde,
1667 618 1732 670 ut
1749 615 1905 683 Deus

255 702 591 778 inspirabit,
625 705 830 761 nostra
856 700 1165 772 rescripta,
1196 706 1485 773 quatenus
1506 698 1909 776 multipliciter

252 798 449 852 vestra
475 791 865 849 refundantur
894 794 951 847 et
963 792 1113 846 retro
1135 789 1400 847 ferantur
1409 792 1631 865 jacula,
1653 796 1710 850 et
1729 808 1906 868 quem

255 899 373 940 non
400 880 580 947 vultis
611 880 845 936 feriant.
878 878 1028 935 Nam
1058 878 1109 935 si
1139 895 1241 935 vos
1274 896 1387 937 non
1420 879 1786 951 erubescitis,
1802 898 1907 938 nec

252 971 477 1039 timetis
508 970 580 1027 de
608 966 987 1042 loquacitate,
1018 983 1126 1026 nos
1150 985 1265 1024 non
1296 971 1525 1025 tantum
1544 969 1905 1038 erubescere,

255 1065 547 1134 quantum
574 1058 784 1116 timere
815 1056 1101 1113 debemus
1126 1057 1197 1113 de
1221 1056 1642 1130 taciturnitate,
1667 1058 1806 1132 quia
1835 1059 1907 1116 de

256 1155 464 1208 nostra
491 1147 814 1206 multorum
842 1145 1100 1221 pendent
1128 1145 1357 1220 animae,
1390 1164 1518 1220 quae
1572 1147 1739 1204 falsis
1797 1146 1907 1204 fra-

256 1239 452 1296 tribus
481 1234 980 1295 calumniantibus
1008 1238 1065 1293 et
1089 1235 1260 1293 nobis
1291 1236 1642 1309 tacentibus,
1689 1236 1910 1293 habent

258 1344 469 1402 perire.

328 1416 461 1472 XLI.
497 1416 616 1472 Ista
634 1418 834 1471 autem
861 1412 1029 1473 vobis
1071 1417 1316 1487 paterna
1363 1412 1599 1487 pietate,
1659 1432 1725 1471 ac
1782 1431 1909 1491 ger-

257 1522 436 1571 mana
464 1503 775 1562 dilectione
829 1501 1064 1558 interim
1111 1500 1514 1574 rescribimus,
1573 1502 1631 1559 in
1690 1500 1909 1577 quibus

257 1595 403 1653 satis
415 1595 744 1652 declinasse
765 1608 871 1648 nos
894 1590 1211 1661 credimus,
1237 1608 1308 1647 ne
1327 1591 1386 1648 in
1412 1591 1556 1648 illud
1578 1591 1908 1649 Salomonis

259 1684 695 1741 incideremus:
726 1683 849 1740 Noli
877 1679 1199 1756 respondere
1225 1681 1388 1737 stulto
1407 1681 1576 1755 juxta
1611 1681 1910 1738 stultitiam

259 1791 443 1842 suam,
472 1789 542 1829 ne
570 1772 830 1846 efficiaris
882 1770 973 1826 illi
1011 1769 1226 1870 similis
1271 1772 1459 1869 (.Prov.
1491 1773 1667 1873 xxvi).
1690 1770 1905 1828 Verum
1940 1807 1987 1873 Β

263 1861 315 1920 si
346 1879 464 1918 non
498 1859 879 1933 resipueritis,
915 1855 1295 1931 experiamini
1350 1860 1506 1933 quod
1562 1858 1719 1923 idem
1777 1876 1913 1916 mox

259 1955 500 2009 secutus
530 1951 648 2007 ait:
683 1947 951 2023 Responde
974 1947 1147 2005 stulto
1170 1947 1342 2019 juxta
1388 1950 1681 2005 stultitiam
1727 1965 1908 2016 suam,

262 2057 333 2096 ne
357 2039 469 2101 sibi
485 2042 705 2116 sapiens
724 2054 837 2095 esse
861 2034 1326 2110 videatur(lbid.).
1356 2037 1425 2094 Et
1451 2036 1598 2094 illud
1627 2037 1908 2112 Apostoli:

262 2118 590 2197 Hareticum
622 2128 897 2185 hominem
923 2131 1042 2201 post
1090 2144 1263 2183 unam
1286 2131 1337 2183 et
1390 2127 1686 2184 secundum
1740 2144 1914 2185 corre-

258 2220 502 2291 ptionem
528 2212 752 2287 devita;
778 2219 1069 2276 subversas
1095 2225 1175 2275 est
1200 2218 1350 2291 enim
1379 2218 1479 2290 qui
1503 2215 1773 2285 eiusmodi
1810 2221 1910 2287 est,

263 2312 315 2363 et
343 2308 637 2382 delinquit,
661 2308 888 2379 proprio
935 2308 1151 2381 judicio
1197 2305 1591 2363 condemnatus
1650 2306 1773 2379 (Tit.
1800 2305 1910 2380 in).

264 2395 340 2451 Et
368 2396 620 2452 cavendo
650 2395 1023 2461 interdictum
1051 2395 1263 2469 veteris
1290 2395 1438 2470 legis
1466 2394 1915 2469 typicum,dein-

262 2498 404 2558 ceps
436 2501 553 2540 non
575 2500 892 2557 coquemus
911 2485 1148 2542 haedum
1164 2484 1223 2540 in
1242 2484 1388 2541 lacte
1410 2483 1785 2557 matrissuae;
1811 2485 1913 2540 sed

259 2570 672 2657 impetiginem
710 2574 837 2647 ejus
867 2574 924 2630 et
971 2574 1225 2631 scabiem
1256 2572 1601 2628 fricabimus
1629 2571 1917 2641 instanter

255 2650 522 2721 mordaci
555 2665 714 2719 aceto
746 2666 804 2718 et
831 2662 1017 2719 multo
1050 2662 1169 2719 sale
1202 2680 1216 2730 ;
1249 2661 1390 2735 quia
1422 2677 1557 2717 cum
1588 2659 1786 2718 dolore
1811 2661 1914 2718 ab-

254 2744 587 2810 scindenda
616 2756 757 2809 sunt
784 2768 911 2825 quae
939 2750 1056 2808 leni
1109 2768 1290 2807 manu
1350 2748 1576 2824 palpari
1605 2755 1662 2806 et
1719 2750 1915 2808 sanari

253 2856 381 2896 non
398 2844 668 2917 possunt,
700 2844 765 2896 ut
785 2840 1072 2897 Dominus
1094 2840 1391 2910 admonet,
1409 2837 1611 2896 dicens
1635 2855 1647 2894 :
1689 2839 1751 2895 Si
1794 2857 1913 2896 ma-

248 2946 365 2986 nus
381 2933 498 2999 tua,
526 2929 610 2986 vel
621 2931 713 3003 pel
735 2938 862 2986 tuus
890 2929 1230 3002 scandalizat
1248 2932 1318 2999 te,
1370 2929 1631 2985 abscinde
1684 2945 1810 2993 eum
1857 2934 1909 2986 et

238 3006 472 3093 projice
493 3018 589 3074 abs
608 3021 761 3076 te.Et
780 3021 830 3093 si
849 3020 1035 3089 oculus
1054 3021 1184 3074 tuus
1202 3018 1545 3074 scandalizat
1565 3027 1770 3086 te,erue
1788 3036 1916 3075 eum

246 3108 473 3182 (Matth.
495 3110 679 3178 xvnI).
730 3108 842 3165 Sed
899 3108 1195 3164 miseratio
1245 3106 1344 3163 Dei
1399 3107 1733 3181 praecedens
1790 3107 1912 3164 haec

2012 526 2240 583 videtur
2259 528 2591 585 reﬂoruisse
2621 534 2833 587 sanctae
2860 530 3235 588 Antiochense
3256 531 3523 590 Ecclesia
3544 538 3663 590 stu-

2016 614 2201 683 dium,
2234 620 2290 671 et
2321 616 2536 672 sentire
2568 619 2723 690 quod
2756 621 2847 674 est
2876 620 3273 678 sentiendum.
3305 623 3368 678 In
3386 624 3486 678 hoc
3513 625 3664 681 enim

2014 708 2327 773 cognoscent
2356 720 2563 775 omnes,
2593 723 2721 777 quia
2753 707 2960 764 Christi
2984 726 3172 766 sumus
3212 712 3479 783 discipuli
3537 712 3661 784 (qui

2015 791 2274 863 primum
2306 792 2365 847 in
2396 792 2525 865 ipsa
2552 811 2768 869 magna
2785 797 3090 855 Antiochia
3119 800 3403 856 nominati
3429 802 3664 858 fuerunt

2016 879 2384 951 Christiani),
2442 884 2494 937 si
2520 883 2868 940 dilectionem
2925 886 3281 947 habuerimus
3310 889 3666 946 adinvincem

2014 969 2195 1041 (Joan.
2228 971 2353 1043 χιι),
2386 975 2439 1026 et
2489 972 2728 1043 idipsum
2756 973 3063 1032 dixerimus
3078 993 3284 1045 omnes,
3314 982 3368 1035 et
3396 995 3509 1034 non
3534 980 3663 1050 fue-

2014 1059 2131 1112 rint
2160 1060 2219 1112 in
2233 1058 2388 1115 nobis
2417 1059 2680 1117 shismata
2710 1080 2728 1115 :
2759 1065 2812 1118 si
2831 1064 3102 1133 fuerimus
3133 1068 3361 1138 perfecti
3389 1069 3451 1123 in
3476 1068 3663 1124 eodem

2014 1161 2195 1214 sensu,
2227 1150 2278 1200 et
2335 1148 2394 1200 in
2433 1147 2620 1203 eadem
2665 1151 2897 1206 scientia
2952 1151 3096 1222 (Cor.
3157 1154 3217 1223 1).
3261 1153 3459 1227 Neque
3503 1154 3662 1211 enim

2016 1233 2193 1303 Deus,
2225 1235 2324 1306 qui
2356 1252 2513 1292 unus
2544 1241 2653 1304 est,
2685 1237 2744 1292 in
2776 1238 3052 1295 scissuris
3083 1241 3395 1309 mentium,
3453 1244 3553 1300 sed
3601 1243 3662 1300 in

2017 1322 2141 1379 sola
2164 1323 2387 1380 unitate
2412 1328 2469 1379 et
2484 1342 2632 1397 puro
2655 1328 2825 1382 corde
2849 1328 3095 1394 habitat,
3113 1334 3169 1384 et
3216 1330 3478 1387 habitare
3527 1332 3665 1389 facit

2018 1410 2327 1468 unanimes
2348 1412 2407 1467 in
2424 1413 2903 1487 domo.A1ioquin
2925 1417 3136 1474 domus
3157 1435 3507 1490 exasperans
3529 1421 3662 1487 erit,

2018 1517 2123 1556 nec
2135 1501 2263 1573 jam
2285 1501 2464 1574 digna
2483 1502 2672 1559 vocari
2695 1503 2949 1560 Ecclesia
2966 1504 3088 1571 Dei,
3105 1507 3207 1562 sed
3231 1524 3527 1582 synagoga
3547 1525 3667 1565 ma-

2021 1589 2366 1662 ligni.Porro
2390 1590 2543 1646 sicut
2567 1591 2972 1649 calamitosum
2995 1595 3371 1663 est,siunitas
3396 1597 3668 1655 deestbo«

2018 1676 2109 1733 nis
2134 1695 2146 1746 ;
2173 1678 2257 1733 ita
2274 1678 2695 1752 perniciosum,
2725 1681 2774 1737 si
2807 1682 2963 1737 adsit
2981 1683 3178 1739 malis.
3231 1685 3395 1750 Quod
3442 1685 3570 1758 ipse
3599 1703 3670 1745 ex

2018 1766 2258 1839 specula
2270 1772 2483 1823 sanctae
2503 1767 2662 1825 illius
2679 1768 3069 1839 Ecciesiaa,cui
3089 1773 3303 1830 videris
3324 1774 3669 1848 designatus

2018 1855 2301 1912 divinitus
2346 1856 2699 1930 speculator,
2745 1861 3017 1931 prudenti
3066 1861 3233 1919 oculo
3284 1862 3666 1922 considerans

2020 1946 2445 2021 promotionem
2464 1951 2627 2003 tuam
2653 1948 2724 2004 ad
2749 1947 3075 2022 episcopale
3109 1950 3409 2024 fastigium
3430 1951 3666 2010 electio-

2021 2052 2094 2091 ne
2117 2034 2255 2092 cleri
2275 2039 2331 2092 et
2350 2035 2570 2109 populi,
2588 2036 2741 2094 sicut
2761 2038 2996 2107 asseris,
3027 2041 3262 2109 factam,
3285 2045 3464 2114 atque
3486 2042 3666 2100 ﬁdem

2019 2130 2208 2194 tuam,
2243 2126 2570 2183 secundum
2585 2126 2839 2200 antiquae
2861 2129 3301 2186 consuetudinis
3320 2129 3666 2204 religiosum

2021 2218 2080 2273 et
2100 2213 2264 2271 valde
2288 2215 2684 2272 necessarium
2707 2217 2990 2287 studium,
3014 2217 3343 2290 apostolicae
3367 2223 3424 2277 et
3464 2220 3666 2292 prima

2023 2301 2412 2371 sedi,cui,Deo
2435 2308 2691 2373 auctore,
2716 2306 2987 2376 quamvis
3008 2306 3234 2379 indigni
3256 2308 3666 2380 praesidemus,

2024 2392 2370 2457 annuntiare
2394 2396 2449 2449 et
2467 2392 2752 2465 exponere
2768 2397 3008 2452 curasti.
3036 2397 3097 2450 In
3119 2412 3235 2468 quo
3258 2396 3408 2452 facto
3444 2398 3670 2454 noverit

2022 2484 2124 2537 tua
2143 2480 2375 2538 dilectio
2401 2498 2508 2538 nos
2553 2481 2875 2555 plurimum
2920 2489 3210 2541 recreatos
3266 2489 3323 2540 et
3346 2485 3576 2559 gavisos
3604 2486 3668 2543 in

2023 2568 2268 2625 Domino
2293 2587 2305 2639 ;
2337 2570 2496 2643 quia,
2521 2571 2676 2643 quod
2693 2570 2945 2627 maxime
2972 2574 3297 2645 oportebat,
3321 2574 3428 2630 tibi
3458 2579 3518 2632 et
3559 2575 3668 2632 Ec-

2024 2656 2212 2713 clesiae
2234 2659 2326 2713 cui
2350 2659 2751 2731 temporaliter
2767 2660 3045 2733 praesides
3067 2678 3181 2719 non
3205 2662 3491 2719 distulisti
3541 2664 3667 2721 efﬁ-

2023 2762 2172 2802 cere.
2224 2745 2523 2818 Siquidem
2556 2748 2628 2804 ab
2684 2749 3005 2822 apostolica
3060 2754 3163 2807 tua
3218 2752 3355 2808 sede
3405 2755 3668 2810 nostram

2023 2834 2401 2917 apostolicam
2424 2837 2621 2893 sedem
2652 2837 3031 2909 consulendo,
3062 2841 3484 2912 perpendimus
3506 2846 3669 2899 tuam

2024 2922 2393 2981 dilectionem
2421 2925 2574 2982 nolle
2604 2927 2833 2983 deviare
2868 2944 2902 2985 a
2931 2928 3233 2986 Dominico
3288 2935 3347 2987 et
3401 2932 3669 2989 omnium

2023 3020 2356 3075 sanctorum
2391 3019 2630 3071 Patrum
2664 3015 2938 3073 concordi
2968 3019 3219 3086 decreto,
3254 3036 3371 3091 quo
3426 3019 3669 3078 inviola-

2022 3101 2215 3158 biliter
2235 3104 2462 3160 cunctis
2493 3104 2551 3159 in
2583 3108 2702 3161 toto
2732 3105 2870 3163 orbe
2909 3109 3198 3164 terrarum
3230 3107 3671 3176 Ecclesiis,san-

246 3176 468 3254 nostra
496 3176 671 3273 dicta,
703 3201 903 3271 parcet
932 3201 989 3253 et
1018 3196 1187 3255 nobis
1217 3200 1274 3254 et
1299 3176 1486 3268 vobis,
1519 3200 1587 3259 ut
1636 3197 1910 3270 deinceps
1942 3176 1984 3243 C
2024 3195 2117 3247 cta
2147 3192 2408 3248 Romana
2439 3196 2496 3248 et
2525 3192 2847 3266 apostolica
2876 3196 3045 3252 sedes
3074 3201 3250 3268 caput
3288 3198 3670 3269 preponitur,

245 3304 381 3345 non
413 3286 492 3344 sit
518 3301 755 3343 necesse
781 3287 934 3342 circa
965 3285 1316 3362 quaestiones
1347 3289 1404 3342 et
1432 3302 1663 3361 pugnas
1709 3285 1913 3343 verbo-

196 3442 203 3452 ,
241 3394 392 3433 rum
418 3376 818 3455 occupari,sed
852 3391 920 3432 ex
947 3374 1160 3433 divinis
1180 3375 1413 3449 paginis
1439 3379 1701 3434 nostram
1724 3374 1781 3431 in
1805 3376 1914 3433 hoc

242 3466 482 3522 mundo
514 3465 1044 3538 peregrinationem
1083 3454 1332 3521 invicem
1367 3463 1680 3532 consolari,
1726 3468 1783 3522 et
1814 3482 1912 3538 pa-

246 3555 430 3613 ciﬁca
452 3553 771 3622 adhortari,
790 3558 857 3610 ut
876 3552 1191 3629 Psalmista
1216 3552 1373 3613 canit
1396 3571 1409 3610 :
1435 3554 1557 3610 Pax
1583 3554 1761 3611 multa
1788 3554 1917 3610 dili-

242 3644 520 3718 gentibus
550 3643 721 3713 legem
748 3649 919 3712 tuam,
953 3643 1201 3713 Domine,
1250 3650 1303 3701 et
1331 3657 1442 3699 non
1485 3645 1566 3698 est
1593 3641 1710 3698 illis
1754 3659 1914 3699 scan-

241 3731 460 3807 dalum
490 3731 656 3804 (Psal.
691 3732 905 3804 cxvm).
940 3730 1103 3797 Quod
1133 3747 1268 3789 vero
1297 3730 1555 3789 charitas
1603 3734 1661 3787 et
1718 3732 1945 3788 unitas'

241 3823 519 3879 fratrum
548 3820 676 3893 ipsa
697 3821 773 3877 sit
800 3820 890 3877 lex
918 3819 1040 3891 Dei,
1074 3820 1329 3876 ostendit
1363 3817 1510 3875 illud
1566 3819 1861 3894 Evangelii
1895 3838 1909 3877 :

241 3912 369 3967 H'oc
395 3912 473 3966 est
494 3917 833 3983 praeceptum
858 3926 1062 3979 meum,
1094 3912 1154 3965 ut
1177 3906 1428 3980 diligatis
1459 3909 1694 3979 invicem
1732 3910 1909 3982 (loan.

246 4000 411 4076 xm),
444 4001 629 4066 Quam
679 4016 786 4056 nos
844 3999 1133 4057 sinceram
1172 3998 1268 4055 hic
1320 4014 1680 4069 conservare,
1740 4002 1797 4055 et
1850 3998 1911 4055 in

252 4091 462 4147 futuro
493 4088 620 4145 sine
651 4088 767 4145 ﬁne
793 4088 1006 4161 ipsam,
1047 4104 1175 4162 qua:
1203 4087 1360 4147 Deus
1417 4090 1526 4156 est,
1561 4087 1908 4164 perspicere,

251 4178 507 4253 quivult
533 4194 720 4236 omnes
739 4177 989 4235 homines
1017 4178 1198 4237 salvos
1225 4178 1369 4248 ﬁeri,
1430 4180 1484 4235 et
1539 4177 1611 4235 ad
1665 4178 1910 4247 agnitio-

249 4286 389 4334 nem
407 4270 655 4326 veritatis
683 4270 870 4325 venire
896 4268 941 4341 (I
973 4267 1103 4326 Tim.
1139 4267 1222 4339 11)’,
1266 4267 1542 4340 dignetur
1597 4267 1910 4325 concedere

249 4362 466 4415 Amen.

1035 4445 1101 4507 CI

2026 3278 2097 3337 ad
2120 3298 2299 3353 quam
2321 3282 2574 3354 majores
2595 3288 2653 3338 et
2667 3282 3028 3340 difﬁciliores
3039 3301 3227 3340 causa
3250 3286 3518 3343 omnium
3566 3288 3667 3344 Ec-

2024 3369 2334 3426 clesiarum
2352 3370 2693 3428 deﬁnienda:
2724 3370 3166 3431 referantur.Sic
3183 3375 3380 3431 omnia
3394 3391 3672 3432 veneran-

2030 3458 2104 3514 da
2126 3457 2393 3523 concilia,
2418 3458 2503 3515 sic
2527 3458 2683 3532 leges
2706 3459 2976 3516 humana:
2996 3462 3391 3534 promulgant,
3432 3465 3517 3519 sic
3545 3464 3672 3535 ipse

2024 3547 2274 3603 Sanctus
2295 3551 2654 3618 sanctorum,
2686 3549 2805 3604 Rex
2825 3565 3029 3621 regum
3078 3556 3136 3606 et
3174 3550 3461 3608 Dominus
3481 3553 3672 3609 domi-

2023 3636 2292 3693 nantium
2315 3637 2624 3693 conﬁrmat
2648 3655 2661 3705 ;
2684 3641 2976 3709 quatenus
2997 3638 3074 3694 ibi
3099 3638 3441 3712 principalis
3482 3641 3673 3714 digni-

2022 3725 2161 3781 tatis
2191 3729 2247 3781 et
2275 3725 2456 3781 totius
2494 3726 2903 3783 ecclesiastica:
2948 3726 3268 3801 disciplinae
3318 3730 3671 3788 venerabilis

2022 3830 2167 3887 apex
2187 3813 2530 3887 praefulgent
2548 3818 2604 3870 et
2622 3814 2934 3889 praecellat,
2961 3816 3061 3872 ubi
3084 3817 3209 3889 ipse
3254 3822 3450 3876 vertex
3493 3824 3671 3892 atque

2020 3904 2194 3960 cardo
2215 3902 2615 3976 apostolorum
2635 3905 2841 3961 Petrus
2861 3905 3054 3963 carnis
3074 3923 3194 3962 suae
3218 3906 3448 3964 beatam
3468 3925 3672 3965 resur-

2022 3992 2338 4049 rectionem
2358 3992 2420 4047 in
2445 3992 2764 4049 novissimo
2781 3994 2875 4050 die
2894 3996 3475 4067 expectat.Nimirum
3498 3997 3661 4056 solus

2020 4086 2109 4137 est
2129 4080 2227 4137 ille
2246 4099 2350 4155 pro
2372 4099 2511 4155 quo,
2536 4100 2607 4139 ne
2630 4083 2902 4140 deﬁceret
2932 4084 3060 4156 ejus
3081 4084 3247 4153 ﬁdes,
3284 4086 3571 4143 Dominus
3615 4092 3674 4144 et

2020 4170 2285 4227 Salvator
2299 4171 2510 4228 asserit
2521 4188 2584 4228 se
2598 4173 3061 4246 rogasse,dicens
3077 4192 3090 4230 :
3104 4175 3289 4232 Simon
3299 4176 3530 4246 ,Simon,
3556 4192 3675 4234 ecce

2018 4260 2250 4316 Satanas
2264 4262 2527 4333 expetivit
2546 4277 2656 4329 vos,
2680 4266 2742 4316 ut
2784 4262 3055 4320 cribraret
3071 4265 3213 4320 sicut
3261 4266 3547 4333 triticum;
3578 4281 3672 4337 ego

2017 4351 2202 4406 autem
2228 4352 2423 4420 rogavi
2436 4344 2535 4422 ῥνο
2566 4359 2636 4422 te,
2659 4360 2720 4407 ut
2744 4367 2857 4408 non
2894 4352 3114 4423 deﬁciat
3166 4353 3298 4425 ﬁdes
3344 4363 3462 4410 tua.
3493 4355 3559 4409 Et
3613 4358 3675 4409 tu

2016 4438 2317 4511 aliquando
2344 4456 2768 4508 conversus,con
2778 4442 2934 4509 ﬁrma
2954 4444 3157 4513 fratres
3180 4452 3299 4500 tuos
3322 4444 3479 4505 (Luc.
3503 4444 3671 4515 xxii).

250 4538 313 4614 ετ
346 4538 547 4599 Leonis
577 4535 809 4614 ep_istola
854 4534 926 4614 ad
981 4489 1210 4614 patrum
1257 4535 1570 4614 episcopum
1615 4534 1908 4614 Antioche-
1939 4548 1986 4614 Β
2556 4532 2614 4585 et
2642 4489 2850 4587 efﬁcax
2881 4489 3068 4587 oratio
3087 4489 3537 4604 obtinuituq'uod
3568 4489 3672 4589 ho:-

302 4610 484 4690 'num.
504 4604 940 4690 ‘—:Gratulatur
959 4606 1031 4690 de
1048 4608 1164 4690 eius
1185 4604 1318 4690 ergit
1345 4604 1523 4690 sedem
1558 4607 1908 4690 apostolicam

2022 4622 2227 4675 etenus
2255 4618 2399 4675 ﬁdes
2429 4618 2582 4675 Petri
2609 4635 2722 4674 non
2755 4618 2986 4690 defecit,
3021 4637 3125 4676 nec
3148 4621 3442 4678 defectura
3479 4620 3670 4677 credi-

326 4680 699 4737 observantia.
733 4679 1032 4749 Conﬁrmat
1051 4676 1167 4749 eius
1195 4676 1615 4746 ordinationem,
1646 4679 1696 4733 si
1720 4693 1911 4734 secun-

323 4752 468 4811 dum
484 4767 732 4808 canones
759 4752 934 4822 fuerit
952 4754 1252 4822 promotus.
1284 4750 1549 4822 War
1573 4757 1639 4804 ut
1661 4762 1782 4822 suae
1810 4751 1910 4822 EG-

307 4824 531 4895 clause.
546 4819 874 4895 dignitatem
897 4819 1139 4885 tueatur.
1171 4820 1373 4885 Probat
1395 4820 1560 4895 ﬁdem
1604 4819 1678 4876 ad
1731 4836 1788 4878 se
1843 4821 1917 4877 ab

331 4911 393 4951 eo
421 4892 690 4967 scriptum
717 4892 960 4967 eamdem
991 4908 1103 4949 esse
1139 4908 1304 4967 quam
1324 4894 1465 4967 tenet
1520 4892 1769 4967 Romana,
1796 4895 1910 4949 Ec-

329 4962 715 5043 clesiafcujus
743 4962 872 5036 ﬁdei
898 4981 1113 5022 summa
1139 4962 1321 5036 capita
1350 4963 1421 5018 ad
1448 4979 1574 5018 eum
1602 4965 1791 5020 mittit.

887 5054 1078 5128 (Anno
1102 5053 1289 5125 1054.)

691 5142 905 5215 [Mansi
938 5143 1144 5199 Concil.
1176 5141 1324 5207 XIX,
1354 5142 1504 5207 660.]

327 5252 445 5308 Leo
473 5251 804 5325 episcopus,
836 5265 1040 5315 servus
1069 5263 1372 5327 servorum
1403 5247 1536 5327 Dei,
1560 5246 1773 5313 dilecto
1798 5247 1912 5305 fra-

265 5339 339 5417 tri
369 5344 429 5401 et
459 5329 803 5414 coepiscopo
823 5339 1037 5403 Pareo.

330 5427 1233 5505 Congratulamurwehementer
1258 5424 1328 5487 in
1349 5425 1595 5494 Domino
1624 5428 1745 5485 tum
1780 5443 1914 5483 san-

262 5506 551 5595 ctissimae
567 5516 940 5587 fraternitati,
965 5519 1142 5591 atque
1157 5514 1801 5591 multimodasgratias,
1850 5519 1918 5573 ut

258 5604 511 5681 dignum
531 5610 643 5678 est,
661 5606 972 5665 referimus
992 5605 1045 5665 ei
1067 5604 1170 5681 qui
1198 5609 1289 5665 est
1313 5620 1448 5664 vera
1475 5621 1588 5683 pax
1614 5607 1689 5663 et'
1726 5605 1917 5665 chari-

2018 4708 2192 4763 turin
2212 4707 2602 4764 thronoillius
2625 4709 2894 4781 usquein
2937 4708 3220 4766 saaculum
3265 4707 3503 4777 saeculi;
3565 4710 3670 4766 sed
3716 4764 3719 4767 .

2020 4797 2393 4855 conﬁrmabit
2414 4797 2591 4854 corda
2612 4797 2857 4852 fratrum
2904 4796 3080 4853 variis
3104 4796 3494 4853 concutienda
3533 4797 3671 4857 ﬁdei

2019 4884 2722 4959 periclitationibus,sicut
2745 4901 2933 4957 usque
2972 4901 3128 4940 nunc
3167 4884 3514 4942 conﬁrmare
3552 4902 3673 4944 non

2020 4975 2402 5032 cessavit.Pro
2425 4975 2595 5045 cujus
2617 4973 2957 5031 excellentia
2977 4974 3206 5030 tertiam
3230 4992 3265 5030 a
3283 4973 3546 5030 Romana
3566 4975 3669 5034 Ec-

2020 5064 2200 5122 clesia
2219 5063 2563 5137 dignitatem
2586 5062 2800 5120 retinet
2819 5063 3185 5121 Antiochena
3201 5078 3375 5136 quam
3400 5065 3455 5119 te
3472 5063 3676 5123 defen-

2023 5155 2159 5211 dere
2181 5167 2554 5224 summopere
2587 5168 3043 5223 monemus,non
3081 5158 3194 5210 tuas
3243 5151 3670 5226 gloriaa,causa,

2024 5242 2126 5309 sed
2146 5256 2250 5313 pro
2272 5239 2548 5308 sedis,cui
2567 5239 2641 5294 ad
2662 5244 2897 5313 tempus
2918 5242 3467 5315 prmsides,antiqua
3484 5242 3671 5302 hono-

2024 5328 2449 5387 riﬁcentia.Nec
2471 5328 2764 5385 revoceris
2782 5329 2854 5386 ab
2876 5330 2988 5385 hac
3010 5331 3331 5390 intentione
3352 5332 3677 5404 cuiuslibet

2024 5437 2238 5494 pompa
2258 5417 2346 5477 vel
2366 5416 2871 5493 arrogantia,quin
2891 5426 3231 5479 constanter
3251 5422 3533 5483 defendas
3566 5424 3675 5482 bo-

2024 5526 2433 5583 norem,quem
2452 5507 2825 5566 Antiocheam
2845 5507 3114 5569 Ecclesiae
3162 5510 3529 5585 reliquerunt
3546 5533 3677 5575 om-

2025 5600 2125 5661 nia
2151 5590 2491 5661 sanctorum
2509 5602 2754 5660 Patrum
2775 5597 3045 5661 concilia.
3076 5601 3163 5661 Ad
3184 5603 3338 5679 quod
3361 5604 3589 5686 utique,
3622 5599 3677 5662 si
