3974 6206
186 284 312 347 ’ΠΒ

1178 277 1586 341 EPISTOLIE
1628 277 1731 340 ET
1773 278 2134 342 DECRETA
2177 281 2648 346 PONTIFICIA.

3503 285 3619 350 774

192 417 603 490 thonepapaet
637 411 1528 484 ConstantinonepoteHeraclii;
1562 413 1857 481 ultimum,
1890 415 1944 482 Α
1976 416 2023 468 si
2059 433 2170 470 non
2204 416 2532 487 transgredi
2563 417 2917 474 laboraveris
2942 418 3222 474 terminos
3254 435 3403 491 quos
3425 424 3617 492 patres

195 507 526 564 secundum
556 503 878 569 Nictenum,
901 501 1012 558 sub
1043 500 1296 557 Adriano
1327 520 1476 575 papa
1501 507 1558 558 et
1579 505 1855 559 Constan-

193 597 322 652 tino
357 597 550 651 Irenes
582 592 725 660 ﬁlio,
759 609 862 664 pro
895 590 1224 646 reverendis
1258 591 1483 647 Domini
1520 593 1661 648 Jesu
1695 592 1855 647 Chri-

197 685 276 741 sti
307 689 364 741 et
393 688 733 740 sanctorum
767 679 1146 752 imaginibus.
1179 679 1472 753 Quidquid
1507 698 1684 752 supra
1704 681 1860 737 dicta

196 777 422 845 septem
456 775 661 828 sancta
690 775 748 826 et
775 768 1126 826 universalia
1153 768 1399 824 concilia
1444 774 1757 825 senserunt
1804 773 1860 825 et

196 861 696 928 collaudaverunt,
732 858 920 915 sentio
952 861 1008 914 et
1037 856 1339 914 collaudo:
1377 861 1434 912 et
1476 874 1859 931 quoscunque

198 950 866 1017 anathematizaverunt,
943 946 1389 1003 anathematizo.
1463 949 1624 1002 Hanc
1681 948 1857 1002 ﬁdem

197 1043 407 1096 sancta
436 1039 702 1094 Romana
721 1040 778 1090 et
807 1034 1128 1108 apostolica
1157 1035 1322 1090 sedes
1355 1034 1526 1090 corde
1569 1035 1752 1091 credit
1779 1035 1850 1090 ad

192 1127 515 1200 justitiam,
561 1131 617 1181 et
658 1142 756 1181 ore
804 1124 1115 1179 conﬁtetur
1163 1123 1233 1178 ad
1274 1121 1521 1178 salutem
1573 1124 1745 1194 (Rom.
1779 1124 1854 1195 x).

201 1217 540 1272 Secundum
571 1215 722 1270 hanc
752 1214 960 1282 vivere,
995 1212 1241 1268 Domino
1270 1211 1542 1278 donante,
1568 1214 1781 1279 studet,
1804 1215 1862 1269 et

201 1322 311 1378 pro
341 1305 468 1376 ejus
497 1303 853 1369 defensione,
885 1301 936 1358 si
964 1301 1302 1374 oportuerit,
1348 1301 1495 1356 mori
1528 1306 1728 1374 parata
1751 1305 1858 1358 est.

206 1395 395 1458 Quam
427 1396 483 1448 et
511 1392 572 1447 in
599 1395 674 1456 te.
710 1393 888 1448 frater
917 1389 1282 1457 charissime,
1315 1391 1630 1462 perfectam
1654 1407 1863 1463 cogno-

205 1469 450 1549 scimus,
476 1485 532 1537 et
552 1481 876 1537 secundum
900 1496 1028 1536 eam
1047 1484 1104 1535 te
1124 1479 1312 1535 vivere
1332 1479 1638 1535 nobiscum
1660 1481 1863 1536 admo-

203 1587 438 1639 nemus,
471 1570 728 1642 profecto
760 1569 1008 1626 scientes
1057 1567 1198 1640 quia
1246 1569 1388 1623 ﬁdes
1433 1569 1560 1625 sine
1590 1568 1864 1642 operibus

206 1664 444 1716 mortua
471 1663 561 1715 est
590 1661 724 1730 (Jac.
759 1661 844 1728 n).
880 1657 1217 1714 Salutamus
1267 1673 1401 1712 cum
1451 1658 1611 1713 omni
1658 1658 1862 1714 frater-

206 1749 395 1804 nitate
425 1764 528 1804 seu
558 1747 799 1820 collegio
845 1751 1055 1801 sanetae
1105 1746 1378 1801 Romanae
1425 1751 1482 1801 et
1530 1747 1862 1818 apostolicaa

208 1837 372 1894 sedis
387 1841 550 1893 tuam
576 1834 997 1892 fraternitatem
1019 1839 1308 1903 sanctam,
1326 1838 1721 1907 cunctumque
1743 1833 1884 1893 col-‘

208 1926 432 2000 legium
455 1927 514 1980 in
547 1924 792 1980 Domino
822 1924 926 1980 tibi
958 1925 1287 1995 subjectum
1313 1942 1327 1992 ;
1357 1929 1415 1980 et
1445 1928 1510 1979 ut
1538 1941 1640 1996 pro
1669 1930 1869 1982 nostra

209 2015 447 2088 gemina
520 2013 711 2070 salute
776 2013 1232 2085 omnipotentem
1290 2013 1600 2070 Dominum
1651 2015 1870 2087 jugiter

211 2121 412 2161 exores
441 2117 752 2175 precamur
781 2101 1124 2174 plurimum,
1159 2103 1468 2159 reverenda
1487 2107 1544 2158 et
1573 2103 1869 2160 desidera-

212 2193 352 2250 bilis
379 2192 574 2248 frater.

1000 2295 1090 2351 CII

222 2405 282 2459 S.
317 2404 510 2460 Leonis
529 2403 752 2474 epistola
779 2402 850 2474 ad
869 2401 1184 2456 Michaelem
1211 2402 1874 2474 Constantinopolitanum

284 2473 687 2547 patriarchﬁam.
720 2503 786 2513 —
815 2473 1138 2547 Gratulatur
1175 2475 1238 2547 ei
1285 2473 1426 2545 quod
1470 2473 1677 2547 Graecos
1722 2478 1871 2530 Lati-

291 2544 384 2600 nis
400 2546 706 2618 conciliare
719 2544 975 2618 studeret.
1009 2545 1205 2618 Arguit
1234 2560 1379 2618 eum,
1399 2553 1514 2600 tum
1535 2546 1673 2617 quod
1693 2549 1875 2618 patri-

290 2615 490 2672 archas
519 2615 957 2672 Alexandrinum
985 2617 1036 2670 et
1064 2616 1460 2688 Antiochenam
1488 2615 1606 2673 suae
1624 2615 1878 2688 potestati

288 2688 559 2757 subjicere
588 2689 896 2752 conaretur,
941 2695 1057 2742 tum
1086 2687 1228 2758 quod
1272 2689 1599 2743 universalis
1626 2687 1879 2759 patriar-

289 2760 407 2814 chae
438 2774 639 2814 nomen
668 2759 774 2813 sibi
791 2766 1100 2829 usurparet,
1132 2762 1184 2812 et
1225 2760 1523 2813 Romanam
1555 2761 1876 2829 Ecclesium,

287 2845 419 2903 quae
448 2832 508 2903 in
539 2831 750 2901 azymis
787 2838 1034 2903 sanctum
1065 2831 1427 2903 eucharistiw
1461 2847 1679 2885 sacrum
1711 2833 1877 2903 conﬁ-

285 2900 423 2970 ciat,
457 2900 766 2956 damnaret.
799 2901 1002 2956 Probat
1043 2902 1325 2958 Christum
1367 2904 1428 2956 in
1474 2919 1667 2974 azymo
1696 2900 1880 2959 conse-

286 2989 492 3028 crasse.

868 3061 1057 3132 (Anno
1086 3059 1274 3132 4064.)

797 3149 1010 3221 [Mansi
1040 3150 1310 3221 x1x,ez.3]

293 3259 414 3314 Lso
425 3257 753 3330 episcopus,
769 3272 971 3312 servus
984 3237 1282 3311 servorum
1303 3256 1421 3326 Dei,
1439 3257 1718 3314 MICHAELI
1732 3258 1884 3328 Con-

221 3344 755 3418 stantinopolitano
788 3343 1239 3416 archiepiscopo.

293 3435 534 3506 Scripta
561 3439 677 3490 tua
720 3432 1070 3490 honoranda:
1101 3432 1482 3489 fraternitatis
1523 3437 1763 3492 tandem
1811 3437 1882 3492 ad

221 3543 335 3581 nos
370 3527 779 3596 pervenerunt,
822 3523 880 3576 in
929 3522 1148 3594 quibus
1193 3522 1264 3577 ad
1315 3523 1568 3580 maxime
1616 3541 1882 3581 necessa-

219 3615 390 3669 rium
415 3613 805 3683 omnibusque
834 3611 1047 3668 Christi
1095 3610 1362 3668 ﬁdelibus
1412 3611 1883 3685 amplectendum

217 3702 456 3756 bonum
509 3699 823 3756 concordiae
873 3703 929 3754 et
994 3698 1236 3754 unitatis
1299 3700 1591 3756 exhortari
1640 3703 1880 3772 studes;

217 3793 526 3862 quatenus
554 3793 684 3859 post
712 3787 958 3842 nimium
985 3787 1188 3860 longas
1210 3791 1266 3843 et
1289 3788 1646 3860 perniciosas
1669 3789 1887 3846 discor-

215 3879 379 3943 dias,
405 3876 526 3932 ﬁlia
545 3893 611 3932 ex
631 3877 876 3949 propriae
898 3877 1106 3932 matris
1124 3875 1591 3932 reconciliatione
1613 3877 1880 3935 exsultet'

213 3968 298 4022 Ad
345 3966 499 4037 quod
534 3965 734 4037 utique
773 3971 828 4020 te
877 3969 1285 4036 provocantem
1328 3970 1386 4022 et
1430 3971 1883 4038 praemonentem

213 4058 391 4110 tanto
419 4053 751 4125 promptius
781 4052 1112 4108 auscultare
1156 4053 1449 4126 cupimus,
1500 4059 1717 4127 quanta
1744 4055 1886 4128 vigi-

214 4143 448 4198 lantius
477 4141 999 4197 animadvertimus
1029 4141 1180 4198 hanc
1210 4141 1397 4198 solam
1427 4159 1556 4200 esse
1584 4144 1882 4216 propriam

221 4235 278 4286 et
330 4229 651 4302 specialem
700 4229 972 4285 virtutem
1019 4229 1250 4302 piorum
1301 4235 1475 4302 atque
1521 4236 1881 4298 sanctorum,

221 4337 359 4374 cum
393 4321 609 4373 caetera
648 4317 894 4372 virtutes
938 4317 1109 4374 bonis
1160 4323 1218 4374 et
1267 4318 1436 4374 malis
1486 4335 1614 4376 esse
1658 4321 1886 4392 possint

221 4423 592 4473 communes,
647 4405 896 4461 Domino
953 4405 1035 4461 sic
1107 4412 1628 4478 prmmonetrante:
1680 4410 1742 4464 In
1788 4409 1885 4465 hoc

1970 505 2149 559 nostri
2179 506 2545 576 posuerunt?
2574 507 2643 560 Et
2681 507 2820 580 quia
2867 507 3207 562 Christianae
3250 509 3620 580 perfectionis

1967 597 2056 646 est
2085 593 2391 663 paciﬁcum
2423 611 2552 650 esse
2587 595 2783 662 etiam,
2819 612 2952 650 cum
3001 596 3257 652 inimicis
3305 597 3483 668 pacis,
3517 616 3621 671 spe

1967 681 2365 748 correctionis,
2429 700 2542 738 non
2614 701 2900 739 consensu
2973 684 3392 757 malignitatis;
3457 691 3620 743 tanto

1968 767 2277 824 sollicitius
2311 771 2594 827 debemus
2627 790 2829 828 omnes
2851 774 3185 828 occasiones
3208 775 3618 832 scandalorum

1969 856 2039 912 de
2071 857 2260 913 medio
2290 858 2514 926 tollere,
2565 866 2784 930 quanto
2833 862 3095 916 tenacius
3143 866 3416 934 optamus
3460 865 3620 936 pacis

1969 945 2190 1000 amicos
2221 945 2486 1004 retinere.
2522 947 2781 1004 Plurima
2811 953 3005 1004 autem
3037 967 3103 1004 ex
3134 955 3234 1005 tua
3265 953 3622 1010 fraternitate

1968 1032 2358 1090 intolerabilia
2392 1053 2592 1090 rumor
2612 1038 2738 1107 jam
2781 1038 2879 1092 diu
2912 1039 3149 1108 pertulit
3197 1041 3267 1093 ad
3315 1059 3486 1097 aures
3519 1060 3618 1098 no-

1971 1126 2142 1186 stras,
2178 1139 2303 1192 quae
2345 1141 2470 1192 nos,
2505 1126 2715 1195 partim
2767 1125 2904 1196 quia
2937 1126 3304 1184 incredibilia
3343 1131 3622 1186 videban-

1971 1213 2087 1276 tur,
2143 1211 2353 1280 partim
2405 1213 2543 1284 quia
2589 1213 2751 1268 nulla
2815 1213 3060 1270 facultas
3104 1217 3435 1287 inquirendi
3483 1220 3624 1275 talia

1972 1298 2417 1366 concedebatur,
2478 1301 2831 1379 indiscussa
2889 1302 3192 1374 hucusque
3251 1304 3619 1377 reliquimus.

1972 1387 2231 1458 Denique
2261 1387 2471 1444 diceris
2505 1389 2851 1462 ne0phytus,
2901 1394 2958 1444 et
3007 1409 3123 1445 non
3171 1394 3458 1463 gradatim
3492 1411 3622 1466 pro-

1973 1474 2208 1531 siluisse
2239 1478 2311 1531 ad
2345 1477 2672 1549 episcopale
2717 1479 3059 1550 fastigium:
3096 1481 3251 1551 quod
3285 1480 3624 1538 nullatenus

1973 1580 2101 1620 esse
2132 1564 2463 1621 faciendum
2499 1581 2555 1622 et
2579 1567 2892 1639 Apostolus
2941 1569 3142 1623 edocet
3187 1571 3238 1637 (Ι
3264 1570 3396 1624 Tim.
3429 1571 3537 1643 III),
3571 1575 3628 1626 et

1972 1653 2330 1710 venerabiles
2355 1671 2608 1711 canones
2641 1656 3018 1712 interdicunt.
3068 1657 3213 1713 Hinc
3257 1676 3401 1715 nova
3439 1660 3625 1715 ambi-

1973 1741 2128 1797 tione
2156 1742 2616 1799 Alexandrinum
2666 1751 2719 1800 et
2761 1745 3189 1801 Antiochenum
3241 1749 3625 1819 patriarchas,

1976 1832 2233 1904 antiquis
2266 1850 2384 1887 suae
2415 1833 2715 1906 dignitatis
2747 1834 3068 1906 privilegiis
3118 1836 3344 1906 privare
3389 1841 3625 1894 conten-

1977 1921 2142 1989 dens,
2175 1925 2377 1976 contra
2406 1939 2578 1977 omne
2599 1923 2684 1977 fas
2706 1925 2875 1994 etjus
2899 1928 2996 1978 tuo
3027 1924 3286 1979 dominio
3309 1925 3630 1997 subjugare

1977 2009 2228 2065 conaris.
2263 2011 2423 2076 Quod
2456 2016 2672 2082 quanto
2702 2016 2801 2067 tuo
2834 2012 3090 2084 periculo
3121 2017 3332 2080 tentes,
3354 2014 3630 2070 omnibus

1980 2115 2133 2153 sana:
2162 2099 2376 2154 mentis
2407 2104 2600 2171 patet:
2636 2101 3110 2172 quandoquidem
3162 2119 3314 2158 vana
3361 2102 3547 2176 gloria
3574 2110 3631 2161 et

1979 2204 2194 2259 pompa
2223 2187 2484 2244 saeculari
2517 2187 2727 2254 elatus,
2761 2189 3073 2244 consilium
3122 2190 3442 2248 divinitatis
3473 2194 3630 2250 anti-

1982 2292 2163 2347 quum
2185 2293 2361 2347 super
2379 2274 2774 2332 stabilimento
2797 2277 3201 2334 columnarum
3224 2297 3342 2335 sua:
3363 2281 3632 2340 Ecclesia;

1982 2366 2101 2436 [llic
2129 2365 2273 2420 deest
2305 2370 2528 2420 mutare
2566 2373 2661 2420 aut
2707 2366 2920 2436 aliquid
2967 2367 3257 2439 ejusmodi]
3304 2372 3630 2438 contendis,

1984 2454 2152 2526 quasi
2183 2470 2252 2508 ex
2285 2452 2590 2510 fallacibus
2639 2455 2860 2510 divitiis
2908 2456 3312 2526 praejndicium
3365 2459 3630 2516 facturus

1984 2542 2088 2609 illi,
2124 2543 2224 2614 qui
2248 2560 2380 2598 cum
2403 2559 2534 2598 vere
2555 2546 2612 2598 et
2628 2542 3003 2615 singulariter
3023 2545 3185 2601 dives
3207 2551 3380 2616 esset,
3407 2565 3630 2621 pauper

1987 2648 2089 2703 pro
2122 2631 2288 2686 nobis
2319 2632 2506 2688 factus
2537 2632 2608 2704 (Il
2625 2632 2744 2688 Cor.
2763 2634 2908 2704 V111),
2947 2633 3162 2706 delegit
3183 2653 3302 2692 suae
3320 2638 3627 2710 temporali

1990 2720 2275 2774 nativitati
2302 2720 2646 2792 oppidulum
2669 2726 2726 2777 et
2745 2721 3035 2794 speluncae
3059 2723 3446 2780 diversorium
3471 2727 3621 2794 (Luc.

1991 2808 2076 2879 ιι),
2111 2826 2224 2863 non
2259 2808 2558 2879 quodlibet
2585 2827 2790 2882 regum
2824 2811 3129 2882 palatium.
3155 2813 3336 2885 Cujus
3369 2814 3636 2888 exempla

1993 2896 2264 2968 quisquis
2296 2898 2510 2965 horret,
2545 2899 2615 2954 ad
2639 2905 2856 2954 sortem
2878 2899 3039 2956 illius
3066 2903 3339 2974 pertinet,
3373 2905 3472 2976 qui
3495 2910 3634 2960 tunc

1995 3004 2098 3059 per
2145 3003 2229 3054 se,
2281 3003 2436 3042 nunc
2495 2992 2692 3044 autem
2747 3005 2850 3061 per
2906 3008 3044 3046 suos
3105 2991 3386 3049 satellites
3444 2994 3636 3050 dicere

1995 3077 2172 3131 audet
2195 3093 2208 3131 :
2244 3076 2540 3132 Ascendam
2565 3095 2731 3149 super
2758 3078 3113 3134 altitudinem
3141 3082 3392 3150 nubium,
3437 3085 3638 3139 similis

1915 3152 1957 3218 C
1997 3181 2089 3220 ero
2120 3165 2398 3220 Altissimo
2439 3167 2568 3232 (Isa.
2613 3167 2748 3237 xxv).
2789 3167 2891 3223 Sed
2928 3184 3039 3223 non
3086 3171 3436 3239 cogitationes
3476 3188 3634 3238 meae,

1993 3255 2347 3324 cogitationes
2376 3261 2569 3311 vestra:
2587 3271 2608 3315 ;
2638 3271 2813 3326 neque
2833 3257 2942 3312 via?
2970 3273 3126 3324 meae,
3149 3261 3250 3313 viae
3268 3261 3480 3325 nistrat,
3501 3261 3638 3316 dicit

1994 3344 2256 3398 Dominus
2286 3342 2418 3411 (Isa.
2454 3345 2579 3408 Lv):
2615 3343 2713 3414 qui
2747 3343 3029 3416 dispergit
3059 3347 3342 3417 superbos
3363 3348 3419 3402 in
3446 3349 3638 3404 furore

1995 3449 2123 3499 suo,
2157 3435 2213 3486 et
2243 3431 2563 3502 reapiciens
2595 3448 2826 3486 omnem
2859 3439 3226 3503 arrogantem
3254 3435 3549 3504 humiliat,
3581 3442 3638 3492 et

1993 3519 2256 3591 exsurgit
2288 3524 2351 3574 ut
2372 3536 2486 3573 non
2512 3517 2814 3590 praevaleat
2833 3518 3028 3583 homo,
3054 3520 3112 3574 in
3136 3523 3303 3592 cujus
3324 3529 3639 3595 conspectu

1994 3625 2106 3664 non
2137 3613 2224 3663 est
2246 3608 2420 3663 Deus.
2443 3607 2523 3661 Ne
2544 3606 2698 3662 enim
2722 3608 2997 3678 superbia
3019 3615 3250 3682 propter
3267 3610 3638 3668 altitudinem

1993 3687 2161 3751 suam
2178 3713 2238 3752 se
2250 3697 2624 3766 conjunctam
2639 3695 3162 3767 putaretDeo,dicit
3180 3699 3641 3756 PsalmistazAlla

1991 3787 2213 3853 alonge
2255 3785 2527 3852 cognoscit
2570 3785 2813 3840 excelsus
2854 3786 3116 3841 Dominus
3163 3787 3330 3857 (Psal.
3366 3790 3634 3862 cxxxvn).

1996 3873 2155 3928 Unde
2187 3889 2288 3944 per
2319 3872 2703 3944 semetipsum
2735 3877 3019 3929 testatur:
3052 3875 3201 3942 Quod
3232 3876 3409 3932 altum
3440 3887 3521 3933 est
3550 3880 3640 3934 ho-

1992 3963 2235 4017 minibus
2291 3962 2662 4017 abominabile
2717 3971 2794 4018 est
2861 3963 3007 4033 apud
3080 3966 3247 4020 Deum
3295 3967 3445 4037 (Luc.
3496 3969 3635 4039 xvx).

1993 4051 2192 4117 Qualis
2210 4068 2361 4118 vero,
2386 4057 2442 4106 et
2459 4068 2636 4123 quam
2659 4052 3022 4108 detestabilis
3045 4059 3220 4126 atque
3246 4055 3640 4112 lamentabilis

1992 4145 2082 4196 est
2110 4139 2210 4195 illa
2241 4140 2527 4212 sacrilega
2557 4141 2880 4213 usurpatio,
2915 4159 3032 4214 qua
3052 4147 3108 4198 te
3131 4144 3229 4198 uni
3241 4145 3518 4201 versalem
3546 4162 3640 4218 pa-

1993 4229 2307 4285 triarcham
2333 4231 2523 4301 jactas
2559 4231 2776 4302 ubique
2806 4235 2862 4286 et
2910 4231 3124 4304 scripto
3176 4239 3232 4289 et
3272 4235 3467 4300 verbo,
3503 4251 3637 4291 cum

1993 4318 2186 4372 omnis
2201 4318 2300 4373 Dei
2318 4318 2546 4374 amicus
2564 4319 2906 4390 hujusmodi
2927 4319 3211 4377 hactenus
3233 4322 3525 4380 horruerit
3543 4324 3639 4380 ho-

2002 4406 2194 4461 norari
2208 4407 2736 4479 vocabulo?thuis
2748 4413 2879 4480 post
2891 4409 3186 4467 Christum
3201 4412 3639 4469 convenientius

221 4497 547 4566 cognoscent
571 4511 756 4550 omnes
787 4496 921 4564 quia
948 4496 1058 4550 mei
1102 4498 1228 4550 estis
1257 4495 1538 4568 discipuli,
1568 4499 1619 4552 si
1647 4496 1885 4553 dilectio-
1915 4522 1960 4585 D
1993 4499 2190 4566 posset
2220 4493 2488 4567 insigniri
2519 4496 2626 4550 hoc
2651 4497 2953 4564 vocabulo,
2980 4516 3158 4570 quam
3201 4502 3292 4555 cui
3317 4502 3532 4556 dicitur
3555 4502 3640 4557 di-

219 4602 342 4641 nem
357 4585 663 4640 habueritis
678 4583 748 4638 ad
760 4584 995 4639 invicem
1006 4585 1159 4656 (Joan
1170 4627 1182 4638 .
1199 4587 1345 4654 χιιι).
1371 4585 1439 4639 Et
1451 4584 1721 4657 deiloquo
1735 4585 1881 4640 Pau-

220 4672 276 4727 lo
308 4676 698 4745 protestante:
735 4673 928 4728 Pacem
958 4675 1257 4744 sequimini
1275 4690 1398 4728 cum
1416 4675 1669 4730 omnibus
1689 4677 1739 4729 et
1758 4690 1885 4729 san-

221 4763 565 4830 ctimoniam,
583 4764 705 4817 sine
729 4779 837 4833 qua
849 4778 1004 4818 nemo
1021 4763 1225 4817 videbit
1236 4762 1601 4833 Deum(Hebr.
1621 4763 1745 4834 xu).
1765 4762 1882 4818 Un-

222 4850 294 4906 de
345 4849 671 4923 plurimum
721 4856 835 4906 tuaa
897 4851 1249 4907 fraternitati
1298 4850 1777 4924 congratulamur
1821 4854 1881 4907 in

219 4937 496 5005 Domino,
549 4937 828 5009 quoniam
879 4955 1180 4994 summum
1225 4938 1578 4995 desiderium
1612 4944 1880 4995 nostrum

221 5031 326 5082 tua
366 5027 660 5083 industria
701 5028 1036 5099 anticipasti
1073 5046 1086 5095 ;
1140 5029 1292 5100 quod
1343 5028 1544 5102 utique
1589 5029 1636 5084 si
1686 5028 1880 5101 aliquo

223 5114 440 5187 frigore
486 5115 789 5171 charitatis
838 5115 1198 5187 pigritareris
1244 5117 1504 5189 exsequi,
1556 5121 1756 5174 nostra
1784 5119 1882 5174 de-

219 5203 436 5260 bueras
462 5204 700 5259 solertia
714 5202 1034 5276 praeveniri.
1060 5204 1176 5261 Nos
1199 5205 1374 5274 enim,
1387 5207 1558 5278 juxta
1576 5207 1883 5279 praefatum

219 5291 592 5363 Apostolum,
620 5292 669 5348 si
697 5291 820 5348 ﬁeri
845 5295 1055 5364 potest,
1088 5310 1222 5350 cum
1245 5294 1520 5351 omnibus
1542 5294 1882 5352 hominibus

219 5397 431 5452 pacem
509 5381 723 5438 habere
790 5383 965 5455 (Rom.
1025 5383 1126 5452 xu)
1193 5388 1603 5456 peroptamus;
1663 5388 1882 5456 quanto

218 5469 416 5541 magis
464 5486 602 5543 ergo
649 5475 865 5539 tecum,
915 5487 1091 5542 quem
1146 5471 1412 5528 videmus
1464 5471 1731 5528 Ecclesiae
1780 5474 1880 5529 Dei

213 5557 390 5617 valde
428 5560 633 5619 utilem
663 5563 721 5619 et
751 5559 1148 5620 necessarium
1176 5577 1349 5636 posse
1376 5562 1499 5622 fore
1519 5561 1879 5635 ministrum,

1991 4584 2125 4638 vina
2163 4600 2334 4639 voce:
2363 4585 2437 4638 Tu
2465 4601 2519 4639 es
2549 4586 2746 4638 Petrus
2775 4590 2825 4640 et
2865 4603 3029 4658 super
3058 4588 3199 4643 hanc
3226 4599 3440 4660 petram
3468 4591 3638 4660 wdiﬁ-

1991 4672 2122 4727 cabo
2150 4673 2441 4727 Ecclesium
2471 4689 2653 4727 meam
2681 4674 2892 4736 (Matth.
2917 4679 3055 4741 xvx),
3081 4681 3191 4730 etc.
3217 4676 3638 4734 Verumtamen

1994 4760 2131 4833 quia
2153 4759 2248 4816 ille
2272 4778 2380 4816 non
2410 4762 2706 4816 invenitur
2728 4761 3076 4818 universalis
3100 4763 3398 4834 apostolus
3419 4765 3636 4834 dictus,

1993 4849 2260 4922 quamvis
2275 4849 2542 4920 princeps
2556 4849 2954 4921 apostolorum
2969 4850 3637 4917 sitconstitutus,nullus

1993 4955 2398 4994 successorum
2431 4939 2558 5008 ejus
2590 4942 2707 4993 tam
2741 4940 3074 5012 prodigiose
3105 4940 3463 5012 praenomine
3494 4957 3634 4997 con-

1992 5027 2176 5083 sensit
2207 5026 2484 5097 appellari
2521 5027 2776 5097 penitus,
2811 5028 2944 5083 licet
2975 5046 3187 5102 magno
3220 5029 3393 5083 Leoni
3423 5031 3636 5100 praede-

1992 5115 2208 5172 cessori
2240 5120 2459 5181 nostro,
2496 5121 2553 5168 et
2579 5118 3023 5173 successoribus
3057 5118 3261 5189 ipsius,
3295 5117 3401 5173 hoc
3433 5125 3638 5176 sancta

1992 5201 2808 5261 decreveritChalcedonensis
2831 5207 3111 5276 synodus.
3135 5208 3352 5280 Nempe
3375 5207 3637 5264 animad-

1989 5294 2292 5350 vertebant
2322 5309 2437 5347 non
2468 5307 2596 5347 esse
2626 5291 2881 5347 amicum
2900 5295 3122 5366 sponsi,
3147 5298 3246 5368 qui
3281 5313 3384 5369 pro
3415 5315 3634 5370 sponso

1989 5383 2354 5439 velletamari
2383 5400 2394 5450 ;
2416 5380 2554 5453 quin
2572 5380 2767 5452 potius
2792 5385 3262 5455 paranymphum
3285 5391 3342 5442 et
3361 5386 3634 5445 lenonem

1989 5471 2351 5539 Antichristi,
2387 5471 2485 5543 qui
2511 5469 2852 5527 adversatur
2873 5474 2930 5526 et
2944 5467 3242 5530 extollitur
3263 5490 3440 5546 super
3452 5493 3635 5535 omne

1992 5562 2147 5638 quod
2166 5561 2376 5621 dicitur
2385 5560 2561 5633 Deus,
2577 5563 2678 5622 aut
2689 5559 2845 5643 quod
2859 5559 3090 5626 colitur.
3113 5563 3256 5626 Ecce
3268 5561 3364 5623 ille
3378 5566 3636 5628 Joannes
