3974 6206
416 371 532 431 7'15

1481 367 1548 428 s.
1593 365 1874 429 LEONIS
1917 363 1997 426 IX
2043 357 2272 427 pars:
2313 353 2745 431 OPUSCULA.

3719 361 3832 443 ’πα

414 505 624 570 vester,
660 499 829 570 cujus
856 513 1080 553 vesanae
1125 496 1552 553 adinventionis
1585 497 1778 554 adhuc
1801 496 2057 554 haeredes
2086 499 2140 565 Α
2171 515 2288 552 sua:
2320 498 2672 571 egressionis
2702 515 2772 554 ex
2800 498 3082 572 IEgy'pto:
3117 499 3275 558 istud
3303 503 3439 570 vero
3469 499 3825 569 Christianis

415 587 793 661 permanetis,
827 586 946 658 qui,
983 586 1307 642 secundum
1355 585 1752 654 Psalmistam,
1806 604 1908 658 per
1953 604 2054 642 vos

416 678 606 732 adhuc
636 681 800 731 vocat
831 677 1073 730 nomina
1104 692 1211 731 sua
1235 677 1292 730 in
1317 676 1489 731 terris
1511 676 1656 744 suis,
1681 692 1813 731 cum
1839 675 2057 730 interiit

413 783 525 820 non
558 766 815 837 sumpsit
843 765 1059 832 omnia,
1095 782 1282 837 neque
1305 766 1606 820 descendit
1625 782 1760 820 cum
1783 781 1848 819 eo
1869 763 2055 836 gloria

411 856 478 909 ad
511 855 804 911 infernum
833 873 844 921 ;
877 855 1016 926 quia
1047 872 1181 910 cum
1214 855 1270 909 in
1305 854 1522 909 honore
1554 859 1728 921 esset,
1754 871 1863 909 non
1891 853 2056 908 intel-

411 945 548 1001 lexit
571 946 739 1017 (Psal.
767 948 948 1011 xun).
981 946 1110 1016 Ipse
1133 959 1166 998 a
1182 943 1541 999 beatissimis
1561 943 1933 1014 pontificibus
1955 943 2053 998 Pe-

409 1033 561 1106 lagio
596 1033 938 1106 etGregorio
962 1034 1267 1104 (PELAGIUS
1282 1031 1352 1100 II,
1371 1033 1626 1103 epistolai
1650 1051 1662 1099 ;
1697 1032 2051 1097 Gascomus,

409 1122 513 1178 lib.
545 1141 624 1192 vl,
653 1125 808 1194 epist.
843 1141 918 1190 Iv,
963 1128 1020 1178 et
1063 1122 1144 1177 lib
1191 1141 1292 1190 vn,
1341 1123 1478 1194 epist
1520 1122 1649 1192 xxx)
1700 1122 2051 1176 successori-

409 1213 636 1284 busque
667 1227 870 1267 eorum
904 1229 1006 1283 pro
1029 1211 1138 1266 bac
1161 1209 1477 1265 insolentia
1501 1209 2049 1275 anathematizatus,

408 1301 467 1357 in
512 1317 620 1357 sua
649 1299 968 1374 pertinacia
1007 1298 1400 1355 irrevocabilis
1431 1298 1625 1370 periit,
1651 1299 1896 1369 jamque
1945 1314 2049 1369 per

408 1390 800 1464 quadraginta
819 1395 877 1444 et
900 1389 1361 1462 quadringentos
1384 1404 1570 1443 annos
1601 1403 1719 1443 sure
1748 1392 2050 1442 contuma-

409 1480 508 1535 cia:
530 1495 809 1551 sequaces
832 1477 1192 1549 praecipitare
1216 1494 1329 1532 non
1369 1477 1632 1532 cessavit.
1659 1476 1880 1541 Quibus
1912 1475 2051 1547 quid

410 1569 628 1641 profuit
647 1568 940 1639 superbia,
963 1566 1293 1622 divitiarum
1309 1565 1586 1636 jactantia
1608 1564 1745 1637 quid
1766 1563 2052 1619 contulit?

412 1659 768 1714 Transierunt
787 1658 974 1712 omnia
1001 1657 1143 1712 velut
1167 1657 1360 1710 umbra
1384 1656 1532 1725 (Sep.
1563 1655 1638 1725 v).
1665 1654 1802 1722 Quid
1822 1653 2053 1724 denique

404 1747 622 1819 prodest
647 1747 879 1810 homini,
914 1748 962 1799 si
1007 1749 1180 1800 totum
1223 1743 1499 1798 mundum
1539 1744 1800 1810 lucretur,
1851 1744 2050 1796 anima:

407 1854 531 1893 vero
578 1845 686 1892 suae
734 1836 1121 1889 detrimentum
1175 1836 1468 1904 patiatur?
1528 1831 1732 1902 (Matth.
1786 1833 1927 1902 XVI.)
1985 1831 2129 1933 EtB

407 1927 699 1999 quomodo
731 1923 959 1979 animas
992 1939 1095 1994 pro
1126 1922 1404 1976 fratribus
1432 1920 1658 1976 habetis
1689 1937 1921 1993 ponere,
1949 1921 2048 1992 qui

404 2015 575 2070 ina-ne
608 2029 820 2070 nomen
853 2017 909 2067 et
939 2012 1274 2066 universam
1304 2009 1621 2066 Ecclesiam
1647 2009 2049 2066 scandalizans

403 2102 788 2178 delignamini
810 2103 1098 2173 deponere
1119 2101 1146 2154 ‘2
1162 2099 1458 2171 Resipisce
1473 2116 1633 2172 ergo,
1653 2115 1953 2171 rogamus,
1975 2099 2048 2155 ab

401 2194 510 2250 hac
526 2193 776 2260 insania,
797 2207 869 2246 ne
888 2191 1046 2246 illius
1060 2206 1299 2245 consors
1327 2194 1389 2244 tu
1423 2189 1843 2261 quoque,quod
1860 2187 2042 2243 absit!

401 2284 529 2354 fias,
563 2284 633 2339 de
664 2297 780 2354 quo
806 2279 1056 2335 dicitur:
1092 2281 1259 2333 Omne
1289 2279 1526 2333 sublime
1556 2278 1717 2343 videt,
1749 2282 1796 2333 et
1829 2279 1946 2348 ipse
1973 2285 2048 2332 est

408 2391 514 2428 rex
541 2381 703 2442 super
731 2371 1015 2424 universos
1057 2368 1201 2437 ﬁlios
1247 2367 1515 2438 superbiae
1547 2367 1662 2437 (Job
1708 2367 1842 2436 xu).
1896 2365 2043 2420 Illud

404 2465 598 2517 autem
633 2459 765 2530 quis
799 2475 913 2512 non
943 2461 1198 2528 stupeat,
1233 2457 1385 2527 quod
1430 2460 1562 2528 post
1615 2460 1697 2510 tot
1727 2459 1960 2510 sanctos
1992 2458 2048 2510 et

402 2549 759 2605 orthodoxos
790 2546 1006 2613 Patres,
1042 2561 1143 2617 per
1175 2544 1334 2599 mille
1361 2548 1417 2598 et
1460 2544 1663 2616 viginti
1713 2562 1746 2598 a
1777 2543 2046 2616 passione

405 2635 724 2694 Salvatoris
756 2651 964 2703 annos,
1000 2649 1184 2688 novus
1215 2633 1603 2688 calumniator
1643 2631 1910 2688 Ecclesia:
1943 2633 2044 2687 La-

404 2729 664 2783 tinorum
705 2722 1018 2788 emersisti,
1069 2721 1569 2778 anathematizans
1617 2737 1820 2778 omnes
1845 2725 1902 2776 et
1932 2739 2042 2794 pu-

406 2817 621 2874 blicam
654 2812 1116 2886 persecutionem
1149 2811 1426 2877 excitans,
1459 2811 1796 2883 quicunque
1817 2812 2045 2883 partici-

404 2910 683 2978 parentur
712 2906 1213 2958 sacramentorum
1243 2917 1310 2955 ex
1356 2901 1624 2972 azymis?
1672 2903 1856 2967 Quam
1898 2919 2041 2974 prae-

401 2993 798 3066 sumptionem
813 2995 974 3044 tuam
989 2995 1045 3044 et
1057 2990 1211 3044 fama
1223 2989 1394 3044 nobis
1407 2989 1704 3056 obtulit,et
1716 2989 1730 3043 l
1742 2990 2040 3045 itterarum

400 3084 510 3140 sub
545 3081 780 3137 nomine
800 3084 900 3134 tuo
923 3079 993 3133 ad
1015 3077 1234 3150 Apulos
1255 3079 1524 3133 datarum
1548 3083 1742 3133 textus
1770 3079 2040 3134 manifes-

399 3172 569 3229 tavit:
590 3188 716 3242 qua:
732 3168 1013 3224 violenter
1032 3172 1290 3222 astruere
1309 3171 1596 3223 conantur
1622 3168 2034 3222 fermentatum

403 3277 614 3334 panem
646 3258 848 3327 fuisse,
880 3274 994 3328 quo
1025 3257 1310 3312 Dominus
1330 3254 1612 3328 apostolis
1633 3257 1758 3312 suis
1778 3256 2038 3328 corporis

399 3350 493 3408 sui
525 3346 937 3422 mysteriumin
953 3362 1115 3402 caena
1130 3345 1576 3402 commendavit.
1601 3345 1759 3409 Quod
1801 3345 2039 3400 omnino

400 3440 616 3496 falsum
643 3454 772 3494 esse
795 3453 863 3492 ex
883 3440 1129 3508 utroque
1149 3439 1498 3492 testamento
1532 3433 1805 3490 facillime
1837 3435 2037 3507 depre-

397 3528 704 3586 henditur:
735 3526 872 3598 quia
901 3525 1003 3597 qui
1035 3541 1149 3580 non
1184 3528 1418 3580 venerat
1447 3523 1666 3580 solvere
1694 3525 1903 3596 legem,
1935 3525 2036 3580 sed

394 3616 735 3690 adimplere,
761 3617 931 3686 juxta
951 3614 1140 3687 ipsius
1163 3613 1308 3686 legis
1332 3618 1687 3686 praeceptum
1717 3631 1783 3669 ex
1817 3613 2034 3686 azymis

393 3713 450 3764 et
490 3707 623 3762 vino
672 3710 839 3761 vetus
883 3704 1103 3776 pascha
1148 3702 1507 3774 adimplevit,
1559 3707 1615 3757 et
1661 3703 1927 3776 protinus
1969 3717 2036 3756 ex

395 3797 615 3869 azymis
645 3802 702 3850 et
733 3795 864 3849 vino
895 3809 1129 3858 novum,
1160 3793 1314 3848 sicut
1343 3797 1537 3864 aperte
1587 3793 1772 3848 Lucas
1814 3800 2032 3858 narrat,

394 3885 700 3958 discipulis
731 3883 988 3939 tradidit.
1038 3883 1234 3954 Neque
1286 3882 1442 3938 enim
1485 3883 1622 3937 totis
1667 3886 1794 3936 octo
1825 3881 2034 3935 diebus

393 3975 510 4030 illis
558 3975 971 4030 fermentatum
1024 3972 1346 4043 apparebat
1392 3970 1450 4024 in
1495 3969 1772 4025 omnibus
1819 3970 2035 4024 ﬁnibus

391 4063 587 4133 Israel,
629 4067 688 4118 et
717 4061 875 4134 apud
907 4075 1320 4131 quemcunque
1353 4059 1778 4124 inveniebatur,
1813 4057 2039 4130 peribat

391 4153 590 4208 anima
624 4153 752 4222 ejus
783 4151 852 4205 de
885 4147 1098 4221 populo
1131 4165 1237 4204 suo
1286 4147 1474 4218 (Exod.
1526 4150 1650 4216 χιι).
1701 4147 1862 4210 Quod
1896 4147 1944 4202 si
1977 4148 2035 4201 in

389 4242 560 4296 Coena
591 4239 824 4294 Domini
851 4237 990 4292 Jesu
1023 4235 1411 4308 apparuisset,
1445 4239 1544 4289 aut
1577 4235 1701 4306 ipse
1733 4253 1836 4290 seu
1868 4236 2037 4292 disci-

392 4328 513 4400 puli
538 4328 666 4397 ejus
695 4341 931 4396 quoquo
964 4325 1136 4379 modo
1156 4329 1514 4396 gustassent,
1534 4324 1694 4393 juste
1721 4325 1871 4380 sicut
1894 4342 2034 4396 pras-

391 4416 738 4471 varicatores
758 4413 907 4485 legis
933 4413 1216 4484 perirent,
1239 4427 1344 4468 nec
1366 4412 1490 4484 ipse
1515 4412 1797 4469 Dominus
1820 4415 2035 4471 diceret

391 4503 516 4561 suis
530 4501 973 4559 insidiatoribus
990 4519 1002 4558 :
1021 4504 1157 4572 Quis
1169 4517 1238 4557 ex
1252 4501 1398 4557 vobis
1410 4507 1600 4571 arguet
1611 4520 1698 4558 me
1709 4503 1773 4557 de
1786 4509 1998 4574 peccato
2013 4510 2038 4560 .9

2165 587 2221 640 in
2256 587 2599 642 memoriam
2630 587 2940 643 Dominicis
2973 589 3287 660 passionis,
3324 608 3442 666 qua
3479 594 3553 651 ad
3590 596 3821 657 Patrem

2162 675 2432 730 transivit
2462 691 2531 730 ex
2564 676 2672 730 hoc
2695 677 2933 731 mundo.
2959 677 3070 754 Sed
3094 678 3237 750 quia
3265 685 3385 738 tam
3417 683 3490 740 de
3521 681 3619 743 bis
3650 679 3821 760 quam

2162 763 2233 818 de
2263 763 2415 832 aliis,
2449 764 2665 836 quibus
2697 781 2804 819 nos
2853 764 3259 834 calumniaris,
3307 768 3485 828 latius
3536 790 3573 829 a
3611 777 3822 834 nostris

2163 852 2384 907 nuntiis
2430 869 2532 924 per
2564 853 2678 908 alia
2707 853 2925 925 scripta
2967 858 3188 922 nostra,
3229 875 3358 931 quae
3421 861 3717 934 deferunt,
3752 867 3826 922 in-

2163 941 2406 996 strueris
2430 957 2443 996 :
2471 941 2562 997 hic
2583 939 2835 997 breviter
2855 943 3122 1016 attigisse
3135 945 3210 1002 sit
3223 947 3389 1004 satis.
3415 949 3619 1008 Discat
3631 953 3820 1011 autem

2162 1029 2494 1086 fraternitas
2522 1035 2644 1098 tua,
2678 1030 2886 1087 saltem
2909 1033 3232 1101 admonita,
3261 1041 3429 1093 caute
3445 1043 3504 1094 et
3523 1039 3823 1099 humiliter

2160 1118 2340 1190 loqui,
2376 1135 2447 1174 ne
2477 1119 2792 1191 aliquando
2814 1120 3099 1178 Dominus
3120 1123 3277 1180 dicat
3300 1131 3355 1182 et
3377 1127 3483 1182 tibi
3509 1147 3524 1184 :
3546 1130 3636 1185 Ex
3654 1131 3820 1187 abun-

2160 1207 2352 1262 dantia
2378 1208 2555 1263 cordis
2581 1225 2638 1264 os
2689 1209 2928 1279 loqaitur
2975 1211 3183 1280 (Matth.
3230 1213 3355 1284 χιι).
3407 1213 3714 1290 Scripsisti
3744 1221 3814 1276 si-

2162 1295 2398 1366 quidem
2431 1296 2620 1362 nobis,
2644 1297 2924 1368 quoniam
2948 1297 2997 1354 si
3021 1316 3138 1355 una
3152 1300 3410 1359 Ecclesia
3433 1303 3699 1363 Romana
3721 1323 3818 1381 per

2162 1402 2270 1440 nos
2301 1384 2541 1440 haberet
2571 1403 2782 1442 nomen
2829 1391 3019 1456 tuum,
3054 1405 3258 1446 omnes
3290 1390 3559 1451 Ecclesiae
3592 1395 3651 1451 in
3695 1401 3816 1454 toto

2163 1474 2299 1529 orbe
2318 1478 2604 1529 terrarum
2624 1475 2903 1530 haberent
2919 1493 3022 1548 per
3036 1480 3089 1532 te
3114 1495 3328 1535 nomen
3345 1486 3626 1538 nostrum.
3658 1486 3813 1550 Quid

2161 1562 2269 1617 hoc
2301 1563 2546 1618 monstri
2599 1569 2706 1632 est,
2757 1564 2934 1619 frater
2981 1566 3374 1624 charissima?
3411 1569 3668 1627 Romana
3700 1573 3813 1628 Ec-

2161 1651 2358 1719 clesia,
2413 1657 2586 1724 caput
2632 1657 2688 1707 et
2730 1657 2918 1708 mater
2967 1655 3382 1730 Ecclesiarum,
3443 1661 3708 1716 membra
3758 1655 3811 1717 et

2162 1740 2311 1796 tilias
2345 1757 2457 1796 non
2491 1741 2711 1796 habet?
2737 1743 2801 1797 Et
2835 1745 3128 1814 quomodo
3161 1750 3350 1818 potest
3380 1748 3495 1804 dici
3519 1737 3694 1822 caput
3717 1749 3813 1820 aut

2163 1830 2395 1885 mater?
2423 1830 2724 1886 Credimus
2759 1832 2913 1887 enim
2946 1838 3183 1906 propter
3227 1837 3380 1908 quod
3425 1843 3483 1894 et
3512 1821 3814 1911 loquimur

2159 1923 2334 1991 atque
2351 1925 2684 1976 constanter
2702 1922 3345 1992 profitemur:Romana
3372 1925 3634 1984 Ecclesia
3667 1930 3812 1987 adeo

2159 2025 2272 2063 non
2305 2013 2392 2064 est
2417 2009 2560 2078 sola,
2591 2009 2678 2064 vel
2703 2011 2855 2065 sicut
2885 2012 2946 2066 tu
2967 2017 3157 2083 putas,
3184 2031 3312 2081 una,
3342 2016 3480 2070 utin
3519 2021 3640 2072 toto
3663 2003 3814 2074 orbe

2155 2100 2445 2152 terrarum
2464 2115 2827 2170 quiscunque
2849 2100 3006 2155 natio
3036 2101 3300 2157 dissentit
3322 2104 3572 2175 superbe
3603 2104 3677 2160 ab
3711 2121 3809 2172 ea,

2158 2203 2272 2241 non
2303 2187 2379 2242 sit
2400 2188 2524 2257 jam
2556 2187 2803 2243 dicenda
2832 2189 2916 2243 vel
2971 2189 3230 2246 habenda
3270 2189 3525 2248 Ecclesia
3573 2192 3806 2265 aliqua,

2157 2276 2257 2330 sed
2281 2277 2518 2332 omnino
2543 2276 2702 2332 nulla
2727 2296 2738 2346 ;
2765 2278 2904 2350 quin
2931 2279 3120 2350 potius
3142 2280 3600 2338 conciliabulum
3621 2282 3807 2338 haere-

2155 2365 2424 2433 ticorum,
2476 2370 2577 2420 aut
2629 2367 3095 2423 conventiculum
3161 2369 3698 2439 schismaticorum,
3749 2375 3806 2428 et

2155 2471 2450 2528 synagoga
2481 2455 2726 2511 Satanae.
2762 2457 2988 2512 Videris
3027 2458 3219 2514 dicere
3263 2457 3405 2514 illud
3451 2459 3640 2515 sancti
3668 2459 3803 2516 Elia:

2154 2548 2293 2598 tunc
2338 2545 2747 2616 presumentis
2791 2547 2862 2602 de
2911 2563 3014 2601 se:
3068 2549 3306 2602 Relictus
3352 2563 3475 2602 sum
3523 2563 3616 2620 ego
3659 2551 3805 2605 solus

2156 2631 2255 2702 (III
2287 2635 2412 2702 Reg.
2445 2634 2583 2704 xxx).
2618 2634 2728 2689 Sed
2762 2634 2896 2690 audi
2925 2635 3064 2706 quid
3087 2634 3184 2690 ille
3215 2627 3439 2692 audivit
3469 2653 3503 2692 a
3531 2635 3800 2694 Domino.

2155 2724 2370 2796 Reliqui
2395 2724 2536 2777 mihi
2564 2729 2762 2793 septem
2796 2721 2979 2778 millia
3025 2726 3274 2779 virorum
3314 2725 3412 2796 (III
3458 2723 3582 2798 Reg.
3616 2730 3803 2798 xvm).

2154 2811 2412 2878 Quiesce,
2447 2810 2680 2882 quiesce
2703 2812 2853 2882 jam,
2884 2812 3238 2868 venerabilis
3270 2813 3466 2883 frater,
3490 2814 3564 2870 ab
3588 2814 3683 2870 his
3704 2831 3808 2870 su-

2111 2955 2120 2966 \
2153 2900 2616 2972 perstitionibus,
2651 2916 2721 2955 ne
2760 2899 2901 2954 illud
2953 2899 3286 2956 Salomonis
3329 2902 3390 2956 in
3442 2906 3498 2957 te
3528 2895 3802 2960 dicatur:

2151 2990 2290 3042 Sunt
2310 2990 2408 3059 qui
2424 3005 2481 3043 se
2501 2989 2691 3043 divites
2711 2989 2984 3060 affectant,
3005 2989 3152 3045 nihil
3167 2991 3428 3047 habentes
3444 2991 3634 3062 (Prov.
3652 2995 3803 3063 xm).

2150 3076 2527 3132 Simillimum
2552 3094 2760 3149 nempe
2780 3077 2888 3134 hoc
2906 3077 3302 3134 estdiabolicas
3318 3080 3803 3153 arrogantia,qui

2152 3183 2330 3238 regna
2360 3166 2564 3221 mundi
2587 3184 2620 3220 a
2650 3165 2946 3222 conditore
2974 3167 3237 3222 omnium
3271 3169 3422 3224 facta
3450 3175 3672 3242 putans
3698 3187 3804 3226 sua

2070 3225 2112 3290 C
2149 3225 2298 3314 esse.
2331 3255 2475 3310 dixit
2504 3255 2626 3309 illi:
2662 3257 2788 3310 Haec
2815 3257 3000 3310 omnia
3028 3256 3132 3312 tibi
3149 3256 3283 3312 dabo
3306 3225 3514 3327 (Matth.
3551 3261 3653 3330 ιν).
3691 3260 3800 3332 Igi-

2147 3349 2246 3398 tur
2275 3343 2411 3398 hiuc
2441 3344 2568 3414 jam
2612 3343 2683 3397 ad
2729 3360 2829 3399 cor
2879 3345 3151 3400 redeatur
3193 3350 3250 3401 et
3299 3350 3418 3402 tam
3466 3347 3800 3418 perniciosa

2149 3431 2424 3488 scandala
2463 3433 2532 3487 de
2586 3433 2778 3487 medio
2824 3431 3128 3504 tollantur,
3177 3437 3235 3490 et
3271 3439 3411 3490 tunc
3464 3437 3795 3493 secundum

2148 3521 2564 3578 Psalmistam:
2612 3522 2880 3593 Loquetur
2929 3523 3194 3578 Dominus
3239 3540 3431 3595 pacem
3477 3526 3538 3580 in
3583 3524 3798 3596 plebem

2145 3629 2322 3678 suam,
2371 3616 2423 3666 et
2469 3626 2630 3682 super
2669 3617 2880 3667 sanctos
2923 3627 3068 3681 suos,
3116 3616 3169 3668 et
3217 3615 3275 3668 in
3317 3629 3409 3670 eos
3449 3611 3547 3686 qui
3577 3630 3798 3671 conver-

2147 3707 2343 3755 tuntur
2371 3701 2440 3754 ad
2468 3716 2560 3754 cor
2587 3701 2757 3771 (Psal.
2792 3703 3003 3771 xxxxv).
3032 3701 3179 3756 Nam
3213 3719 3317 3757 nos
3369 3719 3502 3758 cum
3536 3704 3799 3776 pertina-

2147 3791 2312 3844 cibus
2333 3794 2390 3844 et
2410 3790 2468 3843 in
2481 3806 2672 3844 errore
2687 3807 2792 3845 suo
2806 3792 3288 3862 permanentibus
3308 3807 3511 3863 pacem
3530 3791 3796 3866 aliquam

2147 3878 2360 3933 habere
2383 3895 2495 3934 non
2515 3895 2850 3950 possumus,
2880 3893 2950 3934 ne
2968 3879 3244 3952 operibus
3267 3879 3505 3953 maligni
3530 3897 3796 3937 commu-

2149 3967 2444 4034 nicemus;
2477 3967 2616 4039 quia
2633 3984 2737 4023 nec
2759 3967 3074 4023 Dominum
3097 3968 3394 4025 Christum
3419 3969 3640 4026 alicubi
3663 3971 3801 4028 talia

2149 4057 2724 4113 fecisseinvenimus:
2751 4074 2885 4112 cum
2904 4059 3078 4114 etiam
3093 4058 3152 4113 in
3168 4058 3472 4115 nativitate
3495 4058 3691 4132 ipsius
3710 4069 3804 4117 an-

2146 4146 2256 4220 geli
2277 4162 2477 4218 pacem
2501 4146 2993 4203 annuntiaverunt
3014 4146 3384 4204 solummodo
3406 4149 3576 4204 bonae
3596 4149 3803 4206 volun-

2145 4235 2281 4290 tatis
2312 4234 2670 4290 hominibus.
2708 4235 2815 4299 Qui
2839 4235 3015 4291 etiam
3039 4235 3273 4292 oculum
3297 4235 3803 4295 scandalizantem

2145 4324 2466 4378 eruendum
2478 4368 2491 4392 ,
2504 4341 2745 4380 manum
2761 4323 2846 4380 vel
2862 4325 3068 4396 pedem
3083 4325 3550 4384 scandalizantes
3574 4328 3808 4384 abscin-

2145 4413 2368 4469 dendos
2398 4412 2679 4469 insinuat.

2216 4501 2455 4557 Cessent
2474 4518 2608 4575 ergo
2632 4502 2879 4560 hareses
2900 4510 2957 4558 et
2977 4503 3315 4573 schismata,
3337 4510 3394 4560 et
3415 4491 3805 4582 diligentibus

391 4594 567 4663 (Joan.
602 4591 748 4663 vm.)
780 4590 894 4646 Nec
921 4594 1075 4646 esset
1103 4606 1249 4662 opus
1272 4589 1447 4646 falsos
1486 4597 1662 4647 testes
1702 4595 1772 4648 ad
1799 4596 2041 4666 perden-
2073 4595 2118 4660 D
2150 4593 2337 4664 legem
2370 4591 2471 4646 Dei
2494 4592 2621 4662 jam
2652 4608 2767 4647 non
2792 4592 3286 4660 eritscandalum,
3311 4593 3410 4649 sed
3448 4595 3562 4674 pax
3589 4595 3800 4650 multa.

388 4683 531 4738 dum
561 4696 696 4738 eum
728 4697 1008 4752 querere,
1041 4695 1176 4736 cum
1209 4680 1316 4735 hoc
1347 4679 1470 4735 solo
1500 4683 1837 4752 perderetur
1855 4684 2036 4754 juste.

388 4772 498 4828 Sed
525 4771 625 4844 qui
657 4775 963 4844 peccatum
997 4787 1110 4826 non
1146 4770 1300 4837 fecit,
1333 4785 1434 4824 nec
1467 4769 1738 4826 inventus
1761 4777 1847 4827 est
1869 4772 2040 4830 dolus

385 4857 445 4920 in
475 4878 573 4918 ore
604 4861 734 4933 ejus
766 4861 835 4931 (II
860 4862 1008 4916 Petr.
1061 4861 1142 4930 ιι),
1193 4858 1346 4930 quod
1399 4873 1682 4929 passurus
1732 4860 2057 4932 discipulis,

385 4949 705 5018 mandavit,
739 4949 1039 5006 evidenter
1070 4964 1173 5020 per
1202 4945 1564 5018 Apostolum,
1599 4947 1657 5001 in
1687 4965 1801 5018 quo
1833 4949 2037 5022 loque-

382 5041 576 5108 batur,
629 5054 1122 5100 commemorans.
1173 5034 1401 5107 inquit:
1455 5037 1770 5107 Epulcmur,
1820 5055 1929 5094 non
1980 5045 2038 5096 in

379 5132 649 5200 fermento
665 5129 856 5193 veteri,
876 5142 1052 5197 neque
1069 5127 1127 5180 in.
1147 5127 1410 5196 fermento
1433 5125 1659 5180 malitiae
1679 5134 1728 5180 et
1745 5131 2023 5198 nequitiae,

380 5221 470 5276 sed
498 5223 559 5274 in
587 5220 800 5290 azymis
828 5217 1163 5272 sinceritatis
1207 5222 1260 5270 et
1306 5215 1548 5269 veritatis
1598 5216 1673 5284 (II
1719 5215 1838 5271 Cor.
1880 5220 2024 5289 xm).

381 5308 621 5380 Denique
649 5306 923 5363 modicum
953 5307 1286 5376 fermentum
1314 5311 1478 5358 totam
1508 5319 1750 5359 massam
1785 5321 2029 5362 corrum-

375 5400 460 5466 pit
489 5399 537 5468 (I
557 5397 677 5451 Cor.
699 5399 776 5464 v).
803 5394 1147 5466 Ubicunque
1169 5396 1363 5448 autem
1386 5393 1697 5464 corruptio,
1723 5393 1803 5448 ibi
1825 5395 2025 5466 procul

381 5484 558 5540 dubio
580 5488 802 5539 naturas
823 5483 1194 5539 deterioratio
1216 5486 1272 5538 et
1293 5480 1541 5552 alicujus
1561 5481 1685 5537 vitii
1707 5485 2022 5555 susceptio.

453 5573 630 5627 Porro
651 5576 918 5628 nostrum
962 5571 1184 5627 Pascha
1222 5570 1348 5626 ideo
1381 5585 1594 5625 novum
1624 5570 1861 5640 dicitur,
1891 5573 2028 5644 quia

383 5657 528 5716 illud
555 5664 752 5716 vectus
785 5665 1137 5733 praeceptum
1167 5663 1256 5716 est
1284 5657 1562 5717 Israelitis
1590 5660 1650 5716 in
1683 5660 2028 5722 memoriam

2149 4681 2488 4753 Quicunque
2509 4679 2792 4754 gloriatur
2827 4680 3156 4737 Christiano
3194 4680 3449 4752 nomine,
3474 4688 3664 4739 cesset
3687 4683 3803 4740 Ro-

2150 4787 2385 4827 manam
2417 4774 2680 4826 sanctam
2713 4773 2770 4824 et
2801 4769 3177 4841 apostolicam
3202 4771 3517 4828 Ecclesiam
3551 4771 3802 4828 maledi-

2149 4876 2276 4915 cere
2305 4865 2361 4915 et
2389 4857 2714 4926 lacessere;
2744 4857 2884 4930 quia
2914 4857 3133 4914 frustra
3176 4857 3655 4932 patremfamilias
3689 4859 3799 4916 ho-

2148 4952 2334 5015 norat,
2359 4947 2630 5020 quisquis
2659 4947 2786 5018 ejus
2818 4964 3055 5002 uxorcm
3095 4947 3433 5004 exhonorat.
3483 4949 3550 5004 Et
3577 4947 3810 5006 frustra

2148 5036 2613 5092 matrisfamilias
2645 5039 2820 5108 caput
2849 5040 2906 5092 et
2935 5035 3138 5091 faciem
3173 5037 3531 5111 magnificat,
3560 5037 3665 5110 qui
3697 5037 3804 5093 mi-

2148 5128 2342 5182 nimos
2381 5125 2636 5182 filiorum
2675 5126 2804 5196 ejus
2847 5125 3224 5198 impugnans,
3261 5132 3541 5199 taanam
3581 5127 3803 5200 digitos

2137 5216 2351 5288 pedum
2366 5214 2528 5272 illius
2547 5213 2870 5271 conculcet.
2888 5213 3050 5271 Unde
3063 5213 3122 5270 in
3139 5214 3546 5273 Ecclesiastico
3561 5217 3801 5273 dicitur:

2137 5307 2312 5374 Quam
2344 5304 2504 5362 malm
2527 5308 2607 5359 est
2633 5308 2821 5375 fama},
2855 5304 2953 5374 qui
2969 5305 3114 5374 fugit
3140 5312 3358 5376 patrem
3377 5324 3402 5370 ;
3426 5313 3478 5361 et
3508 5309 3588 5361 est
3627 5305 3802 5362 male-

2133 5394 2309 5449 dictus
2337 5410 2369 5446 a
2400 5396 2512 5447 Deo
2542 5393 2640 5463 qui
2680 5399 2966 5462 exasperat
3014 5396 3248 5448 matrem
3278 5391 3476 5462 (Eccli.
3517 5396 3630 5464 ιιι),
3662 5396 3800 5451 etin

2135 5476 2458 5537 Proverbiis
2483 5497 2496 5534 :
2533 5479 2761 5534 Oculum
2790 5483 2885 5554 qui
2913 5479 3218 5537 subsannat
3230 5486 3472 5556 patrem,
3497 5487 3550 5539 et
3571 5483 3806 5558 despicit

2133 5576 2384 5635 matrem,
2415 5565 2825 5641 effodiant‘eum
2852 5571 3001 5625 corvi
3034 5570 3101 5626 de
3127 5571 3485 5640 torrentibus,
3533 5571 3586 5650 et
3619 5589 3803 5650 comes

2133 5661 2270 5721 dant
2298 5673 2421 5717 eum
2449 5655 2560 5731 ﬁlii
2597 5659 2802 5734 aquilae
2831 5651 3012 5733 (erat.
3040 5673 3170 5718 xxx.
3202 5657 3566 5720 confidimus
3599 5651 3812 5723 tamen
