3974 6206
131 211 257 275 7'77

1065 213 1466 276 EPISTOLIE
1510 213 1609 275 ET
1652 209 2106 276 DIPLOMATA
2154 213 2622 278 PONTIFICIA.

3426 218 3546 302 πε

133 320 436 402 ἑὲἀίνίηδ
457 346 670 418 pietate
703 347 944 418 quodab
970 347 1062 401 his
1087 347 1358 402 innoxius
1381 353 1480 403 aut
1505 351 1794 403 correctus
1825 346 1880 413 Α
1913 347 2115 400 tendit.
2151 349 2310 412 Quod
2336 349 2672 419 quicunque
2712 346 3049 414 exhonorat,
3103 349 3318 405 frustra
3376 368 3438 407 se
3487 351 3546 407 in

136 435 756 502 invenieris,autcerte
782 436 1122 492 admonitus
1138 435 1251 492 cito
1277 437 1602 510 corrigeris.
1629 438 1789 500 Quod

136 525 286 580 dum
309 525 789 592 fueritaﬂ'ectum,
809 541 922 596 pax
946 526 1282 595 nostrajam
1313 527 1381 580 ad
1416 544 1522 581 nos
1550 543 1663 581 non
1706 543 1789 580 re-

130 617 413 680 vertetur,
438 615 540 670 sed
563 630 740 686 super
759 617 816 669 te
843 614 1191 686 requiescet,
1241 631 1344 668 ceu
1398 631 1575 686 super
1633 614 1792 685 pacis

131 701 326 758 ﬁlium
359 719 372 757 :
406 708 462 757 et
482 703 749 775 regnabit
781 701 933 758 inter
957 719 1065 757 nos
1096 719 1379 774 germana
1402 703 1678 768 Charitas,
1722 703 1792 756 de

130 790 308 844 corde
336 806 482 861 puro
503 798 561 846 et
580 790 938 846 conscientia
987 789 1158 857 bona,
1220 795 1276 844 et
1325 791 1438 845 ﬁde
1487 807 1599 845 non
1657 791 1792 844 ﬁcta

134 877 184 948 (I
207 880 348 934 Tim.
383 879 462 951 1);
496 895 601 934 nec
634 895 873 935 necesse
916 877 1162 934 habebis
1223 878 1392 933 nobis
1437 878 1790 950 supplicare,

133 967 241 1024 sed
273 967 494 1037 iubere.
529 968 722 1040 Super
747 968 891 1034 hac,
927 969 1080 1025 sicut
1111 967 1356 1038 capisti,
1390 967 1702 1033 collabora,
1729 970 1792 1021 ut

134 1056 258 1112 duo
288 1059 546 1114 maxima
574 1073 754 1129 regna
784 1061 1207 1113 connectentur
1229 1073 1366 1127 pace
1379 1061 1596 1126 optata.
1614 1056 1790 1110 Oran-

132 1147 260 1199 tem
276 1159 379 1214 pro
393 1145 564 1200 nobis
578 1150 736 1200 tuam
764 1143 1166 1199 honorabilem
1183 1145 1602 1199 fraternitatem
1654 1160 1787 1198 san-

132 1233 498 1288 ctaTrinitas
513 1233 569 1288 in
585 1237 932 1305 perpetuum
947 1236 1266 1289 conservet.
1291 1233 1436 1287 Data
1455 1248 1655 1287 mense
1695 1232 1724 1286 J
1735 1249 1790 1286 a-

138 1320 354 1376 nuario
376 1323 498 1392 (an.
539 1322 720 1393 1054),
755 1321 1072 1376 indictione
1103 1338 1200 1375 vu.

899 1410 1040 1465 CIII.

155 1506 212 1560 S.
248 1500 443 1555 Leonis
470 1499 702 1570 epistola
729 1499 798 1553 ad
829 1498 1201 1553 Constantium
1259 1497 1685 1554 Monomachum.
1719 1528 1788 1538 —~

217 1571 439 1628 Laudat
466 1587 590 1626 eum
617 1570 759 1642 quod
812 1586 1002 1641 pacem
1033 1573 1174 1626 inter
1203 1571 1426 1625 Latinos
1472 1574 1522 1625 et
1581 1571 1789 1626 (ἔνατος

211 1642 513 1699 conciliare
538 1641 704 1698 curet.
739 1644 1002 1698 Hortatur
1032 1644 1089 1695 ut
1133 1643 1437 1696 Romanam
1495 1641 1787 1696 Ecclesium

209 1711 484 1785 defendat.
509 1715 581 1767 Dc
611 1715 928 1783 arrogantia
959 1713 1234 1767 Michaelis
1293 1712 1784 1785 Constantinopoli-
1817 1712 1865 1778 B

197 1783 332 1841 ἰαὴί
360 1786 726 1855 conqueritur,
761 1787 1064 1855 legatosque
1094 1783 1447 1839 commendat.

768 1872 956 1941 (Anno
982 1872 1164 1941 1054.)

694 1943 923 2009 [Mansi,
947 1943 1086 2008 XIX,
1107 1944 1256 2010 667.]

207 2035 325 2090 Leo
355 2033 691 2105 episcopus,
717 2048 924 2087 servus
955 2047 1256 2088 servorum
1295 2030 1411 2096 Dei,
1446 2031 1698 2102 glorioso
1731 2036 1786 2088 et

139 2123 407 2195 religioso
431 2121 767 2193 imperatori
799 2138 956 2176 nova
991 2121 1183 2175 Roma
1217 2121 1615 2176 CONSTANTINO
1659 2121 1784 2176 Mo-

138 2228 426 2278 μοιμοι-ιο,
457 2209 664 2265 dilecto
698 2209 837 2280 ﬁlio,
871 2209 1146 2265 salutem.

196 2303 460 2366 Quantas
481 2299 696 2372 gratias
720 2298 1164 2370 referrejugiter
1180 2299 1498 2354 debeamus
1521 2297 1783 2353 creatrici

133 2395 191 2446 et
217 2387 619 2462 gubernatrici
651 2387 912 2442 omnium
956 2392 1169 2442 sancta
1229 2386 1543 2442 individua
1591 2385 1782 2440 Trini-

133 2478 468 2549 tati,super
493 2474 870 2530 inenarrabili
919 2476 1070 2532 dono
1128 2476 1277 2546 ejus,
1339 2492 1454 2546 quo
1508 2479 1784 2547 operatur

134 2566 338 2622 omnia
369 2565 426 2620 in
449 2563 722 2620 omnibus
753 2565 803 2634 (Ι
831 2564 953 2620 Cor.
985 2565 1110 2636 xu),
1142 2565 1316 2619 etiam
1366 2580 1433 2618 ex
1463 2567 1563 2618 tua
1611 2563 1778 2617 devo-

133 2655 292 2711 tione
317 2657 377 2710 et
396 2653 666 2724 religiosa
681 2651 998 2720 industria,
1020 2651 1443 2724 gloriosissime
1471 2651 1552 2705 ﬁli
1607 2657 1779 2722 atque

131 2742 507 2800 serenissime
536 2741 872 2813 imperator,
907 2742 1264 2813 perpendere
1301 2757 1652 2812 possumus:
1679 2740 1779 2811 qui

128 2836 180 2887 te
209 2831 394 2887 talem
418 2829 636 2885 nostris
652 2828 916 2884 exhibuit
945 2833 1003 2884 et
1019 2829 1276 2900 gratuita
1292 2829 1506 2900 pietate
1529 2827 1780 2900 providit

128 2920 362 2988 diebus,
396 2919 566 2989 cujus
595 2918 712 2972 ﬁda
731 2934 837 2988 ope
867 2921 1088 2973 statum
1119 2921 1333 2973 sancta
1364 2922 1421 2972 et
1477 2915 1778 2972 catholica

125 3009 398 3066 Ecclesia
439 3006 698 3074 relevari,
731 3009 788 3062 et
816 3007 1033 3062 terreni
1065 3006 1295 3078 imperii
1350 3004 1774 3078 rempublicam

1903 435 2090 505 ipsius
2106 437 2384 492 membris
2399 440 2716 509 computat.
2743 436 2892 492 Illud
2925 442 3120 493 autem
3151 438 3292 509 quid
3326 440 3421 508 sit,
3443 445 3544 498 tua

1901 524 2221 595 imperialis
2244 524 2478 581 claritas
2498 526 2736 582 omnino
2796 525 2987 582 novit:
3049 526 3193 581 illud
3233 528 3546 598 nimirum,

1900 613 2051 682 quod
2079 613 2294 668 Christi
2317 631 2423 669 vox
2443 614 2694 686 praetulit
2725 619 2776 669 et
2799 614 3174 686 praeminere
3203 616 3385 672 voluit
3413 619 3542 673 uni-

1901 701 2103 766 versis,
2137 706 2194 756 et
2224 703 2592 774 subsequens
2621 702 2883 758 Ecclesiae
2916 705 3126 775 pietas,
3158 707 3214 759 et
3255 705 3545 777 generalis

1899 795 2238 844 sanctorum
2258 791 2494 846 Patrum
2517 808 2839 847 consensus
2849 792 3071 864 jugiter
3096 793 3382 850 hactenus
3401 795 3546 851 cele-

1898 877 2102 932 bravit.
2136 878 2316 948 Cujus
2345 879 2734 934 venerabilem
2766 880 2972 936 faciem
3004 885 3066 936 tu
3098 898 3290 954 qoque
3319 883 3542 940 uohon-

1899 964 2125 1021 riﬁcare
2156 967 2443 1037 disponis,
2478 985 2591 1022 non
2613 969 2876 1040 ingratus
2901 968 2984 1023 illi
3013 986 3139 1040 qua
3162 975 3330 1027 tuum
3371 973 3541 1030 verti-

1897 1069 2021 1108 cem
2053 1053 2383 1110 diademate
2414 1055 2626 1110 terreni
2659 1056 3022 1128 principatus
3073 1059 3344 1116 decenter
3391 1061 3536 1117 insi-

1898 1141 2102 1212 gnivit,
2135 1147 2192 1196 et
2222 1144 2591 1198 tremendum
2633 1150 2690 1199 et
2719 1147 3038 1201 amandum
3071 1149 3301 1220 populis
3331 1151 3542 1219 effecit,

1897 1234 1972 1295 et,
2009 1235 2072 1284 ut
2102 1231 2159 1284 in
2195 1231 2619 1302 sempiternum
2644 1249 2870 1304 regnes,
2889 1234 3543 1309 chrismateadoptionis

1897 1318 2146 1374 inunxit.
2182 1319 2400 1390 Nempe
2431 1320 2558 1391 ipsa
2587 1321 2828 1392 antiqua
2849 1327 2905 1376 et
2924 1323 3050 1392 jam
3086 1326 3327 1381 emerita
3365 1327 3547 1384 Roma

1895 1405 2064 1461 illum
2089 1407 2344 1478 primum
2368 1409 2801 1464 nobilissimum
2817 1415 2873 1465 et
2890 1409 3548 1482 religiosissimumCon-

1897 1496 2247 1562 stantinum,
2280 1498 2450 1568 cujus
2480 1497 2821 1570 genealogis
2849 1499 3120 1571 gloriaris
3179 1505 3235 1556 et
3288 1504 3547 1574 potentia

1897 1584 2311 1656 magniﬁcaris,
2346 1588 2634 1658 cujusque
2648 1588 2717 1642 de
2743 1587 2978 1643 nomine
2999 1587 3215 1644 dictam
3239 1591 3446 1648 urbem
3469 1592 3548 1649 fa;

1897 1688 2122 1728 mosam
2151 1673 2302 1745 regis
2333 1675 2731 1746 temporaliter
2763 1676 2968 1745 edidit,
3001 1678 3260 1747 nutrivit,
3289 1681 3548 1750 provexit

1899 1765 1954 1816 et
1975 1777 2152 1832 super
2179 1779 2382 1818 omnes
2414 1763 2689 1819 mortales
2711 1765 3034 1834 constituit,
3062 1783 3166 1822 nec
3184 1784 3217 1822 a
3242 1769 3542 1828 beneﬁciis

1898 1850 2143 1906 cessavit
2171 1851 2353 1906 donec
2383 1853 2654 1907 eumdem
2685 1854 2881 1909 aterni
2915 1854 3077 1926 regni
3119 1855 3304 1926 gloria
3333 1874 3539 1914 cumu-

1896 1938 2052 1994 lavit.
2089 1939 2249 1994 Unde
2276 1940 2627 1996 multimoda
2655 1943 2976 2014 gratiarum
3009 1943 3234 2000 actione
3254 1948 3419 2001 tuam
3439 1962 3536 2002 ex-

1895 2027 2241 2096 cellentiam,
2274 2028 2694 2100 gloriosissime
2742 2030 2847 2098 ﬁli,
2897 2032 3349 2103 magniﬁcando,
3374 2038 3536 2092 tanto

1894 2117 2104 2187 majori
2127 2134 2303 2188 super
2323 2123 2423 2173 tua
2440 2119 2742 2174 devotione
2764 2125 2820 2174 et
2832 2121 3224 2193 recognitione
3244 2122 3540 2195 replemur

1892 2206 2128 2276 gaudio,
2148 2211 2368 2277 quanto
2391 2207 2681 2278 cOpiosior
2701 2209 3028 2264 animarum
3049 2227 3331 2268 numerus
3348 2229 3417 2269 ex
3436 2216 3536 2270 tuo

1893 2293 2178 2363 regimine
2208 2295 2422 2365 pendet
2450 2300 2669 2367 tuoque
2699 2295 2971 2352 innititur
2999 2299 3284 2371 exemplo.
3317 2300 3388 2356 Et
3408 2301 3538 2358 ideo

1891 2397 2006 2436 non
2057 2398 2359 2438 cessamus
2409 2400 2574 2440 orare
2633 2401 3005 2442 communem
3057 2387 3394 2458 Dominum,
3437 2380 3542 2462 per

1891 2487 2065 2540 quem
2096 2487 2261 2543 reges
2292 2477 2539 2543 regnant
2577 2477 2633 2528 et
2681 2473 2971 2546 principes
3007 2476 3175 2546 justa
3217 2463 3540 2534 decernunt

1889 2560 2069 2627 (Prov.
2091 2562 2234 2631 vui),
2257 2561 2398 2615 utin
2424 2578 2530 2616 suo
2554 2561 2918 2634 beneplacito
2937 2566 2994 2619 te
3011 2569 3313 2622 conservet
3328 2565 3538 2638 longa-

1888 2665 2048 2712 vum,
2080 2653 2138 2703 et
2169 2648 2458 2720 compleat
2489 2649 2546 2704 in
2568 2650 2738 2707 bonis
2761 2651 3118 2708 desiderium
3141 2660 3332 2710 tuum.
3357 2655 3535 2714 Porro

1887 2751 1992 2806 ego
2015 2735 2140 2807 ipse
2163 2736 2590 2808 qualiscunque
2612 2738 2941 2810 apostolica
2959 2739 3212 2798 vicarius
3233 2742 3408 2811 sedis,
3429 2759 3534 2816 pro

1887 2823 2124 2879 modulo
2144 2823 2493 2881 humilitatis
2511 2842 2650 2882 mea
2670 2830 2727 2882 et
2744 2827 3156 2898 possibilitatis
3172 2830 3444 2904 supplere
3455 2830 3532 2889 Ia-

1885 2912 2099 2968 borans
2118 2912 2300 2968 vicem
2321 2913 2463 2969 mihi
2484 2914 2811 2972 commissa
2827 2916 3306 2989 dispensationis,
3324 2935 3529 2978 secun-

1884 3001 2023 3056 dum
2057 3001 2394 3074 deiloquum
2426 3003 2671 3059 Paulum
2697 3022 2708 3058 :
2739 3005 2827 3062 Vae
2853 3007 2996 3062 mihi
3025 3012 3123 3076 est,
3150 3010 3202 3063 si
3229 3023 3339 3065 non
3365 3024 3525 3065 evan-

124 3097 424 3155 meliorari
444 3095 832 3152 conﬁdamus.
868 3097 950 3150 Tu
969 3095 1128 3150 enim
1149 3105 1276 3166 post
1304 3093 1769 3165 nimiumlongas
1798 3081 1842 3150 C
1877 3090 2226 3164 gelizavero:
2260 3094 2548 3147 necessitas
2591 3096 2741 3148 enim
2789 3095 2934 3150 mihi
2978 3097 3246 3152 incumbit
3270 3100 3523 3154 maxime

121 3190 174 3242 et
202 3185 571 3259 perniciosas
584 3183 925 3252 discordias,
955 3183 1182 3255 primus
1199 3183 1360 3254 pacis
1381 3187 1437 3238 et
1450 3183 1770 3238 concordia

1882 3181 1930 3252 (Ι
1961 3181 2079 3235 Cor.
2125 3183 2223 3250 Ix),
2265 3182 2523 3253 posituro
2556 3183 2837 3238 rationem
2894 3189 3106 3241 aterno
3155 3189 3212 3240 et
3258 3185 3524 3244 districto

122 3275 406 3339 monitor,
437 3272 684 3345 portitor
711 3276 769 3327 et
790 3275 1094 3342 exoptatus
1123 3277 1354 3327 exactor
1390 3271 1658 3336 efﬁceris,
1719 3276 1778 3328 et
1875 3270 2084 3340 judici,
2119 3276 2351 3341 propter
2382 3271 2557 3326 unius
2590 3273 2846 3344 regimen
2874 3272 3164 3341 Ecclesia,
3187 3291 3256 3330 ex
3284 3275 3405 3346 [hoc
3423 3284 3522 3344 est,

122 3364 412 3434 cumipso
433 3377 569 3416 vase
598 3359 902 3415 electionis
962 3358 1294 3414 humillimo
1357 3359 1534 3414 Paulo
1587 3360 1776 3415 dicere

122 3452 344 3508 videris
363 3466 376 3505 :
399 3457 508 3505 Pro
531 3449 744 3505 Christo
762 3448 1034 3516 legatione
1049 3449 1358 3519 fungentes,
1383 3452 1648 3519 tanquam
1665 3453 1779 3504 Deo

125 3542 467 3596 exhortante
481 3554 576 3610 per
590 3554 709 3602 nos,
733 3538 1092 3604 obsecramus,
1113 3538 1552 3593 reconciliamini
1559 3543 1782 3610 propter

127 3647 251 3685 eum
277 3629 363 3700 (ΙΙ
393 3627 514 3682 Cor.
546 3626 603 3696 ν)
633 3627 729 3696 qui
756 3628 833 3680 est
856 3642 973 3696 pax
995 3629 1203 3694 nostra,
1237 3627 1332 3696 qui
1359 3626 1502 3698 facit
1553 3635 1783 3698 utraque

127 3735 306 3774 unum
346 3715 560 3786 (Ephes.
592 3717 678 3782 ιι).
715 3714 941 3768 Etenim
971 3713 1128 3768 velut
1159 3713 1431 3785 religiosa
1460 3719 1517 3769 et
1542 3715 1783 3788 egregia

127 3805 354 3862 indolis
387 3802 599 3875 proles,
635 3802 888 3874 gemitus
917 3803 1086 3857 matri
1141 3807 1254 3856 tua
1311 3819 1424 3858 non
1482 3802 1784 3860 oblivisce-

134 3897 250 3952 ris:
282 3909 404 3950 nec
432 3891 940 3959 contemnendam,
968 3890 1107 3962 quia
1162 3891 1374 3957 senuit,
1435 3892 1535 3946 sed
1593 3891 1789 3963 potius

135 3981 519 4041 reverendam
543 3979 870 4047 arbitraris,
891 3983 1066 4050 atque
1089 3978 1277 4050 plenis
1308 3979 1590 4035 cbaritate
1618 3979 1792 4036 visce-

137 4073 330 4137 ribus,
355 4070 430 4127 ad
461 4085 589 4124 eam
621 4068 810 4125 redire
842 4067 1163 4134 meditaris,
1190 4072 1254 4122 ut
1298 4068 1399 4124 uni
1421 4068 1538 4124 Deo
1567 4067 1792 4124 etPatri

142 4161 412 4217 omnium
442 4161 601 4213 tanto
625 4157 736 4232 ﬁas,
764 4155 996 4212 cbarior
1033 4161 1089 4211 et
1118 4156 1519 4228 propinquior,
1573 4163 1794 4228 quanto

144 4243 662 4320 eidem-principali
697 4243 868 4299 matri
909 4243 1215 4315 benignior
1271 4248 1446 4315 atque
1499 4243 1793 4300 humilior.

146 4337 343 4408 Neque
375 4335 536 4391 enim
557 4339 722 4389 tuam
746 4332 1116 4404 prudentiam
1148 4331 1311 4400 latet,
1347 4333 1501 4403 quod
1522 4333 1583 4387 in
1613 4332 1798 4389 Eccle-

1885 3358 1976 3431 de]
2009 3359 2275 3413 omnium
2297 3359 2673 3414 ecclesiarum
2699 3360 2925 3416 merito.
2951 3361 3056 3416 Illa
3079 3377 3214 3433 ergo
3237 3362 3522 3420 sollicitu-

1888 3448 2042 3514 dine,
2105 3464 2220 3518 qua
2277 3447 2552 3502 omnibus
2624 3446 2899 3503 Ecclesiis
2964 3449 3144 3504 debeo
3201 3449 3528 3523 invigilare,

1887 3536 2090 3592 videns
2106 3534 2600 3606 indisciplinatam
2619 3541 2675 3590 et
2693 3536 2940 3592 alienam
2954 3537 3526 3608 gentemincredihili

1891 3628 1948 3681 et
1975 3623 2238 3682 inaudita
2269 3624 2448 3690 rabie,
2501 3629 2558 3679 et
2608 3622 2922 3696 plusquam
2971 3626 3529 3698 paganaimpietate

1893 3715 2171 3769 adversus
2189 3711 2476 3767 Ecclesias
2489 3712 2588 3767 Dei
2610 3714 2911 3784 insurgere
2928 3713 3147 3785 passim
3158 3714 3536 3781 ,Christianos

1894 3802 2207 3868 trucidare,
2241 3805 2298 3856 et
2348 3799 2663 3856 nonnullos
2695 3801 2859 3856 novis
2890 3801 3388 3876 horribilibusque
3417 3809 3542 3860 tor-

1898 3891 2111 3947 mentis
2142 3906 2328 3961 usque
2361 3889 2431 3944 ad
2464 3889 2846 3944 defectionem
2884 3889 3091 3946 anima
3123 3891 3398 3963 afﬂigere,
3433 3907 3540 3950 nec

1899 3980 2129 4048 infanti,
2163 3983 2264 4034 aut
2294 3977 2558 4044 seni,seu
2591 3977 2849 4034 feminea
2880 3977 3181 4051 fragilitati
3211 3979 3406 4051 aliquo
3437 3981 3543 4038 hu-

1901 4067 2205 4125 manitatis
2235 4072 2500 4139 respectu
2542 4083 2794 4138 parcere,
2848 4083 2953 4123 nec
3004 4068 3156 4123 inter
3185 4073 3456 4125 sanctum
3485 4071 3546 4125 et

1904 4158 2212 4230 profanum
2245 4155 2504 4227 aliquam
2555 4155 2895 4213 distantiam
2934 4156 3169 4228 habere,
3207 4165 3544 4215 sanctorum

1904 4245 2178 4302 basilicas
2207 4244 2478 4317 spoliare,
2507 4244 2838 4312 incendere,
2897 4251 2953 4302 et
3010 4247 3081 4301 ad
3131 4247 3324 4304 solum
3354 4259 3546 4320 usque

1906 4335 2173 4403 diruere;
2225 4334 2548 4406 sapissime
2601 4336 3037 4406 perversitatem
3077 4337 3207 4408 ejus
3249 4337 3548 4409 redargui,

149 4426 386 4482 siastico
419 4423 639 4512 habent
671 4438 683 4476 :
716 4421 1026 4476 Benedictio
1049 4422 1232 4491 patris
1261 4421 1445 4512 ﬁrmat
1496 4421 1679 4478 domos
1734 4425 1798 4494 ﬁ-
1831 4449 1875 4512 D
1909 4422 2224 4494 obsecravi,
2300 4423 2628 4512 praedicavi,
2703 4428 3026 4496 Opportune
3097 4426 3551 4499 importuneque

153 4515 355 4570 liorum
378 4531 398 4567 :
429 4511 742 4567 maledictio
759 4513 944 4565 autem
958 4512 1152 4565 matris
1167 4511 1422 4566 eradicat
1445 4511 1805 4581 [undamenta
1832 4511 1854 4512 ἡ
1913 4512 2122 4577 institi,
2146 4516 2426 4566 terrorem
2449 4511 2654 4566 divinae
2677 4517 2732 4567 et
2752 4513 3023 4569 humana
3046 4515 3310 4571 vindicta
3331 4515 3558 4580 denun-

153 4603 374 4671 (Ecctes.
409 4604 518 4669 III).
551 4600 619 4654 Et
648 4599 793 4654 illud
820 4616 832 4653 :
861 4600 938 4654 Ne
966 4597 1215 4654 dimittas
1249 4601 1417 4670 legem
1451 4603 1646 4656 matris
1676 4609 1802 4669 tua,

156 4692 262 4762 liga
291 4709 418 4747 eam
450 4692 512 4745 in
540 4689 698 4745 corde
727 4691 818 4744 tuo
841 4689 1059 4760 jugiter
1090 4689 1275 4759 (Prov.
1313 4689 1373 4759 1).
1436 4691 1554 4753 Que
1606 4689 1806 4761 utique

156 4779 460 4850 proverbia
490 4776 681 4849 magis
695 4782 904 4832 curant
920 4775 1091 4832 nobis
1114 4777 1528 4832 commendare
1562 4783 1808 4833 matrem

157 4885 280 4939 qua
310 4869 386 4924 ad
407 4871 683 4924 aternam
710 4866 893 4920 vitam
926 4881 1032 4920 nos
1056 4869 1295 4937 generat
1315 4870 1372 4920 ct
1392 4866 1605 4933 erudit,
1633 4884 1808 4938 quam

156 4956 317 5012 illam
351 4973 483 5028 quae
513 4956 584 5010 ad
619 4959 866 5009 mortem
902 4954 1074 5025 parit,
1111 4957 1168 5010 et
1195 4953 1511 5009 carnaliter
1542 4953 1737 5027 diligit
1757 4961 1815 5011 et

158 5045 414 5100 instruit.
449 5044 553 5098 Cui
583 5043 694 5100 nisi
728 5043 828 5098 illa
851 5042 1224 5110 successerit,
1262 5047 1324 5097 ut
1349 5049 1810 5114 regeneretetre-

159 5133 368 5202 foveat,
402 5133 515 5188 ista
545 5132 744 5204 procul
778 5131 956 5186 dubio
989 5131 1262 5187 secunda
1293 5131 1468 5186 morti
1501 5130 1654 5187 ﬁlios
1675 5150 1814 5188 suos

160 5221 437 5277 destinat.
470 5221 646 5276 Porro
672 5221 794 5276 hac
829 5219 1118 5276 catholica
1146 5228 1332 5275 maler
1372 5223 1429 5274 et
1481 5221 1816 5293 incorrupta

159 5310 344 5382 virgo,
377 5311 646 5382 quamvis
679 5325 916 5366 omnem
949 5315 1167 5365 terram
1201 5313 1257 5365 et
1287 5309 1435 5363 ﬁnes
1466 5309 1622 5364 orbis
1654 5327 1843 5385 occu-_

160 5399 382 5470 paverit
398 5398 680 5456 membris
693 5399 822 5456 suis
837 5403 896 5456 et
905 5398 1431 5472 repleverit,tamen
1447 5414 1628 5453 unum
1644 5405 1820 5471 caput

158 5487 433 5548 omnibus
453 5489 850 5546 reverendam»
862 5493 920 5545 et
936 5487 1381 5563 suspiciendum
1403 5486 1585 5547 exerit
1599 5490 1655 5545 et
1669 5505 1816 5564 pra-

480 5617 747 5682 PATBOL.
794 5614 1054 5684 CXLIII.
1089 5613 1092 5618 ’

1913 4601 2071 4657 tiavi.
2100 4600 2210 4654 Sed
2243 4599 2382 4670 quia
2406 4599 2650 4672 Sapiens
2697 4601 2810 4656 ait:
2859 4603 3042 4670 Nemo,
3086 4607 3257 4675 potest
3285 4605 3558 4674 corrigere

1914 4707 2073 4763 quem
2126 4689 2266 4743 Deus
2324 4688 2644 4760 despexerit,
2716 4693 2765 4743 et
2821 4691 3020 4746 stultus
3083 4708 3195 4747 non
3260 4691 3560 4760 corrigitur

1917 4779 2142 4850 (Eccles.
2169 4777 2266 4847 vn)
2294 4794 2304 4831 :
2333 4779 2473 4832 adeo
2495 4777 2780 4834 obdurata
2799 4782 2856 4832 et
2875 4779 3171 4834 obstinata
3189 4779 3315 4848 ejus
3332 4778 3560 4835 malitia

1919 4866 2263 4940 permansit,
2297 4868 2362 4920 ut
2390 4866 2459 4920 de
2488 4865 2580 4918 die
2625 4866 2682 4919 in
2728 4865 2880 4920 diem
2927 4867 3167 4923 adderet
3197 4867 3394 4938 pejora
3423 4876 3556 4938 pee-

1920 4957 2110 5012 simis.
2143 4954 2305 5010 Unde
2337 4970 2452 5008 non
2485 4956 2712 5007 tantum
2743 4954 3026 5009 exteriora
3046 4955 3200 5011 bona
3221 4971 3324 5026 pro
3345 4952 3558 5012 libera-

1919 5047 2075 5101 tione
2105 5043 2294 5098 ovium
2319 5041 2531 5098 Christi
2565 5041 2806 5112 cupiens
2838 5042 3193 5113 impendere,
3223 5042 3322 5099 sed
3354 5058 3559 5116 super-

1922 5131 2182 5204 impendi
2214 5133 2338 5203 ipse
2372 5135 2704 5203 peroptans,
2737 5129 2926 5186 visum
2971 5135 3059 5186 est
3106 5131 3249 5187 mihi
3291 5132 3364 5188 ad
3395 5132 3562 5190 testi-

1925 5220 2186 5277 monium
2219 5220 2490 5292 nequitia
2523 5236 2746 5289 eorum,
2791 5218 2898 5288 vel,
2950 5220 3000 5275 si
3031 5221 3114 5276 sic
3143 5221 3455 5295 expediret,
3487 5219 3563 5280 ad

1925 5310 2349 5381 repressionem
2379 5309 2780 5377 contumacia,
2815 5309 3134 5366 humanam
3165 5311 3566 5369 defensionem

1927 5417 1960 5454 u
1973 5416 2006 5453 η
2021 5398 2091 5453 de
2105 5413 2335 5468 cunque
2347 5397 2754 5454 attrahendam
2767 5398 3160 5468 fore,audiens
3178 5399 3249 5457 ab
3264 5401 3566 5476 Apostolo,

1927 5484 2220 5566 principes
2251 5502 2366 5544 non
2398 5484 2523 5542 sine
2553 5501 2732 5544 causa
2760 5485 3020 5561 gladium
3053 5495 3306 5565 portare,
3331 5493 3430 5552 sed
3456 5489 3570 5552 mi-

3168 5621 3249 5680 25
