3974 6206
122 358 235 428 781

1050 358 1456 427 EPISTOLIE
1500 356 1598 427 ET
1640 361 2086 428 DIPLOMA'I‘A
2135 357 2610 429 PONTIFICIA.

3411 374 3551 438 782·

124 499 361 555 Domini
395 497 578 555 nostri
607 487 746 554 Jesu
769 495 1199 562 Christi,Pater
1221 496 1775 563 misericordiarum,
1809 505 1860 570 Α
1961 500 2127 570 Apud
2164 517 2268 555 nos
2301 517 2402 555 nec
2453 500 2523 556 ad
2574 500 3031 558 subdiaconatus
3066 504 3313 576 gradum
3368 506 3531 578 quis-

125 594 180 643 ct
204 588 359 643 Deus
379 587 558 643 totius
582 584 1067 656 consolationis(l
1090 584 1281 653 Com),
1313 586 1586 657 dignetur
1615 590 1776 641 tuam

124 675 527 732 excellentiam
547 675 892 731 benedicere
913 674 1070 729 omni
1087 674 1488 730 benedictione
1513 677 1782 746 spiritua-

120 764 161 819 li
188 764 526 837 repleatque
547 763 706 820 omni
729 761 943 836 gaudio
965 766 1022 816 et
1042 767 1279 833 pace,ut
1300 762 1358 817 in
1382 764 1650 835 praesenti
1674 781 1777 819 saa-

123 854 256 908 culo
305 869 410 925 per
463 849 637 925 longa
665 855 931 923 tempora
978 849 1222 906 feliciter
1264 851 1605 917 domineris,
1634 861 1689 907 et
1719 852 1778 907 in

123 944 322 998 futuro
360 940 488 997 sine
520 941 637 996 fine
672 956 806 996 cum
838 940 991 1011 Rege
1021 954 1224 1011 regum
1250 942 1307 994 et
1326 939 1572 996 Domino
1603 942 1781 996 domi-

127 1031 400 1086 nantium
432 1045 612 1103 regno
642 1027 921 1085 caelorum
954 1027 1119 1083 beate
1150 1028 1488 1099 perfruaris,
1530 1029 1778 1085 honora-

124 1119 263 1175 bilis
293 1124 351 1175 et
380 1115 785 1174 desiderabilis
817 1115 986 1171 nobis
1016 1116 1076 1171 in
1111 1115 1450 1184 Christoﬁli
1481 1120 1539 1173 et
1566 1116 1778 1190 glorio-

125 1225 189 1265 se
222 1211 506 1279 Auguste.
541 1208 740 1263 Amen.

882 1294 1018 1350 CIV.

126 1388 185 1443 S.
222 1386 328 1441 Leo
356 1386 684 1440 monasterii
727 1384 783 1440 S.
836 1383 1132 1440 Saluatoris
1177 1386 1226 1437 et
1276 1384 1331 1439 S.
1381 1384 1573 1441 Maria:
1614 1386 1778 1440 Nie-n-

202 1458 486 1526 burgensis
511 1457 869 1525 possessiones
892 1456 943 1510 et
969 1455 1284 1527 privilegia,
1303 1459 1531 1523 rogante
1546 1457 1779 1512 Albuino

197 1529 414 1597 abbate,
446 1544 603 1599 «pro
632 1528 733 1599 Dei
754 1543 947 1582 amore
975 1534 1030 1599 et
1051 1527 1312 1599 petitione
1357 1527 1536 1597 ﬁdelis
1565 1529 1656 1583 sui
1685 1529 1777 1583 Ri-

199 1600 376 1672 cherii
401 1597 619 1672 abbatis
651 1597 1007 1672 (casinensis)
1034 1597 1197 1672 atque
1234 1598 1631 1654 interventione
1675 1600 1777 1672 Eg-

202 1614 373 1654 cneru
403 1614 619 1654 abbatis
651 1614 1007 1670 (cannensis)
1034 1614 1091 1652 at
1132 1614 1197 1651 ue
1234 1615 1281 1651 in

202 1671 342 1727 berti
368 1669 651 1726 Fuldensis
674 1670 888 1725 abbatis
917 1692 943 1719 »
973 1614 1281 1739 conftgrmat.

751 1757 941 1829 (Anno
972 1757 1156 1829 4054.)

126 1846 1118 1938 (Kent.(tandemtandem,
1152 1847 1345 1938 ρλιέ
1366 1846 1780 1938 “statstat?
1810 1873 1856 1938 B

199 1920 441 1991 Regestis
466 1920 812 1992 PanisRom.
848 1935 902 1991 p.
937 1918 1061 1973 379.
1097 1918 1167 1958 -έ
1193 1918 1376 1991 Incip.
1422 1935 1435 1974 :
1484 1918 1546 1974 Si
1572 1934 1783 1992 semper

198 1990 331 2048 sunt
356 1990 753 2060 concedenda.]

891 2078 1002 2134 CV.

128 2172 186 2225 S.
218 2171 320 2226 Leo
356 2169 628 2225 Albuvino
674 2167 864 2223 abbati
910 2168 965 2222 S.
1019 2168 1211 2224 Mariae
1257 2168 1683 2239 Nienburgensis
1730 2173 1783 2224 et

198 2244 324 2313 ejus
352 2239 749 2296 successoribus
783 2260 811 2288 ‹‹
838 2253 939 2310 pro
963 2240 1224 2310 petitione
1252 2238 1781 2306 Rieherii,(.‘asinen-

198 2315 280 2367 sis
308 2312 500 2368 Montis
526 2311 758 2376 abbatis,
790 2331 818 2360 ››
852 2309 956 2381 (Ci.
1009 2309 1276 2378 Leoonis,
1320 2310 1515 2366 Chron.
1546 2315 1778 2367 monast.

198 2329 280 2367 81$
308 2327 500 2368 montis
526 2327 758 2376 αυοαιιδ,
790 2331 818 2360 ››
852 2327 956 2381 (ω.
1011 2327 1276 2378 μεοοηιε,
1320 2327 1515 2366 chron.
1546 2327 1778 2367 monast.

204 2383 394 2438 Casia.
445 2398 503 2455 p.
550 2383 693 2455 7686),
724 2379 964 2455 concedit
1002 2383 1203 2455 utrini
1218 2382 1581 2455 procurandis
1606 2384 1779 2455 sacris

199 2459 433 2510 utantur
447 2451 772 2526 dalmaticis
800 2457 853 2526 et
880 2451 1143 2508 sandalis.
1175 2451 1282 2508 Pro
1306 2470 1398 2510 an.
1435 2454 1572 2526 1048
1602 2454 1779 2526 legen-

196 2526 332 2581 dum
354 2541 470 2582 esse
500 2542 594 2581 an.
629 2525 766 2579 1054
797 2523 989 2579 docent
1008 2540 1102 2579 an.
1132 2533 1349 2597 pontm
1372 2529 1425 2580 et
1454 2523 1779 2597 indict.v11.)

120 2615 509 2687 [Beckmann,
540 2613 777 2687 Historie
803 2612 1339 2687 des_Furstenthums
1372 2613 1594 2687 Anhalt,
1631 2618 1778 2669 teste

194 2686 368 2755 Jati'e,
418 2687 629 2754 Regest.
681 2685 839 2757 Pont.
893 2684 1041 2739 Rom.
1089 2702 1146 2756 p.
1198 2685 1323 2740 379.
1356 2716 1423 2725 —
1454 2686 1631 2757 Incip.
1672 2702 1684 2740 :
1719 2687 1781 2741 Si

193 2766 441 2830 pastores
470 2755 701 2826 ovium]

837 2844 927 2900 CV
965 2847 1065 2902 bis.

114 2938 172 2993 S.
228 2937 338 2993 Leo
378 2938 445 2992 IX
487 2936 553 2991 de
602 2935 934 2990 clericorum
980 2935 1308 2990 castimonia
1355 2935 1545 2990 scribit
1590 2943 1779 2991 contra

279 3009 570 3080 epistolam
600 3008 805 3063 Nicetes
831 3006 1047 3061 abbatis
1074 3008 1397 3062 monasterii
1422 3007 1623 3063 Studii.

772 3095 1138 3167 Fragmenta.

544 3184 776 3256 [Mansi,
806 3183 1010 3240 Concil.
1046 3182 1188 3252 XIX,
1219 3184 1369 3254 696.]

1892 604 2066 659 quam
2127 589 2477 656 admittitur,
2524 590 2635 645 nisi
2693 595 3030 664 perpetuam
3088 594 3534 666 continentiam,

1889 676 2063 731 etiam
2115 693 2149 732 a
2194 678 2433 750 propria
2479 680 2745 751 conjuge,
2806 682 3181 753 profiteatur;
3240 699 3347 739 nec
3402 687 3537 755 post

1887 765 2134 835 gradum
2167 766 2441 838 cuiquam
2473 766 2682 825 ducere
2712 785 2950 827 uxorem
2981 772 3335 828 conceditur.

2264 901 2364 954 Leo
2394 902 2460 955 IX
2487 903 2547 956 in
2573 903 2803 974 epistola
2831 921 2939 976 qua
2966 922 3155 978 supra.

1958 1004 2229 1060 Seriatim
2287 1010 2343 1061 et
2389 1011 2585 1078 aperte
2632 1011 3009 1081 prosequitur
3053 1014 3207 1084 quod
3255 1014 3314 1069 S.
3365 1014 3433 1070 R.
3467 1014 3534 1072 E.

1888 1092 2063 1148 etiam
2096 1093 2153 1148 in
2184 1094 2468 1165 gradibus
2498 1095 2840 1153 clericorum
2890 1100 3036 1172 agit;
3080 1100 3320 1159 clericos
3348 1102 3532 1174 enim,

1889 1180 2182 1248 ostiarios,
2238 1181 2503 1251 lectores,
2563 1185 2897 1255 exorcistas,
2957 1187 3255 1261 acolythos
3285 1192 3336 1247 si
3374 1196 3536 1249 extra

1888 1270 2173 1328 vomitum
2210 1274 2269 1341 [/.
2291 1263 2551 1341 solitum]
2572 1276 2630 1328 et
2649 1272 2915 1330 habitum
2942 1277 3213 1332 monachi
3230 1280 3536 1337 invenian-

1886 1362 2067 1427 tur,et
2097 1358 2514 1414 continentiam
2546 1362 2802 1431 profiteri
2836 1363 3305 1432 nolunt,uxorem
3325 1367 3536 1425 ducere

1887 1446 2172 1520 virginem
2206 1465 2338 1503 cum
2371 1448 2776 1506 benedictione
2823 1453 3167 1509 sacerdotali
3210 1454 3533 1526 permittit;

1888 1554 2003 1592 non
2036 1542 2230 1592 autem
2262 1536 2498 1593 viduam
2547 1540 2953 1611 repudiatam;
3003 1542 3102 1614 qui
3141 1547 3379 1616 propter
3424 1542 3537 1601 hoc

1888 1624 2161 1697 deinceps
2194 1642 2299 1681 nec
2330 1626 2400 1681 ad
2432 1627 2920 1685 subdiaconatum
2942 1632 3269 1702 promoveri
3296 1632 3533 1704 poterit,

1889 1731 1994 1771 nec
2026 1713 2211 1771 laicus
2241 1732 2356 1771 non
2385 1716 2672 1789 virginem
2702 1718 2945 1776 sortitus
2975 1726 3348 1791 uxorem,aut
3369 1722 3534 1797 biga-

1889 1819 2023 1859 mus
2053 1803 2124 1859 ad
2157 1803 2518 1861 clericatum.
2554 1806 2718 1870 Quod
2749 1806 2798 1863 si
2830 1808 2964 1879 quis
2993 1826 3062 1865 ex
3089 1810 3347 1882 praefatis
3376 1812 3534 1869 ordi-

1887 1893 2064 1950 nibus
2094 1893 2385 1951 desiderat
2419 1896 2488 1950 ad
2522 1896 3010 1954 subdiaconatum
3050 1899 3384 1971 ascendere,
3417 1916 3535 1959 non

1892 1987 2082 2054 potest
2113 1982 2238 2039 sine
2267 2000 2557 2041 consensu
2591 1985 2789 2042 uxoris
2820 2003 2961 2054 suae,
2993 1991 3059 2043 ut
3084 1987 3156 2045 de
3184 1987 3402 2045 carnali
3435 1989 3541 2047 ﬁat

1890 2072 2162 2145 deinceps
2192 2074 2531 2145 conjugium
2564 2073 3135 2149 spirituale,cogente
3156 2092 3257 2134 eos
3277 2077 3537 2135 nemine.

1890 2161 2005 2217 Nec
2031 2162 2393 2233 permittitur
2422 2167 2625 2235 postea
2657 2180 2803 2219 uxor
2830 2164 3061 2238 injungi
3091 2166 3294 2223 eodem
3326 2167 3537 2224 marito

1889 2266 1997 2305 suo
2028 2249 2357 2318 carnaliter,
2392 2268 2495 2306 nec
2525 2252 2800 2324 cuiquam
2831 2254 3051 2311 nubere
3074 2254 3435 2327 permittitur
3474 2255 3537 2313 in

1888 2338 2025 2409 vita,
2059 2344 2159 2394 aut
2190 2343 2320 2411 post
2345 2342 2589 2396 mortem
2621 2339 2808 2399 illius.

2515 2455 2662 2511 Idem
2690 2456 2910 2513 ibidem.

1959 2561 2209 2617 Omnino
2227 2562 2577 2618 conﬁtemur
2596 2579 2710 2618 non
2733 2562 2905 2621 licere
2921 2565 3212 2640 episcopo,
3236 2568 3532 2641 presbyte-

1888 2649 2610 2716 ro,diacono,subdiacono
2632 2653 2926 2725 propriam
2943 2671 3199 2720 ,uxorem
3213 2673 3391 2714 causa
3410 2656 3539 2713 reli-

1887 2736 2078 2809 gionis
2109 2738 2359 2811 abjicere
2392 2757 2424 2794 a
2455 2756 2595 2796 cura
2639 2758 2765 2809 sua,
2800 2742 3023 2800 scilicet
3054 2749 3120 2801 ut
3148 2746 3199 2802 ei
3230 2746 3449 2803 victum
3480 2749 3540 2803 et

1888 2827 2159 2883 vestitum
2190 2826 2493 2899 largiatur,
2517 2830 2617 2885 sed
2641 2847 2755 2886 non
2780 2835 2846 2888 ut
2865 2850 2998 2889 cum
3021 2833 3122 2891 illa
3143 2851 3211 2891 ex
3232 2851 3391 2892 more
3410 2851 3537 2892 car-

1890 2915 2099 2971 naliter
2118 2916 2433 2987 jaceat.Sic
2463 2918 2563 2974 SS.
2598 2919 2895 2991 apostolos
2943 2921 3196 2996 legimus
3225 2924 3435 2998 egisse,
3468 2924 3536 2981 B.

1886 3004 2065 3059 Paulo
2099 3004 2361 3077 apostolo
2384 3006 2612 3063 dicente
2637 3024 2650 3063 :
2676 3010 2939 3081 Nunquid
2983 3027 3095 3070 non
3144 3013 3399 3069 habemus
3434 3028 3534 3085 po-

1885 3098 2128 3149 testatem
2156 3110 2394 3150 sororem
2420 3096 2713 3153 mulierem
2740 3099 3186 3158 circumducendi
3212 3104 3358 3158 sicut
3374 3103 3434 3159 F.
3467 3102 3532 3158 ι).

1889 3191 1939 3237 et
1971 3183 2216 3254 Ccphas?
2243 3182 2407 3251 Vide,
2440 3184 2748 3257 insipiens,
2781 3188 2935 3260 quod
2986 3206 3102 3245 non
3152 3189 3295 3246 dixit
3327 3206 3342 3246 :
3375 3190 3537 3248 Nun-

177 3274 512 3334 Clementis
545 3249 658 3331 .lib.
707 3249 770 3340 I,-
798 3273 948 3330 Petri
996 3249 1245 3345 apostoli
1294 3249 1662 3328 Itinerarium
1720 3276 1777 3328 et
1806 3249 1848 3316 (ἶ
1888 3249 2173 3343 quid-non
2223 3249 2511 3329 habemus
2542 3249 2888 3346 potestatem
2920 3294 3178 3334 sororem
3227 3279 3534 3336 mulierem

102 3367 390 3424 Canones
421 3361 820 3435 apostolorum
873 3365 1188 3417 numerant
1218 3360 1414 3417 Patres
1453 3361 1607 3417 inter
1637 3377 1773 3433 apo-

102 3453 364 3529 crypha,
397 3452 649 3525 exceptis
681 3466 809 3523 cap.
841 3451 933 3519 50,
970 3467 1117 3522 quos
1148 3450 1402 3506 decrevit
1440 3450 1777 3506 orthodoxis

104 3542 395 3617 adjungi.

1885 3358 2279 3431 amplexandi,
2310 3360 2409 3415 sed
2439 3363 2898 3432 circumducendi,
2918 3366 3144 3422 scilicet
3171 3372 3236 3423 ut
3264 3367 3531 3424 mercede

1885 3449 2311 3521 praedicationis
2331 3453 2760 3507 sustentaretur
2788 3453 2860 3508 ab
2887 3453 2992 3523 eis,
3018 3471 3122 3511 nec
3151 3458 3347 3512 tamen
3371 3457 3531 3513 dein-

1885 3554 2020 3611 ceps
2052 3538 2198 3594 foret
2226 3538 2380 3594 inter
2407 3555 2507 3595 eos
2535 3538 2783 3598 ulterius
2807 3541 3040 3599 carnale
3070 3543 3431 3617 conjugium.

1609 3702 2047 3791 SPURIA.

888 3880 1030 3939 CVI.

95 3974 293 4031 Bulla
322 3969 380 4027 S.
409 3970 609 4042 Leonis
633 3971 701 4027 IX
729 3971 789 4025 in
818 3986 928 4042 qua
955 3970 1198 4027 declarat
1224 3985 1280 4027 se
1307 3968 1582 4027 dedicasse
1620 3971 1783 4027 eccle-

169 4048 342 4102 siam
390 4041 577 4098 Sancti
626 4041 924 4114 Arnulphi,
957 4050 1009 4099 et
1055 4042 1229 4114 multa
1270 4042 1570 4113 privilegia
1599 4046 1784 4098 contu-

178 4120 329 4173 lisse
359 4114 549 4171 abbati
577 4118 629 4169 et
657 4112 927 4185 fratribus
950 4112 1194 4183 eiusdem
1224 4112 1565 4170 monasterii.

760 4221 947 4292 (Anno
982 4220 1167 4291 1049.)

153 4312 343 4387 [σαιι.
379 4310 579 4366 Christ.
614 4309 755 4379 XllI,
787 4310 917 4375 394,
948 4326 1017 4365 ex
1047 4309 1283 4366 archiva
1313 4309 1373 4366 S.
1403 4309 1737 4383 Arnulphi.]

1890 3879 1971 3937 ibi
2001 3879 2199 3936 divina
2235 3881 2457 3937 favente
2490 3880 2677 3955 gratia
2714 3884 2785 3939 ad
2826 3886 3244 3943 correctionem
3265 3886 3539 3960 perduxi-

1892 3970 2474 4038 mus,monasterium
2500 3971 2685 4026 sancti
2700 3972 3352 4046 Arnulphiconfessoris
3372 3974 3537 4033 Chri-

1893 4059 2202 4131 sti,quinto
2225 4059 2363 4115 Idus
2374 4060 2638 4116 Octobris
2653 4061 2881 4120 Christo
2898 4065 3540 4124 consecravimus.Huic

1894 4149 2078 4222 igitur
2106 4148 2374 4221 dignitati
2394 4148 2566 4205 aliam
2583 4149 2930 4223 dignitatem
2948 4154 3248 4227 cupientes
3265 4155 3538 4227 adjicere,

1897 4236 2267 4310 privilegium
2292 4237 2655 4295 auctoritatis
2677 4245 2889 4297 nostra:
2911 4243 3161 4314 praefatis
3206 4260 3323 4301 non
3371 4260 3544 4319 nega-

1897 4342 2031 4382 mus
2062 4326 2340 4382 ccclesize.
2370 4326 2659 4384 Volumus
2681 4328 2877 4402 itaque
2896 4336 2953 4387 et
2972 4348 3138 4388 sacra
3158 4332 3362 4406 primas
3386 4332 3545 4391 sedis

188 4422 319 4476 Leo
354 4416 686 4490 episcopus,
720 4433 925 4473 servus
955 4432 1257 4473 servorum
1292 4417 1413 4485 Dei,
1443 4416 1698 4474 ecclesiae
1732 4416 1789 4471 in
1820 4433 1868 4498 Β
1899 4416 2242 4472 auctoritate
2289 4416 2591 4472 sancimus
2643 4421 2708 4472 ut
2766 4419 2969 4476 eadem
3017 4421 3263 4479 ecclesia
3314 4427 3372 4479 et
3416 4423 3547 4496 ipsa

108 4511 418 4566 honorem
448 4504 604 4562 beati
632 4505 877 4562 Joannis
909 4504 1276 4578 evangelista:
1324 4506 1631 4577 sanctique
1676 4513 1790 4562 Ar-

110 4596 344 4670 nulphi
375 4595 733 4651 confessoris
762 4594 977 4651 Christi
1003 4612 1036 4650 a
1067 4594 1237 4651 nobis
1266 4593 1600 4666 specialiter
1628 4595 1789 4650 dedi-

110 4692 291 4752 catas,
319 4688 381 4740 et
410 4701 513 4757 per
540 4700 670 4739 eam
696 4682 1014 4740 venerabili
1044 4684 1290 4739 Waamo
1320 4683 1517 4739 abbati
1549 4684 1792 4756 suisque

107 4772 581 4831 successoribus
612 4771 919 4829 monachis
951 4772 1127 4828 etiam
1161 4771 1304 4829 inibi
1337 4772 1453 4828 Deo
1503 4772 1792 4829 famulan-

106 4865 288 4921 tibus
325 4860 581 4918 salutem
618 4865 675 4917 et
705 4861 1086 4934 apostolicam
1116 4861 1601 4917 benedictionem.

186 4951 489 5019 Quamvis
520 4950 782 5007 omnium
806 4949 1196 5007 Ecclesiarum
1220 4949 1321 5005 Dei
1346 4966 1546 5006 curam
1565 4967 1797 5024 semper

103 5058 339 5118 gerere
371 5039 718 5107 debeamus,
748 5038 866 5095 illis
914 5044 1110 5095 tamen
1160 5038 1398 5111 quibus,
1431 5040 1628 5095 divina
1665 5056 1793 5096 coo-

105 5134 379 5207 perante
431 5128 763 5196 clementia,
814 5133 1028 5183 sanctzs
1081 5128 1504 5183 benedictionis
1554 5146 1795 5186 manum

102 5218 526 5295 imponimus,
563 5217 927 5290 propensiori
958 5235 1102 5273 cura
1130 5222 1186 5273 et
1215 5217 1569 5289 vigilantiori
1602 5218 1797 5274 studio

104 5309 475 5385 prospicere
488 5306 845 5363 debemusin
859 5306 1525 5379 omnibus.Quapropter
1537 5307 1797 5363 fidelium

104 5396 385 5465 Christi,
419 5400 542 5452 tam
574 5395 952 5468 praesentium
1004 5411 1179 5468 quam
1230 5394 1583 5464 futurorum,
1619 5396 1800 5453 soler-

105 5490 275 5545 tiam
313 5484 593 5557 ignorare
624 5483 901 5541 nolumus
934 5502 948 5540 :
1000 5483 1254 5556 qualiter
1284 5500 1391 5539 nos
1422 5501 1456 5540 a
1485 5484 1800 5540 venerabili

103 5575 438 5637 confratre
489 5578 692 5630 nostro
738 5572 1106 5630 Adalberone
1135 5573 1375 5630 Metensi
1423 5574 1697 5646 episcopo
1727 5574 1800 5630 ad

102 5670 337 5745 ipsam
372 5661 665 5722 civitatem
697 5662 1038 5721 solemniter
1064 5662 1291 5720 invitati
1333 5661 1487 5721 inter
1528 5660 1643 5721 alia
1671 5677 1801 5737 quae

1900 4508 2274 4560 sacrosancta
2304 4503 2539 4560 Domini
2569 4522 2774 4563 mensa
2791 4506 2849 4563 in
2873 4507 3091 4565 honore
3116 4510 3304 4583 ipsius
3327 4528 3361 4567 a
3377 4511 3548 4568 nobis

1899 4593 2166 4649 dedicata
2193 4593 2308 4649 tale
2336 4593 2700 4666 privilegium
2731 4595 3144 4653 inviolabiliter
3171 4599 3451 4668 obtineat,
3484 4602 3553 4655 ut

1902 4686 2112 4756 praeter
2155 4682 2458 4753 episcopos
2503 4687 2560 4737 et
2605 4682 2867 4751 abbates,
2901 4700 2967 4739 ac
3010 4690 3235 4756 septem
3281 4686 3548 4755 ejusdem

1905 4771 2150 4827 cmnobii
2180 4772 2511 4827 sacerdotes
2540 4775 2594 4826 et
2619 4776 2737 4827 tres
2759 4773 3069 4829 canonicos
3090 4774 3161 4829 de
3180 4773 3354 4829 domo
3375 4773 3552 4830 Sanc-

1906 4860 1948 4915 ti
1982 4859 2694 4932 Stephani,primicerium
2726 4861 3012 4915 decanum
3037 4860 3544 4934 etcorepiscopum

1905 4949 2266 5021 primum,ad
2292 4950 2483 5022 ipsum
2520 4947 2836 5019 principale
2858 4948 3037 5004 altare
3067 4949 3264 5005 nullus
3286 4965 3549 5021 unquam

1906 5038 2120 5094 missas
2150 5037 2441 5093 celebrare
2488 5042 2821 5110 praesumat,
2855 5037 2968 5091 nisi
3015 5042 3074 5093 et
3120 5037 3236 5093 alia
3281 5037 3554 5111 religiosa

1908 5143 2155 5199 persona
2182 5143 2310 5198 quae
2335 5125 2723 5198 postulatione
2764 5133 2819 5182 et
2869 5141 3158 5183 consensu
3192 5126 3423 5183 abbatis
3452 5130 3555 5183 aut

1906 5220 2153 5272 fratrum
2204 5215 2273 5269 ad
2326 5215 2469 5270 illud
2519 5221 2843 5271 reverenter
2891 5215 3143 5272 accedat.
3178 5215 3556 5288 Prascipimus

1908 5305 2085 5362 etiam
2118 5309 2182 5358 ut
2212 5302 2410 5358 nullus
2440 5303 2913 5377 archiepiscOpus
2931 5304 3019 5360 vel
3038 5306 3350 5379 episcopus
3381 5321 3561 5378 super

1910 5396 2065 5450 idem
2098 5392 2277 5448 altare
2308 5391 2572 5463 quandiu
2604 5392 2946 5449 inviolatum
2981 5399 3088 5464 est,
3122 5411 3361 5452 manum
3387 5410 3558 5452 suam

1910 5488 2128 5539 temere
2160 5483 2539 5553 superponat,
2572 5480 2662 5536 vel
2712 5498 2814 5552 pro
2864 5499 3212 5556 quacunque
3255 5484 3561 5542 occasione

1912 5575 2348 5627 sacrosanctum
2379 5557 2799 5640 redemptionis
2840 5576 3051 5626 nostra:
3100 5574 3447 5647 mysterium
3475 5573 3563 5631 ibi

1911 5657 2297 5720 intercludere
2326 5657 2414 5717 vel
2445 5657 2751 5735 prohibere
2779 5665 3127 5732 praeumat;
3161 5664 3261 5720 sed
3293 5665 3340 5721 si
3374 5663 3563 5725 homi-
