3974 6206
406 385 528 450 ’183

1700 382 1764 442 S.
1812 378 2089 442 LEONIS
2134 380 2216 443 IX
2262 379 2517 443 PAP/E.

3710 386 3835 457 78]

411 520 628 577 cidium
660 517 743 574 vel
776 513 889 573 tale
919 514 1058 588 quid
1090 514 1192 584 ibi,
1227 515 1380 588 quod
1411 513 1585 582 absit,
1620 515 1871 587 peccatis
1909 532 2050 569 con-
2081 516 2134 581 Α
2165 532 2325 585 mque
2350 516 2703 572 Adalberone
2726 521 2948 588 vocato,
2983 534 3089 592 pro
3119 517 3397 593 prtedicta
3417 519 3585 577 curia
3605 519 3830 579 Rume-

407 604 1015 689 tigeritjexigentibus,
1066 622 1099 661 a
1140 605 1413 661 Romanas
1464 605 1623 661 sedis
1669 602 1937 677 przesule,
1968 603 2067 683 vel.

406 697 622 771 quibus
645 696 769 770 ipse
795 695 1114 768 injunxerit
1133 694 1564 752 discutiendum
1589 709 1653 748 ac
1674 693 2059 747 determinan-

408 787 551 843 dum
580 802 709 843 esse
745 801 1085 863 censemus.
1120 784 1231 839 Sed
1283 788 1338 840 et
1382 782 1590 838 annale
1621 781 1700 836 ibi
1733 786 2055 837 mercatum

408 875 724 950 quotannis
754 874 813 931 in
845 874 1241 931 anniversaria
1270 872 1653 928 dedicationis
1685 872 1870 944 ipsius
1895 871 2057 925 festi-

405 964 605 1032 vitate,
631 981 736 1038 per
764 981 1075 1021 assensum
1106 962 1473 1019 dilectissimi
1504 961 1605 1015 ﬁlii
1639 961 1821 1015 nostri
1854 961 2053 1015 domni

405 1054 641 1112 Henrici
686 1054 841 1109 tertii
890 1055 1066 1127 regis,
1101 1052 1341 1108 secundi
1384 1068 1517 1107 vero
1564 1050 1955 1122 imperatoris,
1995 1048 2053 1103 in

408 1146 612 1203 eodem
630 1144 755 1200 loco
770 1144 973 1200 haberi
990 1141 1374 1208 decrevimus;
1397 1145 1453 1196 et
1471 1145 1536 1195 ut
1550 1140 1751 1195 eadem
1770 1138 2056 1193 dedicatio

408 1234 493 1291 ibi
506 1248 740 1308 semper
756 1233 957 1290 festive
978 1231 1301 1288 celebretur
1323 1230 1393 1285 ab
1407 1229 1683 1286 omnibus
1707 1246 1822 1283 non
1846 1227 2058 1283 minori

410 1325 756 1382 austeritate
773 1323 1073 1395 jubemus.
1096 1320 1519 1375 Constituimus
1544 1318 1721 1374 etiam
1745 1323 1802 1372 et
1818 1322 2059 1389 paterna

410 1413 739 1483 dilectione,
764 1410 1001 1467 Warine
1020 1409 1334 1475 abbas,tibi
1363 1409 1600 1480 tuisque
1621 1407 2059 1463 successoribus

410 1501 473 1560 in
532 1505 880 1575 perpetuum
929 1498 1303 1555 concedimus
1356 1502 1421 1551 ut
1469 1497 1527 1551 in
1572 1513 1736 1550 sacra
1794 1496 2056 1565 ejusdem

415 1590 801 1649 dedicationis
829 1589 922 1646 die
950 1589 1198 1661 aliisque
1229 1586 1537 1659 precipuis
1560 1585 2054 1654 festivitatibus,in

416 1681 737 1739 missarum
765 1676 1152 1735 celebratione
1185 1673 1468 1731 sandaliis
1499 1679 1555 1729 et
1584 1672 1896 1728 dalmatica
1928 1676 2056 1727 uta-

416 1769 586 1839 mini,
619 1767 1040 1827 fraternitatem
1072 1769 1324 1821 vestram
1355 1765 1793 1820 commonentcs
1826 1765 1891 1817 ut
1922 1778 2052 1817 cum

2163 603 2379 659 liacum
2410 610 2769 678 nuncupata,
2801 610 3009 663 Sancto
3040 608 3285 666 Arnult‘o
3314 609 3376 666 in
3406 611 3826 671 concambium

2166 694 2364 749 datam
2398 712 2524 751 esse
2557 696 2834 761 narravit,
2850 701 2908 752 et
2938 697 3121 754 curtis
3151 700 3422 756 testando
3447 700 3825 758 monstravit.

2167 782 2324 838 Hanc
2355 784 2452 855 qui
2461 802 2569 857 ppc
2602 786 3059 853 abbatiam,cum
3079 784 3748 862 domibus,agris,silvis
3767 807 3829 847 ac

2165 872 2433 937 vineis,et
2462 890 2594 927 cum
2625 875 2901 930 omnibus
2931 877 3286 948 appenditiis
3317 878 3539 947 suis,ex
3568 880 3826 937 auctori-

2168 964 2281 1015 tate
2313 960 2464 1015 beati
2494 962 2643 1017 Petri
2668 967 2725 1018 et
2745 968 2947 1020 nostra
2976 966 3106 1036 ejus
3136 966 3361 1041 indigni
3382 967 3825 1043 vicarii,rogatu

2166 1050 2423 1121 praedicti
2457 1050 2838 1107 Adalberonis
2868 1054 3127 1127 episcopi
3183 1072 3252 1113 ac
3305 1056 3541 1112 Warini
3592 1058 3827 1114 abbatis

2166 1138 2426 1194 ccenobio
2459 1143 2514 1193 S.
2550 1139 2767 1195 Arnulti
2800 1158 2867 1196 ea
2899 1142 3122 1199 ratione
3163 1132 3495 1215 firmamus,
3527 1150 3826 1217 quatenus

2166 1228 2439 1299 prmfatus
2464 1228 2643 1284 abbas
2693 1233 2795 1284 aut
2841 1230 3047 1287 fratres
3091 1248 3415 1305 eorumque
3444 1251 3824 1301 successores

2167 1317 2275 1371 sub
2306 1316 2567 1389 ipsorum
2600 1334 2741 1373 cura
2772 1319 3185 1392 perpetualiter
3214 1325 3334 1376 tam
3374 1326 3615 1380 teneant
3647 1328 3824 1396 atque

2168 1406 2849 1479 possideant,nullusque
2864 1408 2939 1462 ibi
2958 1408 3204 1465 ulterius
3219 1412 3569 1483 pastoralem
3591 1412 3822 1485 virgam

2168 1512 2401 1566 quoquo
2434 1496 2604 1549 modo
2630 1495 2923 1568 suscipere
2949 1496 3069 1552 sive
3091 1504 3325 1570 portare
3355 1503 3820 1572 praesumansed

2168 1585 2348 1639 abbas
2382 1584 2576 1639 Sancti
2609 1585 2830 1639 Arnum
2879 1603 2982 1658 per
3030 1603 3170 1642 suos
3217 1587 3475 1662 aliosque
3506 1589 3820 1661 religiosos

2167 1673 2372 1727 fratres
2395 1672 2679 1744 quidquid
2705 1673 2783 1728 ibi
2805 1674 3196 1731 ordinandum
3222 1676 3319 1743 sit,
3338 1693 3565 1750 semper
3583 1678 3821 1734 ordinet

2167 1767 2342 1834 atque
2372 1763 2643 1834 disponat
2666 1780 2676 1816 :
2696 1762 2834 1817 illud
2863 1762 3128 1820 videlicet
3148 1782 3380 1838 semper
3400 1765 3816 1833 studens,illud

415 1862 731 1933 augmento
778 1854 1120 1929 bujusmodi
1168 1853 1429 1922 honoris,
1462 1856 1745 1925 augeatur
1786 1852 1844 1906 in
1893 1851 2057 1907 vobis
2092 1883 2139 1948 Β
2170 1852 2477 1907 attendens
2510 1856 2571 1906 ut
2598 1851 2893 1924 sicutipse
2915 1852 3124 1925 suique
3146 1854 3352 1911 fratres
3378 1854 3437 1910 in
3460 1856 3586 1912 suis
3609 1855 3821 1913 usibus

412 1962 574 2004 amor
589 1945 898 2003 Altissimi.
911 1949 945 1999 A
959 1945 993 1999 d
1011 1942 1309 1999 cumulum
1326 1959 1557 2015 quoque
1574 1940 1660 1996 vel
1675 1944 2057 2013 augmentum

414 2036 749 2093 monasticis
777 2032 1076 2107 religionis
1103 2031 1415 2103 adjicimus
1446 2035 1511 2085 ut
1549 2028 1981 2095 ecclesiae,villre
2004 2033 2060 2085 et

411 2125 815 2200 possessiones
862 2138 1009 2196 quas
1056 2120 1416 2179 serenissimi
1468 2121 1742 2175 Romanze
1788 2118 2059 2175 Ecclesiae

413 2214 518 2271 ﬁlii
548 2228 713 2289 reges
742 2216 802 2270 et
829 2213 1233 2285 imperatores,
1266 2208 1505 2266 Carolus
1537 2208 1759 2263 scilicet
1788 2209 2058 2279 Magnus,

414 2303 743 2361 Ludovicus
762 2302 923 2367 Pius,
944 2300 1247 2369 Arnulfus,
1272 2296 1701 2363 Hendebolbus,
1727 2296 1877 2364 Otto,
1911 2298 2056 2350 Con-

414 2392 595 2448 radus
624 2392 813 2447 eidem
844 2389 970 2444 loco
1001 2388 1098 2460 pia
1116 2386 1418 2443 devotione
1440 2385 1829 2453 contulerunt,
1856 2389 1956 2439 alii.
1987 2386 2058 2440 ab

414 2479 549 2536 aliis
578 2477 1070 2536 Christiﬁdelibus
1117 2475 1335 2532 tradita
1373 2473 1653 2547 privilegii
1688 2474 1775 2528 sui
1810 2474 2059 2529 auctori-

412 2572 534 2627 tate
560 2569 960 2634 ﬁrmaverunt,
994 2565 1203 2620 usibus
1248 2563 1476 2618 abbatis
1521 2579 1585 2617 ac
1631 2563 1875 2617 fratrum
1918 2561 2062 2617 inibi

416 2657 663 2716 Domino
687 2654 1097 2712 famulantium
1122 2650 1539 2726 perpetualitcr
1559 2652 1970 2720 deserviant,et
1990 2651 2060 2705 ad

417 2746 789 2822 praebendam
833 2742 1065 2800 illorum
1121 2744 1340 2815 absque
1398 2741 1556 2797 omni
1609 2741 2063 2797 contradictione

414 2836 647 2911 integra
666 2850 898 2907 semper
918 2836 974 2888 et
992 2831 1334 2887 inconvulsa
1354 2834 1753 2904 permaneant.
1778 2831 1896 2885 Hoc
1926 2834 2014 2887 est
2046 2847 2058 2884 :

417 2922 725 2992 Mareolas,
755 2924 890 2989 Arx,
920 2921 1255 2977 Jussiacum
1279 2936 1410 2976 cum
1435 2920 1679 2976 ecclesia
1716 2922 1771 2973 et
1808 2918 2060 2974 decima-

418 3010 577 3070 tione
592 3011 941 3083 ;Floriacum
963 3011 1138 3067 etiam
1163 3014 1219 3065 et
1241 3009 2061 3081 Flaviniacum,Nugaredum,

417 3107 476 3163 et
502 3101 844 3178 Vigiacum;
870 3099 1111 3174 triginta
1138 3098 1313 3155 etiam
1346 3098 1539 3155 mansi
1570 3114 1704 3153 cum
1736 3097 1978 3153 ecclesia
2007 3102 2065 3153 et

420 3190 810 3251 decimatione
840 3190 899 3246 in
923 3188 1062 3245 villa
1090 3189 1209 3245 sive
1241 3187 1403 3244 curia
1434 3205 1562 3260 quae
1588 3190 1826 3242 vocatur
1857 3187 2068 3243 Bume-

2170 1941 2537 2012 aliquantum
2588 1940 2722 1996 inde
2752 1940 2987 1997 relevari
3037 1942 3395 2011 desiderant,
3428 1944 3508 2001 ita
3541 1944 3821 2001 eumdem

2168 2029 2359 2085 locum
2385 2030 2622 2085 assiduo
2644 2030 2730 2085 sui
2765 2029 3051 2085 famulatu
3082 2047 3308 2105 semper
3329 2032 3591 2087 venerari
3622 2037 3683 2088 et
3702 2033 3824 2088 fre-

2169 2124 2451 2191 quentare
2482 2136 2595 2173 non
2629 2118 2930 2175 desistant.
2970 2121 3119 2175 Hanc
3146 2120 3322 2190 igitur
3350 2120 3646 2176 abbatiam
3672 2137 3820 2176 cum

2170 2209 2445 2263 omnibus
2475 2209 2545 2262 ad
2579 2225 2707 2262 eam
2732 2209 2893 2279 juste
2915 2212 2970 2264 et
2999 2207 3254 2281 legaliter
3283 2209 3718 2281 pertinentibus
3735 2209 3826 2266 in-

2170 2314 2345 2369 super
2373 2297 2546 2353 etiam
2577 2296 2763 2363 villas,
2796 2297 3073 2354 ecclesias
3102 2314 3166 2353 ac
3195 2298 3605 2370 possessiones
3666 2314 3818 2370 quas

2171 2391 2341 2441 antea
2370 2387 2941 2459 prmnominavimus,
2976 2403 3127 2460 saepe
3158 2386 3312 2443 dicto
3352 2387 3540 2444 sancti
3591 2386 3817 2445 Arnulti

2170 2475 2431 2531 eoenobio
2464 2493 2529 2531 ac
2563 2477 2841 2531 fratribus
2880 2476 2958 2531 ibi
3014 2481 3124 2533 Deo
3173 2476 3596 2535 famulantibus
3625 2476 3820 2534 taliter

2171 2564 2510 2636 delegamus
2533 2583 2597 2621 ac
2625 2582 2727 2620 con
2742 2566 3142 2637 ﬁrmamus,ut
3160 2565 3359 2623 nullus
3379 2566 3699 2639 imperator
3714 2570 3818 2624 aut

2172 2654 2416 2718 rex,null
2430 2672 2495 2710 us
2512 2655 2984 2728 archiepiscopus
3001 2654 3088 2711 vel
3108 2655 3440 2729 episcopus,
3454 2656 3655 2712 nullus
3675 2657 3815 2726 dux,

2173 2743 2372 2799 nullus
2395 2760 2589 2799 comes
2610 2744 2695 2798 vel
2719 2744 3059 2809 vicecomes,
3094 2745 3193 2800 sed
3218 2760 3323 2800 nec
3345 2744 3543 2818 aliqua
3570 2762 3819 2819 persona

2173 2850 2383 2907 magna
2402 2833 2485 2889 vel
2511 2834 2769 2905 parva,in
2785 2834 3002 2889 eisdem
3022 2834 3197 2889 rebus
3215 2833 3475 2907 aliquam
3488 2835 3573 2890 eis
3588 2835 3824 2908 injusti-

2172 2922 2313 2979 tiam
2338 2924 2455 2978 sive
2476 2923 2805 2978 violentiam
2830 2923 3040 2978 inferre
3062 2924 3292 2990 audeat,
3315 2922 3405 2979 vel
3427 2923 3687 2997 aliquem
3716 2926 3818 2983 ad-

2170 3016 2462 3077 vocatum,
2496 3010 2607 3066 nisi
2639 3011 2822 3067 abbas
2853 3016 2954 3066 aut
2984 3011 3191 3068 fratres
3222 3028 3325 3084 pro
3360 3011 3641 3085 qualitate
3672 3018 3820 3071 tem-

2174 3119 2381 3175 porum
2413 3099 2501 3155 vcl
2533 3100 2864 3155 diversitate
2893 3099 3153 3156 locorum
3188 3100 3401 3157 alicubi
3431 3102 3707 3174 petierint
3730 3104 3819 3161 eis

2175 3208 2387 3263 ponere
2421 3192 2737 3263 praesumat
2769 3207 2781 3245 :
2816 3189 2915 3245 sed
2944 3188 3095 3245 sicut
3123 3205 3288 3262 reges
3326 3193 3384 3245 et
3412 3190 3818 3263 imperatores,

415 3281 658 3350 liacum;
682 3284 958 3354 praterea
977 3296 1111 3336 vero
1132 3253 1534 3335 Maurivilla-et
1552 3276 1714 3331 vicus
1737 3275 2063 3344 Deivillare,
2096 3253 2137 3319 α
2174 3253 2439 3353 episcopi
2457 3280 2631 3335 etiam
2662 3277 2875 3351 aliique
2906 3278 3107 3335 fideles
3135 3253 3336 3335 eadem
3367 3253 3523 3336 bona
3549 3279 3690 3336 illuc
3723 3253 3821 3355 pia

408 3360 467 3428 et
514 3369 824 3438 Tiliacum,
875 3369 1241 3429 Caminetum
1296 3383 1427 3423 vero
1474 3369 1530 3422 et
1568 3364 1874 3421 Buxeriam
1907 3366 2061 3437 quod

407 3459 780 3535 Hildegardis
820 3457 1022 3533 regina
1068 3474 1202 3513 cum
1257 3455 1503 3513 ecclesia
1550 3460 1607 3511 et
1655 3454 2059 3524 decimatione,

410 3546 573 3607 silvis
604 3553 662 3607 et
687 3547 1070 3622 vineis,aquis
1100 3562 1505 3621 aquarumque
1546 3545 1911 3613 decursibus,
1931 3562 2060 3601 mo-

408 3638 665 3696 lendinis
697 3638 875 3696 etiam
906 3639 1032 3710 jam
1064 3636 1252 3705 factis,
1284 3634 1372 3691 vel
1420 3635 1479 3690 in
1535 3650 1886 3706 quocunque
1934 3632 2059 3690 loco

399 3729 572 3802 juxta
599 3727 817 3785 Saliam
850 3726 1275 3795 ﬂuvium,infra
1302 3726 1565 3781 bannum
1587 3723 1850 3794 ejusdem
1885 3722 2056 3778 curiae

405 3818 521 3875 sibi
551 3817 836 3890 placuerit
864 3835 967 3890 per
993 3816 1218 3873 villicus
1248 3815 1494 3870 fratrum
1526 3829 1759 3885 semper
1785 3818 2055 3884 transpo-

405 3906 619 3969 nendis
646 3910 706 3965 et
744 3906 1048 3978 faciendis,
1079 3906 1153 3962 ad
1191 3905 1498 3978 praefatum
1550 3902 1765 3974 saepius
1814 3900 2059 3958 contulit

402 3995 619 4066 locum,
647 3994 1038 4055 Pomeriolum
1085 3995 1262 4051 etiam
1310 4010 1443 4049 cum
1492 4010 1605 4062 quo
1655 3994 1711 4047 et
1754 4008 1857 4063 per
1899 3991 2054 4062 quod

403 4085 801 4159 ecclosiastico
830 4102 991 4143 more
1032 4085 1229 4157 ipsum
1274 4098 1422 4154 saepe
1468 4081 1690 4136 dictum
1725 4079 2054 4136 dotavimus

403 4174 966 4237 monasterium.Sed
987 4176 1044 4228 et
1074 4171 1279 4229 Laium
1310 4174 1568 4226 castrum
1597 4169 1753 4240 quod
1784 4170 2051 4240 quaedam

403 4262 519 4319 Eva
546 4261 1007 4330 comitissa,cum
1039 4258 1184 4317 silva
1213 4276 1339 4331 quae
1369 4262 1608 4314 vocatur
1637 4256 1796 4326 Heis,
1833 4261 1889 4313 et
1917 4275 2051 4314 cum

333 4378 336 4382 λ
405 4350 568 4412 omni
597 4349 851 4406 utilitate
878 4348 965 4406 vel
996 4348 1223 4405 suffusa
1250 4348 1513 4419 ejusdem
1537 4346 1851 4413 silvae,cum
1876 4352 2051 4419 ponte

403 4438 582 4501 etiam
612 4443 671 4496 et
699 4437 1023 4512 piscatione
1052 4438 1205 4494 circa
1234 4437 1390 4492 Murt
1419 4435 1761 4504 ﬂuvium,ad
1790 4437 2050 4508 praeben-

402 4528 542 4586 dem
570 4527 937 4602 delegaverat
963 4526 1449 4585 fratrum.Bivera
1477 4526 1651 4582 etiam
1681 4525 2049 4581 Assidelinde

2173 3368 2473 3426 devotione
2504 3367 2899 3435 contulerunt,
2932 3368 3013 3423 ita
3060 3367 3305 3424 diversis
3352 3385 3558 3425 eorum
3609 3369 3820 3428 usibus

2171 3457 2331 3515 salva
2359 3473 2593 3529 semper
2622 3460 2677 3513 et
2707 3456 3049 3513 inconvulsa
3090 3461 3489 3530 permaneant.
3536 3458 3819 3532 Quisquis

2170 3551 2365 3604 autem
2399 3546 2507 3602 sibi
2542 3548 2613 3602 ad
2647 3563 2901 3619 prasens
2926 3546 3143 3602 timens
3163 3549 3221 3603 et
3240 3546 3298 3601 in
3322 3547 3587 3604 futurum
3612 3564 3821 3621 praeca-

2168 3655 2310 3694 vens
2340 3637 2491 3692 banc
2521 3652 2747 3692 sacram
2792 3638 3002 3692 nostrae
3033 3634 3491 3693 confirmationis
3540 3637 3818 3710 paginam

2169 3743 2398 3783 servare
2455 3729 2721 3791 conatur,
2770 3740 2873 3796 per
2927 3724 3177 3796 gratiam
3237 3724 3661 3796 omnipotentis
3719 3726 3821 3782 Dei

2167 3818 2369 3871 nostra
2397 3831 2637 3886 semper,
2657 3811 2978 3884 apostolica
3024 3812 3435 3870 benedictione
3488 3816 3822 3891 muniatur;

2166 3904 2268 3977 qui
2297 3921 2428 3960 vero
2462 3903 2517 3958 in
2551 3901 2747 3974 aliquo
2804 3917 2931 3957 eam
2980 3900 3196 3957 violare
3222 3901 3311 3957 vel
3343 3906 3631 3960 temerare
3682 3921 3825 3977 pra-

2165 3994 2488 4066 sumpserit
2500 3990 2611 4048 divi
2622 3992 2675 4047 ni
2697 4009 2768 4046 an
2777 3990 2968 4047 atbem
2977 3990 3089 4047 atis
3103 3989 3336 4047 vinculo
3349 3994 3828 4064 percussus,bea-

2162 4086 2287 4138 tum
2321 4083 2555 4137 Petrum
2589 4079 2989 4153 apostolorum
3018 4080 3344 4153 principem
3376 4097 3511 4138 cum
3542 4082 3821 4139 omnibus

2164 4172 2382 4229 sanctis
2411 4170 2768 4227 contrarium
2801 4169 2911 4226 sibi
2945 4171 3180 4237 sentiat,
3211 4175 3277 4225 ut
3304 4174 3507 4226 tamen
3555 4171 3615 4227 id
3664 4173 3821 4245 quod

2161 4261 2363 4317 fecerit
2390 4260 2623 4316 irritum
2674 4260 2753 4316 sit
2798 4264 2855 4317 et
2901 4264 3095 4316 ratum
3141 4277 3257 4316 non
3294 4264 3686 4333 permaneat:
3719 4263 3821 4318 sed

2161 4351 2343 4406 abbas
2373 4349 2560 4422 ipsius
2585 4349 2697 4405 loci
2719 4366 2782 4406 ac
2811 4351 3017 4405 fratres
3048 4367 3082 4406 a
3110 4350 3508 4406 serenissimis
3538 4350 3821 4408 Romane

2160 4437 2428 4493 Ecclesiae
2452 4435 2588 4492 ﬁliis
2610 4436 2845 4509 regibus
2867 4436 3090 4494 scilicet
3109 4454 3177 4494 ac
3198 4437 3656 4511 imperatoribus
3681 4439 3816 4495 inde

2153 4525 2446 4597 judicium
2470 4525 2835 4596 etjustitiam
2859 4530 3143 4599 quaerant.
3177 4526 3236 4583 Si
3258 4531 3455 4583 autem
3483 4527 3544 4583 in
3567 4525 3679 4584 hoc
3701 4526 3812 4584 mi-

401 4618 703 4677 comitissa
727 4617 916 4676 eidem
946 4618 1072 4675 loco
1100 4618 1403 4685 traditum,
1437 4616 1538 4672 sed
1561 4614 1804 4671 Conradi
1830 4614 2047 4687 gloriae
2078 4632 2124 4696 ι)
2159 4632 2271 4672 nus
2292 4615 2661 4687 profecerint,
2695 4614 2753 4670 id
2785 4614 3026 4672 honoris
3046 4621 3103 4672 et
3131 4615 3241 4671 hoc
3263 4614 3563 4689 singulare
3588 4633 3624 4673 a
3647 4615 3821 4674 nobis

401 4707 624 4769 sissimi
672 4709 1044 4782 imperatoris
1094 4706 1438 4765 auctoritate
1486 4706 1814 4773 ﬁrmatum;
1849 4704 1950 4760 sed
1990 4708 2047 4760 et

398 4798 575 4857 Navis
622 4799 864 4871 quidem
914 4798 1104 4855 vicum
1143 4798 1317 4870 juxta
1363 4793 1665 4851 Mosellam
1720 4793 1983 4861 fluvium,
2019 4811 2053 4851 a

394 4890 722 4962 Dagoberto
780 4905 912 4962 rege
971 4888 1255 4944 traditum
1321 4889 1379 4941 et
1443 4884 1904 4943 corroboratum.
1962 4883 2048 4938 vel

398 4977 685 5053 quidquid
718 4978 779 5036 in
809 4977 1187 5035 inferioribus
1211 4975 1476 5047 partibus
1500 4974 1557 5027 in
1584 4972 1911 5028 Coloniensi
1936 4972 2050 5044 epi-

396 5072 640 5143 scopatu
697 5068 769 5124 ad
828 5067 1173 5141 praedictum
1220 5063 1471 5138 pertinet
1509 5061 1867 5127 ccnnobium;
1927 5061 2047 5116 hmo

396 5160 594 5217 autem
616 5157 818 5216 omnia
836 5157 1162 5231 praebenda:
1175 5153 1429 5211 ecclesiae
1448 5151 1689 5206 fratrum
1716 5149 1824 5204 hac
1850 5156 2048 5206 nostra

396 5246 717 5319 apostolica
745 5246 1130 5321 praeceptione
1159 5243 1500 5316 delegamus
1531 5246 1588 5297 et
1628 5241 2047 5297 conﬁrmamus

394 5335 457 5401 in
489 5340 860 5410 perpetuum.
894 5341 1179 5393 Praeterea
1200 5350 1333 5391 vero
1368 5330 1694 5398 ecclesiam,
1723 5330 1841 5384 imo
1864 5330 2045 5385 abba-

394 5424 600 5485 tiolam
658 5425 855 5483 Sancti
900 5426 1106 5483 Felicis
1153 5423 1265 5498 ipsi
1323 5421 1448 5477 loco
1505 5421 1888 5491 adjacentem,
1949 5419 2049 5474 ubi

393 5510 631 5569 Primus
659 5513 927 5584 ejusdem
958 5513 1235 5570 Metensis
1282 5507 1549 5565 Ecclesiae
1599 5513 1799 5581 pastor
1844 5506 2052 5563 beatus

395 5596 665 5658 Clemens
686 5617 923 5674 corpore
943 5601 1401 5674 quiescit,quam
1418 5592 2053 5666 praefatusvenerabilis

397 5685 709 5761 episcopus
760 5688 1045 5749 Adalbero
1101 5707 1136 5747 a
1191 5684 1617 5761 predecessors
1647 5702 1753 5744 suo
1794 5680 2052 5756 quodam

2156 4704 2524 4778 privilegium
2585 4720 2813 4775 semper
2860 4705 3183 4771 obtineant,
3213 4709 3280 4761 ut
3325 4705 3478 4761 sicut
3506 4704 3565 4759 in
3596 4706 3810 4762 eodem

2162 4794 2515 4851 monasterio
2549 4810 2651 4866 pro
2686 4798 2897 4849 nostra:
2930 4794 3387 4852 consecrationis
3414 4793 3691 4847 laetantur
3723 4794 3826 4850 be-

2160 4885 2386 4953 neficio,
2419 4885 2503 4940 sic
2535 4899 2568 4938 a
2589 4883 2851 4938 Romana
2880 4883 3017 4939 sede
3047 4888 3251 4939 contra
3271 4897 3466 4939 omnes
3498 4879 3831 4939 adversita-

2158 4978 2246 5029 tes
2274 4972 2606 5044 apostolicae
2665 4971 3023 5027 defensionis
3080 4976 3354 5045 perpetuo
3398 4983 3638 5042 semper
3682 4986 3820 5027 mu-

2158 5062 2398 5118 niantur
2428 5060 2663 5116 auxilio.

2230 5151 2373 5206 Data
2413 5148 2620 5221 quinto
2665 5149 2804 5205 Idus
2852 5149 3119 5205 Octobris
3170 5166 3275 5222 per
3321 5164 3536 5204 manus
3592 5147 3820 5205 Udonis

2156 5244 2368 5299 sanctae
2397 5237 2725 5310 apostolicae
2749 5238 2907 5294 sedis
2928 5238 3262 5294 cancellarii
3280 5242 3337 5294 et
3351 5237 3814 5306 bibliothecarii;

2154 5327 2450 5386 Tullensis
2483 5327 2822 5398 primicerii,
2844 5344 2997 5384 anno
3027 5326 3261 5383 Domini
3293 5326 3507 5383 Leonis
3537 5327 3681 5383 noni
3710 5343 3815 5399 pa-

2159 5436 2243 5491 pae
2276 5415 2483 5488 primo,
2516 5414 2831 5471 indictione
2861 5417 3298 5483 secunda,anno
3326 5431 3463 5473 vero
3497 5415 3821 5473 Dominica:

2160 5500 2584 5562 incarnationis
2613 5501 2925 5561 millesimo
2956 5504 3408 5578 quadragesimo
3440 5520 3622 5562 nono.

2230 5586 2605 5649 Eberhardus
2635 5590 3524 5669 Treverorum,archiepiscopus
3555 5592 3829 5671 subscri-

2161 5683 2299 5762 psit.
