3974 6206
221 307 353 376 ’188

303 449 362 503 S.
396 444 564 518 Hugo
594 438 1212 517 Chrysopolitanorum
1243 442 1639 517 archiprasul.

306 536 369 594 S.
402 534 688 592 Adalbero
718 532 1415 606 Metensiumcpiscopus.

308 628 368 684 S.
402 626 522 684 Udo
555 625 878 680 Leucorum
909 622 1239 695 episcopus.

306 715 367 772 S.
403 714 719 769 Alinardus
750 712 1231 784 Lugdunensium
1262 713 1593 786 episcopus.

303 804 361 861 S.
393 802 755 859 Humbertus
787 800 1102 858 cardinalis
1132 805 1188 856 et
1216 802 1526 875 episcopus
1547 803 1711 860 Silva
1733 805 1879 861 Can-

224 892 402 949 dida.

298 982 358 1050 S,
391 980 788 1037 Theodericus
814 979 1202 1037 Virdunensis
1225 980 1554 1053 episcopus.

298 1072 359 1130 S.
392 1071 672 1142 Joannes,
696 1075 808 1126 etc.

975 1159 1138 1215 CVII.

221 1250 381 1324 (216)
413 1249 466 1324 S.
501 1255 602 1307 Leo
630 1251 697 1305 IX
717 1251 777 1324 in
805 1248 1011 1324 synodo
1036 1249 1393 1324 parthenonis
1422 1252 1479 1324 S_.
1528 1250 1711 1307 Grata?
1754 1268 1878 1323 pos-

300 1320 564 1396 sessiones
593 1330 644 1378 et
665 1322 985 1395 privilegia,
1015 1325 1233 1394 petente
1264 1320 1506 1378 Conrado
1554 1320 1881 1396 imperatore

224 1394 539 1467 conﬁrmat.
674 1394 679 1395 “

851 1467 1044 1534 (Anno
1075 1465 1259 1531 1059.)

464 1536 704 1611 [Mansi,
737 1538 967 1604 Concil.,
994 1541 1136 1593 tom.
1170 1537 1313 1605 XIX,
1348 1536 1456 1593 col.
1490 1538 1641 1608 727.]

306 1629 371 1684 In
401 1627 640 1684 nomine
671 1630 882 1682 sancta
915 1629 972 1682 et
1003 1626 1314 1681 individua
1344 1626 1664 1682 Trinitatis.

305 1718 427 1789 Ego
459 1733 580 1783 uno,
612 1731 817 1772 servus
855 1731 1154 1775 servorum
1202 1715 1325 1781 Dei,
1376 1732 1495 1771 una
1541 1732 1674 1769 cum
1723 1730 1881 1770 reve-

224 1804 605 1867 rendissimis
660 1802 1135 1876 archiepiscOpis,
1185 1803 1494 1876 episcopis,
1547 1804 1878 1871 abbatibus,
1913 1818 1960 1883 Β

226 1895 486 1967 aliisque
515 1895 729 1950 sancta
758 1892 1027 1948 Ecclesia
1058 1892 1357 1948 catholica
1388 1893 1659 1949 fidelibus
1688 1894 1749 1947 in
1782 1910 1880 1949 sa-

226 2002 334 2043 cra
361 1983 584 2058 synodo
615 1981 1262 2050 residentibus,necnon
1295 1986 1351 2038 et
1372 1981 1675 2053 judicibus
1704 1981 1878 2054 legis-

227 2090 346 2149 que
403 2071 759 2139 doctoribus,
820 2070 1110 2143 spirituali
1164 2069 1285 2126 filio
1332 2071 1570 2126 domino
1614 2070 1879 2127 Conrado

194 2162 600 2236 imperatore,
671 2158 1195 2217 intervenientibus
1263 2159 1533 2232 precibus
1589 2158 1874 2215 Ambrosii

229 2250 639 2326 Pergamensis
663 2248 921 2322 episcopi
953 2249 1075 2320 [hoc
1100 2252 1201 2314 est,
1239 2249 1694 2321 Bergomensis],
1742 2265 1877 2304 nec-

228 2358 351 2398 non
382 2339 577 2407 Older,
608 2337 929 2395 Brixiensis
977 2338 1256 2410 episcopi,
1302 2337 1737 2410 postulantibus
1788 2338 1876 2392 in-

229 2447 410 2505 super
438 2427 733 2503 pradictis
770 2426 1120 2499 imperatore
1167 2431 1224 2482 et
1270 2426 1541 2483 similiter
1586 2426 1878 2500 pradictis

229 2516 734 2577 reverendissimis
758 2515 1072 2589 episcopis,
1107 2532 1216 2572 nos
1274 2519 1658 2588 sanctamque
1700 2532 1878 2589 syno-

228 2608 374 2664 dum
404 2604 891 2678 deprecantibus:
927 2607 1129 2661 nostra
1159 2607 1214 2660 et
1240 2603 1419 2659 totius
1452 2620 1629 2660 sacra
1671 2605 1878 2677 synodi

226 2695 539 2769 largitione
580 2692 982 2750 concessimus
1034 2692 1388 2749 monasterio
1411 2692 1469 2748 S.
1512 2692 1697 2747 Grata
1748 2710 1877 2749 cur-

222 2790 349 2843 tem
379 2788 435 2840 et
463 2785 742 2851 castrum,
776 2780 1107 2848 attinentia,
1139 2785 1198 2838 et
1226 2784 1438 2837 cuncta
1468 2798 1595 2854 quae
1641 2781 1879 2837 Adleida

224 2876 419 2931 mater
440 2871 502 2927 S.
526 2871 735 2940 Grata,
767 2872 892 2943 qua
922 2869 1031 2926 hoc
1063 2869 1484 2926 monasterium
1525 2870 1597 2927 de
1626 2870 1878 2943 propriis

224 2962 405 3019 rebus
435 2958 758 3027 aedificavit,
810 2962 867 3015 et
908 2957 1314 3031 imperialibus
1360 2958 1876 3015 constitutionibus

223 3066 331 3108 seu
355 3047 657 3122 praceptis
680 3047 881 3103 omnia
904 3048 976 3103 ad
1000 3048 1276 3103 eumdem
1308 3047 1726 3104 monasterium
1746 3065 1874 3120 per-

222 3136 476 3196 tinentia
511 3136 698 3194 multo
734 3138 869 3209 jure
911 3136 1254 3193 confirmata
1300 3137 1623 3205 constituit,
1648 3141 1714 3194 ut
1760 3137 1874 3194 ele-

223 3227 450 3287 ctiones
474 3225 785 3283 abbatissa
817 3225 877 3281 in
923 3243 1190 3282 sororum
1220 3226 1587 3282 ordinatione
1636 3243 1871 3299 perma-

176 3354 179 3357 -
224 3323 424 3384 neant,
454 3318 513 3372 et
558 3315 757 3371 omnia
800 3317 1085 3387 potestate
1132 3315 1445 3372 abbatissa
1489 3316 1617 3372 sine
1674 3315 1872 3388 aliqua

226 3403 619 3461 diminutione
648 3402 994 3470 consistant,
1025 3407 1082 3459 et
1110 3403 1368 3477 regibus,
1419 3404 1540 3461 sive
1586 3405 1875 3477 pontifici-

230 3495 369 3563 bus,
427 3492 797 3565 patriarchis,
857 3492 1331 3565 archiepiscopis,
1390 3494 1876 3566 metropolitanis,

232 3580 549 3656 episcopis,
579 3580 911 3650 abbatissa,
945 3598 1049 3637 seu
1082 3599 1117 3637 a
1145 3581 1407 3653 quolibet
1446 3587 1795 3650 vestrorum,
1827 3588 1885 3639 et

231 3669 478 3729 domino
507 3666 659 3723 clero
698 3668 1045 3726 intemerata
1086 3686 1426 3741 permanere
1474 3672 1887 3745 perpetualiter

233 3754 656 3817 constituimus
699 3759 914 3812 sancta
961 3756 1337 3829 Pergamensi
1386 3759 1558 3814 matri
1611 3759 1883 3828 ecclesia,

235 3845 609 3904 ubidomnus
628 3842 978 3900 Ambrosius
992 3844 1303 3917 episcopus
1316 3847 1742 3918 praordinatus
1763 3865 1890 3904 esse

236 3934 489 4004 videtur,
523 3936 726 3992 nostra
754 3933 1016 4007 synochli
1051 3934 1323 3990 concordi
1357 3935 1665 4008 largitione
1694 3953 1893 3993 conce-

245 4024 466 4090 dimus,
497 4038 565 4078 ac
594 4021 795 4079 omnia
825 4039 951 4094 qua
981 4023 1368 4096 spiritualiter
1397 4041 1567 4098 agere
1589 4026 1893 4095 debet,hoc

244 4116 356 4180 est,
389 4112 544 4169 circa
573 4111 1070 4169 consecrationem
1103 4112 1412 4169 abbatissa
1437 4113 1525 4171 vel
1576 4114 1895 4171 monacha-

251 4217 405 4267 rum,
436 4204 495 4256 et
526 4200 597 4256 de
628 4199 793 4256 nulla
824 4217 888 4256 se
914 4200 977 4272 [f.
1015 4201 1086 4257 de
1119 4200 1283 4257 nulla
1332 4219 1410 4258 re.
1462 4204 1672 4274 Hann]
1715 4203 1895 4260 intro-

251 4290 511 4357 mittant,
560 4306 750 4361 neque
805 4289 876 4345 de
923 4293 1114 4346 castro
1167 4295 1225 4345 et
1271 4296 1434 4347 curte
1486 4293 1555 4347 de
1600 4292 1896 4359 Saranica,

255 4393 443 4450 neque
472 4378 543 4433 de
574 4376 705 4433 aliis
735 4378 948 4433 castris
977 4383 1037 4434 et
1067 4377 1242 4445 villis,
1275 4380 1522 4451 campis,
1557 4380 1763 4452 vineis,
1808 4398 1900 4436 ca-

257 4467 360 4536 sis,
392 4465 767 4533 molendinis,
798 4471 920 4523 tam
951 4467 1022 4522 de
1057 4466 1287 4522 civitate
1319 4469 1691 4542 Pergamensi
1724 4487 1900 4541 quam

1904 3187 1947 3254 C

1161 307 1566 372 EPISTOLE
1608 312 1710 375 ΕΤ
1749 305 2207 376 DlPLOMA'l‘A
2246 306 2719 373 PONTIFICIA.

1916 444 2236 512 Ainvasor
2277 443 2499 516 aliquid
2548 441 2839 511 molietur,
2890 440 3010 499 sive
3066 443 3269 499 contra
3320 441 3433 501 hoc
3488 407 3646 515 quod

3525 302 3648 370 788

1992 535 2388 607 praediximus,
2444 532 2869 607 repugnaverit,
2938 533 3345 605 cujuscunque
3400 533 3641 606 gradus,

1988 625 2076 681 vel
2108 623 2349 692 ordinis,
2384 628 2486 680 aut
2513 624 2710 689 ofﬁcii,
2741 621 2829 679 vel
2861 622 3187 695 dignitatis,
3238 627 3339 678 aut
3384 622 3639 696 generis,

1991 714 2136 770 sciat
2166 731 2228 769 se
2261 713 2319 769 in
2348 712 2497 767 iram
2520 712 2581 767 Β.
2615 712 2766 768 Petri
2798 710 3194 784 apostolorum
3226 711 3534 784 principis,
3584 715 3644 768 et

1990 804 2255 859 omnium
2313 807 2672 868 sanctorum,
2732 805 2789 857 et
2854 806 3117 857 nostram
3188 807 3641 874 nostrorumque

1991 894 2479 964 praedecessorum
2502 906 2837 957 cursurum,
2869 892 2931 962 [Γ.
2966 890 3363 946 incursurum.
3397 889 3636 963 Hanc],

1989 986 2047 1036 et
2093 982 2441 1038 aternaliter
2496 979 2885 1036 anathematis
2939 978 3171 1035 vinculo
3220 980 3518 1049 damnato,
3570 996 3636 1039 ac

1989 1071 2048 1126 in
2079 1070 2679 1127 excommunicatione
2708 1069 3002 1124 victurum
3049 1067 3402 1127 universalis
3443 1066 3635 1129 Eccle-

1989 1160 2091 1216 sia
2146 1166 2203 1215 et
2259 1158 2449 1214 cuncti
2503 1157 2702 1229 populi
2760 1157 3097 1213 Christiani.
3158 1159 3405 1230 Insuper
3453 1157 3566 1215 nisi
3602 1175 3638 1213 a

1989 1249 2142 1305 malo
2174 1248 2502 1320 resipuerit,
2534 1244 2896 1302 irrevocabili
2947 1246 3151 1302 exsilio
3201 1246 3497 1318 puniatur,
3546 1245 3636 1303 vel

1989 1338 2213 1395 ultimis
2243 1335 2548 1409 suppliciis
2580 1334 2839 1400 feriatur,
2854 1338 2910 1388 et
2925 1335 3079 1389 bona
3092 1335 3220 1406 ejus
3240 1335 3636 1407 publicentur.

1990 1427 2099 1494 Qui
2128 1444 2258 1483 vero
2291 1426 2384 1498 pio
2416 1423 2631 1480 intuitu
2662 1426 2860 1479 custos
2890 1426 2946 1478 et
2975 1422 3312 1479 observator
3339 1422 3399 1478 in
3447 1424 3637 1479 omni-

1990 1519 2103 1573 bus
2131 1515 2407 1582 exsiterit,
2442 1511 2862 1570 benedictionis
2893 1511 3142 1585 gratiam
3173 1515 3231 1567 et
3256 1510 3437 1568 vitam
3467 1515 3639 1569 ater-

1991 1624 2128 1662 nam
2165 1622 2299 1661 cum
2331 1604 2607 1660 omnibus
2638 1602 2859 1658 sanctis
2891 1602 3103 1657 habere
3135 1604 3429 1657 mereatur
3455 1601 3515 1657 in
3538 1618 3638 1658 sa-

1990 1696 2122 1753 cula
2179 1693 2545 1752 saeculorum.
2595 1694 2798 1747 Amen.
2856 1691 3000 1756 Fiat,
3046 1690 3169 1746 fiat.
3223 1691 3286 1745 In
3318 1689 3411 1747 his
3441 1692 3636 1755 autem

1991 1785 2380 1841 interfuerunt
2408 1780 2853 1853 archiepiscopi,
2883 1779 3161 1852 episcopi,
3195 1778 3457 1847 abbates,
3482 1778 3641 1851 judi-

1991 1892 2087 1931 ces
2116 1873 2359 1929 Romani
2391 1889 2495 1927 seu
2526 1871 2597 1925 de
2616 1868 2823 1924 vicinis
2844 1872 2901 1924 et
2922 1867 3261 1940 longinquis
3280 1867 3633 1925 civitatibus.

1990 1962 2256 2018 Interfuit
2285 1962 2352 2017 D.
2387 1960 2685 2016 Conradus
2710 1959 3048 2030 imperator,
3080 1959 3138 2012 et
3180 1956 3547 2025 Ambrosius,
3580 1960 3639 2013 et

1989 2052 2311 2119 Oldericus,
2343 2048 2621 2121 episcopi,
2651 2050 2784 2114 etc.,
2817 2062 3070 2117 quorum
3101 2044 3366 2116 impulsu
3388 2044 3455 2103 N.
3488 2045 3636 2102 Pra-

1990 2141 2278 2207 nestinus,
2314 2137 2594 2210 Georgius
2623 2135 2983 2202 Portuensis,
3016 2135 3310 2197 Deodatus
3340 2133 3634 2197 Holstien-

1989 2231 2090 2298 sis,
2125 2230 2448 2285 Martianus
2479 2224 2839 2294 Narniensis,
2872 2223 3222 2280 Benedictus
3264 2222 3633 2295 Tiburtinus,

1988 2318 2317 2375 Bernardus
2346 2313 2721 2384 Castriensis,
2747 2314 3007 2369 Joannes
3032 2309 3393 2383 Petrosinus,
3419 2314 3634 2387 Grego-

1987 2409 2112 2464 rius
2142 2406 2424 2473 Ortensis,
2458 2402 2739 2476 Georgius
2769 2398 3491 2468 Tiburtinus,Valentinus
3521 2400 3635 2458 Ma-

1987 2496 2270 2564 notensis,
2321 2493 2664 2549 Theodorus
2712 2489 2928 2558 Mileto,
2986 2488 3235 2545 Savinus
3281 2487 3466 2546 abbas
3503 2489 3636 2547 Pla-

1988 2590 2153 2653 neta,
2188 2589 2251 2640 D.
2296 2582 2478 2637 abbas
2524 2577 2885 2645 Altinensis;
2940 2593 3145 2635 omnes
3187 2576 3636 2655 archiepiscopi,

1987 2672 2265 2747 episcopi,
2296 2672 2559 2736 abbates,
2590 2672 2647 2725 et
2675 2667 2883 2740 reliqui
2932 2665 3129 2740 plures
3166 2663 3513 2737 cardinales,
3547 2667 3633 2724 sic

1987 2762 2132 2819 actis
2160 2759 2494 2816 interfuere.
2545 2756 2859 2829 Gregorius
2878 2753 3195 2812 cardinalis
3247 2755 3321 2810 ad
3361 2753 3630 2824 Vincula,

1987 2850 2333 2909 Benedictus
2363 2846 2958 2914 S.Cacilia,Andreas
2979 2844 3282 2917 presbyter
3300 2841 3634 2916 patriarcha

1988 2939 2413 3005 Lateranensis,
2488 2935 2761 2992 Julianus
2832 2933 3134 3007 presbyter
3199 2932 3628 3000 Lateranensis,

1987 3029 2302 3087 Faustinus
2350 3026 2667 3099 prasbyter
2708 3028 2764 3079 S.
2816 3023 2991 3095 Petri,
3040 3023 3273 3080 Marcus
3328 3021 3631 3097 presbyter

1985 3119 2043 3175 S.
2096 3116 2248 3173 Petri
2291 3113 2560 3187 apostoli.
2612 3112 2683 3167 Hi
2730 3128 2934 3168 omnes
2981 3109 3306 3168 cardinales
3352 3109 3445 3168 his
3483 3111 3629 3168 actis

1985 3206 2317 3261 interfuere.
2362 3202 2679 3258 Faustinus
2726 3203 2903 3273 caput
2944 3202 3185 3256 senatus
3230 3202 3288 3256 et
3313 3197 3541 3269 consul,
3570 3204 3630 3257 et

1976 3296 2159 3367 judex
2187 3294 2257 3348 de
2286 3291 2523 3365 palatio,
2553 3288 2827 3346 Junialus
2854 3290 2928 3344 de
2955 3288 3141 3347 Fema
3160 3288 3375 3346 Muana
3417 3289 3631 3347 Roma-

1989 3401 2121 3440 nus.
2155 3380 2372 3437 Paulus
2403 3381 2474 3436 de
2505 3378 2725 3451 templo
2754 3377 2979 3450 palatii,
3004 3381 3062 3433 et
3089 3376 3291 3450 plures
3322 3377 3441 3436 alii.

2061 3473 2207 3528 Data
2231 3474 2289 3525 et
2317 3468 2689 3525 corroborata
2716 3485 2773 3523 1v
2803 3466 2940 3521 Idus
2975 3464 3137 3521 Junii
3189 3465 3251 3521 in
3280 3467 3635 3539 patriarchio

1991 3558 2367 3618 Lateranensi
2423 3555 2655 3613 Domini
2724 3553 3040 3610 Salvatoris
3102 3552 3368 3611 feliciter.
3426 3559 3637 3628 Amen,

1996 3666 2167 3708 amen
2182 3690 2192 3704 .

2068 3737 2407 3808 Subscriptio
2440 3735 2664 3805 notarii,
2694 3735 2890 3789 omisso
2919 3734 3093 3804 signa.

2071 3833 2187 3901 Ego
2217 3825 2538 3898 stephanus
2569 3822 2831 3879 notarius
2864 3821 3124 3891 interfui,
3155 3824 3213 3878 et
3232 3822 3410 3894 jussu
3439 3823 3647 3881 D.Leo-

2002 3918 2095 3974 nis
2148 3913 2367 3971 summi
2414 3911 2706 3985 pontiﬁcis
2754 3911 2953 3968 omnia
2982 3911 3321 3984 supradicta
3350 3911 3562 3986 scripsi
3590 3914 3648 3970 et

2004 4004 2241 4062 tradidi.

2734 4072 2921 4128 CVIII.

2006 4169 2065 4223 5.
2098 4167 2291 4222 Leonis
2320 4166 2385 4220 IX
2411 4163 2643 4235 epistola
2694 4162 2765 4217 ad
2812 4161 3204 4233 Leodcgarium
3247 4168 3448 4220 sanctae
3493 4161 3654 4220 Vien-

2420 4234 2607 4291 nensis
2638 4234 2888 4291 Ecclesia
2916 4235 3247 4306 episcopum.

2502 4309 2682 4372 (Intra
2711 4324 2849 4361 ann.
2882 4305 3167 4378 4048-54.)

2232 4382 2448 4446 [Bosco,
2484 4378 2819 4435 Bibliotheca
2847 4379 3226 4450 Floriacensis,
3259 4378 3448 4450 p.68.]

2088 4488 2187 4525 μευ
2217 4470 2526 4541 episcopus
2558 4472 2768 4523 sancta
2802 4468 3075 4524 Romana
3107 4466 3401 4537 Ecclesia,
3429 4481 3667 4522 venera-

260 4556 331 4612 de
361 4554 501 4610 foris
531 4571 634 4627 per
665 4558 855 4610 totum
888 4554 1391 4621 comitatum,cum
1415 4558 1611 4613 omnia
1635 4563 1692 4613 et
1717 4559 1903 4613 omui-
1935 4558 1983 4622 D
2015 4560 2115 4615 bili
2146 4556 2421 4615 confratri
2455 4574 2804 4612 LEODEGARIO
2832 4556 3149 4613 Viennensi
3196 4553 3664 4629 archiepiscopo,

256 4646 368 4700 bus
399 4643 472 4699 ad
500 4644 773 4699 eumdem
802 4644 1221 4699 monasterium
1246 4647 1499 4701 S.Grata
1530 4647 1600 4702 de
1632 4647 1907 4719 praedicto

258 4731 530 4805 episcopo
560 4732 870 4787 attinentia
898 4749 1033 4787 cum
1056 4732 1328 4806 religioso
1349 4735 1484 4804 jure
1509 4736 1903 4791 concedimus.

262 4821 421 4879 Unde
449 4820 501 4875 si
533 4819 666 4892 quis
697 4825 899 4877 contra
928 4820 1080 4877 hanc
1119 4822 1498 4893 apostolicam
1553 4830 1609 4879 et
1657 4826 1909 4896 synoda~

261 4909 376 4966 lem
390 4908 799 4965 auctoritatem
812 4913 869 4966 et
879 4908 1338 4983 largitionemqu
1348 4911 1475 4983 isqu
1485 4930 1579 4968 am
1602 4914 1873 4985 episcopu
1884 4931 1911 4969 s

335 5035 484 5106 (217)
525 5038 722 5109 Exstat
766 5038 929 5109 tomo
980 5034 1053 5109 IY
1098 5034 1272 5089 Italia
1317 5054 1493 5091 sacra
1542 5038 1911 5109 privilegium

266 5105 622 5179 monasterio
656 5106 714 5161 S.
748 5107 933 5179 Grata
964 5105 1217 5179 a__Leone
1248 5125 1398 5179 papa
1430 5109 1501 5163 1X
1532 5105 1911 5176 concessum;

268 5177 369 5235 sed
430 5178 598 5251 cujus
648 5177 787 5231 anni
837 5175 1101 5251 concilio,
1149 5175 1458 5251 incertum.
1513 5181 1712 5251 Neque
1758 5182 1914 5236 enim

269 5247 1026 5323 unumﬂomauconciiium
1057 5247 1169 5323 L_eo
1201 5247 1706 5316 celebravit.Quod
1739 5253 1920 5323 igitur

272 5336 426 5377 anno
459 5319 597 5374 1049
623 5319 895 5375 tribuerit
925 5317 1225 5390 Ughellus,
1278 5338 1440 5375 mera
1486 5317 1793 5378 divinatio"
1808 5328 1915 5377 est.

270 5393 338 5449 Et
368 5390 737 5517 privilegium
768 5391 963 5518 ipsum
992 5394 1183 5472 totum
1233 5408 1460 5473 merum
1515 5393 1761 5475 fortasse
1814 5394 1919 5518 figi:

274 5467 536 5518 mentum
611 5479 684 5517 lCl
715 5463 787 5518 de
831 5466 887 5518 et
915 5480 927 5517 :
963 5478 1095 5517 cum
1127 5480 1185 5516 in
1221 5480 1287 5518 eo
1320 5468 1396 5517 snt
1426 5469 1644 5518 mentio
1673 5466 1859 5518 Conra
1906 5481 1919 5516 ι

274 5467 536 5520 mentum
569 5463 684 5517 dici
715 5463 887 5519 debet
915 5480 927 5517 :
963 5478 1095 5517 cum
1127 5463 1185 5516 in
1221 5480 1287 5519 eo
1320 5463 1396 5517 sit
1426 5466 1644 5519 mentio
1673 5463 1919 5519 Conradi

273 5536 418 5607 imp,
451 5533 642 5607 eidem
676 5532 922 5607 concilio
954 5534 1278 5607 prasentis,
1326 5534 1426 5606 qui
1474 5542 1668 5607 tamen
1722 5536 1923 5590 decem

275 5603 451 5665 annis
483 5603 623 5662 totis
654 5608 787 5662 ante
817 5603 1026 5677 Leonis
1058 5603 1465 5677 pontificatum
1506 5606 1747 5662 obierat.
1780 5607 1924 5661 Irre-

2019 4653 2075 4703 et
2106 4664 2207 4719 per
2234 4651 2289 4701 te
2320 4645 2587 4701 Ecclesia
2622 4651 2731 4700 tua
2762 4644 2820 4699 in
2853 4648 3223 4718 perpetuum.

2091 4735 2397 4807 Privilegia
2426 4735 2692 4790 Ecclesia
2723 4737 2857 4802 tua,
2893 4751 3019 4806 qua
3050 4752 3201 4807 papa
3229 4733 3505 4791 Silvester
3546 4731 3668 4802 pri-

2019 4843 2153 4880 mus
2187 4830 2243 4880 et
2270 4825 2397 4895 ejus
2444 4840 2834 4890 successores,
2897 4823 3083 4879 nostri
3136 4821 3404 4878 videlicet
3448 4820 3671 4892 prado-

2022 4929 2283 4969 cossores
2310 4915 2744 4979 concesserunt,
2798 4915 2855 4967 et
2900 4928 3008 4966 nos
3055 4911 3394 4966 statuimus.
3446 4905 3673 4965 Praedia

2023 5036 2211 5107 psisse
2269 5035 2489 5091 librarii
2550 5051 2742 5107 errore
2793 5051 3007 5090 nomen
3048 5030 3676 5107 Conradiususpicatur

2029 5102 2324 5189 Ughellus.
2359 5107 2519 5191 Quod
2554 5106 2600 5160 si
2635 5107 2715 5160 ita
2743 5110 2850 5171 est,
2902 5122 3126 5230 suague
3173 5102 3477 5187 privilegio
3526 5104 3674 5162 fides

2029 5187 2328 5230 nssontur.
2365 5176 2659 5230 latendum
2690 5180 2842 5230 certe
2870 5182 3007 5230 este
3055 5182 3199 5230 itum
3230 5192 3289 5230 1n
3313 5174 3508 5230 aliquo
3536 5192 3674 5230 con-

2026 5174 2329 5243 asseritur,
2365 5176 2659 5231 fatendum
2690 5180 2842 5231 certe
2870 5182 2958 5231 est
2977 5174 3199 5248 editum
3230 5174 3508 5248 inialiquo
3536 5192 3675 5248 con-

2028 5251 2158 5305 cilio
2191 5250 2369 5304 fuisse
2387 5249 2557 5319 cujus
2581 5248 2862 5302 memoria
2879 5247 3046 5302 nobis
3076 5247 3191 5303 alia
3213 5245 3377 5304 nulla
3405 5245 3679 5319 suppedi—

2030 5323 2411 5393 tat.Quatuori
2428 5318 2744 5393 enimqua
2773 5323 2970 5393 extant
2999 5319 3285 5393 Romana
3306 5318 3682 5393 synodi’Leo-

2032 5393 2123 5446 nis
2158 5392 2435 5473 papalx,
2470 5390 2671 5473 statim
2704 5394 2835 5473 post
2880 5390 3104 5473 Pascha
3133 5390 3450 5473 celebrata
3495 5394 3678 5473 sunt:

2033 5461 2247 5537 earum‘
2268 5462 2445 5537 igitur
2473 5461 2618 5517 nulli
2648 5461 2825 5537 tribui
2847 5465 3038 5535 potest
3058 5462 3429 5537 privilegium
3457 5483 3513 5521 v1
3542 5463 3688 5537 Idus

2031 5536 2204 5658 Jugiti)
2223 5536 2652 5604 consignatum.
2686 5532 2866 5599 Quale
2894 5532 3089 5592 autem
3119 5532 3413 5613 idcuﬁque
3446 5543 3554 5609 est,
3585 5532 3696 5592 hi0

2036 5621 2101 5658 ex
2148 5621 2165 5657 1
2212 5620 2298 5658 eo.

2036 5620 2298 5658 εκωιοθο.
