  <div class='ocr_page' id='page_1' title='image "/cluster/home/n/w/nwhite01/storage/ocr_20150623/143/uva.x000829790/407.png"; bbox 0 0 3974 6206; ppageno 0'>
   <div class='ocr_carea' id='block_1_1' title="bbox 379 308 2029 403">
    <p class='ocr_par' dir='ltr' id='par_1_1' title="bbox 379 308 2022 375">
     <span class='ocr_line' id='line_1_1' title="bbox 379 308 2022 375; baseline 0.001 -3"><span class='ocrx_word' id='word_1_1' title='bbox 379 308 503 373; x_wconf 78' lang='lat'>787</span> <span class='ocrx_word' id='word_1_2' title='bbox 1681 310 1744 375; x_wconf 92' lang='lat' dir='ltr'>S.</span> <span class='ocrx_word' id='word_1_3' title='bbox 1796 311 2022 375; x_wconf 81' lang='lat' dir='ltr'>LEONI</span> 
     </span>
    </p>
   </div>
   <div class='ocr_carea' id='block_1_2' title="bbox 2212 308 3809 403">
    <p class='ocr_par' dir='ltr' id='par_1_2' title="bbox 2237 310 3809 403">
     <span class='ocr_line' id='line_1_2' title="bbox 2237 310 3809 403; baseline 0.004 -30"><span class='ocrx_word' id='word_1_4' title='bbox 2237 310 2336 373; x_wconf 83' lang='lat' dir='ltr'><strong>PA</strong></span> <span class='ocrx_word' id='word_1_5' title='bbox 2350 310 2492 373; x_wconf 58' lang='lat' dir='ltr'>re.</span> <span class='ocrx_word' id='word_1_6' title='bbox 3686 315 3809 403; x_wconf 64' lang='lat' dir='ltr'>ass</span> 
     </span>
    </p>
   </div>
   <div class='ocr_carea' id='block_1_3' title="bbox 381 443 3806 520">
    <p class='ocr_par' dir='ltr' id='par_1_3' title="bbox 381 443 3806 520">
     <span class='ocr_line' id='line_1_3' title="bbox 381 443 3806 520; baseline 0.001 -17"><span class='ocrx_word' id='word_1_7' title='bbox 381 448 442 503; x_wconf 89' lang='lat' dir='ltr'>et</span> <span class='ocrx_word' id='word_1_8' title='bbox 468 445 623 502; x_wconf 91' lang='lat' dir='ltr'>bona</span> <span class='ocrx_word' id='word_1_9' title='bbox 651 448 708 502; x_wconf 92' lang='lat' dir='ltr'>et</span> <span class='ocrx_word' id='word_1_10' title='bbox 735 446 1090 503; x_wconf 82' lang='lat' dir='ltr'>munitiones</span> <span class='ocrx_word' id='word_1_11' title='bbox 1123 465 1247 520; x_wconf 75' lang='lat' dir='ltr'>quze</span> <span class='ocrx_word' id='word_1_12' title='bbox 1282 449 1678 504; x_wconf 83' lang='lat' dir='ltr'>Romanorum</span> <span class='ocrx_word' id='word_1_13' title='bbox 1710 452 2021 519; x_wconf 81' lang='lat' dir='ltr'>imperato-</span> <span class='ocrx_word' id='word_1_14' title='bbox 2055 446 2110 512; x_wconf 77' lang='grc' dir='ltr'><strong>Α</strong></span> <span class='ocrx_word' id='word_1_15' title='bbox 2138 443 2403 501; x_wconf 69' lang='lat' dir='ltr'>Ecclesiae</span> <span class='ocrx_word' id='word_1_16' title='bbox 2434 445 2845 502; x_wconf 81' lang='lat' dir='ltr'>communione</span> <span class='ocrx_word' id='word_1_17' title='bbox 2876 448 3219 519; x_wconf 86' lang='lat' dir='ltr'>segregatus</span> <span class='ocrx_word' id='word_1_18' title='bbox 3255 449 3554 520; x_wconf 59' lang='lat' dir='ltr'>perpetua</span> <span class='ocrx_word' id='word_1_19' title='bbox 3589 448 3806 520; x_wconf 84' lang='lat' dir='ltr'>subja-</span> 
     </span>
    </p>
   </div>
   <div class='ocr_carea' id='block_1_4' title="bbox 383 533 3806 609">
    <p class='ocr_par' dir='ltr' id='par_1_4' title="bbox 383 533 3806 609">
     <span class='ocr_line' id='line_1_4' title="bbox 383 533 3806 609; baseline 0.001 -17"><span class='ocrx_word' id='word_1_20' title='bbox 383 552 478 593; x_wconf 90' lang='lat' dir='ltr'>res</span> <span class='ocrx_word' id='word_1_21' title='bbox 506 538 563 591; x_wconf 93' lang='lat' dir='ltr'>et</span> <span class='ocrx_word' id='word_1_22' title='bbox 593 536 946 591; x_wconf 82' lang='lat' dir='ltr'>Francorum</span> <span class='ocrx_word' id='word_1_23' title='bbox 978 540 1167 608; x_wconf 63' lang='lat' dir='ltr'>atquae</span> <span class='ocrx_word' id='word_1_24' title='bbox 1202 538 1549 609; x_wconf 72' lang='lat' dir='ltr'>Burgundim</span> <span class='ocrx_word' id='word_1_25' title='bbox 1570 535 2025 608; x_wconf 83' lang='lat' dir='ltr'>reges,Ecclesiae</span> <span class='ocrx_word' id='word_1_26' title='bbox 2137 538 2261 589; x_wconf 90' lang='lat' dir='ltr'>ceat</span> <span class='ocrx_word' id='word_1_27' title='bbox 2292 533 2709 589; x_wconf 89' lang='lat' dir='ltr'>maledictioni.</span> <span class='ocrx_word' id='word_1_28' title='bbox 2743 535 2848 601; x_wconf 88' lang='lat' dir='ltr'>Qui</span> <span class='ocrx_word' id='word_1_29' title='bbox 2881 539 3074 590; x_wconf 89' lang='lat' dir='ltr'>autem</span> <span class='ocrx_word' id='word_1_30' title='bbox 3125 535 3467 593; x_wconf 81' lang='lat' dir='ltr'>observator</span> <span class='ocrx_word' id='word_1_31' title='bbox 3510 538 3806 595; x_wconf 71' lang='lat' dir='ltr'>exstiterit</span> 
     </span>
    </p>
   </div>
   <div class='ocr_carea' id='block_1_5' title="bbox 384 622 3683 696">
    <p class='ocr_par' dir='ltr' id='par_1_5' title="bbox 384 622 3683 696">
     <span class='ocr_line' id='line_1_5' title="bbox 384 622 3683 696; baseline 0.001 -16"><span class='ocrx_word' id='word_1_32' title='bbox 384 627 497 680; x_wconf 67' lang='lat' dir='ltr'>tum</span> <span class='ocrx_word' id='word_1_33' title='bbox 530 623 1187 689; x_wconf 90' lang='lat' dir='ltr'>dederunt,auctoritate</span> <span class='ocrx_word' id='word_1_34' title='bbox 1203 624 1301 680; x_wconf 87' lang='lat' dir='ltr'>Dei</span> <span class='ocrx_word' id='word_1_35' title='bbox 1325 629 1380 679; x_wconf 91' lang='lat' dir='ltr'>et</span> <span class='ocrx_word' id='word_1_36' title='bbox 1411 626 1594 680; x_wconf 81' lang='lat' dir='ltr'>sancti</span> <span class='ocrx_word' id='word_1_37' title='bbox 1631 625 1781 680; x_wconf 86' lang='lat' dir='ltr'>Petri</span> <span class='ocrx_word' id='word_1_38' title='bbox 1812 629 1870 680; x_wconf 91' lang='lat' dir='ltr'>et</span> <span class='ocrx_word' id='word_1_39' title='bbox 1902 641 2029 679; x_wconf 91' lang='lat' dir='ltr'>nos-</span> <span class='ocrx_word' id='word_1_40' title='bbox 2136 622 2428 694; x_wconf 81' lang='lat' dir='ltr'>repleatur</span> <span class='ocrx_word' id='word_1_41' title='bbox 2456 623 2819 679; x_wconf 81' lang='lat' dir='ltr'>abundantia</span> <span class='ocrx_word' id='word_1_42' title='bbox 2848 623 3185 696; x_wconf 65' lang='lat' dir='ltr'>apostolica:</span> <span class='ocrx_word' id='word_1_43' title='bbox 3224 625 3683 684; x_wconf 82' lang='lat' dir='ltr'>benedictionis.</span> 
     </span>
    </p>
   </div>
   <div class='ocr_carea' id='block_1_6' title="bbox 383 711 3799 785">
    <p class='ocr_par' dir='ltr' id='par_1_6' title="bbox 383 711 3799 785">
     <span class='ocr_line' id='line_1_6' title="bbox 383 711 3799 785; baseline 0.002 -20"><span class='ocrx_word' id='word_1_44' title='bbox 383 714 495 779; x_wconf 89' lang='lat' dir='ltr'>tra,</span> <span class='ocrx_word' id='word_1_45' title='bbox 522 711 693 767; x_wconf 83' lang='lat' dir='ltr'>ﬁrma</span> <span class='ocrx_word' id='word_1_46' title='bbox 719 728 849 767; x_wconf 91' lang='lat' dir='ltr'>esse</span> <span class='ocrx_word' id='word_1_47' title='bbox 878 712 1680 785; x_wconf 83' lang='lat' dir='ltr'>praecipimus.Similiterque</span> <span class='ocrx_word' id='word_1_48' title='bbox 1714 712 2025 770; x_wconf 86' lang='lat' dir='ltr'>Galliarum</span> <span class='ocrx_word' id='word_1_49' title='bbox 2208 716 2412 767; x_wconf 88' lang='lat' dir='ltr'>Datum</span> <span class='ocrx_word' id='word_1_50' title='bbox 2449 712 2662 768; x_wconf 87' lang='lat' dir='ltr'>Patavii</span> <span class='ocrx_word' id='word_1_51' title='bbox 2696 729 2795 784; x_wconf 90' lang='lat' dir='ltr'>per</span> <span class='ocrx_word' id='word_1_52' title='bbox 2848 729 3091 768; x_wconf 89' lang='lat' dir='ltr'>manum</span> <span class='ocrx_word' id='word_1_53' title='bbox 3140 713 3424 769; x_wconf 88' lang='lat' dir='ltr'>Bernardi</span> <span class='ocrx_word' id='word_1_54' title='bbox 3475 715 3603 772; x_wconf 85' lang='lat' dir='ltr'>vice</span> <span class='ocrx_word' id='word_1_55' title='bbox 3650 716 3799 772; x_wconf 87' lang='lat' dir='ltr'>Petri</span> 
     </span>
    </p>
   </div>
   <div class='ocr_carea' id='block_1_7' title="bbox 385 800 3799 874">
    <p class='ocr_par' dir='ltr' id='par_1_7' title="bbox 385 800 3799 874">
     <span class='ocr_line' id='line_1_7' title="bbox 385 800 3799 874; baseline 0.002 -18"><span class='ocrx_word' id='word_1_56' title='bbox 385 816 491 874; x_wconf 89' lang='lat' dir='ltr'>per</span> <span class='ocrx_word' id='word_1_57' title='bbox 516 818 595 855; x_wconf 84' lang='lat' dir='ltr'>vn</span> <span class='ocrx_word' id='word_1_58' title='bbox 626 800 952 871; x_wconf 89' lang='lat' dir='ltr'>provincias</span> <span class='ocrx_word' id='word_1_59' title='bbox 981 802 1272 873; x_wconf 89' lang='lat' dir='ltr'>episcopis</span> <span class='ocrx_word' id='word_1_60' title='bbox 1315 802 1707 874; x_wconf 61' lang='lat' dir='ltr'>praecipimus,</span> <span class='ocrx_word' id='word_1_61' title='bbox 1759 807 1824 857; x_wconf 91' lang='lat' dir='ltr'>ut</span> <span class='ocrx_word' id='word_1_62' title='bbox 1874 801 2029 856; x_wconf 85' lang='lat' dir='ltr'>sicut</span> <span class='ocrx_word' id='word_1_63' title='bbox 2134 800 2483 868; x_wconf 91' lang='lat' dir='ltr'>cancellarii,</span> <span class='ocrx_word' id='word_1_64' title='bbox 2537 818 2691 857; x_wconf 92' lang='lat' dir='ltr'>anno</span> <span class='ocrx_word' id='word_1_65' title='bbox 2750 801 3064 857; x_wconf 75' lang='lat' dir='ltr'>Dominicze</span> <span class='ocrx_word' id='word_1_66' title='bbox 3139 802 3574 861; x_wconf 74' lang='lat' dir='ltr'>incarnationis</span> <span class='ocrx_word' id='word_1_67' title='bbox 3635 806 3799 872; x_wconf 77' lang='grc'>4053,</span> 
     </span>
    </p>
   </div>
   <div class='ocr_carea' id='block_1_8' title="bbox 385 889 3797 964">
    <p class='ocr_par' dir='ltr' id='par_1_8' title="bbox 385 889 3797 964">
     <span class='ocr_line' id='line_1_8' title="bbox 385 889 3797 964; baseline 0.002 -20"><span class='ocrx_word' id='word_1_68' title='bbox 385 889 1037 962; x_wconf 65' lang='lat' dir='ltr'>predecessoribustuis</span> <span class='ocrx_word' id='word_1_69' title='bbox 1054 892 1392 947; x_wconf 86' lang='lat' dir='ltr'>auctoritate</span> <span class='ocrx_word' id='word_1_70' title='bbox 1407 896 1620 947; x_wconf 70' lang='lat' dir='ltr'>sancta</span> <span class='ocrx_word' id='word_1_71' title='bbox 1635 893 1902 946; x_wconf 71' lang='lat' dir='ltr'>Romanae</span> <span class='ocrx_word' id='word_1_72' title='bbox 1925 892 2027 946; x_wconf 87' lang='lat' dir='ltr'>Ec-</span> <span class='ocrx_word' id='word_1_73' title='bbox 2136 890 2578 958; x_wconf 84' lang='lat' dir='ltr'>indict.v1,anno</span> <span class='ocrx_word' id='word_1_74' title='bbox 2610 895 2801 946; x_wconf 85' lang='lat' dir='ltr'>autem</span> <span class='ocrx_word' id='word_1_75' title='bbox 2827 890 3205 964; x_wconf 82' lang='lat' dir='ltr'>pontiﬁcatus</span> <span class='ocrx_word' id='word_1_76' title='bbox 3228 892 3453 948; x_wconf 92' lang='lat' dir='ltr'>domini</span> <span class='ocrx_word' id='word_1_77' title='bbox 3484 894 3702 951; x_wconf 88' lang='lat' dir='ltr'>Leonis</span> <span class='ocrx_word' id='word_1_78' title='bbox 3727 895 3797 951; x_wconf 79' lang='lat' dir='ltr'>1X</span> 
     </span>
    </p>
   </div>
   <div class='ocr_carea' id='block_1_9' title="bbox 384 977 3796 1055">
    <p class='ocr_par' dir='ltr' id='par_1_9' title="bbox 384 977 3796 1055">
     <span class='ocr_line' id='line_1_9' title="bbox 384 977 3796 1055; baseline 0.001 -21"><span class='ocrx_word' id='word_1_79' title='bbox 384 977 592 1046; x_wconf 75' lang='lat' dir='ltr'>clesiae,</span> <span class='ocrx_word' id='word_1_80' title='bbox 644 977 757 1051; x_wconf 89' lang='lat' dir='ltr'>ipsi</span> <span class='ocrx_word' id='word_1_81' title='bbox 806 981 909 1034; x_wconf 90' lang='lat' dir='ltr'>aut</span> <span class='ocrx_word' id='word_1_82' title='bbox 956 979 1395 1050; x_wconf 90' lang='lat' dir='ltr'>predecessores</span> <span class='ocrx_word' id='word_1_83' title='bbox 1443 996 1645 1035; x_wconf 90' lang='lat' dir='ltr'>eorum</span> <span class='ocrx_word' id='word_1_84' title='bbox 1687 983 2025 1052; x_wconf 87' lang='lat' dir='ltr'>paruerunt,</span> <span class='ocrx_word' id='word_1_85' title='bbox 2138 996 2297 1051; x_wconf 73' lang='lat' dir='ltr'>papae</span> <span class='ocrx_word' id='word_1_86' title='bbox 2350 997 2402 1047; x_wconf 92' lang='lat' dir='ltr'>v,</span> <span class='ocrx_word' id='word_1_87' title='bbox 2463 983 2671 1053; x_wconf 87' lang='lat' dir='ltr'>quarto</span> <span class='ocrx_word' id='word_1_88' title='bbox 2729 980 2875 1035; x_wconf 89' lang='lat' dir='ltr'>Non.</span> <span class='ocrx_word' id='word_1_89' title='bbox 2931 980 3203 1055; x_wconf 82' lang='lat' dir='ltr'>Augusti.</span> <span class='ocrx_word' id='word_1_90' title='bbox 3261 985 3474 1037; x_wconf 84' lang='lat' dir='ltr'>Actum</span> <span class='ocrx_word' id='word_1_91' title='bbox 3523 982 3796 1051; x_wconf 81' lang='lat' dir='ltr'>feliciter,</span> 
     </span>
    </p>
   </div>
   <div class='ocr_carea' id='block_1_10' title="bbox 384 1066 2328 1142">
    <p class='ocr_par' dir='ltr' id='par_1_10' title="bbox 384 1066 2328 1142">
     <span class='ocr_line' id='line_1_10' title="bbox 384 1066 2328 1142; baseline 0 -19"><span class='ocrx_word' id='word_1_92' title='bbox 384 1066 661 1123; x_wconf 90' lang='lat' dir='ltr'>ohediant</span> <span class='ocrx_word' id='word_1_93' title='bbox 680 1084 913 1139; x_wconf 88' lang='lat' dir='ltr'>quoque</span> <span class='ocrx_word' id='word_1_94' title='bbox 930 1072 986 1123; x_wconf 93' lang='lat' dir='ltr'>et</span> <span class='ocrx_word' id='word_1_95' title='bbox 1005 1068 1424 1134; x_wconf 89' lang='lat' dir='ltr'>tibi.Quoniam</span> <span class='ocrx_word' id='word_1_96' title='bbox 1440 1074 1667 1142; x_wconf 90' lang='lat' dir='ltr'>oportet</span> <span class='ocrx_word' id='word_1_97' title='bbox 1678 1070 1854 1141; x_wconf 89' lang='lat' dir='ltr'>jussu</span> <span class='ocrx_word' id='word_1_98' title='bbox 1877 1068 2030 1125; x_wconf 87' lang='lat' dir='ltr'>beati</span> <span class='ocrx_word' id='word_1_99' title='bbox 2140 1085 2328 1124; x_wconf 90' lang='lat' dir='ltr'>amen.</span> 
     </span>
    </p>
   </div>
   <div class='ocr_carea' id='block_1_11' title="bbox 386 1155 3019 1241">
    <p class='ocr_par' dir='ltr' id='par_1_11' title="bbox 386 1155 3019 1241">
     <span class='ocr_line' id='line_1_11' title="bbox 386 1155 3019 1241; baseline 0.006 -30"><span class='ocrx_word' id='word_1_100' title='bbox 386 1155 537 1212; x_wconf 90' lang='lat' dir='ltr'>Petri</span> <span class='ocrx_word' id='word_1_101' title='bbox 598 1174 702 1229; x_wconf 90' lang='lat' dir='ltr'>per</span> <span class='ocrx_word' id='word_1_102' title='bbox 754 1157 1115 1214; x_wconf 87' lang='lat' dir='ltr'>Clementem</span> <span class='ocrx_word' id='word_1_103' title='bbox 1174 1162 1238 1214; x_wconf 90' lang='lat' dir='ltr'>ut</span> <span class='ocrx_word' id='word_1_104' title='bbox 1295 1176 1414 1214; x_wconf 85' lang='lat' dir='ltr'>una</span> <span class='ocrx_word' id='word_1_105' title='bbox 1466 1174 1709 1232; x_wconf 83' lang='lat' dir='ltr'>quaeque</span> <span class='ocrx_word' id='word_1_106' title='bbox 1762 1174 1905 1231; x_wconf 89' lang='lat' dir='ltr'>gens</span> <span class='ocrx_word' id='word_1_107' title='bbox 1937 1175 2028 1215; x_wconf 89' lang='lat' dir='ltr'>re-</span> <span class='ocrx_word' id='word_1_108' title='bbox 2908 1186 3019 1241; x_wconf 56' lang='lat' dir='ltr'>cx,</span> 
     </span>
    </p>
   </div>
   <div class='ocr_carea' id='block_1_12' title="bbox 385 1247 2031 1321">
    <p class='ocr_par' dir='ltr' id='par_1_12' title="bbox 385 1247 2031 1321">
     <span class='ocr_line' id='line_1_12' title="bbox 385 1247 2031 1321; baseline 0 -19"><span class='ocrx_word' id='word_1_109' title='bbox 385 1251 718 1319; x_wconf 81' lang='lat' dir='ltr'>cognoscat,</span> <span class='ocrx_word' id='word_1_110' title='bbox 766 1264 868 1318; x_wconf 86' lang='lat' dir='ltr'>per</span> <span class='ocrx_word' id='word_1_111' title='bbox 915 1265 1053 1304; x_wconf 89' lang='lat' dir='ltr'>suos</span> <span class='ocrx_word' id='word_1_112' title='bbox 1100 1247 1425 1320; x_wconf 88' lang='lat' dir='ltr'>episcopos,</span> <span class='ocrx_word' id='word_1_113' title='bbox 1460 1249 1559 1321; x_wconf 84' lang='lat' dir='ltr'>qui</span> <span class='ocrx_word' id='word_1_114' title='bbox 1602 1249 1754 1303; x_wconf 90' lang='lat' dir='ltr'>inter</span> <span class='ocrx_word' id='word_1_115' title='bbox 1807 1266 1905 1303; x_wconf 89' lang='lat' dir='ltr'>eos</span> <span class='ocrx_word' id='word_1_116' title='bbox 1954 1249 2031 1303; x_wconf 89' lang='lat' dir='ltr'>sit</span> 
     </span>
    </p>
   </div>
   <div class='ocr_carea' id='block_1_13' title="bbox 385 1334 633 1408">
    <p class='ocr_par' dir='ltr' id='par_1_13' title="bbox 385 1334 633 1408">
     <span class='ocr_line' id='line_1_13' title="bbox 385 1334 633 1408; baseline 0 -17"><span class='ocrx_word' id='word_1_117' title='bbox 385 1334 633 1408; x_wconf 88' lang='lat' dir='ltr'>primus.</span> 
     </span>
    </p>
   </div>
   <div class='ocr_carea' id='block_1_14' title="bbox 459 1426 2027 1500">
    <p class='ocr_par' dir='ltr' id='par_1_14' title="bbox 459 1426 2027 1500">
     <span class='ocr_line' id='line_1_14' title="bbox 459 1426 2027 1500; baseline -0.001 -18"><span class='ocrx_word' id='word_1_118' title='bbox 459 1427 602 1484; x_wconf 84' lang='lat' dir='ltr'>Data</span> <span class='ocrx_word' id='word_1_119' title='bbox 631 1443 735 1499; x_wconf 90' lang='lat' dir='ltr'>per</span> <span class='ocrx_word' id='word_1_120' title='bbox 763 1443 975 1482; x_wconf 90' lang='lat' dir='ltr'>manus</span> <span class='ocrx_word' id='word_1_121' title='bbox 1004 1426 1180 1495; x_wconf 90' lang='lat' dir='ltr'>Petri,</span> <span class='ocrx_word' id='word_1_122' title='bbox 1217 1426 1364 1481; x_wconf 89' lang='lat' dir='ltr'>sacri</span> <span class='ocrx_word' id='word_1_123' title='bbox 1399 1427 1806 1483; x_wconf 86' lang='lat' dir='ltr'>Lateranensis</span> <span class='ocrx_word' id='word_1_124' title='bbox 1830 1427 2027 1500; x_wconf 85' lang='lat' dir='ltr'>palatii</span> 
     </span>
    </p>
   </div>
   <div class='ocr_carea' id='block_1_15' title="bbox 383 1514 1127 1573">
    <p class='ocr_par' dir='ltr' id='par_1_15' title="bbox 383 1514 1127 1573">
     <span class='ocr_line' id='line_1_15' title="bbox 383 1514 1127 1573; baseline -0.003 -2"><span class='ocrx_word' id='word_1_125' title='bbox 383 1514 712 1573; x_wconf 83' lang='lat' dir='ltr'>cancellarii</span> <span class='ocrx_word' id='word_1_126' title='bbox 741 1533 777 1571; x_wconf 92' lang='lat' dir='ltr'>v</span> <span class='ocrx_word' id='word_1_127' title='bbox 802 1516 941 1571; x_wconf 89' lang='lat' dir='ltr'>ldus</span> <span class='ocrx_word' id='word_1_128' title='bbox 973 1514 1127 1571; x_wconf 88' lang='lat' dir='ltr'>Maii.</span> 
     </span>
    </p>
   </div>
   <div class='ocr_carea' id='block_1_16' title="bbox 2212 1275 3719 1348">
    <p class='ocr_par' dir='ltr' id='par_1_16' title="bbox 2212 1275 3719 1348">
     <span class='ocr_line' id='line_1_16' title="bbox 2212 1275 3719 1348; baseline 0.003 -21"><span class='ocrx_word' id='word_1_129' title='bbox 2212 1275 2264 1328; x_wconf 80' lang='lat' dir='ltr'>S.</span> <span class='ocrx_word' id='word_1_130' title='bbox 2301 1276 2399 1329; x_wconf 66' lang='lat' dir='ltr'>Leo</span> <span class='ocrx_word' id='word_1_131' title='bbox 2430 1276 2495 1330; x_wconf 78' lang='lat' dir='ltr'><strong><em>IX</em></strong></span> <span class='ocrx_word' id='word_1_132' title='bbox 2520 1276 2852 1331; x_wconf 75' lang='lat' dir='ltr'>monasterio</span> <span class='ocrx_word' id='word_1_133' title='bbox 2885 1277 3145 1331; x_wconf 70' lang='lat' dir='ltr'>Besuensi</span> <span class='ocrx_word' id='word_1_134' title='bbox 3170 1277 3472 1348; x_wconf 77' lang='lat' dir='ltr'>privilegia</span> <span class='ocrx_word' id='word_1_135' title='bbox 3501 1277 3719 1334; x_wconf 77' lang='lat' dir='ltr'>tribuit.</span> 
     </span>
    </p>
   </div>
   <div class='ocr_carea' id='block_1_17' title="bbox 2758 1383 3164 1453">
    <p class='ocr_par' dir='ltr' id='par_1_17' title="bbox 2758 1383 3164 1453">
     <span class='ocr_line' id='line_1_17' title="bbox 2758 1383 3164 1453; baseline -0.007 -16"><span class='ocrx_word' id='word_1_136' title='bbox 2758 1384 2945 1453; x_wconf 91' lang='lat' dir='ltr'>(Anno</span> <span class='ocrx_word' id='word_1_137' title='bbox 2976 1383 3164 1453; x_wconf 76' lang='grc'>1052.)</span> 
     </span>
    </p>
   </div>
   <div class='ocr_carea' id='block_1_18' title="bbox 2540 1488 3385 1561">
    <p class='ocr_par' dir='ltr' id='par_1_18' title="bbox 2540 1488 3385 1561">
     <span class='ocr_line' id='line_1_18' title="bbox 2540 1488 3385 1561; baseline -0.002 -17"><span class='ocrx_word' id='word_1_138' title='bbox 2540 1488 2873 1561; x_wconf 81' lang='lat' dir='ltr'>[D’Achery,</span> <span class='ocrx_word' id='word_1_139' title='bbox 2906 1489 3095 1560; x_wconf 80' lang='lat' dir='ltr'>Spicil.</span> <span class='ocrx_word' id='word_1_140' title='bbox 3130 1489 3198 1555; x_wconf 92' lang='lat' dir='ltr'>ll,</span> <span class='ocrx_word' id='word_1_141' title='bbox 3235 1490 3385 1560; x_wconf 72' lang='lat'>415.]</span> 
     </span>
    </p>
   </div>
   <div class='ocr_carea' id='block_1_19' title="bbox 1141 1603 3792 1680">
    <p class='ocr_par' dir='ltr' id='par_1_19' title="bbox 1141 1603 3792 1680">
     <span class='ocr_line' id='line_1_19' title="bbox 1141 1603 3792 1680; baseline 0 -19"><span class='ocrx_word' id='word_1_142' title='bbox 1141 1624 1275 1680; x_wconf 59' lang='grc' dir='ltr'>(ΠΧ,</span> <span class='ocrx_word' id='word_1_143' title='bbox 2209 1606 2321 1661; x_wconf 83' lang='lat' dir='ltr'>Leo</span> <span class='ocrx_word' id='word_1_144' title='bbox 2367 1605 2696 1679; x_wconf 91' lang='lat' dir='ltr'>episcopus,</span> <span class='ocrx_word' id='word_1_145' title='bbox 2747 1621 2951 1661; x_wconf 90' lang='lat' dir='ltr'>servus</span> <span class='ocrx_word' id='word_1_146' title='bbox 2998 1620 3299 1660; x_wconf 91' lang='lat' dir='ltr'>servorum</span> <span class='ocrx_word' id='word_1_147' title='bbox 3348 1603 3462 1676; x_wconf 89' lang='lat' dir='ltr'>Dei,</span> <span class='ocrx_word' id='word_1_148' title='bbox 3504 1605 3792 1671; x_wconf 69' lang='lat' dir='ltr'>Onusam,</span> 
     </span>
    </p>
   </div>
   <div class='ocr_carea' id='block_1_20' title="bbox 386 1691 3790 1795">
    <p class='ocr_par' dir='ltr' id='par_1_20' title="bbox 386 1691 3790 1795">
     <span class='ocr_line' id='line_1_20' title="bbox 386 1691 3790 1795; baseline -0.001 -43"><span class='ocrx_word' id='word_1_149' title='bbox 386 1713 678 1795; x_wconf 39' lang='lat' dir='ltr'>3:11am“</span> <span class='ocrx_word' id='word_1_150' title='bbox 727 1714 794 1768; x_wconf 73' lang='grc' dir='ltr'>ιχ</span> <span class='ocrx_word' id='word_1_151' title='bbox 834 1712 1222 1795; x_wconf 53' lang='grc' dir='ltr'>ἀίρίᾳγῑια.ᾳηο</span> <span class='ocrx_word' id='word_1_152' title='bbox 1263 1715 1464 1769; x_wconf 71' lang='grc' dir='ltr'>Ιοαηηί</span> <span class='ocrx_word' id='word_1_153' title='bbox 1509 1714 1631 1795; x_wconf 59' lang='grc' dir='ltr'><em>(φτ),</em></span> <span class='ocrx_word' id='word_1_154' title='bbox 1685 1713 1760 1795; x_wconf 35' lang='grc' dir='ltr'>δ,-</span> <span class='ocrx_word' id='word_1_155' title='bbox 1796 1716 2028 1795; x_wconf 44' lang='lat' dir='ltr'>jus-(ing</span> <span class='ocrx_word' id='word_1_156' title='bbox 2136 1694 2330 1752; x_wconf 88' lang='lat' dir='ltr'>abbati</span> <span class='ocrx_word' id='word_1_157' title='bbox 2364 1693 2675 1795; x_wconf 72' lang='lat' dir='ltr'>Besuensis</span> <span class='ocrx_word' id='word_1_158' title='bbox 2706 1691 3311 1795; x_wconf 41' lang='lat' dir='ltr'>monasteri-i,tuisque</span> <span class='ocrx_word' id='word_1_159' title='bbox 3340 1693 3790 1750; x_wconf 89' lang='lat' dir='ltr'>successoribus</span> 
     </span>
    </p>
   </div>
   <div class='ocr_carea' id='block_1_21' title="bbox 421 1781 3150 1886">
    <p class='ocr_par' dir='ltr' id='par_1_21' title="bbox 421 1781 3150 1886">
     <span class='ocr_line' id='line_1_21' title="bbox 421 1781 3150 1886; baseline -0.001 -46"><span class='ocrx_word' id='word_1_160' title='bbox 421 1785 614 1841; x_wconf 81' lang='lat' dir='ltr'>Patav.</span> <span class='ocrx_word' id='word_1_161' title='bbox 646 1800 806 1840; x_wconf 80' lang='lat' dir='ltr'>usum</span> <span class='ocrx_word' id='word_1_162' title='bbox 828 1781 1232 1856; x_wconf 74' lang='lat' dir='ltr'>pontiﬁcalium</span> <span class='ocrx_word' id='word_1_163' title='bbox 1262 1789 1709 1841; x_wconf 78' lang='lat' dir='ltr'>ornamentorum</span> <span class='ocrx_word' id='word_1_164' title='bbox 1740 1785 1993 1855; x_wconf 81' lang='lat' dir='ltr'>indulget</span> <span class='ocrx_word' id='word_1_165' title='bbox 2058 1820 2106 1886; x_wconf 84' lang='lat' dir='ltr'><strong>B</strong></span> <span class='ocrx_word' id='word_1_166' title='bbox 2137 1790 2480 1859; x_wconf 89' lang='lat' dir='ltr'>perpetuam</span> <span class='ocrx_word' id='word_1_167' title='bbox 2513 1785 2572 1839; x_wconf 91' lang='lat' dir='ltr'>in</span> <span class='ocrx_word' id='word_1_168' title='bbox 2602 1783 2849 1840; x_wconf 92' lang='lat' dir='ltr'>Domino</span> <span class='ocrx_word' id='word_1_169' title='bbox 2880 1781 3150 1838; x_wconf 90' lang='lat' dir='ltr'>salutem.</span> 
     </span>
    </p>
   </div>
   <div class='ocr_carea' id='block_1_22' title="bbox 962 1870 3794 1947">
    <p class='ocr_par' dir='ltr' id='par_1_22' title="bbox 962 1870 3794 1947">
     <span class='ocr_line' id='line_1_22' title="bbox 962 1870 3794 1947; baseline 0.001 -19"><span class='ocrx_word' id='word_1_170' title='bbox 962 1873 1148 1945; x_wconf 86' lang='lat' dir='ltr'>(Anno</span> <span class='ocrx_word' id='word_1_171' title='bbox 1178 1872 1460 1945; x_wconf 72' lang='grc'>4048-54.)</span> <span class='ocrx_word' id='word_1_172' title='bbox 2058 1870 2118 1909; x_wconf 68' lang='grc'>⁸⁷·</span> <span class='ocrx_word' id='word_1_173' title='bbox 2206 1874 2484 1932; x_wconf 86' lang='lat' dir='ltr'>Convenit</span> <span class='ocrx_word' id='word_1_174' title='bbox 2528 1871 2846 1945; x_wconf 90' lang='lat' dir='ltr'>apostolico</span> <span class='ocrx_word' id='word_1_175' title='bbox 2905 1870 3290 1927; x_wconf 90' lang='lat' dir='ltr'>moderamini</span> <span class='ocrx_word' id='word_1_176' title='bbox 3341 1871 3440 1946; x_wconf 90' lang='lat' dir='ltr'>pia</span> <span class='ocrx_word' id='word_1_177' title='bbox 3498 1872 3794 1947; x_wconf 83' lang='lat' dir='ltr'>religione</span> 
     </span>
    </p>
   </div>
   <div class='ocr_carea' id='block_1_23' title="bbox 455 1961 3795 2039">
    <p class='ocr_par' dir='ltr' id='par_1_23' title="bbox 455 1961 3795 2039">
     <span class='ocr_line' id='line_1_23' title="bbox 455 1961 3795 2039; baseline 0.001 -24"><span class='ocrx_word' id='word_1_178' title='bbox 455 1962 649 2034; x_wconf 85' lang='lat' dir='ltr'>[Apud</span> <span class='ocrx_word' id='word_1_179' title='bbox 681 1963 747 2017; x_wconf 79' lang='grc' dir='ltr'>Η.</span> <span class='ocrx_word' id='word_1_180' title='bbox 782 1966 844 2017; x_wconf 85' lang='grc' dir='ltr'>Ρ.</span> <span class='ocrx_word' id='word_1_181' title='bbox 872 1961 1041 2017; x_wconf 89' lang='lat' dir='ltr'>Bern.</span> <span class='ocrx_word' id='word_1_182' title='bbox 1078 1961 1332 2030; x_wconf 90' lang='lat' dir='ltr'>Pezium,</span> <span class='ocrx_word' id='word_1_183' title='bbox 1371 1964 1741 2020; x_wconf 77' lang='lat' dir='ltr'>Thes.Anccd.</span> <span class='ocrx_word' id='word_1_184' title='bbox 1774 1964 2025 2037; x_wconf 68' lang='grc' dir='ltr'>νι,244.]</span> <span class='ocrx_word' id='word_1_185' title='bbox 2136 1964 2491 2039; x_wconf 90' lang='lat' dir='ltr'>pollentibus</span> <span class='ocrx_word' id='word_1_186' title='bbox 2529 1961 2808 2019; x_wconf 90' lang='lat' dir='ltr'>benevola</span> <span class='ocrx_word' id='word_1_187' title='bbox 2859 1961 3264 2034; x_wconf 88' lang='lat' dir='ltr'>compassione</span> <span class='ocrx_word' id='word_1_188' title='bbox 3310 1977 3676 2033; x_wconf 87' lang='lat' dir='ltr'>succurrere,</span> <span class='ocrx_word' id='word_1_189' title='bbox 3728 1967 3795 2019; x_wconf 88' lang='lat' dir='ltr'>et</span> 
     </span>
    </p>
   </div>
   <div class='ocr_carea' id='block_1_24' title="bbox 456 2049 3791 2128">
    <p class='ocr_par' dir='ltr' id='par_1_24' title="bbox 456 2049 3791 2128">
     <span class='ocr_line' id='line_1_24' title="bbox 456 2049 3791 2128; baseline 0.001 -23"><span class='ocrx_word' id='word_1_190' title='bbox 456 2050 571 2106; x_wconf 78' lang='lat' dir='ltr'>Leo</span> <span class='ocrx_word' id='word_1_191' title='bbox 603 2050 932 2125; x_wconf 88' lang='lat' dir='ltr'>episcopus,</span> <span class='ocrx_word' id='word_1_192' title='bbox 967 2068 1267 2109; x_wconf 89' lang='lat' dir='ltr'>servorum</span> <span class='ocrx_word' id='word_1_193' title='bbox 1302 2051 1397 2109; x_wconf 90' lang='lat' dir='ltr'>Dei</span> <span class='ocrx_word' id='word_1_194' title='bbox 1431 2070 1653 2120; x_wconf 89' lang='lat' dir='ltr'>servus,</span> <span class='ocrx_word' id='word_1_195' title='bbox 1701 2071 1897 2110; x_wconf 61' lang='lat' dir='ltr'>comm</span> <span class='ocrx_word' id='word_1_196' title='bbox 1931 2072 2023 2110; x_wconf 91' lang='lat' dir='ltr'>ve-</span> <span class='ocrx_word' id='word_1_197' title='bbox 2134 2051 2776 2128; x_wconf 84' lang='lat' dir='ltr'>petentiumdesideriis</span> <span class='ocrx_word' id='word_1_198' title='bbox 2790 2049 3408 2123; x_wconf 88' lang='lat' dir='ltr'>congruumimpertiri</span> <span class='ocrx_word' id='word_1_199' title='bbox 3424 2050 3791 2123; x_wconf 73' lang='lat' dir='ltr'>suffragium</span> 
     </span>
    </p>
   </div>
   <div class='ocr_carea' id='block_1_25' title="bbox 384 2136 3791 2217">
    <p class='ocr_par' dir='ltr' id='par_1_25' title="bbox 384 2136 3791 2217">
     <span class='ocr_line' id='line_1_25' title="bbox 384 2136 3791 2217; baseline -0 -20"><span class='ocrx_word' id='word_1_200' title='bbox 384 2139 629 2197; x_wconf 85' lang='lat' dir='ltr'>nerahili</span> <span class='ocrx_word' id='word_1_201' title='bbox 660 2141 857 2197; x_wconf 85' lang='lat' dir='ltr'>abbati</span> <span class='ocrx_word' id='word_1_202' title='bbox 889 2141 1227 2198; x_wconf 87' lang='lat' dir='ltr'>monasterii</span> <span class='ocrx_word' id='word_1_203' title='bbox 1258 2142 1480 2198; x_wconf 62' lang='lat' dir='ltr'>Sanctze</span> <span class='ocrx_word' id='word_1_204' title='bbox 1512 2142 1781 2213; x_wconf 76' lang='lat' dir='ltr'>Justinze,</span> <span class='ocrx_word' id='word_1_205' title='bbox 1822 2161 2025 2217; x_wconf 56' lang='lat' dir='ltr'>perpe-</span> <span class='ocrx_word' id='word_1_206' title='bbox 2135 2146 2499 2216; x_wconf 87' lang='lat' dir='ltr'>Quapropter</span> <span class='ocrx_word' id='word_1_207' title='bbox 2528 2140 2787 2197; x_wconf 89' lang='lat' dir='ltr'>inclinati</span> <span class='ocrx_word' id='word_1_208' title='bbox 2821 2140 3089 2213; x_wconf 86' lang='lat' dir='ltr'>precibus</span> <span class='ocrx_word' id='word_1_209' title='bbox 3115 2137 3250 2206; x_wconf 89' lang='lat' dir='ltr'>tuis,</span> <span class='ocrx_word' id='word_1_210' title='bbox 3282 2136 3363 2193; x_wconf 79' lang='lat' dir='ltr'>{ili</span> <span class='ocrx_word' id='word_1_211' title='bbox 3397 2137 3791 2209; x_wconf 87' lang='lat' dir='ltr'>charissimc,</span> 
     </span>
    </p>
   </div>
   <div class='ocr_carea' id='block_1_26' title="bbox 381 2227 3792 2289">
    <p class='ocr_par' dir='ltr' id='par_1_26' title="bbox 381 2227 3792 2289">
     <span class='ocr_line' id='line_1_26' title="bbox 381 2227 3792 2289; baseline -0.001 -2"><span class='ocrx_word' id='word_1_212' title='bbox 381 2233 550 2287; x_wconf 86' lang='lat' dir='ltr'>tuam</span> <span class='ocrx_word' id='word_1_213' title='bbox 581 2229 641 2287; x_wconf 88' lang='lat' dir='ltr'>in</span> <span class='ocrx_word' id='word_1_214' title='bbox 672 2231 918 2287; x_wconf 90' lang='lat' dir='ltr'>Domino</span> <span class='ocrx_word' id='word_1_215' title='bbox 950 2231 1221 2288; x_wconf 88' lang='lat' dir='ltr'>salutem.</span> <span class='ocrx_word' id='word_1_216' title='bbox 2135 2232 2498 2289; x_wconf 90' lang='lat' dir='ltr'>decrevimus</span> <span class='ocrx_word' id='word_1_217' title='bbox 2530 2246 2690 2286; x_wconf 90' lang='lat' dir='ltr'>more</span> <span class='ocrx_word' id='word_1_218' title='bbox 2715 2234 3150 2287; x_wconf 88' lang='lat' dir='ltr'>antecessorum</span> <span class='ocrx_word' id='word_1_219' title='bbox 3178 2231 3516 2284; x_wconf 91' lang='lat' dir='ltr'>nostrorum</span> <span class='ocrx_word' id='word_1_220' title='bbox 3539 2227 3654 2284; x_wconf 92' lang='lat' dir='ltr'>hoc</span> <span class='ocrx_word' id='word_1_221' title='bbox 3679 2246 3792 2285; x_wconf 84' lang='lat' dir='ltr'>no-</span> 
     </span>
    </p>
   </div>
   <div class='ocr_carea' id='block_1_27' title="bbox 453 2316 3789 2395">
    <p class='ocr_par' dir='ltr' id='par_1_27' title="bbox 453 2316 3789 2395">
     <span class='ocr_line' id='line_1_27' title="bbox 453 2316 3789 2395; baseline -0.001 -20"><span class='ocrx_word' id='word_1_222' title='bbox 453 2319 536 2376; x_wconf 84' lang='lat' dir='ltr'><strong>Ex</strong></span> <span class='ocrx_word' id='word_1_223' title='bbox 561 2319 991 2394; x_wconf 86' lang='lat' dir='ltr'>principalitate</span> <span class='ocrx_word' id='word_1_224' title='bbox 1022 2321 1177 2376; x_wconf 90' lang='lat' dir='ltr'>sedis</span> <span class='ocrx_word' id='word_1_225' title='bbox 1207 2321 1561 2393; x_wconf 69' lang='lat' dir='ltr'>apostolicaa,</span> <span class='ocrx_word' id='word_1_226' title='bbox 1612 2322 1704 2377; x_wconf 92' lang='lat' dir='ltr'>cui</span> <span class='ocrx_word' id='word_1_227' title='bbox 1736 2323 1849 2378; x_wconf 91' lang='lat' dir='ltr'>Deo</span> <span class='ocrx_word' id='word_1_228' title='bbox 1882 2341 2023 2395; x_wconf 69' lang='lat' dir='ltr'>prae-</span> <span class='ocrx_word' id='word_1_229' title='bbox 2135 2326 2254 2378; x_wconf 92' lang='lat' dir='ltr'>stro</span> <span class='ocrx_word' id='word_1_230' title='bbox 2285 2319 2582 2394; x_wconf 88' lang='lat' dir='ltr'>privilegio</span> <span class='ocrx_word' id='word_1_231' title='bbox 2614 2317 2943 2392; x_wconf 73' lang='lat' dir='ltr'>apostolica:</span> <span class='ocrx_word' id='word_1_232' title='bbox 2976 2316 3260 2384; x_wconf 89' lang='lat' dir='ltr'>tuitionis,</span> <span class='ocrx_word' id='word_1_233' title='bbox 3281 2321 3473 2372; x_wconf 88' lang='lat' dir='ltr'>vestro</span> <span class='ocrx_word' id='word_1_234' title='bbox 3496 2316 3789 2373; x_wconf 90' lang='lat' dir='ltr'>Besuensi</span> 
     </span>
    </p>
   </div>
   <div class='ocr_carea' id='block_1_28' title="bbox 380 2404 3792 2483">
    <p class='ocr_par' dir='ltr' id='par_1_28' title="bbox 380 2404 3792 2483">
     <span class='ocr_line' id='line_1_28' title="bbox 380 2404 3792 2483; baseline -0.001 -19"><span class='ocrx_word' id='word_1_235' title='bbox 380 2407 645 2464; x_wconf 89' lang='lat' dir='ltr'>sidemus</span> <span class='ocrx_word' id='word_1_236' title='bbox 673 2412 928 2477; x_wconf 89' lang='lat' dir='ltr'>auctore,</span> <span class='ocrx_word' id='word_1_237' title='bbox 963 2408 1267 2481; x_wconf 84' lang='lat' dir='ltr'>religiosos</span> <span class='ocrx_word' id='word_1_238' title='bbox 1289 2409 1499 2465; x_wconf 86' lang='lat' dir='ltr'>Christi</span> <span class='ocrx_word' id='word_1_239' title='bbox 1523 2411 2025 2483; x_wconf 88' lang='lat' dir='ltr'>sacerdotes,quos</span> <span class='ocrx_word' id='word_1_240' title='bbox 2136 2408 2487 2465; x_wconf 90' lang='lat' dir='ltr'>monasterio</span> <span class='ocrx_word' id='word_1_241' title='bbox 2519 2412 2755 2481; x_wconf 90' lang='lat' dir='ltr'>propter</span> <span class='ocrx_word' id='word_1_242' title='bbox 2793 2406 3169 2463; x_wconf 86' lang='lat' dir='ltr'>imminentes</span> <span class='ocrx_word' id='word_1_243' title='bbox 3209 2404 3667 2478; x_wconf 89' lang='lat' dir='ltr'>persecutiones,</span> <span class='ocrx_word' id='word_1_244' title='bbox 3729 2410 3792 2462; x_wconf 89' lang='lat' dir='ltr'>et</span> 
     </span>
    </p>
   </div>
   <div class='ocr_carea' id='block_1_29' title="bbox 380 2493 3788 2575">
    <p class='ocr_par' dir='ltr' id='par_1_29' title="bbox 380 2493 3788 2575">
     <span class='ocr_line' id='line_1_29' title="bbox 380 2493 3788 2575; baseline -0 -23"><span class='ocrx_word' id='word_1_245' title='bbox 380 2495 540 2552; x_wconf 91' lang='lat' dir='ltr'>omni</span> <span class='ocrx_word' id='word_1_246' title='bbox 576 2512 806 2552; x_wconf 89' lang='lat' dir='ltr'>morum</span> <span class='ocrx_word' id='word_1_247' title='bbox 836 2496 1142 2554; x_wconf 87' lang='lat' dir='ltr'>honestate</span> <span class='ocrx_word' id='word_1_248' title='bbox 1173 2515 1288 2571; x_wconf 64' lang='lat' dir='ltr'>prae</span> <span class='ocrx_word' id='word_1_249' title='bbox 1311 2500 1533 2555; x_wconf 69' lang='lat' dir='ltr'>caeteris</span> <span class='ocrx_word' id='word_1_250' title='bbox 1564 2498 1779 2556; x_wconf 88' lang='lat' dir='ltr'>clarere</span> <span class='ocrx_word' id='word_1_251' title='bbox 1801 2502 2027 2575; x_wconf 84' lang='lat' dir='ltr'>conspi-</span> <span class='ocrx_word' id='word_1_252' title='bbox 2134 2503 2370 2571; x_wconf 87' lang='lat' dir='ltr'>propter</span> <span class='ocrx_word' id='word_1_253' title='bbox 2398 2499 2739 2553; x_wconf 91' lang='lat' dir='ltr'>innumeros</span> <span class='ocrx_word' id='word_1_254' title='bbox 2770 2513 2942 2553; x_wconf 89' lang='lat' dir='ltr'>casus</span> <span class='ocrx_word' id='word_1_255' title='bbox 2975 2496 3076 2568; x_wconf 89' lang='lat' dir='ltr'>qui</span> <span class='ocrx_word' id='word_1_256' title='bbox 3098 2493 3788 2567; x_wconf 85' lang='lat' dir='ltr'>superveniunt,dignam</span> 
     </span>
    </p>
   </div>
   <div class='ocr_carea' id='block_1_30' title="bbox 380 2582 3784 2663">
    <p class='ocr_par' dir='ltr' id='par_1_30' title="bbox 380 2582 3784 2663">
     <span class='ocr_line' id='line_1_30' title="bbox 380 2582 3784 2663; baseline -0 -23"><span class='ocrx_word' id='word_1_257' title='bbox 380 2583 592 2653; x_wconf 87' lang='lat' dir='ltr'>cimus,</span> <span class='ocrx_word' id='word_1_258' title='bbox 647 2583 797 2640; x_wconf 87' lang='lat' dir='ltr'>sicut</span> <span class='ocrx_word' id='word_1_259' title='bbox 841 2601 939 2640; x_wconf 92' lang='lat' dir='ltr'>eos</span> <span class='ocrx_word' id='word_1_260' title='bbox 978 2587 1233 2658; x_wconf 88' lang='lat' dir='ltr'>quadam</span> <span class='ocrx_word' id='word_1_261' title='bbox 1267 2587 1537 2644; x_wconf 87' lang='lat' dir='ltr'>familiari</span> <span class='ocrx_word' id='word_1_262' title='bbox 1570 2588 1875 2645; x_wconf 89' lang='lat' dir='ltr'>dilectione</span> <span class='ocrx_word' id='word_1_263' title='bbox 1908 2609 2023 2663; x_wconf 76' lang='lat' dir='ltr'>pra:</span> <span class='ocrx_word' id='word_1_264' title='bbox 2134 2588 2446 2643; x_wconf 88' lang='lat' dir='ltr'>concedere</span> <span class='ocrx_word' id='word_1_265' title='bbox 2477 2586 2826 2642; x_wconf 88' lang='lat' dir='ltr'>libertatem.</span> <span class='ocrx_word' id='word_1_266' title='bbox 2859 2583 3141 2640; x_wconf 86' lang='lat' dir='ltr'>Videlicet</span> <span class='ocrx_word' id='word_1_267' title='bbox 3185 2587 3250 2638; x_wconf 90' lang='lat' dir='ltr'>ut</span> <span class='ocrx_word' id='word_1_268' title='bbox 3297 2582 3460 2638; x_wconf 90' lang='lat' dir='ltr'>nulla</span> <span class='ocrx_word' id='word_1_269' title='bbox 3508 2599 3784 2656; x_wconf 83' lang='lat' dir='ltr'>persona,</span> 
     </span>
    </p>
   </div>
   <div class='ocr_carea' id='block_1_31' title="bbox 379 2671 3787 2749">
    <p class='ocr_par' dir='ltr' id='par_1_31' title="bbox 379 2671 3787 2749">
     <span class='ocr_line' id='line_1_31' title="bbox 379 2671 3787 2749; baseline -0.001 -18"><span class='ocrx_word' id='word_1_270' title='bbox 379 2671 605 2732; x_wconf 65' lang='lat' dir='ltr'>caeteris</span> <span class='ocrx_word' id='word_1_271' title='bbox 657 2672 1085 2746; x_wconf 86' lang='lat' dir='ltr'>amplectimur,</span> <span class='ocrx_word' id='word_1_272' title='bbox 1144 2675 1225 2731; x_wconf 91' lang='lat' dir='ltr'>ita</span> <span class='ocrx_word' id='word_1_273' title='bbox 1280 2693 1513 2749; x_wconf 90' lang='lat' dir='ltr'>quoque</span> <span class='ocrx_word' id='word_1_274' title='bbox 1581 2694 1687 2733; x_wconf 91' lang='lat' dir='ltr'>nos</span> <span class='ocrx_word' id='word_1_275' title='bbox 1748 2680 2026 2735; x_wconf 91' lang='lat' dir='ltr'>concedet</span> <span class='ocrx_word' id='word_1_276' title='bbox 2133 2680 2231 2732; x_wconf 89' lang='lat' dir='ltr'>aut</span> <span class='ocrx_word' id='word_1_277' title='bbox 2263 2674 2383 2731; x_wconf 89' lang='lat' dir='ltr'>ulla</span> <span class='ocrx_word' id='word_1_278' title='bbox 2412 2679 2691 2747; x_wconf 85' lang='lat' dir='ltr'>potestas,</span> <span class='ocrx_word' id='word_1_279' title='bbox 2724 2674 2845 2730; x_wconf 87' lang='lat' dir='ltr'>sive</span> <span class='ocrx_word' id='word_1_280' title='bbox 2875 2673 3288 2739; x_wconf 87' lang='lat' dir='ltr'>ecclesiastica,</span> <span class='ocrx_word' id='word_1_281' title='bbox 3323 2689 3425 2729; x_wconf 90' lang='lat' dir='ltr'>seu</span> <span class='ocrx_word' id='word_1_282' title='bbox 3457 2671 3787 2740; x_wconf 65' lang='lat' dir='ltr'>sacularis,</span> 
     </span>
    </p>
   </div>
   <div class='ocr_carea' id='block_1_32' title="bbox 380 2762 3789 2839">
    <p class='ocr_par' dir='ltr' id='par_1_32' title="bbox 380 2762 3789 2839">
     <span class='ocr_line' id='line_1_32' title="bbox 380 2762 3789 2839; baseline 0.001 -19"><span class='ocrx_word' id='word_1_283' title='bbox 380 2762 844 2821; x_wconf 82' lang='lat' dir='ltr'>sacerdotalibus</span> <span class='ocrx_word' id='word_1_284' title='bbox 875 2763 1229 2835; x_wconf 90' lang='lat' dir='ltr'>quibusdam</span> <span class='ocrx_word' id='word_1_285' title='bbox 1259 2764 1591 2839; x_wconf 87' lang='lat' dir='ltr'>insignibus</span> <span class='ocrx_word' id='word_1_286' title='bbox 1631 2784 1750 2839; x_wconf 68' lang='lat' dir='ltr'>prae</span> <span class='ocrx_word' id='word_1_287' title='bbox 1800 2770 2025 2826; x_wconf 82' lang='lat' dir='ltr'>caeteris</span> <span class='ocrx_word' id='word_1_288' title='bbox 2133 2780 2310 2836; x_wconf 86' lang='lat' dir='ltr'>super</span> <span class='ocrx_word' id='word_1_289' title='bbox 2337 2780 2464 2820; x_wconf 84' lang='lat' dir='ltr'>eam</span> <span class='ocrx_word' id='word_1_290' title='bbox 2519 2764 2732 2819; x_wconf 84' lang='lat' dir='ltr'>audeat</span> <span class='ocrx_word' id='word_1_291' title='bbox 2780 2762 3245 2818; x_wconf 83' lang='lat' dir='ltr'>dominationem</span> <span class='ocrx_word' id='word_1_292' title='bbox 3297 2766 3401 2817; x_wconf 84' lang='lat' dir='ltr'>aut</span> <span class='ocrx_word' id='word_1_293' title='bbox 3431 2764 3789 2834; x_wconf 78' lang='lat' dir='ltr'>potestatem</span> 
     </span>
    </p>
   </div>
   <div class='ocr_carea' id='block_1_33' title="bbox 380 2850 3785 2930">
    <p class='ocr_par' dir='ltr' id='par_1_33' title="bbox 380 2850 3785 2930">
     <span class='ocr_line' id='line_1_33' title="bbox 380 2850 3785 2930; baseline -0.002 -19"><span class='ocrx_word' id='word_1_294' title='bbox 380 2852 677 2919; x_wconf 84' lang='lat' dir='ltr'>decorare,</span> <span class='ocrx_word' id='word_1_295' title='bbox 721 2851 1000 2925; x_wconf 88' lang='lat' dir='ltr'>ipsosque</span> <span class='ocrx_word' id='word_1_296' title='bbox 1047 2870 1180 2909; x_wconf 92' lang='lat' dir='ltr'>cum</span> <span class='ocrx_word' id='word_1_297' title='bbox 1231 2855 1405 2911; x_wconf 88' lang='lat' dir='ltr'>rebus</span> <span class='ocrx_word' id='word_1_298' title='bbox 1454 2856 1832 2913; x_wconf 90' lang='lat' dir='ltr'>ecclesiarum</span> <span class='ocrx_word' id='word_1_299' title='bbox 1878 2875 2025 2930; x_wconf 88' lang='lat' dir='ltr'>quas</span> <span class='ocrx_word' id='word_1_300' title='bbox 2134 2869 2418 2925; x_wconf 90' lang='lat' dir='ltr'>usurpare</span> <span class='ocrx_word' id='word_1_301' title='bbox 2448 2855 2654 2925; x_wconf 74' lang='lat' dir='ltr'>praeter</span> <span class='ocrx_word' id='word_1_302' title='bbox 2685 2851 3110 2923; x_wconf 88' lang='lat' dir='ltr'>Lingonensem</span> <span class='ocrx_word' id='word_1_303' title='bbox 3159 2850 3522 2923; x_wconf 89' lang='lat' dir='ltr'>episcopum,</span> <span class='ocrx_word' id='word_1_304' title='bbox 3575 2850 3675 2922; x_wconf 88' lang='lat' dir='ltr'>qui</span> <span class='ocrx_word' id='word_1_305' title='bbox 3730 2851 3785 2906; x_wconf 91' lang='lat' dir='ltr'>ei</span> 
     </span>
    </p>
   </div>
   <div class='ocr_carea' id='block_1_34' title="bbox 379 2937 3789 3014">
    <p class='ocr_par' dir='ltr' id='par_1_34' title="bbox 379 2937 3789 3014">
     <span class='ocr_line' id='line_1_34' title="bbox 379 2937 3789 3014; baseline -0.001 -18"><span class='ocrx_word' id='word_1_306' title='bbox 379 2943 594 3014; x_wconf 90' lang='lat' dir='ltr'>regunt</span> <span class='ocrx_word' id='word_1_307' title='bbox 620 2945 829 2996; x_wconf 71' lang='lat' dir='ltr'>nostrae</span> <span class='ocrx_word' id='word_1_308' title='bbox 862 2941 1190 3014; x_wconf 64' lang='lat' dir='ltr'>apostolicae</span> <span class='ocrx_word' id='word_1_309' title='bbox 1222 2944 1587 3000; x_wconf 86' lang='lat' dir='ltr'>auctoritatis</span> <span class='ocrx_word' id='word_1_310' title='bbox 1618 2946 1801 3002; x_wconf 87' lang='lat' dir='ltr'>tutela</span> <span class='ocrx_word' id='word_1_311' title='bbox 1830 2964 1894 3002; x_wconf 85' lang='lat' dir='ltr'>ac</span> <span class='ocrx_word' id='word_1_312' title='bbox 1926 2948 2022 3003; x_wconf 88' lang='lat' dir='ltr'>do-</span> <span class='ocrx_word' id='word_1_313' title='bbox 2134 2940 2706 3014; x_wconf 89' lang='lat' dir='ltr'>patrocineturjuste</span> <span class='ocrx_word' id='word_1_314' title='bbox 2733 2945 2787 2995; x_wconf 91' lang='lat' dir='ltr'>et</span> <span class='ocrx_word' id='word_1_315' title='bbox 2815 2939 3109 2995; x_wconf 88' lang='lat' dir='ltr'>canonice.</span> <span class='ocrx_word' id='word_1_316' title='bbox 3134 2938 3229 2994; x_wconf 90' lang='lat' dir='ltr'>Sic</span> <span class='ocrx_word' id='word_1_317' title='bbox 3251 2941 3448 2994; x_wconf 91' lang='lat' dir='ltr'>tamen</span> <span class='ocrx_word' id='word_1_318' title='bbox 3480 2941 3547 2993; x_wconf 91' lang='lat' dir='ltr'>ut</span> <span class='ocrx_word' id='word_1_319' title='bbox 3577 2937 3629 2994; x_wconf 91' lang='lat' dir='ltr'>ei</span> <span class='ocrx_word' id='word_1_320' title='bbox 3665 2955 3789 2994; x_wconf 90' lang='lat' dir='ltr'>non</span> 
     </span>
    </p>
   </div>
   <div class='ocr_carea' id='block_1_35' title="bbox 380 3027 3793 3105">
    <p class='ocr_par' dir='ltr' id='par_1_35' title="bbox 380 3027 3793 3105">
     <span class='ocr_line' id='line_1_35' title="bbox 380 3027 3793 3105; baseline -0.001 -17"><span class='ocrx_word' id='word_1_321' title='bbox 380 3029 643 3088; x_wconf 83' lang='lat' dir='ltr'>fensione</span> <span class='ocrx_word' id='word_1_322' title='bbox 700 3030 993 3087; x_wconf 89' lang='lat' dir='ltr'>stabiliter</span> <span class='ocrx_word' id='word_1_323' title='bbox 1047 3033 1298 3099; x_wconf 90' lang='lat' dir='ltr'>munire,</span> <span class='ocrx_word' id='word_1_324' title='bbox 1358 3038 1646 3105; x_wconf 87' lang='lat' dir='ltr'>quatenus</span> <span class='ocrx_word' id='word_1_325' title='bbox 1702 3036 1887 3091; x_wconf 75' lang='lat' dir='ltr'>caeteri</span> <span class='ocrx_word' id='word_1_326' title='bbox 1952 3038 2021 3092; x_wconf 79' lang='lat' dir='ltr'>ad</span> <span class='ocrx_word' id='word_1_327' title='bbox 2132 3030 2305 3085; x_wconf 91' lang='lat' dir='ltr'>liceat</span> <span class='ocrx_word' id='word_1_328' title='bbox 2342 3046 2530 3101; x_wconf 91' lang='lat' dir='ltr'>neque</span> <span class='ocrx_word' id='word_1_329' title='bbox 2580 3028 2887 3095; x_wconf 86' lang='lat' dir='ltr'>ministris,</span> <span class='ocrx_word' id='word_1_330' title='bbox 2937 3029 3066 3099; x_wconf 83' lang='lat' dir='ltr'>ejus</span> <span class='ocrx_word' id='word_1_331' title='bbox 3114 3032 3299 3083; x_wconf 86' lang='lat' dir='ltr'>terras</span> <span class='ocrx_word' id='word_1_332' title='bbox 3351 3030 3453 3083; x_wconf 90' lang='lat' dir='ltr'>aut</span> <span class='ocrx_word' id='word_1_333' title='bbox 3494 3027 3793 3083; x_wconf 85' lang='lat' dir='ltr'>beneﬁcia</span> 
     </span>
    </p>
   </div>
   <div class='ocr_carea' id='block_1_36' title="bbox 380 3117 3793 3193">
    <p class='ocr_par' dir='ltr' id='par_1_36' title="bbox 380 3117 3793 3193">
     <span class='ocr_line' id='line_1_36' title="bbox 380 3117 3793 3193; baseline -0.001 -16"><span class='ocrx_word' id='word_1_334' title='bbox 380 3119 745 3193; x_wconf 83' lang='lat' dir='ltr'>religionem,</span> <span class='ocrx_word' id='word_1_335' title='bbox 805 3122 1176 3178; x_wconf 85' lang='lat' dir='ltr'>sanctitatem</span> <span class='ocrx_word' id='word_1_336' title='bbox 1233 3128 1289 3179; x_wconf 82' lang='lat' dir='ltr'>et</span> <span class='ocrx_word' id='word_1_337' title='bbox 1345 3123 1742 3180; x_wconf 80' lang='lat' dir='ltr'>omnimodam</span> <span class='ocrx_word' id='word_1_338' title='bbox 1791 3142 2022 3182; x_wconf 76' lang='lat' dir='ltr'>morum</span> <span class='ocrx_word' id='word_1_339' title='bbox 2066 3186 2099 3193; x_wconf 72' lang='lat'>_</span> <span class='ocrx_word' id='word_1_340' title='bbox 2136 3120 2476 3176; x_wconf 90' lang='lat' dir='ltr'>monasterii</span> <span class='ocrx_word' id='word_1_341' title='bbox 2508 3124 2869 3175; x_wconf 90' lang='lat' dir='ltr'>commutare</span> <span class='ocrx_word' id='word_1_342' title='bbox 2900 3117 2984 3173; x_wconf 90' lang='lat' dir='ltr'>vel</span> <span class='ocrx_word' id='word_1_343' title='bbox 3019 3118 3178 3184; x_wconf 90' lang='lat' dir='ltr'>dare,</span> <span class='ocrx_word' id='word_1_344' title='bbox 3209 3132 3316 3173; x_wconf 91' lang='lat' dir='ltr'>nec</span> <span class='ocrx_word' id='word_1_345' title='bbox 3344 3133 3502 3187; x_wconf 88' lang='lat' dir='ltr'>vasa,</span> <span class='ocrx_word' id='word_1_346' title='bbox 3536 3133 3645 3172; x_wconf 91' lang='lat' dir='ltr'>nec</span> <span class='ocrx_word' id='word_1_347' title='bbox 3684 3133 3793 3172; x_wconf 56' lang='lat' dir='ltr'>or-</span> 
     </span>
    </p>
   </div>
   <div class='ocr_carea' id='block_1_37' title="bbox 383 3186 3794 3278">
    <p class='ocr_par' dir='ltr' id='par_1_37' title="bbox 383 3186 3794 3278">
     <span class='ocr_line' id='line_1_37' title="bbox 383 3186 3794 3278; baseline -0.001 -13"><span class='ocrx_word' id='word_1_348' title='bbox 383 3209 774 3275; x_wconf 82' lang='lat' dir='ltr'>honestatem,</span> <span class='ocrx_word' id='word_1_349' title='bbox 806 3226 912 3265; x_wconf 89' lang='lat' dir='ltr'>nec</span> <span class='ocrx_word' id='word_1_350' title='bbox 945 3227 1057 3267; x_wconf 91' lang='lat' dir='ltr'>non</span> <span class='ocrx_word' id='word_1_351' title='bbox 1090 3212 1159 3266; x_wconf 87' lang='lat' dir='ltr'>ad</span> <span class='ocrx_word' id='word_1_352' title='bbox 1194 3216 1406 3267; x_wconf 79' lang='lat' dir='ltr'>sanctae</span> <span class='ocrx_word' id='word_1_353' title='bbox 1441 3213 1712 3269; x_wconf 73' lang='lat' dir='ltr'>Romana:</span> <span class='ocrx_word' id='word_1_354' title='bbox 1762 3214 2024 3271; x_wconf 74' lang='lat' dir='ltr'>Ecclesia:</span> <span class='ocrx_word' id='word_1_355' title='bbox 2056 3186 2100 3255; x_wconf 76' lang='lat' dir='ltr'>C</span> <span class='ocrx_word' id='word_1_356' title='bbox 2138 3212 2540 3275; x_wconf 86' lang='lat' dir='ltr'>namenta,seu</span> <span class='ocrx_word' id='word_1_357' title='bbox 2571 3207 2868 3265; x_wconf 90' lang='lat' dir='ltr'>volumina</span> <span class='ocrx_word' id='word_1_358' title='bbox 2889 3206 3361 3276; x_wconf 90' lang='lat' dir='ltr'>subtrahere,aut</span> <span class='ocrx_word' id='word_1_359' title='bbox 3381 3204 3794 3278; x_wconf 87' lang='lat' dir='ltr'>qualicunque</span> 
     </span>
    </p>
   </div>
   <div class='ocr_carea' id='block_1_38' title="bbox 383 3294 3796 3374">
    <p class='ocr_par' dir='ltr' id='par_1_38' title="bbox 383 3294 3796 3374">
     <span class='ocr_line' id='line_1_38' title="bbox 383 3294 3796 3374; baseline -0.001 -19"><span class='ocrx_word' id='word_1_360' title='bbox 383 3302 441 3355; x_wconf 87' lang='lat' dir='ltr'>et</span> <span class='ocrx_word' id='word_1_361' title='bbox 470 3314 715 3354; x_wconf 65' lang='lat' dir='ltr'>summa</span> <span class='ocrx_word' id='word_1_362' title='bbox 745 3298 903 3356; x_wconf 89' lang='lat' dir='ltr'>sedis</span> <span class='ocrx_word' id='word_1_363' title='bbox 934 3299 1224 3374; x_wconf 82' lang='lat' dir='ltr'>pontificis</span> <span class='ocrx_word' id='word_1_364' title='bbox 1273 3301 1527 3357; x_wconf 90' lang='lat' dir='ltr'>debitam</span> <span class='ocrx_word' id='word_1_365' title='bbox 1578 3302 2022 3374; x_wconf 90' lang='lat' dir='ltr'>subjectionem,</span> <span class='ocrx_word' id='word_1_366' title='bbox 2133 3298 2434 3355; x_wconf 90' lang='lat' dir='ltr'>occasione</span> <span class='ocrx_word' id='word_1_367' title='bbox 2462 3297 2733 3370; x_wconf 91' lang='lat' dir='ltr'>diripere.</span> <span class='ocrx_word' id='word_1_368' title='bbox 2774 3296 2985 3351; x_wconf 92' lang='lat' dir='ltr'>Omnia</span> <span class='ocrx_word' id='word_1_369' title='bbox 3039 3312 3173 3351; x_wconf 89' lang='lat' dir='ltr'>vero</span> <span class='ocrx_word' id='word_1_370' title='bbox 3196 3310 3562 3367; x_wconf 64' lang='lat' dir='ltr'>quaecunque</span> <span class='ocrx_word' id='word_1_371' title='bbox 3606 3294 3796 3352; x_wconf 85' lang='lat' dir='ltr'>habet</span> 
     </span>
    </p>
   </div>
   <div class='ocr_carea' id='block_1_39' title="bbox 376 3383 3790 3460">
    <p class='ocr_par' dir='ltr' id='par_1_39' title="bbox 376 3383 3790 3460">
     <span class='ocr_line' id='line_1_39' title="bbox 376 3383 3790 3460; baseline -0.001 -17"><span class='ocrx_word' id='word_1_372' title='bbox 376 3387 1150 3457; x_wconf 88' lang='lat' dir='ltr'>reverentiam,devotionem</span> <span class='ocrx_word' id='word_1_373' title='bbox 1184 3394 1241 3446; x_wconf 89' lang='lat' dir='ltr'>et</span> <span class='ocrx_word' id='word_1_374' title='bbox 1270 3390 1744 3447; x_wconf 82' lang='lat' dir='ltr'>ardentissimum</span> <span class='ocrx_word' id='word_1_375' title='bbox 1769 3392 2024 3450; x_wconf 83' lang='lat' dir='ltr'>dilectio-</span> <span class='ocrx_word' id='word_1_376' title='bbox 2130 3389 2218 3446; x_wconf 93' lang='lat' dir='ltr'>vel</span> <span class='ocrx_word' id='word_1_377' title='bbox 2240 3393 2414 3458; x_wconf 90' lang='lat' dir='ltr'>tenet,</span> <span class='ocrx_word' id='word_1_378' title='bbox 2448 3388 2535 3444; x_wconf 88' lang='lat' dir='ltr'>vel</span> <span class='ocrx_word' id='word_1_379' title='bbox 2567 3386 2922 3460; x_wconf 88' lang='lat' dir='ltr'>acquisierit,</span> <span class='ocrx_word' id='word_1_380' title='bbox 2947 3385 3319 3458; x_wconf 88' lang='lat' dir='ltr'>supradictus</span> <span class='ocrx_word' id='word_1_381' title='bbox 3347 3384 3512 3440; x_wconf 91' lang='lat' dir='ltr'>locus</span> <span class='ocrx_word' id='word_1_382' title='bbox 3543 3383 3790 3450; x_wconf 86' lang='lat' dir='ltr'>habeat,</span> 
     </span>
    </p>
   </div>
   <div class='ocr_carea' id='block_1_40' title="bbox 381 3472 3791 3553">
    <p class='ocr_par' dir='ltr' id='par_1_40' title="bbox 381 3472 3791 3553">
     <span class='ocr_line' id='line_1_40' title="bbox 381 3472 3791 3553; baseline -0.002 -18"><span class='ocrx_word' id='word_1_383' title='bbox 381 3493 517 3535; x_wconf 87' lang='lat' dir='ltr'>nem</span> <span class='ocrx_word' id='word_1_384' title='bbox 548 3476 864 3553; x_wconf 87' lang='lat' dir='ltr'>ferventius</span> <span class='ocrx_word' id='word_1_385' title='bbox 895 3478 1225 3535; x_wconf 89' lang='lat' dir='ltr'>incitentur.</span> <span class='ocrx_word' id='word_1_386' title='bbox 2132 3483 2189 3535; x_wconf 93' lang='lat' dir='ltr'>et</span> <span class='ocrx_word' id='word_1_387' title='bbox 2221 3482 2376 3533; x_wconf 91' lang='lat' dir='ltr'>tenet</span> <span class='ocrx_word' id='word_1_388' title='bbox 2406 3480 2607 3533; x_wconf 91' lang='lat' dir='ltr'>nostra</span> <span class='ocrx_word' id='word_1_389' title='bbox 2663 3474 2985 3548; x_wconf 87' lang='lat' dir='ltr'>apostolica</span> <span class='ocrx_word' id='word_1_390' title='bbox 3015 3472 3458 3530; x_wconf 77' lang='lat' dir='ltr'>conﬁrmatione</span> <span class='ocrx_word' id='word_1_391' title='bbox 3479 3473 3617 3545; x_wconf 89' lang='lat' dir='ltr'>jure</span> <span class='ocrx_word' id='word_1_392' title='bbox 3649 3490 3791 3547; x_wconf 90' lang='lat' dir='ltr'>pcr-</span> 
     </span>
    </p>
   </div>
   <div class='ocr_carea' id='block_1_41' title="bbox 450 3562 3260 3641">
    <p class='ocr_par' dir='ltr' id='par_1_41' title="bbox 450 3562 3260 3641">
     <span class='ocr_line' id='line_1_41' title="bbox 450 3562 3260 3641; baseline -0.001 -19"><span class='ocrx_word' id='word_1_393' title='bbox 450 3565 819 3637; x_wconf 88' lang='lat' dir='ltr'>Unde,t&#39;rater</span> <span class='ocrx_word' id='word_1_394' title='bbox 841 3566 1185 3625; x_wconf 82' lang='lat' dir='ltr'>charissima</span> <span class='ocrx_word' id='word_1_395' title='bbox 1214 3573 1271 3625; x_wconf 93' lang='lat' dir='ltr'>et</span> <span class='ocrx_word' id='word_1_396' title='bbox 1292 3569 1473 3625; x_wconf 88' lang='lat' dir='ltr'>abbas</span> <span class='ocrx_word' id='word_1_397' title='bbox 1492 3571 1816 3628; x_wconf 89' lang='lat' dir='ltr'>venerande</span> <span class='ocrx_word' id='word_1_398' title='bbox 1843 3572 2021 3629; x_wconf 87' lang='lat' dir='ltr'>Joan-</span> <span class='ocrx_word' id='word_1_399' title='bbox 2132 3572 2326 3641; x_wconf 91' lang='lat' dir='ltr'>petuo,</span> <span class='ocrx_word' id='word_1_400' title='bbox 2360 3568 2420 3622; x_wconf 93' lang='lat' dir='ltr'>in</span> <span class='ocrx_word' id='word_1_401' title='bbox 2453 3567 2856 3638; x_wconf 89' lang='lat' dir='ltr'>cujuscunque</span> <span class='ocrx_word' id='word_1_402' title='bbox 2888 3562 3128 3619; x_wconf 87' lang='lat' dir='ltr'>dioecesi</span> <span class='ocrx_word' id='word_1_403' title='bbox 3164 3563 3260 3619; x_wconf 89' lang='lat' dir='ltr'>sit.</span> 
     </span>
    </p>
   </div>
   <div class='ocr_carea' id='block_1_42' title="bbox 380 3650 3801 3730">
    <p class='ocr_par' dir='ltr' id='par_1_42' title="bbox 380 3650 3801 3730">
     <span class='ocr_line' id='line_1_42' title="bbox 380 3650 3801 3730; baseline -0.001 -18"><span class='ocrx_word' id='word_1_404' title='bbox 380 3672 505 3727; x_wconf 88' lang='lat' dir='ltr'>nes,</span> <span class='ocrx_word' id='word_1_405' title='bbox 566 3655 705 3729; x_wconf 84' lang='lat' dir='ltr'>quia</span> <span class='ocrx_word' id='word_1_406' title='bbox 762 3661 821 3712; x_wconf 93' lang='lat' dir='ltr'>te</span> <span class='ocrx_word' id='word_1_407' title='bbox 870 3656 1164 3730; x_wconf 83' lang='lat' dir='ltr'>religione,</span> <span class='ocrx_word' id='word_1_408' title='bbox 1210 3658 1541 3730; x_wconf 85' lang='lat' dir='ltr'>sanctitate,</span> <span class='ocrx_word' id='word_1_409' title='bbox 1579 3659 1910 3717; x_wconf 81' lang='lat' dir='ltr'>humilitate</span> <span class='ocrx_word' id='word_1_410' title='bbox 1966 3666 2024 3718; x_wconf 81' lang='lat' dir='ltr'>et</span> <span class='ocrx_word' id='word_1_411' title='bbox 2203 3655 2612 3713; x_wconf 87' lang='lat' dir='ltr'>Interdicimus</span> <span class='ocrx_word' id='word_1_412' title='bbox 2638 3655 2815 3711; x_wconf 89' lang='lat' dir='ltr'>etiam</span> <span class='ocrx_word' id='word_1_413' title='bbox 2850 3656 3050 3709; x_wconf 85' lang='lat' dir='ltr'>nostra</span> <span class='ocrx_word' id='word_1_414' title='bbox 3082 3651 3427 3708; x_wconf 87' lang='lat' dir='ltr'>auctoritate</span> <span class='ocrx_word' id='word_1_415' title='bbox 3473 3655 3539 3707; x_wconf 90' lang='lat' dir='ltr'>ut</span> <span class='ocrx_word' id='word_1_416' title='bbox 3588 3650 3801 3709; x_wconf 88' lang='lat' dir='ltr'>nullus</span> 
     </span>
    </p>
   </div>
   <div class='ocr_carea' id='block_1_43' title="bbox 378 3740 3802 3820">
    <p class='ocr_par' dir='ltr' id='par_1_43' title="bbox 378 3740 3802 3820">
     <span class='ocr_line' id='line_1_43' title="bbox 378 3740 3802 3820; baseline -0.002 -17"><span class='ocrx_word' id='word_1_417' title='bbox 378 3745 717 3803; x_wconf 89' lang='lat' dir='ltr'>omnimoda</span> <span class='ocrx_word' id='word_1_418' title='bbox 747 3746 1031 3819; x_wconf 90' lang='lat' dir='ltr'>probitate</span> <span class='ocrx_word' id='word_1_419' title='bbox 1063 3746 1299 3820; x_wconf 85' lang='lat' dir='ltr'>pollere,</span> <span class='ocrx_word' id='word_1_420' title='bbox 1331 3752 1387 3804; x_wconf 90' lang='lat' dir='ltr'>et</span> <span class='ocrx_word' id='word_1_421' title='bbox 1416 3748 1474 3804; x_wconf 91' lang='lat' dir='ltr'>in</span> <span class='ocrx_word' id='word_1_422' title='bbox 1501 3754 1714 3805; x_wconf 70' lang='lat' dir='ltr'>sancto:</span> <span class='ocrx_word' id='word_1_423' title='bbox 1747 3751 2018 3807; x_wconf 77' lang='lat' dir='ltr'>Romanae</span> <span class='ocrx_word' id='word_1_424' title='bbox 2130 3746 2342 3802; x_wconf 87' lang='lat' dir='ltr'>audeat</span> <span class='ocrx_word' id='word_1_425' title='bbox 2398 3743 2734 3817; x_wconf 89' lang='lat' dir='ltr'>supradicto</span> <span class='ocrx_word' id='word_1_426' title='bbox 2800 3742 3156 3799; x_wconf 90' lang='lat' dir='ltr'>monasterio</span> <span class='ocrx_word' id='word_1_427' title='bbox 3228 3741 3344 3797; x_wconf 91' lang='lat' dir='ltr'>vim</span> <span class='ocrx_word' id='word_1_428' title='bbox 3402 3740 3646 3809; x_wconf 77' lang='lat' dir='ltr'>inferre,</span> <span class='ocrx_word' id='word_1_429' title='bbox 3706 3741 3802 3798; x_wconf 66' lang='lat' dir='ltr'>vel</span> 
     </span>
    </p>
   </div>
   <div class='ocr_carea' id='block_1_44' title="bbox 377 3828 3798 3909">
    <p class='ocr_par' dir='ltr' id='par_1_44' title="bbox 377 3828 3798 3909">
     <span class='ocr_line' id='line_1_44' title="bbox 377 3828 3798 3909; baseline -0.001 -18"><span class='ocrx_word' id='word_1_430' title='bbox 377 3834 642 3891; x_wconf 76' lang='lat' dir='ltr'>Ecclesiae</span> <span class='ocrx_word' id='word_1_431' title='bbox 666 3836 966 3908; x_wconf 89' lang='lat' dir='ltr'>nostrique</span> <span class='ocrx_word' id='word_1_432' title='bbox 990 3837 1370 3893; x_wconf 86' lang='lat' dir='ltr'>devotissima</span> <span class='ocrx_word' id='word_1_433' title='bbox 1395 3838 1757 3909; x_wconf 88' lang='lat' dir='ltr'>subjectione</span> <span class='ocrx_word' id='word_1_434' title='bbox 1779 3847 1836 3894; x_wconf 90' lang='lat' dir='ltr'>et</span> <span class='ocrx_word' id='word_1_435' title='bbox 1858 3841 2020 3896; x_wconf 87' lang='lat' dir='ltr'>obse-</span> <span class='ocrx_word' id='word_1_436' title='bbox 2127 3851 2261 3892; x_wconf 88' lang='lat' dir='ltr'>eum</span> <span class='ocrx_word' id='word_1_437' title='bbox 2294 3835 2353 3889; x_wconf 92' lang='lat' dir='ltr'>in</span> <span class='ocrx_word' id='word_1_438' title='bbox 2385 3833 2809 3905; x_wconf 85' lang='lat' dir='ltr'>subjectionem</span> <span class='ocrx_word' id='word_1_439' title='bbox 2832 3832 3239 3904; x_wconf 90' lang='lat' dir='ltr'>cujuscunque</span> <span class='ocrx_word' id='word_1_440' title='bbox 3263 3828 3610 3885; x_wconf 89' lang='lat' dir='ltr'>monasterii</span> <span class='ocrx_word' id='word_1_441' title='bbox 3642 3830 3798 3886; x_wconf 88' lang='lat' dir='ltr'>redi-</span> 
     </span>
    </p>
   </div>
   <div class='ocr_carea' id='block_1_45' title="bbox 376 3917 3792 3997">
    <p class='ocr_par' dir='ltr' id='par_1_45' title="bbox 376 3917 3792 3997">
     <span class='ocr_line' id='line_1_45' title="bbox 376 3917 3792 3997; baseline -0.002 -17"><span class='ocrx_word' id='word_1_442' title='bbox 376 3923 512 3997; x_wconf 89' lang='lat' dir='ltr'>quio</span> <span class='ocrx_word' id='word_1_443' title='bbox 545 3924 758 3981; x_wconf 86' lang='lat' dir='ltr'>fervere</span> <span class='ocrx_word' id='word_1_444' title='bbox 784 3926 1102 3995; x_wconf 90' lang='lat' dir='ltr'>intuemur,</span> <span class='ocrx_word' id='word_1_445' title='bbox 1153 3926 1435 3983; x_wconf 86' lang='lat' dir='ltr'>sandaliis</span> <span class='ocrx_word' id='word_1_446' title='bbox 1483 3933 1541 3982; x_wconf 92' lang='lat' dir='ltr'>et</span> <span class='ocrx_word' id='word_1_447' title='bbox 1584 3928 1902 3985; x_wconf 87' lang='lat' dir='ltr'>dalmatica</span> <span class='ocrx_word' id='word_1_448' title='bbox 1946 3932 2016 3987; x_wconf 88' lang='lat' dir='ltr'>ad</span> <span class='ocrx_word' id='word_1_449' title='bbox 2127 3940 2280 3996; x_wconf 82' lang='lat' dir='ltr'>gere.</span> <span class='ocrx_word' id='word_1_450' title='bbox 2311 3924 2594 3995; x_wconf 85' lang='lat' dir='ltr'>Raptores</span> <span class='ocrx_word' id='word_1_451' title='bbox 2623 3922 3029 3994; x_wconf 86' lang='lat' dir='ltr'>cujuscunque</span> <span class='ocrx_word' id='word_1_452' title='bbox 3061 3918 3285 3997; x_wconf 74' lang='lat' dir='ltr'>ordinis</span> <span class='ocrx_word' id='word_1_453' title='bbox 3330 3917 3416 3974; x_wconf 87' lang='lat' dir='ltr'>vel</span> <span class='ocrx_word' id='word_1_454' title='bbox 3474 3918 3792 3992; x_wconf 82' lang='lat' dir='ltr'>dignitatis</span> 
     </span>
    </p>
   </div>
   <div class='ocr_carea' id='block_1_46' title="bbox 374 3990 3793 4086">
    <p class='ocr_par' dir='ltr' id='par_1_46' title="bbox 374 3990 3793 4086">
     <span class='ocr_line' id='line_1_46' title="bbox 374 3990 3793 4086; baseline -0.002 -17"><span class='ocrx_word' id='word_1_455' title='bbox 374 4012 692 4070; x_wconf 89' lang='lat' dir='ltr'>missarum</span> <span class='ocrx_word' id='word_1_456' title='bbox 713 4014 1157 4070; x_wconf 81' lang='lat' dir='ltr'>celebrationem</span> <span class='ocrx_word' id='word_1_457' title='bbox 1182 4020 1237 4070; x_wconf 89' lang='lat' dir='ltr'>te</span> <span class='ocrx_word' id='word_1_458' title='bbox 1258 4016 1633 4073; x_wconf 86' lang='lat' dir='ltr'>concedimus</span> <span class='ocrx_word' id='word_1_459' title='bbox 1664 4017 1880 4083; x_wconf 89' lang='lat' dir='ltr'>uti,ncc</span> <span class='ocrx_word' id='word_1_460' title='bbox 1903 4035 2020 4075; x_wconf 91' lang='lat' dir='ltr'>non</span> <span class='ocrx_word' id='word_1_461' title='bbox 2129 4014 2266 4080; x_wconf 92' lang='lat' dir='ltr'>sint,</span> <span class='ocrx_word' id='word_1_462' title='bbox 2302 4012 2403 4086; x_wconf 87' lang='lat' dir='ltr'>qui</span> <span class='ocrx_word' id='word_1_463' title='bbox 2435 4029 2525 4067; x_wconf 91' lang='lat' dir='ltr'>res</span> <span class='ocrx_word' id='word_1_464' title='bbox 2558 4028 2683 4083; x_wconf 70' lang='lat' dir='ltr'>quae</span> <span class='ocrx_word' id='word_1_465' title='bbox 2713 4011 2783 4066; x_wconf 86' lang='lat' dir='ltr'>ad</span> <span class='ocrx_word' id='word_1_466' title='bbox 2818 4026 2999 4082; x_wconf 91' lang='lat' dir='ltr'>supra</span> <span class='ocrx_word' id='word_1_467' title='bbox 3033 3990 3407 4064; x_wconf 46' lang='lat' dir='ltr'>imminatum</span> <span class='ocrx_word' id='word_1_468' title='bbox 3454 4008 3793 4064; x_wconf 65' lang='lat' dir='ltr'>coenobium</span> 
     </span>
    </p>
   </div>
   <div class='ocr_carea' id='block_1_47' title="bbox 376 4096 3799 4177">
    <p class='ocr_par' dir='ltr' id='par_1_47' title="bbox 376 4096 3799 4177">
     <span class='ocr_line' id='line_1_47' title="bbox 376 4096 3799 4177; baseline -0.001 -19"><span class='ocrx_word' id='word_1_469' title='bbox 376 4106 497 4159; x_wconf 89' lang='lat' dir='ltr'>tam</span> <span class='ocrx_word' id='word_1_470' title='bbox 530 4103 601 4159; x_wconf 90' lang='lat' dir='ltr'>ad</span> <span class='ocrx_word' id='word_1_471' title='bbox 634 4103 877 4159; x_wconf 87' lang='lat' dir='ltr'>missam</span> <span class='ocrx_word' id='word_1_472' title='bbox 911 4120 1087 4176; x_wconf 89' lang='lat' dir='ltr'>quam</span> <span class='ocrx_word' id='word_1_473' title='bbox 1121 4105 1188 4159; x_wconf 91' lang='lat' dir='ltr'>ad</span> <span class='ocrx_word' id='word_1_474' title='bbox 1222 4104 1512 4161; x_wconf 78' lang='lat' dir='ltr'>solemnes</span> <span class='ocrx_word' id='word_1_475' title='bbox 1544 4106 1943 4177; x_wconf 85' lang='lat' dir='ltr'>proccssioncs</span> <span class='ocrx_word' id='word_1_476' title='bbox 1965 4112 2017 4164; x_wconf 91' lang='lat' dir='ltr'>te</span> <span class='ocrx_word' id='word_1_477' title='bbox 2129 4102 2438 4175; x_wconf 88' lang='lat' dir='ltr'>pertinent,</span> <span class='ocrx_word' id='word_1_478' title='bbox 2472 4100 2589 4156; x_wconf 88' lang='lat' dir='ltr'>sive</span> <span class='ocrx_word' id='word_1_479' title='bbox 2620 4101 2691 4157; x_wconf 91' lang='lat' dir='ltr'>de</span> <span class='ocrx_word' id='word_1_480' title='bbox 2726 4099 3091 4165; x_wconf 84' lang='lat' dir='ltr'>hominibus,</span> <span class='ocrx_word' id='word_1_481' title='bbox 3124 4115 3226 4154; x_wconf 91' lang='lat' dir='ltr'>seu</span> <span class='ocrx_word' id='word_1_482' title='bbox 3257 4098 3331 4153; x_wconf 90' lang='lat' dir='ltr'>de</span> <span class='ocrx_word' id='word_1_483' title='bbox 3368 4096 3564 4166; x_wconf 89' lang='lat' dir='ltr'>terris,</span> <span class='ocrx_word' id='word_1_484' title='bbox 3597 4096 3687 4153; x_wconf 88' lang='lat' dir='ltr'>vel</span> <span class='ocrx_word' id='word_1_485' title='bbox 3722 4099 3799 4154; x_wconf 89' lang='lat' dir='ltr'>de</span> 
     </span>
    </p>
   </div>
   <div class='ocr_carea' id='block_1_48' title="bbox 373 4187 3798 4266">
    <p class='ocr_par' dir='ltr' id='par_1_48' title="bbox 373 4187 3798 4266">
     <span class='ocr_line' id='line_1_48' title="bbox 373 4187 3798 4266; baseline -0.002 -18"><span class='ocrx_word' id='word_1_486' title='bbox 373 4194 539 4249; x_wconf 79' lang='lat' dir='ltr'>mitra</span> <span class='ocrx_word' id='word_1_487' title='bbox 585 4195 643 4248; x_wconf 90' lang='lat' dir='ltr'>et</span> <span class='ocrx_word' id='word_1_488' title='bbox 689 4192 995 4263; x_wconf 79' lang='lat' dir='ltr'>cyrothccis</span> <span class='ocrx_word' id='word_1_489' title='bbox 1016 4192 1231 4260; x_wconf 90' lang='lat' dir='ltr'>ornari,</span> <span class='ocrx_word' id='word_1_490' title='bbox 1293 4198 1581 4264; x_wconf 84' lang='lat' dir='ltr'>quatenus</span> <span class='ocrx_word' id='word_1_491' title='bbox 1636 4194 1905 4266; x_wconf 85' lang='lat' dir='ltr'>precibus</span> <span class='ocrx_word' id='word_1_492' title='bbox 1964 4202 2021 4254; x_wconf 90' lang='lat' dir='ltr'>et</span> <span class='ocrx_word' id='word_1_493' title='bbox 2126 4191 2637 4264; x_wconf 82' lang='lat' dir='ltr'>qualibuscunque</span> <span class='ocrx_word' id='word_1_494' title='bbox 2667 4188 3021 4257; x_wconf 86' lang='lat' dir='ltr'>rebus,unde</span> <span class='ocrx_word' id='word_1_495' title='bbox 3044 4192 3371 4244; x_wconf 89' lang='lat' dir='ltr'>sustentare</span> <span class='ocrx_word' id='word_1_496' title='bbox 3391 4190 3447 4241; x_wconf 91' lang='lat' dir='ltr'>et</span> <span class='ocrx_word' id='word_1_497' title='bbox 3476 4187 3670 4242; x_wconf 88' lang='lat' dir='ltr'>vivere</span> <span class='ocrx_word' id='word_1_498' title='bbox 3694 4187 3798 4243; x_wconf 85' lang='lat' dir='ltr'>de-</span> 
     </span>
    </p>
   </div>
   <div class='ocr_carea' id='block_1_49' title="bbox 375 4275 3797 4355">
    <p class='ocr_par' dir='ltr' id='par_1_49' title="bbox 375 4275 3797 4355">
     <span class='ocr_line' id='line_1_49' title="bbox 375 4275 3797 4355; baseline -0.001 -20"><span class='ocrx_word' id='word_1_499' title='bbox 375 4280 603 4335; x_wconf 89' lang='lat' dir='ltr'>meritis</span> <span class='ocrx_word' id='word_1_500' title='bbox 630 4278 790 4335; x_wconf 87' lang='lat' dir='ltr'>illius</span> <span class='ocrx_word' id='word_1_501' title='bbox 821 4281 1001 4336; x_wconf 62' lang='lat' dir='ltr'>beata</span> <span class='ocrx_word' id='word_1_502' title='bbox 1030 4279 1272 4352; x_wconf 80' lang='lat' dir='ltr'>virginis</span> <span class='ocrx_word' id='word_1_503' title='bbox 1302 4285 1359 4336; x_wconf 88' lang='lat' dir='ltr'>et</span> <span class='ocrx_word' id='word_1_504' title='bbox 1388 4282 1858 4355; x_wconf 75' lang='lat' dir='ltr'>martyris,cujus</span> <span class='ocrx_word' id='word_1_505' title='bbox 1888 4301 2015 4341; x_wconf 91' lang='lat' dir='ltr'>cor-</span> <span class='ocrx_word' id='word_1_506' title='bbox 2128 4283 2264 4337; x_wconf 91' lang='lat' dir='ltr'>bent</span> <span class='ocrx_word' id='word_1_507' title='bbox 2292 4280 2434 4337; x_wconf 89' lang='lat' dir='ltr'>inibi</span> <span class='ocrx_word' id='word_1_508' title='bbox 2469 4284 2580 4336; x_wconf 84' lang='lat' dir='ltr'>Dco</span> <span class='ocrx_word' id='word_1_509' title='bbox 2613 4278 2949 4345; x_wconf 84' lang='lat' dir='ltr'>servientes,</span> <span class='ocrx_word' id='word_1_510' title='bbox 2984 4294 3046 4333; x_wconf 85' lang='lat' dir='ltr'>ra</span> <span class='ocrx_word' id='word_1_511' title='bbox 3060 4276 3296 4350; x_wconf 90' lang='lat' dir='ltr'>pucrint</span> <span class='ocrx_word' id='word_1_512' title='bbox 3343 4275 3430 4332; x_wconf 88' lang='lat' dir='ltr'>vel</span> <span class='ocrx_word' id='word_1_513' title='bbox 3482 4275 3797 4333; x_wconf 76' lang='lat' dir='ltr'>subtraxe-</span> 
     </span>
    </p>
   </div>
   <div class='ocr_carea' id='block_1_50' title="bbox 373 4364 3795 4445">
    <p class='ocr_par' dir='ltr' id='par_1_50' title="bbox 373 4364 3795 4445">
     <span class='ocr_line' id='line_1_50' title="bbox 373 4364 3795 4445; baseline -0 -23"><span class='ocrx_word' id='word_1_514' title='bbox 373 4384 482 4439; x_wconf 89' lang='lat' dir='ltr'>pus</span> <span class='ocrx_word' id='word_1_515' title='bbox 502 4368 558 4422; x_wconf 91' lang='lat' dir='ltr'>in</span> <span class='ocrx_word' id='word_1_516' title='bbox 576 4367 1375 4425; x_wconf 88' lang='lat' dir='ltr'>commissotibimonastcrio</span> <span class='ocrx_word' id='word_1_517' title='bbox 1392 4370 2013 4445; x_wconf 85' lang='lat' dir='ltr'>rcquiescit,procujus</span> <span class='ocrx_word' id='word_1_518' title='bbox 2125 4371 2261 4436; x_wconf 85' lang='lat' dir='ltr'>rint,</span> <span class='ocrx_word' id='word_1_519' title='bbox 2294 4368 2547 4442; x_wconf 84' lang='lat' dir='ltr'>ligamus</span> <span class='ocrx_word' id='word_1_520' title='bbox 2577 4385 2675 4424; x_wconf 87' lang='lat' dir='ltr'>eos</span> <span class='ocrx_word' id='word_1_521' title='bbox 2705 4367 2985 4441; x_wconf 86' lang='lat' dir='ltr'>ligamine</span> <span class='ocrx_word' id='word_1_522' title='bbox 3037 4365 3225 4423; x_wconf 81' lang='lat' dir='ltr'>sancti</span> <span class='ocrx_word' id='word_1_523' title='bbox 3279 4364 3431 4425; x_wconf 90' lang='lat' dir='ltr'>Petri</span> <span class='ocrx_word' id='word_1_524' title='bbox 3482 4381 3795 4437; x_wconf 90' lang='lat' dir='ltr'>usquequo</span> 
     </span>
    </p>
   </div>
   <div class='ocr_carea' id='block_1_51' title="bbox 370 4455 2806 4532">
    <p class='ocr_par' dir='ltr' id='par_1_51' title="bbox 370 4455 2806 4532">
     <span class='ocr_line' id='line_1_51' title="bbox 370 4455 2806 4532; baseline 0 -21"><span class='ocrx_word' id='word_1_525' title='bbox 370 4455 548 4511; x_wconf 89' lang='lat' dir='ltr'>etiam</span> <span class='ocrx_word' id='word_1_526' title='bbox 578 4455 797 4511; x_wconf 90' lang='lat' dir='ltr'>honore</span> <span class='ocrx_word' id='word_1_527' title='bbox 828 4473 896 4512; x_wconf 90' lang='lat' dir='ltr'>ac</span> <span class='ocrx_word' id='word_1_528' title='bbox 924 4456 1229 4513; x_wconf 89' lang='lat' dir='ltr'>dilectione</span> <span class='ocrx_word' id='word_1_529' title='bbox 1254 4457 1357 4513; x_wconf 86' lang='lat' dir='ltr'>tibi</span> <span class='ocrx_word' id='word_1_530' title='bbox 1389 4460 1726 4532; x_wconf 88' lang='lat' dir='ltr'>supradicta</span> <span class='ocrx_word' id='word_1_531' title='bbox 1746 4464 2014 4520; x_wconf 91' lang='lat' dir='ltr'>concedi-</span> <span class='ocrx_word' id='word_1_532' title='bbox 2123 4475 2377 4531; x_wconf 85' lang='lat' dir='ltr'>congrue</span> <span class='ocrx_word' id='word_1_533' title='bbox 2416 4458 2806 4513; x_wconf 80' lang='lat' dir='ltr'>satisfaciant.</span> 
     </span>
    </p>
   </div>
   <div class='ocr_carea' id='block_1_52' title="bbox 371 4542 3792 4626">
    <p class='ocr_par' dir='ltr' id='par_1_52' title="bbox 371 4542 3792 4626">
     <span class='ocr_line' id='line_1_52' title="bbox 371 4542 3792 4626; baseline 0 -26"><span class='ocrx_word' id='word_1_534' title='bbox 371 4560 528 4612; x_wconf 90' lang='lat' dir='ltr'>mus,</span> <span class='ocrx_word' id='word_1_535' title='bbox 559 4544 1172 4616; x_wconf 64' lang='lat' dir='ltr'>adjuravifvaleamus.</span> <span class='ocrx_word' id='word_1_536' title='bbox 2042 4562 2087 4626; x_wconf 72' lang='grc' dir='ltr'>ί)</span> <span class='ocrx_word' id='word_1_537' title='bbox 2192 4548 2575 4615; x_wconf 87' lang='lat' dir='ltr'>Prohibemus</span> <span class='ocrx_word' id='word_1_538' title='bbox 2606 4546 2780 4602; x_wconf 92' lang='lat' dir='ltr'>etiam</span> <span class='ocrx_word' id='word_1_539' title='bbox 2812 4563 2882 4602; x_wconf 92' lang='lat' dir='ltr'>ne</span> <span class='ocrx_word' id='word_1_540' title='bbox 2913 4544 3066 4600; x_wconf 90' lang='lat' dir='ltr'>infra</span> <span class='ocrx_word' id='word_1_541' title='bbox 3094 4558 3278 4599; x_wconf 74' lang='lat' dir='ltr'>unam</span> <span class='ocrx_word' id='word_1_542' title='bbox 3310 4542 3543 4600; x_wconf 90' lang='lat' dir='ltr'>leuvam</span> <span class='ocrx_word' id='word_1_543' title='bbox 3589 4562 3623 4600; x_wconf 92' lang='lat' dir='ltr'>a</span> <span class='ocrx_word' id='word_1_544' title='bbox 3656 4559 3792 4600; x_wconf 89' lang='lat' dir='ltr'>mo-</span> 
     </span>
    </p>
   </div>
   <div class='ocr_carea' id='block_1_53' title="bbox 438 4632 3791 4708">
    <p class='ocr_par' dir='ltr' id='par_1_53' title="bbox 438 4632 3791 4708">
     <span class='ocr_line' id='line_1_53' title="bbox 438 4632 3791 4708; baseline -0 -20"><span class='ocrx_word' id='word_1_545' title='bbox 438 4632 651 4689; x_wconf 88' lang='lat' dir='ltr'>Omnia</span> <span class='ocrx_word' id='word_1_546' title='bbox 679 4632 919 4708; x_wconf 89' lang='lat' dir='ltr'>insuper</span> <span class='ocrx_word' id='word_1_547' title='bbox 948 4637 1167 4708; x_wconf 58' lang='lat' dir='ltr'>quaajad</span> <span class='ocrx_word' id='word_1_548' title='bbox 1192 4638 1531 4708; x_wconf 71' lang='lat' dir='ltr'>prmJictum</span> <span class='ocrx_word' id='word_1_549' title='bbox 1554 4639 1735 4695; x_wconf 73' lang='lat' dir='ltr'>beata:</span> <span class='ocrx_word' id='word_1_550' title='bbox 1760 4640 2008 4698; x_wconf 71' lang='lat' dir='ltr'>Justime</span> <span class='ocrx_word' id='word_1_551' title='bbox 2120 4636 2371 4693; x_wconf 90' lang='lat' dir='ltr'>uasterio</span> <span class='ocrx_word' id='word_1_552' title='bbox 2402 4635 2574 4691; x_wconf 91' lang='lat' dir='ltr'>liceat</span> <span class='ocrx_word' id='word_1_553' title='bbox 2603 4634 2774 4690; x_wconf 90' lang='lat' dir='ltr'>alicui</span> <span class='ocrx_word' id='word_1_554' title='bbox 2808 4633 3068 4706; x_wconf 86' lang='lat' dir='ltr'>aliquem</span> <span class='ocrx_word' id='word_1_555' title='bbox 3110 4632 3389 4689; x_wconf 91' lang='lat' dir='ltr'>invadere</span> <span class='ocrx_word' id='word_1_556' title='bbox 3413 4633 3503 4690; x_wconf 89' lang='lat' dir='ltr'>vel</span> <span class='ocrx_word' id='word_1_557' title='bbox 3532 4634 3666 4706; x_wconf 86' lang='lat' dir='ltr'>ejus</span> <span class='ocrx_word' id='word_1_558' title='bbox 3691 4649 3791 4688; x_wconf 90' lang='lat' dir='ltr'>res</span> 
     </span>
    </p>
   </div>
   <div class='ocr_carea' id='block_1_54' title="bbox 366 4721 3793 4801">
    <p class='ocr_par' dir='ltr' id='par_1_54' title="bbox 366 4721 3793 4801">
     <span class='ocr_line' id='line_1_54' title="bbox 366 4721 3793 4801; baseline 0 -22"><span class='ocrx_word' id='word_1_559' title='bbox 366 4722 788 4780; x_wconf 90' lang='lat' dir='ltr'>monasterium</span> <span class='ocrx_word' id='word_1_560' title='bbox 821 4726 1111 4798; x_wconf 75' lang='lat' dir='ltr'>pertineat</span> <span class='ocrx_word' id='word_1_561' title='bbox 1135 4726 1296 4798; x_wconf 87' lang='lat' dir='ltr'>justo</span> <span class='ocrx_word' id='word_1_562' title='bbox 1328 4727 1614 4799; x_wconf 90' lang='lat' dir='ltr'>acquisita</span> <span class='ocrx_word' id='word_1_563' title='bbox 1644 4729 1763 4784; x_wconf 85' lang='lat' dir='ltr'>sive</span> <span class='ocrx_word' id='word_1_564' title='bbox 1802 4730 2007 4801; x_wconf 92' lang='lat' dir='ltr'>acqui-</span> <span class='ocrx_word' id='word_1_565' title='bbox 2115 4727 2367 4783; x_wconf 87' lang='lat' dir='ltr'>auferre.</span> <span class='ocrx_word' id='word_1_566' title='bbox 2407 4726 2739 4781; x_wconf 89' lang='lat' dir='ltr'>Statuentes</span> <span class='ocrx_word' id='word_1_567' title='bbox 2769 4722 3091 4795; x_wconf 88' lang='lat' dir='ltr'>apostolica</span> <span class='ocrx_word' id='word_1_568' title='bbox 3119 4738 3369 4778; x_wconf 89' lang='lat' dir='ltr'>censura</span> <span class='ocrx_word' id='word_1_569' title='bbox 3398 4739 3470 4778; x_wconf 90' lang='lat' dir='ltr'>ne</span> <span class='ocrx_word' id='word_1_570' title='bbox 3501 4721 3622 4778; x_wconf 88' lang='lat' dir='ltr'>ulla</span> <span class='ocrx_word' id='word_1_571' title='bbox 3671 4724 3793 4779; x_wconf 89' lang='lat' dir='ltr'>ho-</span> 
     </span>
    </p>
   </div>
   <div class='ocr_carea' id='block_1_55' title="bbox 366 4809 3788 4889">
    <p class='ocr_par' dir='ltr' id='par_1_55' title="bbox 366 4809 3788 4889">
     <span class='ocr_line' id='line_1_55' title="bbox 366 4809 3788 4889; baseline 0.001 -20"><span class='ocrx_word' id='word_1_572' title='bbox 366 4813 569 4881; x_wconf 90' lang='lat' dir='ltr'>renda,</span> <span class='ocrx_word' id='word_1_573' title='bbox 601 4814 711 4870; x_wconf 89' lang='lat' dir='ltr'>sub</span> <span class='ocrx_word' id='word_1_574' title='bbox 741 4814 923 4871; x_wconf 84' lang='lat' dir='ltr'>tutela</span> <span class='ocrx_word' id='word_1_575' title='bbox 964 4832 1030 4870; x_wconf 93' lang='lat' dir='ltr'>ac</span> <span class='ocrx_word' id='word_1_576' title='bbox 1079 4816 1416 4873; x_wconf 84' lang='lat' dir='ltr'>defensione</span> <span class='ocrx_word' id='word_1_577' title='bbox 1464 4817 1621 4873; x_wconf 89' lang='lat' dir='ltr'>sedis</span> <span class='ocrx_word' id='word_1_578' title='bbox 1671 4818 2003 4889; x_wconf 65' lang='lat' dir='ltr'>apostolicae</span> <span class='ocrx_word' id='word_1_579' title='bbox 2116 4817 2342 4871; x_wconf 91' lang='lat' dir='ltr'>minum</span> <span class='ocrx_word' id='word_1_580' title='bbox 2375 4829 2622 4886; x_wconf 88' lang='lat' dir='ltr'>persona</span> <span class='ocrx_word' id='word_1_581' title='bbox 2654 4828 2868 4883; x_wconf 81' lang='lat' dir='ltr'>magna</span> <span class='ocrx_word' id='word_1_582' title='bbox 2895 4810 2982 4866; x_wconf 91' lang='lat' dir='ltr'>vel</span> <span class='ocrx_word' id='word_1_583' title='bbox 3016 4827 3192 4884; x_wconf 85' lang='lat' dir='ltr'>parva</span> <span class='ocrx_word' id='word_1_584' title='bbox 3241 4817 3443 4867; x_wconf 91' lang='lat' dir='ltr'>contra</span> <span class='ocrx_word' id='word_1_585' title='bbox 3483 4809 3591 4865; x_wconf 88' lang='lat' dir='ltr'>hoc</span> <span class='ocrx_word' id='word_1_586' title='bbox 3636 4829 3788 4871; x_wconf 85' lang='lat' dir='ltr'>nos-</span> 
     </span>
    </p>
   </div>
   <div class='ocr_carea' id='block_1_56' title="bbox 364 4898 3786 4978">
    <p class='ocr_par' dir='ltr' id='par_1_56' title="bbox 364 4898 3786 4978">
     <span class='ocr_line' id='line_1_56' title="bbox 364 4898 3786 4978; baseline -0 -18"><span class='ocrx_word' id='word_1_587' title='bbox 364 4903 746 4977; x_wconf 89' lang='lat' dir='ltr'>suscipimus,</span> <span class='ocrx_word' id='word_1_588' title='bbox 780 4904 937 4961; x_wconf 89' lang='lat' dir='ltr'>salvo</span> <span class='ocrx_word' id='word_1_589' title='bbox 970 4905 1346 4978; x_wconf 89' lang='lat' dir='ltr'>scilicetjure</span> <span class='ocrx_word' id='word_1_590' title='bbox 1377 4907 1582 4962; x_wconf 87' lang='lat' dir='ltr'>matris</span> <span class='ocrx_word' id='word_1_591' title='bbox 1604 4911 1715 4963; x_wconf 67' lang='lat' dir='ltr'>tua:</span> <span class='ocrx_word' id='word_1_592' title='bbox 1737 4907 2004 4965; x_wconf 76' lang='lat' dir='ltr'>Ecclesiae</span> <span class='ocrx_word' id='word_1_593' title='bbox 2112 4910 2269 4960; x_wconf 89' lang='lat' dir='ltr'>trum</span> <span class='ocrx_word' id='word_1_594' title='bbox 2303 4900 2672 4975; x_wconf 88' lang='lat' dir='ltr'>privilegium</span> <span class='ocrx_word' id='word_1_595' title='bbox 2707 4900 2909 4955; x_wconf 92' lang='lat' dir='ltr'>venire</span> <span class='ocrx_word' id='word_1_596' title='bbox 2944 4899 3422 4973; x_wconf 86' lang='lat' dir='ltr'>pertentet.Quod</span> <span class='ocrx_word' id='word_1_597' title='bbox 3465 4898 3513 4954; x_wconf 89' lang='lat' dir='ltr'>si</span> <span class='ocrx_word' id='word_1_598' title='bbox 3545 4898 3786 4974; x_wconf 86' lang='lat' dir='ltr'>fecerit,</span> 
     </span>
    </p>
   </div>
   <div class='ocr_carea' id='block_1_57' title="bbox 361 4986 3786 5064">
    <p class='ocr_par' dir='ltr' id='par_1_57' title="bbox 361 4986 3786 5064">
     <span class='ocr_line' id='line_1_57' title="bbox 361 4986 3786 5064; baseline -0 -15"><span class='ocrx_word' id='word_1_599' title='bbox 361 4993 671 5050; x_wconf 72' lang='lat' dir='ltr'>Paduante.</span> <span class='ocrx_word' id='word_1_600' title='bbox 2114 4992 2434 5064; x_wconf 89' lang='lat' dir='ltr'>apostolico</span> <span class='ocrx_word' id='word_1_601' title='bbox 2465 4988 2825 5045; x_wconf 87' lang='lat' dir='ltr'>anathemati</span> <span class='ocrx_word' id='word_1_602' title='bbox 2870 4988 3411 5060; x_wconf 90' lang='lat' dir='ltr'>subjacebit,usque</span> <span class='ocrx_word' id='word_1_603' title='bbox 3433 4986 3504 5042; x_wconf 89' lang='lat' dir='ltr'>ad</span> <span class='ocrx_word' id='word_1_604' title='bbox 3528 4986 3786 5060; x_wconf 88' lang='lat' dir='ltr'>dignam</span> 
     </span>
    </p>
   </div>
   <div class='ocr_carea' id='block_1_58' title="bbox 433 5075 3788 5158">
    <p class='ocr_par' dir='ltr' id='par_1_58' title="bbox 433 5075 3788 5158">
     <span class='ocr_line' id='line_1_58' title="bbox 433 5075 3788 5158; baseline 0 -20"><span class='ocrx_word' id='word_1_605' title='bbox 433 5081 645 5140; x_wconf 89' lang='lat' dir='ltr'>Nullus</span> <span class='ocrx_word' id='word_1_606' title='bbox 699 5083 881 5155; x_wconf 90' lang='lat' dir='ltr'>igitur</span> <span class='ocrx_word' id='word_1_607' title='bbox 934 5084 1429 5156; x_wconf 84' lang='lat' dir='ltr'>archiepiscopus,</span> <span class='ocrx_word' id='word_1_608' title='bbox 1488 5084 1818 5158; x_wconf 83' lang='lat' dir='ltr'>cpiscopus,</span> <span class='ocrx_word' id='word_1_609' title='bbox 1867 5086 2004 5158; x_wconf 82' lang='lat' dir='ltr'>dux,</span> <span class='ocrx_word' id='word_1_610' title='bbox 2113 5080 2594 5139; x_wconf 68' lang='lat' dir='ltr'>satisfactionem.</span> <span class='ocrx_word' id='word_1_611' title='bbox 2626 5077 2733 5141; x_wconf 91' lang='lat' dir='ltr'>Qui</span> <span class='ocrx_word' id='word_1_612' title='bbox 2779 5094 2911 5133; x_wconf 90' lang='lat' dir='ltr'>vero</span> <span class='ocrx_word' id='word_1_613' title='bbox 2961 5078 3293 5146; x_wconf 89' lang='lat' dir='ltr'>servaverit,</span> <span class='ocrx_word' id='word_1_614' title='bbox 3344 5075 3788 5139; x_wconf 88' lang='lat' dir='ltr'>benedictionis</span> 
     </span>
    </p>
   </div>
   <div class='ocr_carea' id='block_1_59' title="bbox 361 5164 3784 5246">
    <p class='ocr_par' dir='ltr' id='par_1_59' title="bbox 361 5164 3784 5246">
     <span class='ocr_line' id='line_1_59' title="bbox 361 5164 3784 5246; baseline 0 -19"><span class='ocrx_word' id='word_1_615' title='bbox 361 5171 647 5239; x_wconf 88' lang='lat' dir='ltr'>marcbio,</span> <span class='ocrx_word' id='word_1_616' title='bbox 678 5170 1768 5245; x_wconf 86' lang='lat' dir='ltr'>comes,vicecomcs,nullaquemagna</span> <span class='ocrx_word' id='word_1_617' title='bbox 1796 5191 2004 5246; x_wconf 83' lang='lat' dir='ltr'>parva-</span> <span class='ocrx_word' id='word_1_618' title='bbox 2113 5175 2327 5227; x_wconf 65' lang='lat' dir='ltr'>nostra:</span> <span class='ocrx_word' id='word_1_619' title='bbox 2358 5167 2545 5241; x_wconf 88' lang='lat' dir='ltr'>gratia</span> <span class='ocrx_word' id='word_1_620' title='bbox 2574 5165 2924 5234; x_wconf 72' lang='lat' dir='ltr'>cumulatur,</span> <span class='ocrx_word' id='word_1_621' title='bbox 2957 5170 3015 5222; x_wconf 91' lang='lat' dir='ltr'>et</span> <span class='ocrx_word' id='word_1_622' title='bbox 3044 5169 3269 5223; x_wconf 64' lang='lat' dir='ltr'>aeternae</span> <span class='ocrx_word' id='word_1_623' title='bbox 3299 5164 3433 5222; x_wconf 67' lang='lat' dir='ltr'>vitae</span> <span class='ocrx_word' id='word_1_624' title='bbox 3482 5167 3784 5243; x_wconf 88' lang='lat' dir='ltr'>particeps</span> 
     </span>
    </p>
   </div>
   <div class='ocr_carea' id='block_1_60' title="bbox 360 5257 2420 5334">
    <p class='ocr_par' dir='ltr' id='par_1_60' title="bbox 360 5257 2420 5334">
     <span class='ocr_line' id='line_1_60' title="bbox 360 5257 2420 5334; baseline -0.003 -18"><span class='ocrx_word' id='word_1_625' title='bbox 360 5278 474 5334; x_wconf 90' lang='lat' dir='ltr'>que</span> <span class='ocrx_word' id='word_1_626' title='bbox 500 5277 750 5334; x_wconf 88' lang='lat' dir='ltr'>persona</span> <span class='ocrx_word' id='word_1_627' title='bbox 787 5262 846 5317; x_wconf 91' lang='lat' dir='ltr'>in</span> <span class='ocrx_word' id='word_1_628' title='bbox 892 5261 1151 5334; x_wconf 64' lang='lat' dir='ltr'>praedicti</span> <span class='ocrx_word' id='word_1_629' title='bbox 1200 5262 1536 5317; x_wconf 86' lang='lat' dir='ltr'>monasterii</span> <span class='ocrx_word' id='word_1_630' title='bbox 1591 5264 1764 5318; x_wconf 89' lang='lat' dir='ltr'>rebus</span> <span class='ocrx_word' id='word_1_631' title='bbox 1821 5263 2003 5319; x_wconf 89' lang='lat' dir='ltr'>ullam</span> <span class='ocrx_word' id='word_1_632' title='bbox 2113 5257 2420 5315; x_wconf 81' lang='lat' dir='ltr'>efﬁciatur.</span> 
     </span>
    </p>
   </div>
   <div class='ocr_carea' id='block_1_61' title="bbox 357 5341 3775 5423">
    <p class='ocr_par' dir='ltr' id='par_1_61' title="bbox 357 5341 3775 5423">
     <span class='ocr_line' id='line_1_61' title="bbox 357 5341 3775 5423; baseline -0.001 -18"><span class='ocrx_word' id='word_1_633' title='bbox 357 5349 634 5421; x_wconf 89' lang='lat' dir='ltr'>deinceps</span> <span class='ocrx_word' id='word_1_634' title='bbox 665 5349 999 5406; x_wconf 88' lang='lat' dir='ltr'>violentiam</span> <span class='ocrx_word' id='word_1_635' title='bbox 1025 5349 1237 5405; x_wconf 85' lang='lat' dir='ltr'>inferre</span> <span class='ocrx_word' id='word_1_636' title='bbox 1270 5351 1668 5421; x_wconf 73' lang='lat' dir='ltr'>prmsumat.Si</span> <span class='ocrx_word' id='word_1_637' title='bbox 1702 5352 1835 5423; x_wconf 79' lang='lat' dir='ltr'>quis</span> <span class='ocrx_word' id='word_1_638' title='bbox 1866 5368 2001 5407; x_wconf 87' lang='lat' dir='ltr'>vero</span> <span class='ocrx_word' id='word_1_639' title='bbox 2187 5351 2392 5403; x_wconf 88' lang='lat' dir='ltr'>Datum</span> <span class='ocrx_word' id='word_1_640' title='bbox 2428 5359 2481 5395; x_wconf 79' lang='grc' dir='ltr'>ιν</span> <span class='ocrx_word' id='word_1_641' title='bbox 2511 5341 2705 5395; x_wconf 76' lang='lat' dir='ltr'>Nonas</span> <span class='ocrx_word' id='word_1_642' title='bbox 2736 5342 3024 5411; x_wconf 82' lang='lat' dir='ltr'>Octobris,</span> <span class='ocrx_word' id='word_1_643' title='bbox 3060 5360 3163 5416; x_wconf 84' lang='lat' dir='ltr'>per</span> <span class='ocrx_word' id='word_1_644' title='bbox 3194 5360 3409 5399; x_wconf 81' lang='lat' dir='ltr'>manus</span> <span class='ocrx_word' id='word_1_645' title='bbox 3457 5344 3615 5401; x_wconf 88' lang='lat' dir='ltr'>Petri</span> <span class='ocrx_word' id='word_1_646' title='bbox 3646 5346 3775 5403; x_wconf 88' lang='lat' dir='ltr'>dia-</span> 
     </span>
    </p>
   </div>
   <div class='ocr_carea' id='block_1_62' title="bbox 361 5427 3776 5512">
    <p class='ocr_par' dir='ltr' id='par_1_62' title="bbox 361 5427 3776 5512">
     <span class='ocr_line' id='line_1_62' title="bbox 361 5427 3776 5512; baseline -0.001 -20"><span class='ocrx_word' id='word_1_647' title='bbox 361 5437 537 5509; x_wconf 89' lang='lat' dir='ltr'>hujus</span> <span class='ocrx_word' id='word_1_648' title='bbox 567 5442 778 5493; x_wconf 67' lang='lat' dir='ltr'>nostrae</span> <span class='ocrx_word' id='word_1_649' title='bbox 805 5438 1132 5510; x_wconf 74' lang='lat' dir='ltr'>apostolica:</span> <span class='ocrx_word' id='word_1_650' title='bbox 1155 5437 1477 5493; x_wconf 87' lang='lat' dir='ltr'>sanctionis</span> <span class='ocrx_word' id='word_1_651' title='bbox 1497 5439 1861 5512; x_wconf 90' lang='lat' dir='ltr'>privilegium</span> <span class='ocrx_word' id='word_1_652' title='bbox 1885 5440 2002 5496; x_wconf 89' lang='lat' dir='ltr'>vio-</span> <span class='ocrx_word' id='word_1_653' title='bbox 2111 5436 2261 5502; x_wconf 93' lang='lat' dir='ltr'>coni,</span> <span class='ocrx_word' id='word_1_654' title='bbox 2294 5427 2718 5489; x_wconf 72' lang='lat' dir='ltr'>bibliothecarii</span> <span class='ocrx_word' id='word_1_655' title='bbox 2743 5434 2800 5485; x_wconf 67' lang='grc' dir='ltr'>Οἱ</span> <span class='ocrx_word' id='word_1_656' title='bbox 2829 5432 3162 5489; x_wconf 77' lang='lat' dir='ltr'>cancellarii</span> <span class='ocrx_word' id='word_1_657' title='bbox 3195 5436 3413 5488; x_wconf 69' lang='lat' dir='ltr'>sanctae</span> <span class='ocrx_word' id='word_1_658' title='bbox 3435 5435 3776 5505; x_wconf 64' lang='lat' dir='ltr'>apostolicae</span> 
     </span>
    </p>
   </div>
   <div class='ocr_carea' id='block_1_63' title="bbox 357 5515 3777 5597">
    <p class='ocr_par' dir='ltr' id='par_1_63' title="bbox 357 5515 3777 5597">
     <span class='ocr_line' id='line_1_63' title="bbox 357 5515 3777 5597; baseline 0.001 -20"><span class='ocrx_word' id='word_1_659' title='bbox 357 5523 477 5581; x_wconf 90' lang='lat' dir='ltr'>lare</span> <span class='ocrx_word' id='word_1_660' title='bbox 501 5526 1076 5597; x_wconf 68' lang='lat' dir='ltr'>praesumpseritmisi</span> <span class='ocrx_word' id='word_1_661' title='bbox 1103 5528 1216 5581; x_wconf 86' lang='lat' dir='ltr'>cito</span> <span class='ocrx_word' id='word_1_662' title='bbox 1242 5526 1647 5595; x_wconf 80' lang='lat' dir='ltr'>resipuerit,ct</span> <span class='ocrx_word' id='word_1_663' title='bbox 1666 5528 2002 5583; x_wconf 89' lang='lat' dir='ltr'>admonitus</span> <span class='ocrx_word' id='word_1_664' title='bbox 2112 5525 2289 5590; x_wconf 90' lang='lat' dir='ltr'>sedis,</span> <span class='ocrx_word' id='word_1_665' title='bbox 2323 5515 2637 5575; x_wconf 68' lang='lat' dir='ltr'>indictione</span> <span class='ocrx_word' id='word_1_666' title='bbox 2686 5533 2743 5582; x_wconf 86' lang='grc' dir='ltr'>ν,</span> <span class='ocrx_word' id='word_1_667' title='bbox 2784 5534 2935 5576; x_wconf 80' lang='lat' dir='ltr'>anno</span> <span class='ocrx_word' id='word_1_668' title='bbox 2986 5522 3057 5577; x_wconf 83' lang='lat' dir='ltr'>ab</span> <span class='ocrx_word' id='word_1_669' title='bbox 3102 5521 3507 5579; x_wconf 83' lang='lat' dir='ltr'>incarnatione</span> <span class='ocrx_word' id='word_1_670' title='bbox 3537 5522 3777 5580; x_wconf 91' lang='lat' dir='ltr'>Domini</span> 
     </span>
    </p>
   </div>
   <div class='ocr_carea' id='block_1_64' title="bbox 356 5603 3773 5687">
    <p class='ocr_par' dir='ltr' id='par_1_64' title="bbox 356 5603 3773 5687">
     <span class='ocr_line' id='line_1_64' title="bbox 356 5603 3773 5687; baseline 0.001 -20"><span class='ocrx_word' id='word_1_671' title='bbox 356 5612 508 5667; x_wconf 88' lang='lat' dir='ltr'>male</span> <span class='ocrx_word' id='word_1_672' title='bbox 539 5620 664 5668; x_wconf 87' lang='lat' dir='ltr'>acta</span> <span class='ocrx_word' id='word_1_673' title='bbox 694 5614 873 5687; x_wconf 84' lang='lat' dir='ltr'>digna</span> <span class='ocrx_word' id='word_1_674' title='bbox 896 5615 1293 5671; x_wconf 87' lang='lat' dir='ltr'>satisfactione</span> <span class='ocrx_word' id='word_1_675' title='bbox 1315 5615 1767 5684; x_wconf 83' lang='lat' dir='ltr'>emendaverit,a</span> <span class='ocrx_word' id='word_1_676' title='bbox 1789 5620 2000 5674; x_wconf 73' lang='lat' dir='ltr'>sanctae</span> <span class='ocrx_word' id='word_1_677' title='bbox 2116 5616 2254 5670; x_wconf 76' lang='grc'>4052</span> <span class='ocrx_word' id='word_1_678' title='bbox 2288 5603 2672 5683; x_wconf 71' lang='lat' dir='ltr'>pontiﬁcatus</span> <span class='ocrx_word' id='word_1_679' title='bbox 2689 5610 2883 5663; x_wconf 79' lang='lat' dir='ltr'>autem</span> <span class='ocrx_word' id='word_1_680' title='bbox 2906 5609 3126 5667; x_wconf 90' lang='lat' dir='ltr'>domini</span> <span class='ocrx_word' id='word_1_681' title='bbox 3152 5608 3358 5667; x_wconf 89' lang='lat' dir='ltr'>Leonis</span> <span class='ocrx_word' id='word_1_682' title='bbox 3390 5610 3463 5666; x_wconf 85' lang='lat' dir='ltr'>IX</span> <span class='ocrx_word' id='word_1_683' title='bbox 3484 5627 3656 5684; x_wconf 71' lang='lat' dir='ltr'>papae</span> <span class='ocrx_word' id='word_1_684' title='bbox 3689 5631 3773 5671; x_wconf 89' lang='grc' dir='ltr'>ιιι.</span> 
     </span>
    </p>
   </div>
  </div>
