3974 6206
432 414 548 479 ’191

1709 411 1772 471 S.
1818 409 2101 472 LEONIS
2143 408 2223 471 1X
2264 407 2517 470 PAPJE.

3732 408 3849 472 792

434 547 616 605 fuisse
645 546 715 600 ab
745 543 984 600 Arnulfo
1008 543 1372 610 imperatore.
1405 546 1468 596 ut
1497 542 1643 598 alias
1672 541 2038 597 ostendimus
2062 541 2230 611 (218.)
2253 541 2416 595 Mitto
2439 539 2593 610 quod
2625 554 2793 593 voces
2835 537 3268 611 Alemannorum
3323 543 3382 595 et
3438 539 3844 609 Allemnniz,

437 636 563 690 quae
595 618 652 671 in
711 615 999 693 ejusmodi
1059 613 1268 693 litteris
1317 614 1779 693 occurrunt_ad_
1817 613 2254 693 signiﬁcandos.
2295 611 2588 693 Dajoarios
2634 618 2686 693 et
2747 610 3094 676 Bajoariam,
3158 611 3553 693 posteriorum
3612 616 3847 693 tempo-

433 682 563 766 r'um
595 687 830 766 genium
872 686 1129 766 sapiunt.
1159 686 1292 766 Jam
1316 685 1514 756 qualia
1553 687 1726 766 verba
1757 682 1965 766 Leonis
1999 701 2157 754 papae
2189 683 2263 766 ad
2281 683 2607 766 inlenricu‘m
2639 682 3238 766 li‘ranplorum‘regem,
3301 700 3336 754 q

3343 683 3519 738 uibus
3573 700 3714 738 eum
3744 683 3845 740 'ob

434 751 1073 816 hancvsubtraetionem
1121 757 1294 811 solari
1329 751 1598 810 conatur!
1659 756 1850 826 qualis
1911 751 2101 809 sermo
2134 752 2445 824 pontiﬁcis,
2505 757 2569 807 ut
2623 751 2846 826 Arnulﬁ
2906 751 3127 826 furtum
3188 751 3515 824 approbet!
3569 754 3683 826 Sed
3749 753 3846 811 bis

429 830 602 902 nugis
633 827 854 883 diutius
883 828 1179 902 immorer.
1216 829 1375 902 Haud
1409 833 1602 902 tamen
1637 823 2279 902 absolutenegaverim,
2316 826 2501 902 Leone
2524 841 2670 902 papa
2701 823 3414 902 lia_tisponaademorante,
3441 825 3836 902 quaestionem

430 895 763 970 decerpere
792 900 976 955 sancti
1008 899 1265 970 Dionysii
1296 901 1632 954 ventilatam
1667 899 1846 952 fuisse
1877 898 1955 966 (id
1989 898 2144 952 enim
2175 901 2230 950 et
2250 896 2502 970 Annales
2526 895 2791 970 Saxoniei
2818 895 3078 970 tradunt)
3103 898 3278 970 atque
3303 897 3362 950 in
3381 895 3573 952 sancti
3599 897 3841 970 Emme-

431 965 643 1028 rammi
673 971 892 1043 templo
923 976 1062 1026 tunc
1094 965 1386 1026 detectum
1419 971 1600 1026 fuisse
1627 969 1923 1041 quoddam
1955 985 2188 1043 corpus,
2220 968 2373 1043 quod
2405 967 2669 1043 ejusdem
2702 965 2888 1020 sancti
2914 965 3166 1043 Dionysii
3201 984 3415 1043 corpus
3437 967 3847 1043 esse,prolatis

434 1044 630 1100 nescio
661 1037 878 1115 quibus
912 1043 1146 1106 tabulis,
1179 1043 1629 1115 Batisponenses
1647 1037 1994 1115 asseruere;
2038 1037 2214 1115 idque
2242 1037 2390 1115 forte
2441 1038 2615 1115 Leoni
2677 1053 3024 1108 persuasum
3069 1037 3490 1115 _f_uisseinnc
3538 1037 3630 1093 est
3688 1041 3842 1111 quod

433 1108 720 1172 Henricus
771 1131 866 1168 rex
924 1116 993 1169 ad
1055 1108 1430 1168 refellendam
1490 1114 1639 1168 hanc
1696 1112 2052 1177 opinionem,
2111 1108 2470 1180 frequentem
2519 1109 2950 1181 episcoporum,
3031 1108 3310 1164 abbatum
3371 1115 3430 1165 et
3519 1108 3836 1181 procerum

432 1191 647 1244 costum
679 1186 737 1242 in
769 1185 1120 1258 Dionysiano
1175 1184 1530 1241 monasterio
1577 1201 1676 1257 per
1707 1185 2010 1256 Hugonem
2057 1179 2326 1238 abbatem
2375 1179 2568 1236 indici
2605 1179 2806 1250 jussit,
2868 1196 2934 1235 ac
3006 1181 3190 1235 sancti
3253 1179 3540 1255 Dionysii
3575 1181 3837 1238 loculum

438 1259 703 1316 reserari.

1914 1379 2333 1389 ___———-—

1186 1499 1322 1554 CXI.

561 1590 811 1663 Diploma
837 1590 896 1643 8'.
929 1587 1120 1644 Leonis
1149 1588 1216 1643 IX
1241 1588 1306 1644 de
1330 1604 1550 1660 corpore
1579 1589 1633 1641 S.
1669 1589 1941 1659 Dionysii.

1006 1677 1193 1747 (Anno
1228 1678 1511 1748 1048-64.)

847 1765 1078 1837 [Mansi,
1114 1766 1316 1821 Concil.
1353 1765 1492 1831 XIX,
1518 1767 1668 1836 674.]

508 1855 570 1912 In
601 1855 914 1913 Salvatoris
945 1855 1128 1911 nostri
1151 1856 1290 1911 Jesu
1323 1855 1536 1910 Christi
1572 1855 1827 1910 nomine.
1866 1857 2073 1922 Amen,

437 1946 550 2000 Leo
578 1944 886 2017 episcopus
909 1961 1110 2000 servus
1133 1961 1431 2000 servorum
1460 1944 1584 2009 Dei,
1608 1943 1936 1999 clarissimo
1958 1943 2076 2000 ﬁlio

433 2032 646 2106 inclyte
669 2033 789 2105 regi
813 2033 1189 2102 Francorum,
1223 2050 1288 2088 ac
1320 2032 1753 2089 venerabilibus
1796 2033 2076 2088 fratribus

431 2121 904 2196 archiepiscopis,
932 2123 1222 2194 episcOpis
1249 2127 1306 2178 et
1334 2122 1563 2178 dilectis
1594 2123 1650 2176 in
1683 2122 1913 2178 Christo
1936 2122 2074 2178 ﬁliis

430 2210 764 2279 abbatibus,
798 2212 1445 2284 prioribus,pra:positis
1465 2215 1522 2267 et
1547 2211 1816 2279 decanis;
1851 2211 2076 2268 univer-

425 2302 629 2374 sisque
658 2305 778 2356 tam
811 2301 1063 2356 subditis
1095 2317 1272 2372 quam
1304 2300 1558 2372 praelatis
1589 2301 1855 2370 ejusdem
1902 2301 2068 2373 regni

428 2388 680 2445 salutem
710 2393 767 2444 et
796 2389 1175 2461 apostolicam
1207 2389 1675 2444 benedictionem
1701 2407 1713 2444 :

499 2473 654 2534 Deus
684 2477 1074 2549 omnipotens,
1107 2479 1206 2549 qui
1232 2495 1344 2533 non
1377 2478 1670 2534 immerito
1704 2495 1804 2550 per
1820 2479 2071 2550 Prophe-

427 2571 549 2623 tam
581 2566 641 2621 in
672 2565 889 2622 sanctis
921 2567 1045 2623 suis
1070 2583 1199 2622 esse
1225 2567 1513 2622 mirabilis
1546 2567 2074 2638 praedicatummira

429 2655 682 2729 quadam
705 2654 1108 2711 inserutabilis
1121 2655 1349 2711 consilii
1369 2656 1460 2710 sui
1477 2656 1869 2727 profunditate
1883 2657 2073 2728 dispo-

428 2744 552 2801 nit:
587 2761 716 2817 quas
746 2745 886 2799 dum
909 2745 1280 2800 considerare
1306 2762 1420 2799 non
1445 2745 1662 2801 sufﬁcit
1683 2762 1847 2801 mens
1862 2746 2071 2802 huma-

425 2839 524 2902 'na,
554 2833 685 2907 ipsa
712 2833 931 2889 suimet
960 2833 1298 2890 inﬁrmitate
1327 2833 1623 2901 deﬁciens,
1663 2834 1722 2890 in
1755 2837 2069 2906 quemdam
2103 2870 2150 2936 B

424 2923 517 2980 sui
539 2939 842 2978 excessum
876 2922 999 2994 rapi
1033 2923 1262 2995 cogitur
1291 2927 1347 2978 et
1375 2927 1694 2996 stuporem.
1742 2926 1902 2990 Quod
1957 2924 2070 2997 ipsi

421 3027 528 3068 nos
559 3028 746 3083 nuper
773 3011 1010 3084 experti,
1046 3016 1102 3067 et
1131 3012 1294 3068 vobis
1323 3013 1381 3066 in
1423 3013 1648 3068 Christo
1680 3013 2071 3081 eharissimis,

422 3104 481 3156 et
509 3100 876 3156 universitati
907 3101 1167 3156 ﬁdelium
1187 3100 1558 3172 promulgare
1575 3102 1984 3173 compellimur
2005 3107 2067 3157 ut

429 3193 487 3245 et
516 3188 618 3244 Dei
651 3206 825 3261 opera
873 3190 1089 3261 pariter
1147 3190 1526 3244 admiremur.
1590 3191 1736 3245 Nam
1795 3209 1928 3246 cum
1968 3208 2072 3262 per

427 3277 774 3334 instantiam
793 3277 1153 3334 serenissimi
1169 3278 1537 3351 imperatoris
1551 3279 1777 3335 chrici
1793 3281 1860 3334 ad
1878 3284 2070 3352 partes

429 3366 757 3424 Germanias
775 3367 1116 3435 visitandas,
1150 3385 1216 3422 ac
1247 3368 1534 3440 praecipue
1565 3369 1636 3424 ad
1692 3369 1898 3424 urbem
1943 3385 2068 3440 quae

432 3454 648 3512 dicitur
677 3457 1013 3529 Ratispona,
1031 3456 1116 3513 vel
1138 3457 1536 3529 Regenspurg,
1562 3456 1779 3513 evocati
1805 3474 2069 3514 essemus

428 3543 500 3598 ad
549 3544 876 3601 venerabile
929 3562 1139 3618 corpus
1189 3545 1342 3601 beati
1401 3544 1733 3618 Wolfgangi
1804 3546 2066 3617 ejusdem

427 3632 593 3690 urbis
622 3634 877 3709 episcopi
907 3635 1403 3704 transferendum,
1431 3635 1540 3691 hoc
1589 3652 1655 3690 ea
1705 3652 1821 3707 qua
1871 3636 2067 3692 decuit

423 3723 746 3781 reverentia
762 3729 820 3780 et
847 3725 1149 3780 devotione
1180 3729 1436 3797 paracto,
1469 3724 1552 3778 tui
1578 3725 1931 3780 Francorum
1969 3742 2067 3780 rex

419 3811 478 3866 in
495 3811 746 3882 Christo,
771 3813 855 3868 ﬁli
871 3814 1353 3882 charissime,nos
1380 3813 1551 3884 legati
1575 3817 1930 3886 tuorumque
1949 3831 2068 3870 om-

417 3897 581 3956 nium
611 3902 734 3958 vice
763 3902 997 3959 solliciti
1033 3906 1338 3975 rogarunt,
1372 3906 1663 3975 quatenus
1695 3902 1878 3969 litem,
1937 3919 2065 3974 quae

414 3986 567 4044 inter
592 4007 694 4046 vos
721 3995 780 4047 et
810 3993 1016 4048 urbem
1051 3993 1389 4064 praedictam
1450 4008 1628 4062 super
1675 3994 2064 4050 sacrosanctis

415 4077 647 4143 ossibus
680 4080 1000 4136 beatissimi
1035 4081 1292 4152 Dionysii
1326 4080 1683 4152 Areopagitae
1731 4081 2063 4138 diutissime

412 4167 752 4223 ventilatam
781 4170 1018 4224 veritate
1049 4170 1325 4224 diueussa
1365 4168 1636 4223 dirimere
1697 4186 2054 4238 curaremus,

2109 1498 2164 1564 Α
2193 1496 2408 1567 scripta
2437 1492 2722 1565 Arnulphi
2744 1491 2991 1564 Augusti
3014 1490 3396 1564 ordinemque
3419 1495 3495 1549 rei
3518 1494 3844 1567 diligentis-

2190 1585 2337 1641 sime
2369 1583 2730 1656 perlegentes
2755 1601 2769 1649 ;
2803 1597 2907 1636 nec
2925 1598 2990 1636 eo
3014 1582 3292 1649 contenti,
3324 1582 3758 1654 capsas,thecas
3780 1590 3845 1639 et

2190 1673 2490 1743 scrinia,in
2505 1672 2720 1743 quibus
2733 1687 2912 1726 sacris
2929 1669 3190 1741 reliquiae
3203 1672 3349 1726 cond
3361 1672 3450 1728 ita:
3468 1671 3842 1739 dicebantur,

2188 1779 2254 1819 ac
2292 1760 2497 1818 titulos
2528 1777 2593 1816 ac
2623 1759 3051 1832 epigrammata
3079 1761 3442 1827 eorumdem,
3475 1760 3644 1816 oculo
3663 1763 3842 1816 tenus

2188 1851 2385 1908 solerti
2403 1850 2666 1907 examine
2685 1848 3050 1904 discutiendo
3065 1847 3327 1920 nihilque
3347 1849 3668 1906 omittendo
3684 1850 3841 1922 quod

2187 1942 2258 1996 ad
2293 1938 2727 2012 indagationem
2751 1935 3121 1993 certitudinis
3145 1937 3412 2008 pertinet,
3433 1942 3554 1993 tam
3571 1938 3843 2010 imperia-

2186 2029 2342 2085 libus
2372 2046 2549 2102 quam
2580 2027 2890 2100 papalibus
2920 2031 3344 2082 antecessorum
3378 2029 3725 2091 nostrorum,
3744 2026 3842 2081 lit-

2185 2119 2324 2175 teris
2347 2119 2707 2174 sufficienter
2727 2115 3264 2186 instructi,picturis
3287 2130 3518 2187 quoque
3535 2115 3840 2187 parietum

2186 2207 2614 2280 multiplicibus
2635 2210 2690 2262 et
2703 2204 3024 2278 sculpturis
3042 2203 3474 2272 vetustissimis,
3494 2203 3842 2274 exprimen-

2183 2299 2342 2353 tibus
2372 2296 2588 2352 indicia
2606 2293 2867 2351 veritatis
2897 2298 2954 2350 et
2979 2297 3174 2349 notas:
3196 2291 3526 2348 indubitata
3544 2291 3666 2348 ﬁde
3685 2308 3842 2348 com-

2185 2386 2465 2458 perimus,
2488 2384 2631 2440 dicti
2656 2383 2910 2440 doctoris
2935 2387 2992 2439 et
3013 2382 3285 2454 martyris
3300 2398 3435 2437 ossa
3453 2381 3839 2449 venerabilia,

2183 2478 2419 2546 excepta
2449 2472 2735 2545 particula
2766 2473 2939 2528 unica
2987 2469 3164 2528 simul
3211 2474 3268 2525 et
3319 2469 3567 2524 minima
3624 2485 3839 2526 manus

2180 2563 2575 2635 dextraa,apud
2601 2570 2988 2617 memoratum
3003 2557 3489 2616 B.Emmerammi
3503 2557 3836 2614 coenobium

2181 2650 2543 2724 integraliter
2580 2650 2888 2707 contineri.
2922 2649 3176 2715 Etenim,
3209 2665 3282 2704 ne
3330 2646 3675 2703 testimonia
3732 2647 3836 2703 ho-

2181 2741 2431 2812 minum,
2464 2757 2588 2812 quae
2614 2741 2736 2811 jam
2767 2739 3045 2805 diximus,
3088 2755 3204 2793 non
3243 2736 3602 2802 sufﬁcerent,
3634 2736 3834 2792 divina

2183 2847 2414 2902 quoque
2444 2847 2559 2886 non
2589 2829 2822 2885 defuere
2854 2827 3121 2901 prodigia
3151 2831 3208 2883 et
3239 2829 3507 2899 portenta
3536 2841 3666 2897 qua
3726 2826 3834 2880 du-

2181 2920 2535 2976 biumomne
2567 2918 2800 2991 penitus
2829 2917 3185 2989 abegerunt:
3247 2932 3374 2987 qua:
3435 2931 3541 2970 nos
3599 2930 3837 2986 quoque

2179 3008 2464 3068 conscribi
2489 3008 2784 3079 jussimus
2814 3006 3145 3078 diligenter,
3194 3003 3474 3077 vobisque
3505 3003 3834 3059 transmitti

2179 3115 2281 3170 per
2308 3101 2531 3153 vestros
2552 3095 2788 3151 nuntios
2819 3113 2885 3152 ac
2905 3094 3148 3167 legatos,
3183 3110 3289 3149 nec
3350 3109 3466 3148 non
3529 3092 3685 3164 apud
3739 3108 3827 3147 ec-

2179 3186 2415 3242 clesiam
2440 3185 2774 3259 praedictam
2809 3189 3085 3257 perpetuo
3117 3181 3446 3238 conservari
3475 3200 3487 3248 ;
3537 3185 3604 3236 ut
3653 3184 3712 3236 et
3759 3183 3832 3236 ad

2179 3279 2440 3349 posteros
2491 3277 2664 3348 gestae
2695 3274 2776 3329 rei
2832 3272 3038 3329 notitia
3094 3272 3437 3338 deducatur,
3481 3273 3539 3325 et
3581 3268 3833 3325 ulterius

2177 3365 2445 3437 litigandi
2480 3363 2724 3419 materia
2762 3363 2994 3435 penitus
3023 3360 3419 3433 conquiescat.
3481 3359 3734 3430 Insuper
3776 3363 3834 3414 et

2177 3454 2440 3509 districte
2471 3451 2863 3524 praecipimus,
2925 3453 3249 3506 statuentes
3305 3452 3368 3504 ut
3419 3447 3830 3503 translationis

2178 3542 2362 3615 ipsius
2391 3541 2722 3597 veneranda
2751 3539 3113 3604 solemnitas,
3145 3551 3289 3606 tam,
3324 3554 3357 3592 a
3380 3537 3663 3592 fratribus
3679 3538 3833 3607 ejus-

2178 3631 2308 3686 dem
2342 3630 2596 3686 ecclesiae
2638 3646 2816 3702 quam
2858 3629 2929 3684 ab
2973 3627 3260 3683 universis
3281 3625 3446 3682 urbis
3476 3626 3606 3697 jam
3639 3625 3830 3693 dicte,

2176 3720 2346 3776 annis
2377 3719 2646 3792 singulis,
2681 3735 2815 3774 cum
2872 3716 3032 3773 omni
3069 3715 3440 3788 jucunditate
3496 3720 3554 3770 et
3611 3715 3830 3787 gaudio

2175 3810 2516 3877 celebretur,
2569 3811 2803 3880 totaque
2858 3806 3140 3878 tripudiet
3195 3805 3354 3878 regio
3399 3808 3828 3860 Germanorum

2172 3899 2318 3953 tanti
2347 3897 2534 3953 Patris
2564 3902 2737 3969 atque
2768 3895 2995 3970 patroni
3027 3893 3298 3950 adventui
3319 3911 3435 3948 non
3468 3893 3720 3966 ingrata.

2243 3987 2358 4043 Vos
2380 3991 2576 4042 autem
2607 3987 2664 4040 in
2698 3985 2924 4041 Christo
2955 3983 3322 4039 dilectissimi
3356 3981 3481 4051 ﬁlii,
3518 3999 3620 4038 rex
3646 3982 3828 4038 Fran-

2173 4093 2370 4132 corum
2396 4075 2596 4147 tuique
2616 4074 2832 4143 ﬁdeles,
2865 4073 3132 4146 quamvis
3156 4071 3454 4127 invidendi
3485 4071 3828 4128 Teutonicas

2171 4163 2325 4237 genti
2357 4164 2660 4219 videamus
2682 4165 2910 4234 justam
2943 4161 3179 4232 quidem
3213 4159 3427 4215 habere
3485 4160 3826 4228 materiam,

413 4253 577 4309 vobis
609 4256 842 4327 quidem
887 4258 1091 4312 eadem
1148 4258 1298 4328 apud
1358 4274 1460 4311 vos
1518 4275 1645 4313 esse
1702 4258 2052 4327 dicentibus,
2088 4239 2130 4305 C
2169 4254 2247 4307 ita
2273 4258 2335 4306 ut
2358 4253 2576 4324 putatis
2601 4252 2806 4306 merito
2829 4253 2900 4306 de
2931 4249 3387 4305 Alemannorum
3419 4247 3585 4303 vobis
3616 4247 3828 4305 laetitia

415 4337 641 4419 civibus
673 4347 867 4398 autem
901 4349 1076 4417 atque
1105 4343 1311 4400 incolis
1334 4346 1495 4400 urbis
1518 4346 1767 4418 praefatae
1791 4351 2057 4403 astruen-

412 4428 575 4487 tibus
603 4448 634 4487 e
663 4448 940 4488 converso
972 4450 1038 4488 ea
1069 4450 1170 4506 per
1199 4433 1650 4492 invictissimum
1685 4437 2054 4508 Arnulphum

411 4521 709 4594 quondam
739 4520 1147 4592 imperatorem
1171 4525 1240 4578 ad
1273 4523 1576 4581 ecclesiam
1608 4526 2053 4598 beatimartyris

409 4609 783 4667 Emmeranni
839 4627 966 4667 esse
1021 4612 1324 4679 translata,
1378 4614 1714 4686 ibidemque
1781 4615 2053 4687 deinceps

407 4699 710 4758 contineri.
741 4700 875 4766 Quae
906 4701 1142 4773 quidem
1174 4703 1430 4758 Ecclesia
1460 4704 1602 4758 inibi
1628 4704 1740 4760 sita
1759 4709 2049 4777 est,atque

406 4790 479 4846 ab
511 4789 671 4845 omni
703 4789 952 4844 aliorum
982 4790 1340 4862 subiectione
1358 4808 1424 4847 ac
1443 4792 2050 4862 jurisdictionelibera

401 4883 744 4951 et'excepta,
777 4879 849 4934 ad
873 4880 974 4950 jus
1005 4885 1063 4935 et
1089 4879 1502 4950 proprietatem
1539 4882 1688 4937 beati
1722 4882 1870 4937 Petri
1906 4901 2045 4955 apo-

399 4969 617 5025 stolicae
675 4968 831 5025 sedis
898 4968 1236 5024 immediate
1297 4970 1587 5039 pertinere
1645 4971 2041 5043 dignoscitur:

399 5056 689 5114 eblatione
718 5056 985 5112 videlicet
1014 5057 1485 5112 excellentissimi
1519 5059 1913 5116 Romanorum
1939 5062 2049 5116 im-

398 5147 680 5219 peratoris
709 5144 896 5201 Caroli
931 5146 1124 5216 Magni
1159 5163 1224 5201 ac
1263 5152 1626 5217 posterorum
1683 5150 1886 5221 ipsius,
1943 5152 2040 5222 qui

398 5237 587 5291 eidem
611 5235 894 5291 hactenus
915 5239 1348 5302 successerunt,
1372 5251 1473 5292 seu
1490 5238 1548 5292 in
1573 5240 1835 5308 imperio,
1861 5256 1960 5295 seu
1983 5241 2042 5294 in

400 5341 597 5397 regno.
633 5324 900 5396 Idipsum
932 5323 1318 5380 nihilominus
1348 5327 1696 5383 venerabilis
1729 5328 1909 5383 abbas
1933 5328 2043 5383 Re-

397 5405 741 5486 ginwardus
772 5429 838 5468 ac
870 5413 1076 5467 fratres
1106 5414 1369 5482 ejusdem
1402 5413 1674 5470 Ecclesiae
1731 5432 1862 5470 cum
1911 5417 2040 5469 uni-

395 5501 670 5557 versitate
694 5501 1012 5573 Ratispona
1043 5501 1471 5558 instantissime
1509 5504 1839 5573 petiverunt
1893 5504 2037 5559 fieri.

466 5589 582 5642 Nos
611 5606 748 5662 ergo
772 5589 1075 5659 utriusque
1105 5591 1286 5660 partis
1320 5591 1586 5674 precibus
1611 5592 1898 5657 inclinati,
1932 5608 2037 5645 nec
2072 5611 2118 5673 Β

400 5675 658 5732 volentes
690 5677 936 5731 ulterius
968 5677 1142 5730 corda
1175 5678 1431 5732 ﬁdelium
1468 5678 1644 5748 hujus
1668 5679 1830 5734 dubii
1854 5678 2040 5732 ambi-

399 5780 513 5837 guo
526 5761 795 5833 caligare,
817 5765 874 5818 in
909 5764 1495 5825 fratrumnostrorum
1522 5783 1585 5821 ac
1609 5767 1868 5837 plurium
1888 5766 2037 5835 epis-

399 5864 678 5919 coporum
739 5867 805 5905 ac
852 5846 1225 5920 praelatorum
1287 5851 1592 5921 prasentia
1621 5858 1678 5908 et
1729 5854 2042 5921 conspectu

2167 4341 2243 4396 sit
2272 4341 3080 4406 dolendum;considerantes
3129 4343 3319 4392 tamen
3353 4341 3409 4392 et
3470 4337 3567 4392 Dei
3619 4339 3820 4393 omni-

2164 4431 2421 4502 potentis
2450 4433 2506 4485 et
2536 4428 2732 4484 invicti
2767 4427 3036 4501 martyris
3063 4427 3155 4483 sui
3185 4425 3571 4494 voluntatem,
3636 4443 3820 4498 quem

2165 4519 2423 4576 ablatum
2456 4518 2751 4591 plangitis,
2799 4516 3217 4574 consolationis
3249 4515 3484 4570 tandem
3517 4515 3823 4572 admittite

2163 4609 2619 4680 placamentum,
2652 4612 2966 4678 pensantes
3012 4605 3294 4660 attentius
3325 4605 3476 4675 quod
3512 4616 3618 4659 nec
3651 4605 3823 4661 vobis

2161 4697 2394 4753 ablatus
2418 4702 2526 4764 est,
2562 4697 2776 4768 quippe
2808 4695 2906 4768 qui
2937 4694 3321 4750 charissimos
3382 4691 3830 4765 praedicationis

2160 4802 2277 4840 suae
2309 4789 2365 4840 et
2395 4784 2688 4856 passionis
2720 4791 3042 4852 consortes,
3076 4781 3378 4838 Rusticum
3417 4783 3472 4834 et
3533 4778 3825 4837 Eleuthe-

2158 4876 2332 4941 rium,
2366 4874 2426 4928 in
2457 4872 2790 4928 dilectionis
2823 4872 3014 4927 adhuc
3044 4876 3102 4926 et
3133 4870 3323 4927 tutelae
3354 4868 3564 4940 pignus
3591 4871 3652 4922 et
3683 4885 3824 4925 cer-

2157 4964 2468 5019 titudinem
2503 4961 2849 5033 dereliquit:
2886 4977 2989 5015 nec
3021 4960 3229 5027 delete,
3255 4959 3302 5014 si
3332 4957 3656 5013 Germanos
3682 4959 3820 5028 jam

2155 5052 2388 5107 visitare
2411 5051 2685 5122 dignatus
2717 5054 2805 5105 est
2833 5047 2918 5103 vel
2951 5049 3289 5113 defunctus,
3313 5044 3413 5119 qui
3431 5043 3599 5100 vobis
3618 5047 3820 5103 adhuc

2153 5143 2350 5196 vivens
2384 5140 2736 5213 praedicavit,
2787 5143 2843 5192 et
2875 5139 3028 5209 apud
3079 5154 3179 5193 vos
3235 5138 3460 5191 bonum
3512 5139 3818 5192 certamen

2154 5231 2448 5294 certando,
2483 5245 2724 5284 cursum
2757 5227 3247 5294 consummando,
3282 5225 3459 5281 ﬁdem
3521 5227 3816 5282 servando

2153 5321 2198 5390 (I
2247 5321 2379 5374 Tim.
2441 5318 2539 5387 iv),
2600 5316 2973 5387 triumphum
3031 5316 3256 5388 peregit
3308 5313 3812 5369 victoriosissimae

2151 5407 2464 5479 passionis,
2498 5403 2859 5476 apostolatus
2894 5403 2984 5459 sui
3016 5419 3194 5475 super
3221 5419 3324 5458 vos
3373 5403 3544 5474 signa
3572 5406 3694 5458 tam
3749 5402 3810 5458 in

2149 5496 2268 5552 vita
2294 5493 2601 5565 perliciens
2633 5511 2814 5564 quam
2848 5494 2908 5548 in
2924 5497 3137 5548 morte.

2221 5581 2326 5646 Qui
2359 5581 2538 5651 igitur
2595 5581 3002 5636 Alemanniam
3053 5580 3243 5652 ipsius
3273 5596 3409 5635 ossa
3441 5579 3634 5635 fovere
3692 5597 3810 5636 non

2151 5669 2496 5743 permittatis
2551 5670 2604 5722 in
2665 5668 2937 5724 solatium
2971 5674 3027 5723 et
3084 5667 3350 5734 tutelam,
3402 5683 3582 5738 quem
3643 5669 3812 5725 vobis

2153 5759 2408 5825 Athenae,
2433 5762 2497 5811 ut
2525 5757 2753 5812 Christo
2811 5757 3174 5812 lucrifaceret
3221 5772 3343 5821 vos,
3402 5755 3601 5809 vivum
3661 5758 3810 5812 ceci-

2153 5865 2307 5922 pere,
2342 5844 2541 5901 audire
2569 5851 2627 5901 et
2657 5845 2796 5902 coelo
2832 5846 3230 5903 transmittere
3260 5843 3701 5918 permiserunt?
