3974 6206
255 398 384 463 ’193

906 393 1317 458 EPISTOL/E
1359 392 1460 456 ET
1503 389 1960 456 DIPLOMA'I‘A
2005 389 2575 455 PONTIFICIA.——
2604 387 3027 454 APPENDIX.

3547 393 3665 456 794

259 533 516 591 Accedet
561 530 947 588 nihilominus
999 528 1415 586 consolationis
1471 531 1530 582 et
1571 527 1687 582 alia
1741 527 1908 594 ratio,
1943 524 1996 590 Α
2025 542 2198 582 omne
2227 543 2329 598 per
2356 526 2465 582 hoc
2517 527 2750 599 penitus
2781 524 3122 596 amputavit,
3149 525 3298 598 quod
3331 543 3448 583 non
3466 524 3668 600 inipsa

259 628 323 680 et
344 621 664 678 auctoritas
685 620 907 677 scilicet
921 623 980 675 et
995 617 1338 676 excellentia
1362 615 1766 673 subtractoris.
1791 616 1918 670 Pre-

261 712 486 768 tiosum
518 711 758 782 quidem
790 709 1134 764 thesaurum
1167 723 1268 763 vos
1298 705 1624 779 perdidisse
1646 704 1916 771 fatemur,

260 802 368 859 sed
401 798 682 855 ablatoris
703 799 982 855 attendite
1005 796 1350 868 dignitatem
1379 813 1392 861 ;
1415 793 1711 864 simulque
1729 791 1916 847 Patris

261 895 322 946 et
353 888 599 962 apostoli
629 888 805 943 vestri
837 885 1028 957 gloriae
1073 885 1451 957 congaudete,
1508 883 1608 954 qui
1650 898 1782 937 cum
1816 897 1917 936 vos

265 979 610 1035 meritorum
645 982 819 1048 atque
849 975 1128 1031 doctrinae
1176 990 1294 1029 sua;
1341 988 1483 1044 gaza
1530 970 1818 1036 ditaverit,
1862 972 1919 1024 et

265 1066 645 1139 reliquiarum
681 1065 888 1120 saltem
923 1079 1163 1118 suarum
1197 1078 1261 1116 ac
1284 1060 1595 1132 apothecas
1615 1063 1734 1131 tam
1754 1059 1919 1112 devo-

267 1160 401 1212 tum
429 1155 618 1211 furem
641 1153 731 1209 sui
750 1151 1010 1224 corporis
1034 1151 1212 1206 habet
1234 1166 1410 1222 quam
1429 1148 1742 1220 insignem,
1775 1164 1917 1202 auro

274 1246 481 1318 utique
510 1249 566 1301 et
595 1243 818 1317 topazio
851 1241 1175 1308 meliorem,
1208 1240 1305 1312 qui
1338 1238 1428 1295 sui
1460 1237 1652 1293 valore
1681 1237 1754 1293 ad
1786 1253 1922 1292 ossa

270 1352 381 1390 sua
402 1333 771 1391 sanctissima
791 1329 1190 1387 subtrahenda
1211 1329 1537 1383 Caesareum
1557 1325 1732 1381 etiam
1754 1324 1920 1380 verti-

270 1440 396 1480 cem
428 1421 748 1479 inclinavit.
782 1421 898 1475 Nec
929 1419 1208 1489 majestas
1237 1413 1580 1488 imperialis,
1631 1429 1734 1467 nec
1758 1412 1920 1483 regia

269 1503 576 1576 celsitudo,
609 1510 688 1582 pii
720 1509 864 1565 furis
896 1507 988 1562 hic
1021 1509 1217 1562 notam
1243 1508 1342 1560 aut
1364 1520 1575 1560 nomen
1597 1502 1831 1558 erubuit
1861 1501 1918 1556 in

264 1599 604 1673 Arnulpho:
633 1597 953 1653 dummodo
979 1595 1130 1652 beati
1153 1593 1413 1667 corporis
1439 1592 1648 1664 opibus
1674 1590 1760 1646 vel
1779 1589 1918 1658 doli,

2029 615 2230 678 Roma,
2268 633 2379 670 non
2415 615 2470 670 in
2513 632 2862 687 quacunque
2909 614 3235 686 metropoli,
3277 631 3390 671 non
3436 615 3495 672 in
3523 617 3668 674 urbe

2027 703 2287 774 qualibet
2316 704 2476 774 regni
2508 703 2593 760 vel
2628 721 2758 760 arce
2784 704 2896 760 sibi
2930 703 3202 760 studebat
3231 704 3442 778 eligere
3473 706 3666 778 sepul-

2028 797 2242 855 turam,
2275 795 2372 848 sed
2408 793 2504 847 ubi
2538 811 2712 848 suum
2743 811 2805 849 se
2855 794 3190 867 Dionysium
3243 794 3574 851 condidisse
3613 799 3670 850 et

2029 882 2241 944 sciunt,
2270 886 2326 936 et
2366 881 2654 947 lmtantur,
2687 900 2794 938 suo
2821 899 2881 938 se
2929 900 3174 954 sperans
3222 883 3541 954 patrocinio
3571 884 3668 940 de-

2027 970 2385 1025 fendendum
2417 975 2472 1024 et
2500 971 3079 1026 conresuscitandum
3110 973 3169 1026 in
3223 972 3314 1027 die
3353 972 3670 1028 novissimo

2027 1075 2157 1112 cum
2194 1057 2795 1113 beatis.Prmsentibus
2828 1058 3007 1128 igitur
3027 1059 3394 1117 dilectionem
3415 1065 3666 1117 vestram

2029 1161 2336 1201 monemus
2366 1147 2667 1213 attentius,
2717 1151 2774 1201 et
2825 1147 3128 1201 hortamur
3173 1147 3231 1202 in
3281 1149 3553 1217 Domino,
3582 1149 3669 1204 di-

2029 1235 2227 1290 stricte
2258 1234 2656 1306 pracipientes
2688 1239 2979 1306 quatenus
3008 1235 3244 1291 Rustico
3264 1241 3321 1292 ot
3341 1237 3670 1294 Eleutherio

2029 1325 2120 1396 pie
2151 1323 2430 1386 contenti,
2464 1340 2578 1378 non
2628 1323 2893 1378 fallentes
2950 1325 3339 1394 vosmetipsos
3397 1331 3453 1382 et
3502 1327 3669 1395 alios,

2028 1413 2354 1468 beatissimi
2399 1412 2656 1484 Dionysii
2699 1429 2834 1467 ossa
2881 1413 2938 1467 in
2976 1413 3118 1467 urbe
3159 1414 3669 1484 ltatisponensium

2031 1501 2183 1573 apud
2215 1500 2519 1556 ecclesiam
2555 1500 2712 1556 Beati
2743 1501 3159 1556 Emmerammi
3185 1503 3455 1574 martyris
3476 1507 3535 1558 et
3561 1521 3670 1559 no-

2029 1590 2208 1646 scatis
2239 1595 2294 1645 et
2325 1590 2619 1646 fateamini
2652 1607 2979 1645 coruscare.

2101 1680 2312 1734 Datum
2372 1683 2429 1734 et
2458 1683 2650 1734 actum
2683 1680 3012 1750 Ratisponae
3036 1695 3136 1751 per
3159 1695 3370 1736 manus
3401 1680 3672 1736 Friderici

267 1687 359 1744 vel
389 1688 554 1754 furti,
575 1686 663 1743 vel
684 1685 969 1757 sacrilegii
994 1685 1167 1739 modo
1190 1681 1410 1738 sacrari
1436 1684 1612 1752 atque
1641 1679 1922 1735 ditescere

267 1768 616 1846 mereretur,
647 1777 746 1847 qui
781 1775 938 1830 fures
971 1778 1143 1843 atque
1197 1769 1512 1841 sacrilegos
1558 1771 1682 1824 erat
1709 1767 1920 1824 solitus
2031 1768 2279 1835 diaconi,
2327 1767 2749 1824 bibliothecarii
2799 1773 2856 1822 et
2903 1767 3232 1824 cancellarii
3287 1772 3503 1825 sanctas
3564 1769 3673 1825 Ro-

272 1865 682 1922 condemnare.
717 1863 1043 1919 Dummodo
1092 1859 1328 1915 Macarii
1376 1858 1634 1930 Dionysii
1666 1858 1918 1930 pretioso
1949 1892 1995 1956 B
2032 1873 2216 1911 mana:
2245 1856 2506 1911 Ecclesiae
2539 1855 2833 1911 catholica}
2875 1861 2931 1910 et
2980 1857 3332 1928 apostolicus,
3379 1874 3534 1914 anno
3564 1858 3675 1915 Do-

270 1949 511 2025 corpore
539 1953 822 2008 fruerelur
853 1993 866 2017 ,
900 1951 992 2005 fur
1022 1951 1147 2021 ipse
1181 1954 1317 2003 tunc
1350 1947 1474 2002 fieri
1507 1950 1564 2001 et
1594 1944 1914 2017 sacrilegus
1951 1943 1994 1956 “’
2029 1943 2172 2000 mini
2206 1943 2518 2000 millesimo
2534 1945 3024 2017 quinquagesimo
3050 1946 3327 2012 secundo,
3353 1963 3506 2002 anno
3533 1963 3673 2018 pon-

271 2059 388 2097 non
410 2039 747 2112 contempit.
2027 2033 2282 2088 tiﬁcatus
2313 2033 2537 2088 domini
2589 2034 2796 2090 Leonis
2855 2034 2992 2088 noni
3053 2051 3214 2105 papas
3261 2037 3488 2106 quarto,
3524 2034 3675 2091 indi-

341 2129 487 2184 Cum
518 2127 760 2200 insuper
792 2126 936 2182 fides
974 2129 1147 2198 atque
1193 2123 1418 2180 devotio
1463 2122 1708 2178 dubium
1739 2121 1914 2177 etiam
2027 2121 2215 2177 ctione
2243 2123 2322 2193 [Γ.
2357 2126 2539 2190 sexta,
2572 2123 2782 2193 Hann]
2818 2122 3048 2194 quinta,
3079 2123 3262 2180 Nonis
3293 2122 3577 2180 Octobris.

271 2301 3678 2337 mm

813 2461 1402 2575 APPENDIX
1470 2462 1619 2570 AD
1687 2455 2305 2573 EPISTOLAS
2371 2454 2464 2570 S.
2541 2455 2952 2572 LEONIS
3020 2460 3143 2570 IX

1943 2772 2012 2865 Ι.

1185 2963 1906 3051 MICHAELIS
1992 2958 2763 3050 CIERULABII

1285 3129 1771 3188 PATRIARLHJE
1808 3127 2651 3186 CONSTANTINOPOLITANI

927 3277 1028 3338 ET
1083 3275 1360 3337 LEONIS
1402 3275 1774 3336 ACRIDANI
1820 3272 2416 3334 ARCHIEPISCOPI
2460 3273 3004 3338 BULGABORUM

1447 3422 1870 3486 EPISTULA
1919 3421 2038 3483 AD
2077 3419 2493 3482 JOANNEM

1321 3575 1760 3630 TRANENSEM
1801 3573 1872 3629 IN
1909 3571 2165 3628 APULIA
2205 3571 2624 3627 EPISCOPUM.

1099 3718 1288 3789 (Apud
1320 3718 1526 3774 Baron.
1555 3669 1780 3785 A.nnal.,
1812 3720 1954 3773 tom.
1986 3715 2081 3781 XI,
2111 3714 2182 3770 ad
2209 3732 2302 3771 an.
2335 3715 2490 3784 1053,
2525 3731 2657 3787 pag.
2690 3716 2840 3784 210.)

258 4027 528 4107 Michael,
561 4032 944 4107 cognomento
977 4027 1340 4107 anrularius,
1364 4043 1589 4107 necnon
1607 4031 1665 4083 et
1678 4029 1787 4085 Leo
1808 4030 2150 4107 Acridanus,
2172 4027 2646 4107 archiepiscopus
2668 4028 3076 4107 Bulgarorum,
3110 4031 3168 4088 in
3195 4034 3672 4107 suggillationem

255 4102 526 4174 omnium
561 4100 924 4168 Latinorum,
959 4101 1236 4174 adversus
1259 4103 1523 4155 sanctam
1548 4105 1867 4174 Romanam
1889 4107 1947 4157 et
1973 4101 2350 4174 apostolicam
2375 4100 2595 4165 sedem,
2620 4100 2738 4174 imo
2760 4100 2964 4174 contra
2983 4119 3215 4160 omnem
3238 4100 3671 4169 occidentalem

251 4173 580 4254 Ecclesium
605 4173 968 4254 scripserunt
995 4171 1325 4253 epistolam,
1347 4188 1526 4254 quam
1545 4171 1832 4254 miserunt
1848 4174 1919 4254 ad
1940 4171 2608 4254 JoannemmTran‘ensem
2631 4173 3301 4254 in_Apulia_episcopum,
3325 4179 3673 4254 poi-vulgum-

255 4247 395 4319 dam
429 4245 584 4316 apud
619 4242 856 4319 Latinos
885 4242 1110 4308 omnes,
1133 4243 1233 4319 cui
1266 4242 1550 4319 in_codice
1582 4242 1788 4319 titulus
1808 4244 2146 4319 hujusmodi
2169 4245 2377 4299 affixus
2401 4243 2614 4319 legitur
2636 4263 2648 4300 :
2673 4242 3360 4319 Galmnnia’episcoporum
3391 4242 3669 4312 Michaelis

256 4315 860 4388 Constahtinopolitani
888 4321 939 4371 et
974 4317 1166 4371 Leonis
1189 4315 1469 4383 Acridani,
1498 4317 1858 4388 pervicaciter
1883 4315 2265 4371 exhalantium
2293 4317 2584 4387 pestiferas
2605 4316 2873 4388 mephites
2893 4315 3242 4375 diversarum
3267 4322 3540 4379 'uz'reseon
3571 4328 3671 4382 ad-

255 4405 441 4460 versus
467 4387 713 4444 sanetam
747 4389 1043 4444 Romanam
1071 4390 1124 4443 et
1154 4387 1512 4460 apostolicam
1537 4387 1746 4451 sedem,
1781 4387 2106 4460 imoeonlra
2140 4404 2353 4441 omnem
2384 4388 2641 4442 Latinam
2673 4387 2722 4443 et
2755 4388 3153 4447 Occidentalem
3183 4394 3499 4449 Ecclesium.
3543 4395 3669 4455 Haec

253 4459 482 4531 quidem
508 4461 791 4515 calumnia
822 4465 1012 4516 (ἕνα)εο
1041 4475 1289 4514 sermone
1318 4459 1485 4531 edita,
1537 4467 1587 4513 et
1634 4460 1841 4531 Joanni
1889 4459 2151 4513 Tranensi
2195 4461 2442 4531 episcopo
2491 4461 2550 4513 in
2596 4461 3009 4527 sugillationem
3055 4465 3302 4520 omnium
3345 4468 3668 4524 Latinorum

253 4530 482 4606 directa,
516 4547 644 4606 cum
669 4533 866 4606 fuisset
900 4533 1067 4586 Trani
1093 4530 1538 4606 eghibitafratri
1566 4530 1878 4606 liumherto,
1907 4533 2116 4606 structa?
2145 4530 2400 4606 Ecclesia:
2428 4531 2600 4606 Silvae
2629 4532 2891 4606 Gaudia-.2
2919 4536 3183 4606 episeopo,
3227 4539 3282 4591 in
3342 4541 3667 4597 Latinorum

251 4604 671 4679 banslataejus
698 4603 904 4679 studio,
923 4612 1095 4679 atque
1121 4603 1305 4679 delata
1333 4601 1552 4679 domino
1583 4603 1753 4679 Leoni
1781 4618 1941 4679 nono.
1976 4601 2094 4679 Qua
2118 4604 2287 4679 etiam
2316 4601 2405 4679 llic
2432 4601 2502 4656 ad
2525 4603 2798 4659 cautelam
2825 4601 3125 4679 multorum
3154 4601 3205 4662 et
3235 4611 3514 4679 notitiam,
3556 4628 3667 4668 non

250 4673 535 4800 auleznlad
563 4673 1140 4800 aliqucilmbuttilitatem
1173 4675 1401 4743 inserta,
1432 4676 1638 4730 eunetis
1670 4677 1811 4729 scire
1852 4674 2155 4730 volentibus
2201 4674 2435 4745 ﬁdeliter
2477 4681 2554 4728 est
2595 4684 2930 4731 conservata.
2983 4678 3116 4749 Ipsa
3172 4686 3368 4736 autem
3400 4673 3660 4754 ipsorum

250 4761 709 4800 emsoasicse
781 4762 813 4800 a
856 4762 930 4800 e.

250 4761 505 4819 θριειοιε.
533 4762 616 4801 810
646 4761 709 4801 ΒΘ
739 4761 930 4801 nanet.

325 4872 609 4938 MICBAEL,
640 4870 985 4928 universalis
1016 4869 1350 4943 patriarcha
1381 4886 1539 4926 novas
1586 4870 1802 4939 Romae,
1847 4874 1904 4926 et
1934 4875 1976 4941 ί]
2015 4871 2269 4927 Sabbata
2290 4869 2400 4942 ipsi
2425 4870 2718 4926 custodire
2745 4887 2779 4926 a
2801 4871 2994 4944 Moyse
3007 4874 3164 4944 jussi
3182 4879 3349 4944 sunt;
3394 4879 3661 4933 nostrum

252 4960 390 5026 LII-:0,
432 4959 908 5032 archiepiscopus
947 4959 1189 5015 Acridias
1229 4959 1568 5031 metropolis
1617 4958 1899 5032 Bulgaro-

250 5064 405 5117 rum,
440 5047 652 5104 dilecto
688 5048 848 5103 fratri
878 5049 1088 5104 JOANNI
1119 5046 1404 5102 Tranensi
1435 5047 1725 5119 episcopo.

318 5135 422 5192 Dei
449 5153 665 5208 magna
695 5136 924 5192 dilectio
956 5136 1296 5206 etjucunda
1341 5135 1782 5208 compositionis
1815 5136 1895 5190 vi-

247 5242 414 5280 scera
436 5224 721 5281 ﬂexerunt
745 5242 851 5281 nos
873 5225 1126 5281 scribere
1145 5225 1217 5279 ad
1240 5228 1402 5278 tuam
1426 5225 1814 5290 sanctitatem,
1842 5230 1899 5280 ct

247 5330 352 5386 per
381 5318 437 5369 te
465 5314 538 5369 ad
571 5313 875 5370 universos
907 5312 1199 5387 principes
1222 5313 1610 5381 sacerdotum,
1636 5303 1692 5368 et
1713 5331 1898 5370 sacer-

245 5404 414 5459 dotes
444 5403 822 5471 Francorum,
855 5408 912 5459 et
941 5401 1280 5468 monachos,
1331 5404 1387 5455 et
1427 5401 1694 5473 pOpulos,
1737 5407 1794 5458 et
1823 5403 1894 5458 ad

241 5492 442 5567 ipsum
496 5491 1051 5547 reverendissimum
1100 5505 1336 5562 papam,
1387 5493 1444 5544 et
1489 5491 1798 5546 memorari
1827 5493 1897 5548 de

240 5581 468 5652 azymis
499 5584 557 5635 et
587 5579 880 5645 Sabbatis,
913 5597 1039 5652 quae
1063 5579 1306 5652 mystice
1338 5577 1673 5633 indecenter
1701 5585 1894 5636 custo-

237 5669 407 5742 ditis,
443 5673 501 5725 et
541 5668 988 5723 communicatis
1038 5667 1280 5724 Judaeis.
1331 5665 1558 5720 Etenim
1600 5683 1800 5738 azyma
1842 5674 1897 5725 et

2010 4978 2143 5017 vero
2175 4959 2398 5014 Pascha
2423 4959 2690 5015 Christus
2721 4963 2828 5014 est.
2859 4961 2967 5025 Qui
3008 4966 3072 5016 ut
3115 4979 3232 5018 non
3271 4964 3444 5034 juxta
3473 4962 3660 5036 legem

2009 5050 2367 5106 inveniretur
2380 5048 2772 5116 adversarius,
2792 5053 2848 5104 et
2864 5050 3246 5107 circumcisus
3268 5057 3376 5120 est,
3399 5056 3457 5107 et
3476 5051 3660 5125 legale

2007 5139 2231 5195 Pascha
2261 5136 2574 5191 celebravit
2605 5136 2898 5207 primitus.
2933 5138 3025 5193 Sic
3055 5138 3155 5194 illo
3186 5140 3521 5197 discedente
3552 5159 3657 5198 no—

2007 5235 2195 5286 strum
2229 5241 2444 5281 novum
2477 5229 2752 5294 operatus
2782 5231 2889 5280 est.
2924 5227 2992 5281 Et
3024 5227 3129 5284 hoc
3161 5229 3537 5285 manifestum
3569 5236 3659 5288 est

2006 5318 2064 5372 in
2087 5313 2394 5388 Evangelio
2413 5312 2736 5368 secundum
2759 5313 3119 5370 Matthazum.
3141 5317 3218 5372 De
3238 5317 3656 5388 mysticacwna

2005 5406 2251 5478 loquens
2277 5399 2634 5474 evangelista
2655 5400 2738 5456 sic
2760 5419 2992 5474 quoque
3015 5405 3206 5477 inquit
3233 5408 3450 5462 :Prima
3471 5412 3657 5464 autem

2003 5495 2092 5550 die
2119 5508 2440 5564 azymorum
2467 5507 2734 5547 accessere
2780 5492 3042 5564 discipuli
3091 5495 3161 5550 ad
3184 5497 3388 5562 Jcsum,
3419 5496 3654 5554 dicentes

1999 5587 2090 5639 ei:
2127 5583 2225 5639 Ubi
2257 5583 2335 5636 vis
2357 5595 2615 5650 paremus
2659 5583 2762 5636 (ibi
2809 5583 3087 5640 comedere
3111 5587 3321 5642 Pascha
3351 5591 3375 5639 .9
3399 5585 3504 5656 Qui
3531 5589 3611 5643 ait
3633 5605 3653 5641 :

2005 5676 2080 5728 Ite
2127 5671 2194 5727 ad
2245 5669 2522 5724 civitatem
2570 5669 2639 5723 ad
2685 5673 2976 5744 quemdam
3021 5682 3072 5730 et
3110 5674 3273 5733 dicite
3303 5677 3396 5732 ei:
3430 5679 3652 5749 Tempus
