3974 6206
323 288 443 356 ’195

1617 285 1686 351 8.
1729 281 2008 350 LEONIS
2050 280 2131 347 IX
2170 278 2425 349 PAPE.

3617 289 3756 355 796

326 443 509 485 meum
536 441 701 500 prope
731 424 842 488 est:
870 421 1015 498 apud
1039 426 1090 482 te
1111 419 1255 497 facio
1287 420 1497 482 Pascha
1526 440 1651 480 cum
1678 422 1966 496 discipulis
1994 417 2050 485 Α
2078 423 2478 479 manducabitis
2508 438 2706 496 panem
2736 418 2898 490 hunc,
2932 428 2985 480 et
3013 422 3244 482 calicem
3265 422 3480 499 bibetis,
3500 430 3755 485 mortem

325 521 461 575 meis
476 516 692 589 (Matth.
718 516 894 587 XXVI.)
919 515 989 570 Et
1019 518 1151 587 post
1180 513 1461 587 pusillum
1487 532 1500 571 :
1534 516 1753 586 Vespere
1781 516 1964 570 autem

322 612 466 681 facto
510 605 874 663 discumbebat
915 621 1039 659 cum
1083 604 1384 671 duodecim,
1435 612 1487 659 et
1530 604 1810 660 edentibus
1848 604 1965 658 illis

322 698 503 753 dicit:
539 697 725 761 Amen,
775 709 935 748 amen
981 694 1099 749 dico
1140 693 1309 758 vobis,
1358 696 1489 765 quia
1544 710 1686 748 unus
1726 696 1966 748 vestrum

319 803 407 842 me
435 784 738 841 traditurus
767 791 864 839 est.
900 782 966 836 Et
997 786 1127 854 post
1174 781 1477 854 pusillum,
1522 783 1746 837 dicente
1775 782 1959 836 Juda:

321 873 680 946 Nunquidego
707 888 831 927 sum
864 872 1033 926 Rabbi
1051 875 1076 925 ?
1110 870 1245 926 dicit
1290 873 1343 926 ei
1367 889 1379 926 :
1430 872 1502 925 Tu
1548 871 1744 926 dixisti
1772 870 1964 941 (Ibid)

318 965 654 1034 Hucusque,
683 979 716 1017 o
747 961 842 1016 Dei
876 960 1166 1027 homines,
1201 961 1475 1015 universa
1497 959 1699 1032 legalis
1728 959 1962 1014 Pascha:

321 1057 496 1110 sunt:
530 1052 738 1108 deinde
782 1067 909 1123 quas
958 1049 1184 1121 mystici
1238 1054 1293 1103 ct
1337 1049 1520 1104 nostri
1571 1053 1710 1103 sunt
1740 1048 1966 1104 addidit

319 1141 692 1214 evangelista,
725 1143 782 1195 et
819 1139 998 1194 dicit:
1045 1140 1342 1194 Edentibus
1388 1146 1570 1193 autem
1618 1138 1732 1193 illis
1761 1140 1965 1209 accepit

316 1235 469 1288 Iesus
494 1248 693 1303 panem
722 1231 888 1301 fregit
925 1236 976 1284 et
1014 1228 1163 1283 dedit
1206 1228 1490 1300 discipulis
1537 1230 1653 1282 suis
1700 1231 1749 1282 et
1778 1228 1959 1282 dixit:

318 1323 555 1393 Accipite
582 1324 632 1375 et
674 1320 970 1385 comedite;
1006 1317 1103 1372 hoc
1130 1325 1209 1373 est
1234 1334 1429 1389 corpus
1476 1334 1657 1372 meum
1701 1318 1839 1387 quod
1867 1334 1963 1387 pro

320 1411 468 1466 vobis
516 1408 781 1463 tradetur.
818 1411 883 1462 Et
929 1408 1201 1477 accipiens
1246 1408 1469 1461 calicem
1516 1407 1723 1477 gratias
1766 1408 1874 1475 egit
1915 1410 1965 1460 et

319 1499 464 1555 dedit
494 1499 631 1567 illis,
662 1496 844 1551 dicens
873 1496 1051 1550 Bibile
1078 1512 1147 1550 eo:
1167 1512 1226 1551 eo
1269 1511 1451 1552 omnes
1499 1495 1588 1550 hic
1636 1499 1713 1550 est
1739 1496 1965 1563 sanguis

318 1602 469 1643 meus
496 1587 625 1640 novi
668 1585 982 1640 testamenti
1030 1584 1246 1654 (Ibid).
1301 1584 1555 1640 Dicendo
1605 1584 1783 1651 enim,
1814 1586 1961 1651 novi,

321 1674 579 1732 ostendit
594 1673 884 1745 quomodo
897 1689 963 1728 ea
988 1689 1113 1744 quae
1134 1673 1362 1728 Veteris
1384 1673 1545 1728 fueru
1556 1676 1619 1727 nt
1637 1675 1965 1728 Testamen-

2076 514 2307 570 Domini
2329 512 2733 569 annuntiabitis
2763 512 2810 585 (ι
2836 515 2961 571 Cor.
2995 513 3097 586 χι).
3128 515 3355 588 Azymaa
3373 531 3513 573 vero
3540 530 3752 590 neque

2073 602 2691 659 commemorationem
2723 601 2941 659 habent
2969 603 3223 673 Domini,
3251 621 3441 678 neque
3481 611 3748 663 mortem

2072 690 2233 747 illius
2263 691 2615 746 annuntiant
2643 691 2795 747 sicut
2822 692 3146 764 Moysaicze,
3172 698 3229 749 et
3250 697 3385 750 ante
3406 694 3566 751 mille
3588 712 3747 767 qua-

2074 781 2415 853 dringentos
2444 797 2631 836 annos
2646 797 2714 837 ex
2742 780 2869 853 lege
2889 781 3240 854 constitutae,
3271 787 3330 839 et
3359 801 3464 856 per
3502 784 3743 842 Novum
3774 816 3777 817 ν

2071 871 2533 933 Testamentum,
2564 868 2671 925 hoc
2699 874 2789 925 est
2817 886 2920 941 per
2939 875 3209 926 sanctum
3238 873 3653 946 Evangelium,
3680 879 3746 931 et

2074 975 2177 1031 per
2200 957 2495 1014 Christum
2530 957 2850 1014 maledicta:
2881 961 2939 1015 et
2967 958 3282 1021 derelictas.

2142 1077 2215 1130 At
2242 1075 2493 1130 Sabbato
2521 1091 2652 1131 vero
2684 1075 2977 1146 quomodo
3007 1073 3067 1130 in
3117 1076 3587 1149 Quadragesima
3621 1080 3741 1135 Ju-

2073 1164 2237 1220 daice
2265 1163 2628 1219 observatis?
2657 1166 2775 1218 Aut
2804 1179 2920 1219 non
2950 1162 3198 1219 audistis
3225 1164 3606 1238 Evangelium
3641 1166 3734 1223 lo-
3762 1166 3776 1174 ’

2074 1270 2259 1323 quens
2286 1254 2443 1325 quia,
2467 1256 2810 1308 transeuntes
2825 1252 3088 1324 discipuli
3101 1255 3157 1307 in
3181 1252 3431 1310 Sabbatis
3448 1252 3737 1327 creperunt

2074 1344 2180 1397 iter
2208 1359 2383 1413 agere,
2416 1342 2697 1398 evellentes
2743 1343 2918 1412 spicas
2968 1350 3018 1396 et
3062 1341 3415 1399 comedentes.
3462 1345 3732 1409 Dicebant

2073 1435 2253 1487 autem
2279 1431 2466 1489 Judaei
2494 1430 2562 1486 ad
2594 1429 2869 1486 Christum
2894 1448 2906 1486 :
2948 1430 3098 1487 Vides
3118 1430 3252 1502 quid
3282 1433 3380 1485 isti
3403 1434 3618 1502 faciunt
3660 1437 3726 1490 in

2072 1522 2371 1576 Sabbatzs?
2418 1520 2523 1588 Qui
2562 1519 2742 1575 dixit:
2799 1519 3001 1574 Etiam.
3043 1519 3127 1574 An
3170 1520 3392 1575 nescitis
3434 1520 3559 1592 quid
3604 1526 3719 1593 egit

2073 1610 2245 1665 David
2274 1626 2391 1665 cum
2413 1610 2616 1666 esuriet
2646 1611 2778 1681 ipse,
2808 1616 2860 1664 et
2888 1609 2983 1681 qui
3009 1624 3135 1663 cum
3163 1623 3223 1663 eo
3252 1611 3428 1680 erant,
3462 1611 3724 1681 quomodo

2074 1700 2309 1756 intrarit
2334 1701 2392 1754 in
2413 1699 2695 1771 templum,
2714 1713 2887 1770 panes
2899 1698 3294 1769 propositionis
3312 1698 3587 1754 comedit?
3611 1703 3725 1756 etc.

320 1764 385 1833 ίίι
436 1761 1125 1861 οθδδθιγθξυηί·-Α⁸Ρί⁰ἤθ
1155 1761 1464 1861 ,ίῖυοωθφ
1511 1776 1720 1861 Ῐξθηξθσξ
1753 1777 1963 1861 femus
1991 1785 2040 1851 B
2071 1791 2133 1844 Et
2164 1790 2294 1860 quia
2324 1761 2621 1844 Sabbatum
2644 1761 2867 1860 propter
2899 1761 3183 1843 hominem
3227 1789 3435 1858 factum
3484 1793 3590 1857 est,
3614 1805 3729 1846 non

319 1870 495 1950 8911f“
527 1852 635 1909 ευδ
664 1852 1209 1950 Νογίξιτθδῖξλσξθηξίο
1232 1850 1472 1950 ἶοσξλνίξν
1498 1849 1959 1950 δίουιγίνξβουω
1994 1849 2029 1851 ἡ
2071 1849 2227 1934 homo
2244 1882 2467 1950 pr0pter
2494 1849 2795 1933 Sabbhtum
2825 1876 3012 1948 (Marc.
3048 1875 3146 1948 ιι);
3201 1849 3308 1945 Qui
3333 1882 3386 1932 et
3428 1849 3724 1935 dicebant:

318 1946 372 1997 et
402 1941 639 2015 plenum
671 1940 906 2013 spiritu,
938 1943 994 1995 et
1014 1938 1165 1995 sicut
1179 1938 1389 1995 caloris
1415 1937 1958 1995 demonstrativum.

315 2032 436 2087 Vos
448 2030 683 2104 quidem
700 2044 1046 2101 panem,nos
1076 2033 1241 2084 arton
1273 2027 1548 2084 dicimus.
1573 2029 1745 2083 Ar’tos
1767 2030 1964 2082 autem

316 2121 732 2192 interpretatur
750 2119 1010 2184 elevatus,
1043 2120 1093 2173 et
1138 2134 1357 2172 sursum
1399 2122 1645 2189 portatus
1665 2116 1963 2172 afermen-

316 2213 375 2266 to
422 2213 480 2265 et
528 2207 651 2266 sale
723 2206 974 2263 calorem
1017 2205 1959 2278 etelevationemhabensmzymte

316 2301 512 2355 autem
545 2297 626 2352 nil
658 2296 879 2351 distant
908 2312 941 2350 a
970 2295 1161 2366 lapide
1189 2295 1316 2350 sine
1346 2294 1561 2361 anima,
1595 2298 1651 2350 et
1679 2294 1801 2349 luto
1823 2292 1960 2349 late-

314 2386 398 2442 ris
427 2386 703 2441 deorsum
734 2387 1095 2454 consumptas
1118 2387 1306 2449 terrae,
1330 2387 1389 2437 et
1410 2382 1565 2438 sicco
1586 2382 1710 2438 luto
1733 2399 1961 2455 compa-

315 2478 477 2541 ratas,
508 2490 656 2544 quas
685 2488 817 2526 cum
850 2470 1344 2527 amaritudinibus
1393 2472 1619 2543 Moyses
1658 2471 1960 2527 comedere

314 2563 548 2620 miseris
575 2561 796 2618 Judaeis
828 2559 1005 2616 semel
1038 2560 1098 2614 in
1128 2576 1282 2615 anno
1310 2559 1497 2631 legem
1527 2559 1852 2629 constituit,
1877 2560 1960 2615 di-

313 2671 450 2710 0608
474 2670 488 2709 ἒ

383 2740 670 2809 Quoniam
693 2738 858 2794 malae
880 2736 1171 2811 passionis
1191 2741 1248 2793 et
1268 2737 1665 2794 tribulationis
1695 2737 1959 2811 symbola

310 2835 469 2898 sunt,
501 2827 893 2902 signiﬁcativaa
920 2830 1097 2882 sunt:
1130 2830 1187 2882 et
1242 2830 1513 2883 nostrum
1565 2826 1789 2884 Pascha
1820 2843 1959 2899 gau-

310 2920 495 2987 dium,
526 2922 585 2975 et
610 2917 811 2973 laetitia
834 2920 1022 2972 totum
1055 2918 1164 2983 est,
1197 2919 1253 2970 et
1280 2914 1503 2972 extollit
1532 2933 1638 2971 nos
1670 2916 1743 2971 ab
1775 2915 1955 2972 humo

309 3012 545 3083 propter
556 3006 838 3080 gaudium
857 3006 928 3060 ad
949 3004 1180 3072 coelum,
1207 3004 1358 3059 sicut
1377 3008 1434 3059 et
1454 3005 1804 3061 fermentum
1828 3021 1957 3077 pro-

309 3102 437 3172 pter
466 3096 767 3169 proprium
799 3093 1050 3150 calorem
1081 3110 1316 3165 panem,
1338 3094 1438 3165 qui
1460 3094 1628 3165 panis
1649 3093 1807 3149 omni
1825 3111 1954 3150 sua-

310 3187 486 3242 vitate
510 3184 767 3257 repletus
795 3187 901 3239 est.
935 3184 1161 3255 Azymze
1206 3199 1338 3238 vero
1387 3199 1573 3254 neque
1621 3182 1727 3249 sal,
1762 3199 1951 3255 neque

309 3276 663 3331 fermentum
696 3272 999 3339 habentes,
1032 3270 1223 3326 lutum
1255 3274 1343 3325 est
1388 3270 1637 3325 aridum.
1682 3272 1796 3326 Aut
1834 3288 1947 3327 non

306 3363 770 3420 audistisJesum
795 3361 1084 3423 dicentem
1099 3358 1406 3429 discipulis
1422 3359 1546 3415 suis
1562 3359 1700 3432 quia
1711 3377 1803 3415 vos
1823 3363 1950 3416 estis

304 3454 388 3509 sal
419 3461 576 3508 terrm
605 3450 899 3522 (Matth.v),
946 3454 1004 3505 et
1051 3448 1331 3520 quoniam
1379 3449 1561 3504 simile
1607 3452 1687 3504 est
1721 3465 1953 3520 regnum

303 3542 562 3597 caelorum
588 3543 854 3612 fermento
884 3537 1025 3611 quod
1053 3539 1324 3609 accipiens
1351 3537 1555 3592 mulier
1581 3537 1863 3593 abscondit
1890 3540 1952 3593 in

302 3632 510 3701 farinae
535 3630 670 3685 sutis
700 3628 893 3692 tribus,
926 3642 1093 3697 usque
1120 3626 1254 3681 dum
1281 3628 1711 3695 lamentaretur
1732 3626 1951 3681 totum?

303 3719 454 3790 (Luc.
488 3718 637 3783 xm.)
661 3714 984 3781 Mulierem,
1010 3720 1273 3770 sanctam
1298 3712 1613 3770 Ecclesium
1634 3718 1803 3770 vocat
1826 3733 1838 3783 ;
1867 3732 1954 3770 sa-

301 3806 380 3862 tis
408 3822 539 3860 vero
567 3805 759 3860 tribus
785 3802 998 3859 modiis
1022 3803 1282 3875 repletis,
1307 3803 1555 3868 Patrem,
1579 3806 1636 3858 et
1661 3802 1956 3870 Filium,et

302 3894 582 3967 Spiritum
618 3897 909 3961 sanctum,
943 3908 1197 3964 quorum
1230 3907 1606 3962 nequaquam
1657 3890 1952 3947 lutulenta:

301 4000 513 4056 azyma
567 3989 703 4039 sunt
756 3980 1089 4054 participes.
1142 3979 1294 4035 Dicit
1336 3980 1514 4047 enim,
1569 3983 1627 4034 et
1678 3979 1855 4035 David
1883 3981 1954 4037 de

299 4073 561 4128 Christo:
601 4073 674 4127 Tu
705 4087 759 4125 es
788 4070 1034 4126 sacerdos
1065 4072 1122 4125 in
1154 4072 1430 4126 aeternum
1457 4069 1759 4124 secundum
1797 4069 1951 4124 ordi-

299 4178 427 4217 nem
473 4159 848 4215 Melchisedech
895 4159 1068 4229 (Psal.
1118 4158 1251 4227 cxx),
1304 4156 1403 4228 qui
1448 4162 1583 4213 ante
1631 4157 1866 4229 Moysen
1898 4162 1955 4213 et

299 4247 594 4305 Abraham
626 4245 753 4302 coeli
785 4251 841 4301 et
868 4250 1034 4302 terrae
1067 4250 1125 4301 et
1155 4250 1496 4301 czeterarum
1546 4250 1952 4302 creaturarum

301 4351 625 4410 agnoscens
657 4334 996 4399 Dominum,
1031 4349 1351 4405 exsurgens
1381 4332 1592 4389 obtulit
1622 4333 1705 4388 illi
1739 4351 1949 4406 panem

300 4430 358 4481 et
386 4423 607 4479 vinum.
644 4421 775 4477 Ideo
807 4421 951 4478 dicit
980 4421 1215 4477 divinus
1235 4421 1546 4492 Apostolus
1571 4438 1583 4476 :
1614 4423 1951 4491 Quoniamsi

2072 1968 2341 2037 Quoniam
2371 1966 2527 2022 homo
2556 1968 2658 2022 iste
2686 1981 2798 2022 non
2827 1969 2906 2021 est
2933 1981 3003 2021 ex
3028 1966 3133 2022 Deo
3161 1967 3257 2037 qui
3282 1965 3577 2022 Sabbatum
3606 1984 3726 2023 non

2069 2056 2301 2113 custodit
2330 2057 2509 2126 (Joan.
2543 2054 2643 2127 ιιι.)
2690 2054 2762 2110 Et
2802 2054 3015 2110 iterum
3058 2053 3325 2126 loquente
3373 2052 3606 2111 Christo
3650 2055 3716 2110 in

2071 2146 2345 2213 Sabbato,
2378 2147 2435 2200 et
2465 2143 2517 2201 ei
2549 2142 2649 2216 qui
2681 2159 2924 2200 manum
2956 2142 3175 2199 aridam
3203 2141 3456 2199 habebat
3499 2143 3715 2215 (Matth.

2071 2237 2215 2305 xm),
2250 2232 2521 2290 similiter
2548 2236 2605 2289 et
2633 2232 2684 2289 ei
2714 2232 2816 2305 qui
2845 2232 3126 2289 daemonis
3154 2231 3398 2304 spiritus
3435 2231 3716 2301 habebat,

2070 2325 2130 2380 in
2163 2323 2417 2380 Sabbato
2439 2322 2741 2392 mundato,
2767 2325 2824 2378 et
2865 2321 3376 2378 murmurantibus
3395 2319 3617 2377 Judwis
3661 2325 3719 2376 et

2068 2412 2257 2470 multa
2279 2411 2611 2468 dicentibus
2638 2410 2779 2466 dicit
2816 2410 3125 2467 Christus:
3177 2410 3496 2482 Hypocritz
3542 2427 3714 2465 unus-

2066 2504 2293 2575 quisque
2321 2509 2563 2558 vestrum
2577 2516 2690 2557 non
2716 2501 2876 2557 solvit
2903 2503 3127 2557 asinum
3147 2517 3182 2555 a
3202 2514 3451 2571 praesepe
3489 2507 3585 2555 aut
3631 2499 3714 2555 bo-

2065 2606 2188 2647 vem
2216 2607 2397 2658 suum,
2429 2597 2480 2647 et
2508 2589 2657 2645 ducit
2684 2589 2961 2661 adaquare
2991 2590 3141 2662 (Luc.
3192 2588 3343 2660 xm.)
3390 2588 3461 2643 Et
3491 2587 3715 2661 paraly-

2065 2680 2181 2736 tico
2213 2678 2505 2745 similiter,
2537 2694 2713 2750 quem
2743 2695 2955 2734 sanum
3002 2677 3156 2734 fecit.
3204 2677 3274 2733 Et
3311 2676 3441 2733 ideo
3489 2676 3572 2743 hi,
3614 2677 3713 2750 qui

2066 2769 2321 2826 Sabbata
2351 2785 2485 2825 cum
2515 2768 2737 2841 azymis
2761 2767 3124 2839 custodiunt,
3159 2782 3349 2838 neque
3377 2765 3586 2832 Judaei,
3614 2781 3714 2822 ne-

2066 2875 2180 2931 que
2210 2857 2526 2914 Christiani
2559 2860 2717 2927 sunt,
2751 2856 2851 2912 sed
2883 2854 3109 2912 similes
3140 2858 3279 2911 suut
3311 2852 3612 2927 leopardo,
3643 2853 3717 2909 si-

2065 2952 2162 3004 cut
2190 2946 2331 3003 dicit
2359 2962 2609 3020 magnus
2657 2944 2930 3013 Basilius,
2979 2945 3151 3017 cujus
3195 2942 3387 3017 capilli
3424 2958 3531 3000 nec
3563 2942 3716 3015 nigri

2067 3039 2225 3103 sunt,
2260 3051 2366 3091 nec
2395 3034 2635 3091 omnino
2665 3032 2802 3091 albi.

2136 3141 2437 3210 Quomodo
2469 3144 2665 3197 autem
2695 3142 2752 3196 et
2782 3140 3065 3197 suﬁ‘ocata
3092 3139 3153 3195 hi
3183 3138 3330 3196 tales
3375 3139 3710 3205 comedunt,

2061 3232 2120 3287 in
2152 3230 2370 3304 quibus
2401 3231 2643 3303 sanguis
2672 3230 2949 3285 tenetur?
2978 3232 3082 3285 aut
3110 3229 3373 3298 nescitis,
3403 3228 3561 3300 quod
3593 3243 3711 3285 om-

2061 3320 2153 3376 nis
2183 3318 2456 3376 animalis
2487 3318 2732 3391 sanguis
2760 3318 2837 3375 sit
2862 3317 3059 3375 anima
3086 3318 3296 3391 ipsius,
3319 3322 3375 3373 et
3398 3316 3501 3389 qui
3523 3333 3711 3373 come-

2059 3410 2212 3466 derit
2241 3408 2611 3481 sanguinem,
2650 3406 2910 3463 animam
2954 3407 3253 3463 comedit?
3300 3407 3451 3478 (Gen.
3505 3410 3609 3474 1x.)
3639 3406 3708 3462 Et

2058 3497 2275 3555 idcirco
2306 3496 2630 3553 secundum
2660 3495 2770 3553 hoc
2817 3511 2922 3552 nec
2964 3495 3213 3569 gentiles
3262 3512 3332 3552 ex
3372 3499 3493 3551 toto
3526 3499 3703 3563 sunt;

2059 3587 2143 3643 illi
2174 3591 2369 3644 autem
2399 3585 2691 3653 occidunt,
2723 3588 2825 3642 aut
2853 3583 3154 3658 plagantes
3183 3584 3519 3641 comedunt.

2132 3704 2200 3759 Et
2227 3702 2440 3757 iterum
2465 3718 2478 3755 :
2514 3699 2762 3756 Alleluia
2790 3702 2850 3756 in
2880 3699 3341 3773 Quadragesima
3361 3716 3477 3755 non
3511 3699 3711 3772 psalli-

2059 3793 2156 3861 tis,
2190 3792 2292 3848 sed
2322 3789 2501 3847 semel
2532 3789 2592 3845 in
2624 3789 2847 3846 Pascha
2875 3790 3305 3856 tantummodo,
3339 3789 3496 3861 quod
3529 3788 3711 3845 inter-

2062 3885 2345 3955 pretatur,
2376 3880 2639 3935 Dominus
2667 3880 2835 3947 venit,
2869 3877 3108 3943 laudate,
3139 3879 3407 3948 hymnum
3435 3877 3624 3945 dicite,
3665 3881 3715 3934 et

2063 3969 2358 4028 benedicite
2385 3985 2530 4025 eum.
2562 3969 2712 4042 Ergo
2742 3968 3066 4025 secundum
3092 3967 3223 4035 hoc,
3257 3983 3449 4040 neque
3478 3967 3715 4023 Domini

2062 4059 2401 4125 Dominum,
2432 4073 2620 4130 neque
2648 4056 2993 4113 benedictus
3024 4057 3122 4130 qui
3154 4056 3313 4113 venit
3343 4055 3623 4129 psallitis.
3651 4055 3717 4111 Et

2063 4148 2221 4204 istud
2253 4163 2387 4203 vero
2419 4144 2656 4202 alleluia
2684 4146 2961 4201 Hebraice
2990 4146 3210 4200 dictum
3228 4149 3339 4201 est.
3355 4150 3468 4201 Cur
3487 4134 3715 4201 tantam
3774 4176 3783 4182 ι

2061 4236 2460 4308 deceptionem
2494 4233 2704 4289 horum
2736 4233 2943 4289 talium
2975 4250 3089 4289 non
3138 4232 3423 4305 aspicitis,
3482 4249 3591 4288 nec
3621 4232 3713 4287 in-

2061 4324 2348 4398 telligitis,
2382 4339 2571 4395 neque
2601 4322 2892 4396 corrigitis
2924 4322 3169 4395 populos
3193 4326 3252 4377 et
3297 4322 3711 4388 vosmetiosos,

2063 4414 2215 4472 sicut
2252 4411 2353 4483 qui
2382 4411 2594 4467 debent
2615 4410 2866 4481 judicari
2897 4426 2967 4466 ex
2995 4410 3089 4466 his
3114 4428 3148 4466 a
3177 4410 3338 4466 Deo?
3388 4409 3518 4465 Non
3549 4408 3714 4465 dere-

297 4512 696 4569 consummatio
721 4526 822 4582 per
850 4511 1148 4566 Leviticum
1197 4509 1562 4566 sacerdotium
1608 4515 1726 4566 erat
1765 4513 1946 4584 (Hebr.
1977 4526 2027 4593 D
2058 4500 2326 4593 Ῑξζιφιίῖίε
2358 4499 2776 4593 (ἶξιοά-άίθίίνυῆ
2816 4500 2999 4593 γίῖυρά-
3029 4498 3137 4555 hoc
3183 4499 3387 4593 Ρθῐτξιε
3407 4502 3495 4593 ﬁt
3523 4498 3714 4593 Βφυεξ-

296 4600 912 4670 vn),non,secundum
933 4598 1194 4655 ordinem
1216 4598 1660 4668 Melchisedech,
1680 4602 1953 4659 sacerdos
1977 4586 2018 4593 —
2063 4591 2279 4656 ἀίοιυει
2309 4593 2366 4644 et
2396 4586 2613 4643 P811109
2641 4592 2699 4643 et
2727 4587 2917 4643 Galeri
2966 4588 3337 4644 docuerunt?
3389 4587 3711 4659 ἀθοθρίειὶε

297 4690 568 4749 Christus
598 4689 906 4745 diceretur.
940 4690 1010 4746 Et
1043 4688 1183 4762 quia
1211 4689 1477 4745 translato
1504 4691 1835 4758 sacerdotio,
1856 4708 1949 4747 ne-

296 4796 439 4837 cesse
467 4787 544 4835 est
571 4783 631 4835 ut
659 4779 792 4851 legis
819 4780 1111 4835 translatio
1139 4778 1238 4848 ﬁat
1269 4777 1477 4849 (Ibid.),
1511 4794 1639 4850 quae
1669 4777 1760 4834 lex
1790 4778 1946 4836 lutu-

295 4869 455 4926 lenta
485 4868 792 4924 constituit
823 4885 1024 4942 azyma
1051 4865 1271 4923 Judaeis
1291 4867 1605 4922 custodire.
1636 4867 1792 4924 Idem
1823 4868 1950 4942 ipse

296 4975 552 5033 magnus
584 4958 802 5015 Paulus
832 4960 903 5014 ad
935 4956 1272 5014 Corinthios
1304 4956 1497 5028 prima
1527 4955 1707 5029 Epist.
1743 4957 1814 5013 de
1856 4958 1949 5015 his

297 5049 543 5122 loquens
574 5049 691 5105 ait:
725 5050 958 5114 Fratres,
992 5063 1091 5114 ego
1119 5047 1303 5116 accepi
1351 5062 1384 5099 a
1445 5045 1699 5113 Domino,
1732 5048 1871 5118 quod
1899 5053 1951 5105 et

297 5139 504 5196 tradidi
533 5138 679 5194 vobis
699 5155 720 5200 .·
752 5140 1012 5209 quoniam
1038 5135 1303 5191 Dominus
1326 5136 1383 5188 in
1403 5138 1577 5201 nocte,
1610 5152 1719 5206 qua
1771 5138 1954 5194 trade-

298 5228 478 5289 batur.
509 5228 719 5298 accepit
742 5242 963 5298 panem,
996 5228 1046 5279 et
1075 5225 1288 5295 gratias
1309 5238 1476 5292 agens
1491 5225 1680 5295 fregit,
1704 5229 1756 5280 et
1773 5225 1909 5282 dicit
1937 5245 1950 5283 :

296 5318 538 5388 Accipite
561 5318 612 5371 et
641 5314 924 5381 comedite,
955 5315 1053 5368 hoc
1080 5317 1161 5367 est
1187 5327 1381 5383 corpus
1408 5328 1611 5381 meum,
1660 5315 1803 5385 quod
1849 5331 1951 5388 pro

296 5406 442 5461 vobis
484 5405 746 5459 tradetur.
796 5406 902 5458 Hoc
959 5405 1120 5473 tacite
1168 5403 1226 5456 in
1275 5416 1453 5456 meam
1482 5408 1955 5462 commemoratio~

296 5510 439 5547 nem.
474 5495 747 5548 Similiter
773 5497 824 5546 et
851 5492 925 5548 de.
944 5494 1130 5545 calice.
1166 5491 1262 5545 Hic
1290 5497 1369 5544 est
1419 5492 1571 5546 calix
1610 5496 1743 5549 novi
1784 5499 1952 5551 testa-

300 5583 470 5634 menti
514 5583 572 5634 in
630 5596 749 5635 meo
794 5582 1098 5648 sanguine;
1158 5580 1256 5634 hoc
1308 5581 1474 5649 facite
1525 5584 1955 5657 quotiescunque

2052 4697 2158 4737 vos
2177 4678 2359 4751 ipsos,
2390 4681 2449 4732 et
2479 4675 2761 4749 populum
2794 4677 2853 4732 in
2880 4676 3031 4733 istis.

2127 4787 2262 4851 Qua:
2290 4801 2426 4840 vero
2456 4783 2661 4856 scripsi
2691 4800 2760 4839 ea
2789 4787 2931 4840 sunt
2968 4800 3097 4855 qua:
3145 4784 3349 4840 Petrus
3400 4784 3456 4837 et
3483 4780 3703 4835 Paulus

2056 4879 2114 4933 et
2142 4873 2329 4932 caeteri
2361 4870 2631 4945 apostoli,
2655 4874 2713 4926 et
2729 4869 2998 4926 Christus
3020 4871 3239 4939 docuit,
3253 4871 3514 4927 etsancta
3526 4870 3707 4939 atque

2059 4962 2346 5022 catholica
2364 4960 2622 5018 Ecclesia
2647 4959 2907 5032 suscepit
2926 4963 2983 5015 et
2997 4960 3257 5016 custodit
3274 4958 3557 5032 religiose,
3578 4972 3708 5029 qua:

2060 5057 2116 5110 et
2143 5069 2246 5108 vos
2276 5049 2525 5107 correcti
2555 5048 2863 5106 custodite.
2897 5051 3112 5122 Azyma
3140 5066 3296 5118 vero,
3327 5052 3385 5105 et
3411 5045 3710 5103 custodias

2061 5141 2453 5199 Sabbatorum
2484 5138 2753 5211 projicite
2782 5137 3015 5194 miseris
3043 5138 3262 5194 Judaeis
3286 5156 3300 5207 ;
3353 5135 3628 5193 similiter
3656 5141 3712 5192 et

2060 5230 2345 5289 suﬁ‘ocata
2374 5227 2639 5284 barbaris
2668 5226 2963 5300 gentibus,
2996 5232 3060 5283 ut
3080 5228 3295 5282 ﬁamus
3315 5226 3450 5299 puri
3472 5225 3532 5280 in
3558 5229 3713 5281 recta

2061 5325 2120 5377 et
2144 5315 2526 5374 immaculata
2576 5315 2712 5384 ﬁde,
2754 5320 2813 5372 et
2860 5333 3015 5372 unus
3063 5332 3201 5389 grex
3248 5315 3427 5371 unius
3460 5313 3713 5386 pastoris

2060 5405 2295 5467 Christi.
2331 5404 2511 5474 Cujus
2542 5402 2602 5457 in
2648 5420 2818 5459 cruce
2863 5403 3059 5461 divino
3110 5404 3398 5476 sanguine
3443 5402 3711 5458 inebriati

2063 5496 2378 5554 laudamus
2407 5491 2540 5564 puri
2570 5507 2716 5563 pure
2745 5491 2998 5561 Patrem,
3017 5497 3075 5549 et
3094 5492 3328 5562 Filium,
3352 5497 3411 5548 et
3428 5491 3712 5564 Spiritum

2065 5589 2334 5645 sanctum
2366 5581 2643 5637 universa
2670 5580 2932 5637 Mosaicae
2961 5582 3129 5655 legis,
3161 5583 3310 5639 etab
3334 5598 3403 5638 eo
3425 5580 3715 5637 custodita

307 5668 501 5723 bibatis
535 5670 594 5722 in
640 5684 820 5724 meam
866 5667 1453 5724 commemorationem.
1524 5671 1958 5748 Quotiescunque
2065 5672 2535 5746 derelinquentes
2564 5668 2695 5729 sine
2720 5667 2835 5727 Deo
2865 5669 3106 5739 Judwis,
3130 5671 3230 5745 qui
3246 5670 3405 5728 velut
3428 5670 3565 5728 caeci
3588 5685 3713 5742 per-
