  <div class='ocr_page' id='page_1' title='image "/cluster/home/n/w/nwhite01/storage/ocr_20150623/143/uva.x000829790/412.png"; bbox 0 0 3974 6206; ppageno 0'>
   <div class='ocr_carea' id='block_1_1' title="bbox 174 303 288 367">
    <p class='ocr_par' dir='ltr' id='par_1_1' title="bbox 174 303 288 367">
     <span class='ocr_line' id='line_1_1' title="bbox 174 303 288 367; baseline 0.026 -3"><span class='ocrx_word' id='word_1_1' title='bbox 174 303 288 367; x_wconf 76' lang='grc'><strong>797</strong></span> 
     </span>
    </p>
   </div>
   <div class='ocr_carea' id='block_1_2' title="bbox 821 295 1820 364">
    <p class='ocr_par' dir='ltr' id='par_1_2' title="bbox 821 295 1820 362">
     <span class='ocr_line' id='line_1_2' title="bbox 821 295 1820 362; baseline -0.003 0"><span class='ocrx_word' id='word_1_2' title='bbox 821 297 1223 362; x_wconf 63' lang='grc' dir='ltr'><strong>ΕΡῙΒΤΟῙΛΕ</strong></span> <span class='ocrx_word' id='word_1_3' title='bbox 1265 297 1368 360; x_wconf 87' lang='lat' dir='ltr'><strong>ET</strong></span> <span class='ocrx_word' id='word_1_4' title='bbox 1411 295 1820 362; x_wconf 84' lang='lat' dir='ltr'><strong>DIPLOMAT.</strong></span> 
     </span>
    </p>
   </div>
   <div class='ocr_carea' id='block_1_3' title="bbox 1934 295 2936 364">
    <p class='ocr_par' dir='ltr' id='par_1_3' title="bbox 1934 297 2936 364">
     <span class='ocr_line' id='line_1_3' title="bbox 1934 297 2936 364; baseline 0.004 -7"><span class='ocrx_word' id='word_1_5' title='bbox 1934 297 2380 362; x_wconf 67' lang='lat' dir='ltr'><strong>?ONTIFICIA.</strong></span> <span class='ocrx_word' id='word_1_6' title='bbox 2413 331 2492 346; x_wconf 90' lang='lat'>-</span> <span class='ocrx_word' id='word_1_7' title='bbox 2518 297 2936 364; x_wconf 76' lang='lat' dir='ltr'><strong>APPENDIX.</strong></span> 
     </span>
    </p>
   </div>
   <div class='ocr_carea' id='block_1_4' title="bbox 3460 295 3578 365">
    <p class='ocr_par' dir='ltr' id='par_1_4' title="bbox 3460 295 3578 365">
     <span class='ocr_line' id='line_1_4' title="bbox 3460 295 3578 365; baseline 0.017 -4"><span class='ocrx_word' id='word_1_8' title='bbox 3460 295 3578 365; x_wconf 85' lang='lat'><strong>798</strong></span> 
     </span>
    </p>
   </div>
   <div class='ocr_carea' id='block_1_5' title="bbox 176 432 3580 511">
    <p class='ocr_par' dir='ltr' id='par_1_5' title="bbox 176 432 3580 511">
     <span class='ocr_line' id='line_1_5' title="bbox 176 432 3580 511; baseline -0 -16"><span class='ocrx_word' id='word_1_9' title='bbox 176 436 472 511; x_wconf 87' lang='lat' dir='ltr'><strong>quirentes</strong></span> <span class='ocrx_word' id='word_1_10' title='bbox 500 433 819 501; x_wconf 78' lang='lat' dir='ltr'><strong>Christum,</strong></span> <span class='ocrx_word' id='word_1_11' title='bbox 851 433 1051 490; x_wconf 84' lang='lat' dir='ltr'>lumen</span> <span class='ocrx_word' id='word_1_12' title='bbox 1093 432 1438 499; x_wconf 87' lang='lat' dir='ltr'><strong>amiserunt,</strong></span> <span class='ocrx_word' id='word_1_13' title='bbox 1474 448 1823 506; x_wconf 83' lang='lat' dir='ltr'><strong>permanen-</strong></span> <span class='ocrx_word' id='word_1_14' title='bbox 1853 432 1906 498; x_wconf 80' lang='grc' dir='ltr'><strong>Α</strong></span> <span class='ocrx_word' id='word_1_15' title='bbox 1936 432 2160 504; x_wconf 87' lang='lat' dir='ltr'><strong>seipsos</strong></span> <span class='ocrx_word' id='word_1_16' title='bbox 2192 433 2503 506; x_wconf 86' lang='lat' dir='ltr'><strong>corrigant,</strong></span> <span class='ocrx_word' id='word_1_17' title='bbox 2537 438 2594 490; x_wconf 92' lang='lat' dir='ltr'><strong>et</strong></span> <span class='ocrx_word' id='word_1_18' title='bbox 2635 434 2736 491; x_wconf 92' lang='lat' dir='ltr'><strong>Dei</strong></span> <span class='ocrx_word' id='word_1_19' title='bbox 2768 434 3071 509; x_wconf 86' lang='lat' dir='ltr'><strong>populum,</strong></span> <span class='ocrx_word' id='word_1_20' title='bbox 3105 435 3170 492; x_wconf 90' lang='lat' dir='ltr'><strong>ut</strong></span> <span class='ocrx_word' id='word_1_21' title='bbox 3215 434 3316 494; x_wconf 89' lang='lat' dir='ltr'><strong>Dei</strong></span> <span class='ocrx_word' id='word_1_22' title='bbox 3363 453 3580 494; x_wconf 87' lang='lat' dir='ltr'><strong>merce-</strong></span> 
     </span>
    </p>
   </div>
   <div class='ocr_carea' id='block_1_6' title="bbox 175 522 1504 595">
    <p class='ocr_par' dir='ltr' id='par_1_6' title="bbox 175 522 1504 595">
     <span class='ocr_line' id='line_1_6' title="bbox 175 522 1504 595; baseline -0.005 -12"><span class='ocrx_word' id='word_1_23' title='bbox 175 532 264 584; x_wconf 86' lang='lat' dir='ltr'><strong>tes</strong></span> <span class='ocrx_word' id='word_1_24' title='bbox 293 527 352 582; x_wconf 91' lang='lat' dir='ltr'><strong>in</strong></span> <span class='ocrx_word' id='word_1_25' title='bbox 384 526 614 593; x_wconf 87' lang='lat' dir='ltr'><strong>umbra,</strong></span> <span class='ocrx_word' id='word_1_26' title='bbox 646 525 799 580; x_wconf 82' lang='lat' dir='ltr'><strong>sicut</strong></span> <span class='ocrx_word' id='word_1_27' title='bbox 828 522 1172 595; x_wconf 82' lang='lat' dir='ltr'><strong>insipientes</strong></span> <span class='ocrx_word' id='word_1_28' title='bbox 1203 526 1504 595; x_wconf 89' lang='lat' dir='ltr'><strong>perpetuo.</strong></span> 
     </span>
    </p>
   </div>
   <div class='ocr_carea' id='block_1_7' title="bbox 245 611 1823 684">
    <p class='ocr_par' dir='ltr' id='par_1_7' title="bbox 245 611 1823 684">
     <span class='ocr_line' id='line_1_7' title="bbox 245 611 1823 684; baseline -0.004 -12"><span class='ocrx_word' id='word_1_29' title='bbox 245 617 376 672; x_wconf 72' lang='lat' dir='ltr'><strong>Haac</strong></span> <span class='ocrx_word' id='word_1_30' title='bbox 407 620 626 682; x_wconf 89' lang='lat' dir='ltr'><strong>autem,</strong></span> <span class='ocrx_word' id='word_1_31' title='bbox 653 613 828 668; x_wconf 89' lang='lat' dir='ltr'><strong>homo</strong></span> <span class='ocrx_word' id='word_1_32' title='bbox 863 612 980 678; x_wconf 87' lang='lat' dir='ltr'><strong>Dei,</strong></span> <span class='ocrx_word' id='word_1_33' title='bbox 1003 617 1061 668; x_wconf 92' lang='lat' dir='ltr'><strong>et</strong></span> <span class='ocrx_word' id='word_1_34' title='bbox 1084 611 1381 668; x_wconf 90' lang='lat' dir='ltr'><strong>multoties</strong></span> <span class='ocrx_word' id='word_1_35' title='bbox 1410 612 1532 683; x_wconf 90' lang='lat' dir='ltr'><strong>ipse</strong></span> <span class='ocrx_word' id='word_1_36' title='bbox 1563 628 1694 666; x_wconf 91' lang='lat' dir='ltr'><strong>cum</strong></span> <span class='ocrx_word' id='word_1_37' title='bbox 1729 628 1823 684; x_wconf 89' lang='lat' dir='ltr'><strong>po-</strong></span> 
     </span>
    </p>
   </div>
   <div class='ocr_carea' id='block_1_8' title="bbox 175 700 1823 778">
    <p class='ocr_par' dir='ltr' id='par_1_8' title="bbox 175 700 1823 778">
     <span class='ocr_line' id='line_1_8' title="bbox 175 700 1823 778; baseline -0.004 -17"><span class='ocrx_word' id='word_1_38' title='bbox 175 705 310 778; x_wconf 93' lang='lat' dir='ltr'><strong>pulo</strong></span> <span class='ocrx_word' id='word_1_39' title='bbox 361 719 683 777; x_wconf 83' lang='lat' dir='ltr'><strong>agnoscens</strong></span> <span class='ocrx_word' id='word_1_40' title='bbox 715 701 964 756; x_wconf 83' lang='lat' dir='ltr'><strong>docuisti</strong></span> <span class='ocrx_word' id='word_1_41' title='bbox 1011 718 1160 766; x_wconf 89' lang='lat' dir='ltr'><strong>esse,</strong></span> <span class='ocrx_word' id='word_1_42' title='bbox 1193 705 1248 755; x_wconf 91' lang='lat' dir='ltr'><strong>et</strong></span> <span class='ocrx_word' id='word_1_43' title='bbox 1295 704 1589 756; x_wconf 86' lang='lat' dir='ltr'><strong>correctus</strong></span> <span class='ocrx_word' id='word_1_44' title='bbox 1638 700 1823 772; x_wconf 62' lang='lat' dir='ltr'><strong>scrip-</strong></span> 
     </span>
    </p>
   </div>
   <div class='ocr_carea' id='block_1_9' title="bbox 173 789 1818 858">
    <p class='ocr_par' dir='ltr' id='par_1_9' title="bbox 173 789 1818 858">
     <span class='ocr_line' id='line_1_9' title="bbox 173 789 1818 858; baseline -0.004 -7"><span class='ocrx_word' id='word_1_45' title='bbox 173 793 298 851; x_wconf 82' lang='lat' dir='ltr'><strong>sisti</strong></span> <span class='ocrx_word' id='word_1_46' title='bbox 348 793 555 848; x_wconf 90' lang='lat' dir='ltr'><strong>multis</strong></span> <span class='ocrx_word' id='word_1_47' title='bbox 605 791 859 848; x_wconf 84' lang='lat' dir='ltr'><strong>similem</strong></span> <span class='ocrx_word' id='word_1_48' title='bbox 909 789 1394 846; x_wconf 86' lang='lat' dir='ltr'><strong>consuetudinem</strong></span> <span class='ocrx_word' id='word_1_49' title='bbox 1447 789 1818 858; x_wconf 79' lang='lat' dir='ltr'><strong>habentibus,</strong></span> 
     </span>
    </p>
   </div>
   <div class='ocr_carea' id='block_1_10' title="bbox 179 879 1822 951">
    <p class='ocr_par' dir='ltr' id='par_1_10' title="bbox 179 879 1822 951">
     <span class='ocr_line' id='line_1_10' title="bbox 179 879 1822 951; baseline -0.004 -12"><span class='ocrx_word' id='word_1_50' title='bbox 179 889 232 939; x_wconf 84' lang='lat' dir='ltr'><strong>et</strong></span> <span class='ocrx_word' id='word_1_51' title='bbox 263 887 326 938; x_wconf 91' lang='lat' dir='ltr'><strong>ut</strong></span> <span class='ocrx_word' id='word_1_52' title='bbox 356 881 576 937; x_wconf 84' lang='lat' dir='ltr'><strong>habeas</strong></span> <span class='ocrx_word' id='word_1_53' title='bbox 596 880 847 936; x_wconf 84' lang='lat' dir='ltr'><strong>salutem</strong></span> <span class='ocrx_word' id='word_1_54' title='bbox 873 880 1081 934; x_wconf 65' lang='lat' dir='ltr'><strong>anima:</strong></span> <span class='ocrx_word' id='word_1_55' title='bbox 1110 883 1245 948; x_wconf 71' lang='lat' dir='ltr'><strong>tuae,</strong></span> <span class='ocrx_word' id='word_1_56' title='bbox 1271 880 1433 934; x_wconf 89' lang='lat' dir='ltr'><strong>mitte</strong></span> <span class='ocrx_word' id='word_1_57' title='bbox 1456 879 1822 951; x_wconf 84' lang='lat' dir='ltr'><strong>principibus</strong></span> 
     </span>
    </p>
   </div>
   <div class='ocr_carea' id='block_1_11' title="bbox 174 967 1820 1040">
    <p class='ocr_par' dir='ltr' id='par_1_11' title="bbox 174 967 1820 1040">
     <span class='ocr_line' id='line_1_11' title="bbox 174 967 1820 1040; baseline -0.005 -10"><span class='ocrx_word' id='word_1_58' title='bbox 174 971 540 1030; x_wconf 83' lang='lat' dir='ltr'><strong>sacerdotum</strong></span> <span class='ocrx_word' id='word_1_59' title='bbox 587 974 644 1027; x_wconf 88' lang='lat' dir='ltr'><strong>et</strong></span> <span class='ocrx_word' id='word_1_60' title='bbox 685 967 1107 1036; x_wconf 84' lang='lat' dir='ltr'><strong>sacerdotibus,</strong></span> <span class='ocrx_word' id='word_1_61' title='bbox 1141 971 1197 1023; x_wconf 91' lang='lat' dir='ltr'><strong>et</strong></span> <span class='ocrx_word' id='word_1_62' title='bbox 1223 969 1427 1039; x_wconf 87' lang='lat' dir='ltr'><strong>adjura</strong></span> <span class='ocrx_word' id='word_1_63' title='bbox 1457 972 1523 1023; x_wconf 91' lang='lat' dir='ltr'><strong>ut</strong></span> <span class='ocrx_word' id='word_1_64' title='bbox 1553 985 1656 1040; x_wconf 88' lang='lat' dir='ltr'><strong>per</strong></span> <span class='ocrx_word' id='word_1_65' title='bbox 1702 968 1820 1022; x_wconf 61' lang='lat' dir='ltr'><strong>hinc</strong></span> 
     </span>
    </p>
   </div>
   <div class='ocr_carea' id='block_1_12' title="bbox 1931 523 3582 601">
    <p class='ocr_par' dir='ltr' id='par_1_12' title="bbox 1931 523 3582 601">
     <span class='ocr_line' id='line_1_12' title="bbox 1931 523 3582 601; baseline 0.004 -24"><span class='ocrx_word' id='word_1_66' title='bbox 1931 523 2061 577; x_wconf 92' lang='lat' dir='ltr'><strong>dem</strong></span> <span class='ocrx_word' id='word_1_67' title='bbox 2091 523 2149 577; x_wconf 89' lang='lat' dir='ltr'><strong>in</strong></span> <span class='ocrx_word' id='word_1_68' title='bbox 2181 523 2310 580; x_wconf 89' lang='lat' dir='ltr'><strong>istis</strong></span> <span class='ocrx_word' id='word_1_69' title='bbox 2359 524 2578 580; x_wconf 88' lang='lat' dir='ltr'><strong>habeas</strong></span> <span class='ocrx_word' id='word_1_70' title='bbox 2613 543 2624 582; x_wconf 93' lang='lat'><strong>:</strong></span> <span class='ocrx_word' id='word_1_71' title='bbox 2655 531 2710 581; x_wconf 90' lang='lat' dir='ltr'><strong>et</strong></span> <span class='ocrx_word' id='word_1_72' title='bbox 2741 527 2790 581; x_wconf 92' lang='lat' dir='ltr'><strong>si</strong></span> <span class='ocrx_word' id='word_1_73' title='bbox 2822 525 2931 582; x_wconf 89' lang='lat' dir='ltr'><strong>hoc</strong></span> <span class='ocrx_word' id='word_1_74' title='bbox 2979 526 3203 591; x_wconf 79' lang='lat' dir='ltr'><strong>feceris,</strong></span> <span class='ocrx_word' id='word_1_75' title='bbox 3237 545 3495 601; x_wconf 82' lang='lat' dir='ltr'><strong>propono</strong></span> <span class='ocrx_word' id='word_1_76' title='bbox 3526 532 3582 584; x_wconf 90' lang='lat' dir='ltr'><strong>et</strong></span> 
     </span>
    </p>
   </div>
   <div class='ocr_carea' id='block_1_13' title="bbox 1933 614 3578 688">
    <p class='ocr_par' dir='ltr' id='par_1_13' title="bbox 1933 614 3578 688">
     <span class='ocr_line' id='line_1_13' title="bbox 1933 614 3578 688; baseline 0.005 -23"><span class='ocrx_word' id='word_1_77' title='bbox 1933 628 2031 683; x_wconf 89' lang='lat' dir='ltr'><strong>per</strong></span> <span class='ocrx_word' id='word_1_78' title='bbox 2063 615 2380 668; x_wconf 84' lang='lat' dir='ltr'><strong>secundam</strong></span> <span class='ocrx_word' id='word_1_79' title='bbox 2405 614 2781 686; x_wconf 86' lang='lat' dir='ltr'><strong>scriptionem</strong></span> <span class='ocrx_word' id='word_1_80' title='bbox 2805 616 3030 688; x_wconf 88' lang='lat' dir='ltr'><strong>majora</strong></span> <span class='ocrx_word' id='word_1_81' title='bbox 3049 621 3106 672; x_wconf 91' lang='lat' dir='ltr'><strong>et</strong></span> <span class='ocrx_word' id='word_1_82' title='bbox 3127 617 3466 688; x_wconf 81' lang='lat' dir='ltr'><strong>perfectiora</strong></span> <span class='ocrx_word' id='word_1_83' title='bbox 3485 617 3578 673; x_wconf 91' lang='lat' dir='ltr'><strong>his</strong></span> 
     </span>
    </p>
   </div>
   <div class='ocr_carea' id='block_1_14' title="bbox 1929 699 3577 768">
    <p class='ocr_par' dir='ltr' id='par_1_14' title="bbox 1929 699 3577 768">
     <span class='ocr_line' id='line_1_14' title="bbox 1929 699 3577 768; baseline 0.005 -15"><span class='ocrx_word' id='word_1_84' title='bbox 1929 699 2034 754; x_wconf 88' lang='lat' dir='ltr'><strong>tibi</strong></span> <span class='ocrx_word' id='word_1_85' title='bbox 2066 701 2341 768; x_wconf 87' lang='lat' dir='ltr'><strong>scribere,</strong></span> <span class='ocrx_word' id='word_1_86' title='bbox 2374 701 2508 756; x_wconf 82' lang='lat' dir='ltr'><strong>fidei</strong></span> <span class='ocrx_word' id='word_1_87' title='bbox 2555 720 2687 758; x_wconf 88' lang='lat' dir='ltr'><strong>vera</strong></span> <span class='ocrx_word' id='word_1_88' title='bbox 2725 703 3057 759; x_wconf 88' lang='lat' dir='ltr'><strong>ostensione</strong></span> <span class='ocrx_word' id='word_1_89' title='bbox 3107 710 3162 760; x_wconf 90' lang='lat' dir='ltr'><strong>et</strong></span> <span class='ocrx_word' id='word_1_90' title='bbox 3210 706 3577 762; x_wconf 78' lang='lat' dir='ltr'><strong>firmamento</strong></span> 
     </span>
    </p>
   </div>
   <div class='ocr_carea' id='block_1_15' title="bbox 1931 788 3576 867">
    <p class='ocr_par' dir='ltr' id='par_1_15' title="bbox 1931 788 3576 867">
     <span class='ocr_line' id='line_1_15' title="bbox 1931 788 3576 867; baseline 0.005 -25"><span class='ocrx_word' id='word_1_91' title='bbox 1931 788 2284 859; x_wconf 86' lang='lat' dir='ltr'><strong>animarum,</strong></span> <span class='ocrx_word' id='word_1_92' title='bbox 2334 808 2437 862; x_wconf 89' lang='lat' dir='ltr'><strong>pro</strong></span> <span class='ocrx_word' id='word_1_93' title='bbox 2495 792 2710 863; x_wconf 86' lang='lat' dir='ltr'><strong>quibus</strong></span> <span class='ocrx_word' id='word_1_94' title='bbox 2758 793 3026 849; x_wconf 87' lang='lat' dir='ltr'><strong>Christus</strong></span> <span class='ocrx_word' id='word_1_95' title='bbox 3071 794 3266 867; x_wconf 91' lang='lat' dir='ltr'><strong>posuit</strong></span> <span class='ocrx_word' id='word_1_96' title='bbox 3319 797 3576 852; x_wconf 89' lang='lat' dir='ltr'><strong>animam</strong></span> 
     </span>
    </p>
   </div>
   <div class='ocr_carea' id='block_1_16' title="bbox 1931 893 2120 932">
    <p class='ocr_par' dir='ltr' id='par_1_16' title="bbox 1931 893 2120 932">
     <span class='ocr_line' id='line_1_16' title="bbox 1931 893 2120 932; baseline 0 0"><span class='ocrx_word' id='word_1_97' title='bbox 1931 893 2120 932; x_wconf 91' lang='lat' dir='ltr'><strong>suam.</strong></span> 
     </span>
    </p>
   </div>
   <div class='ocr_carea' id='block_1_17' title="bbox 245 1109 3576 1184">
    <p class='ocr_par' dir='ltr' id='par_1_17' title="bbox 245 1109 3576 1184">
     <span class='ocr_line' id='line_1_17' title="bbox 245 1109 3576 1184; baseline 0.002 -16"><span class='ocrx_word' id='word_1_98' title='bbox 245 1114 536 1168; x_wconf 88' lang='lat' dir='ltr'><strong>Hactenus</strong></span> <span class='ocrx_word' id='word_1_99' title='bbox 567 1111 814 1184; x_wconf 87' lang='lat' dir='ltr'><strong>epistola</strong></span> <span class='ocrx_word' id='word_1_100' title='bbox 845 1110 1144 1184; x_wconf 77' lang='lat' dir='ltr'><strong>Michaelis</strong></span> <span class='ocrx_word' id='word_1_101' title='bbox 1166 1110 1455 1184; x_wconf 80' lang='lat' dir='ltr'><strong>Gerularii</strong></span> <span class='ocrx_word' id='word_1_102' title='bbox 1471 1115 1530 1184; x_wconf 89' lang='lat' dir='ltr'><strong>et</strong></span> <span class='ocrx_word' id='word_1_103' title='bbox 1562 1109 1764 1184; x_wconf 85' lang='lat' dir='ltr'><strong>Leonis</strong></span> <span class='ocrx_word' id='word_1_104' title='bbox 1789 1109 2057 1184; x_wconf 79' lang='lat' dir='ltr'><strong>Acridani</strong></span> <span class='ocrx_word' id='word_1_105' title='bbox 2081 1111 2448 1184; x_wconf 67' lang='lat' dir='ltr'><strong>episcopi,pt</strong></span> <span class='ocrx_word' id='word_1_106' title='bbox 2472 1112 2666 1166; x_wconf 86' lang='lat' dir='ltr'><strong>vidisti</strong></span> <span class='ocrx_word' id='word_1_107' title='bbox 2699 1129 2765 1166; x_wconf 85' lang='lat' dir='ltr'><strong>ex</strong></span> <span class='ocrx_word' id='word_1_108' title='bbox 2796 1115 2982 1178; x_wconf 83' lang='lat' dir='ltr'><strong>ipsius</strong></span> <span class='ocrx_word' id='word_1_109' title='bbox 3015 1117 3201 1172; x_wconf 83' lang='lat' dir='ltr'><strong>titulo.</strong></span> <span class='ocrx_word' id='word_1_110' title='bbox 3229 1119 3402 1175; x_wconf 88' lang='lat' dir='ltr'><strong>Porro</strong></span> <span class='ocrx_word' id='word_1_111' title='bbox 3425 1120 3576 1176; x_wconf 89' lang='lat' dir='ltr'><strong>hanc</strong></span> 
     </span>
    </p>
   </div>
   <div class='ocr_carea' id='block_1_18' title="bbox 177 1180 3578 1258">
    <p class='ocr_par' dir='ltr' id='par_1_18' title="bbox 177 1180 3578 1258">
     <span class='ocr_line' id='line_1_18' title="bbox 177 1180 3578 1258; baseline 0.002 -18"><span class='ocrx_word' id='word_1_112' title='bbox 177 1183 476 1258; x_wconf 82' lang='lat' dir='ltr'><strong>Michaelis</strong></span> <span class='ocrx_word' id='word_1_113' title='bbox 503 1188 562 1240; x_wconf 87' lang='lat' dir='ltr'><strong>et</strong></span> <span class='ocrx_word' id='word_1_114' title='bbox 591 1180 868 1258; x_wconf 61' lang='lat' dir='ltr'><strong>Kcri_dani_</strong></span> <span class='ocrx_word' id='word_1_115' title='bbox 889 1183 1192 1254; x_wconf 89' lang='lat' dir='ltr'><strong>epistolam</strong></span> <span class='ocrx_word' id='word_1_116' title='bbox 1225 1183 1285 1258; x_wconf 89' lang='lat' dir='ltr'><strong>in_</strong></span> <span class='ocrx_word' id='word_1_117' title='bbox 1316 1181 1580 1258; x_wconf 80' lang='lat' dir='ltr'><strong>Apuliam</strong></span> <span class='ocrx_word' id='word_1_118' title='bbox 1615 1181 1863 1258; x_wconf 87' lang='lat' dir='ltr'><strong>missam</strong></span> <span class='ocrx_word' id='word_1_119' title='bbox 1894 1180 2248 1258; x_wconf 73' lang='lat' dir='ltr'><strong>llumbertus</strong></span> <span class='ocrx_word' id='word_1_120' title='bbox 2279 1183 2336 1236; x_wconf 93' lang='lat' dir='ltr'><strong>S.</strong></span> <span class='ocrx_word' id='word_1_121' title='bbox 2374 1182 2438 1236; x_wconf 74' lang='grc' dir='ltr'>Β.</span> <span class='ocrx_word' id='word_1_122' title='bbox 2472 1184 2534 1237; x_wconf 83' lang='grc' dir='ltr'><strong>Ε.</strong></span> <span class='ocrx_word' id='word_1_123' title='bbox 2571 1184 2884 1258; x_wconf 75' lang='lat' dir='ltr'><strong>cardinalis</strong></span> <span class='ocrx_word' id='word_1_124' title='bbox 2916 1188 3225 1258; x_wconf 73' lang='lat' dir='ltr'><strong>episcopus</strong></span> <span class='ocrx_word' id='word_1_125' title='bbox 3252 1191 3416 1244; x_wconf 67' lang='lat' dir='ltr'><strong>Silvae</strong></span> <span class='ocrx_word' id='word_1_126' title='bbox 3439 1197 3578 1246; x_wconf 89' lang='lat' dir='ltr'><strong>Can-</strong></span> 
     </span>
    </p>
   </div>
   <div class='ocr_carea' id='block_1_19' title="bbox 181 1251 3575 1330">
    <p class='ocr_par' dir='ltr' id='par_1_19' title="bbox 181 1251 3575 1330">
     <span class='ocr_line' id='line_1_19' title="bbox 181 1251 3575 1330; baseline 0.002 -18"><span class='ocrx_word' id='word_1_127' title='bbox 181 1256 326 1312; x_wconf 72' lang='lat' dir='ltr'><strong>dida:</strong></span> <span class='ocrx_word' id='word_1_128' title='bbox 355 1259 665 1330; x_wconf 72' lang='lat' dir='ltr'><strong>acceptam</strong></span> <span class='ocrx_word' id='word_1_129' title='bbox 697 1254 868 1309; x_wconf 90' lang='lat' dir='ltr'><strong>Trani</strong></span> <span class='ocrx_word' id='word_1_130' title='bbox 901 1251 1035 1330; x_wconf 73' lang='lat' dir='ltr'><strong>cum</strong></span> <span class='ocrx_word' id='word_1_131' title='bbox 1068 1258 1241 1330; x_wconf 78' lang='lat' dir='ltr'><strong>esset,</strong></span> <span class='ocrx_word' id='word_1_132' title='bbox 1273 1254 1331 1330; x_wconf 84' lang='lat' dir='ltr'><strong>in</strong></span> <span class='ocrx_word' id='word_1_133' title='bbox 1363 1251 1636 1330; x_wconf 83' lang='lat' dir='ltr'><strong>Latinum</strong></span> <span class='ocrx_word' id='word_1_134' title='bbox 1686 1251 2006 1330; x_wconf 76' lang='lat' dir='ltr'><strong>transtulit,</strong></span> <span class='ocrx_word' id='word_1_135' title='bbox 2041 1251 2362 1330; x_wconf 67' lang='lat' dir='ltr'><strong>detulitque</strong></span> <span class='ocrx_word' id='word_1_136' title='bbox 2412 1270 2538 1307; x_wconf 88' lang='lat' dir='ltr'><strong>eam</strong></span> <span class='ocrx_word' id='word_1_137' title='bbox 2573 1255 2641 1330; x_wconf 88' lang='lat' dir='ltr'><strong>a_d</strong></span> <span class='ocrx_word' id='word_1_138' title='bbox 2679 1254 2872 1325; x_wconf 87' lang='lat' dir='ltr'><strong>ipsum</strong></span> <span class='ocrx_word' id='word_1_139' title='bbox 2924 1251 3168 1330; x_wconf 73' lang='lat' dir='ltr'><strong>Leonem</strong></span> <span class='ocrx_word' id='word_1_140' title='bbox 3223 1262 3575 1330; x_wconf 71' lang='lat' dir='ltr'><strong>pontiﬁcatu.</strong></span> 
     </span>
    </p>
   </div>
   <div class='ocr_carea' id='block_1_20' title="bbox 185 1322 3576 1410">
    <p class='ocr_par' dir='ltr' id='par_1_20' title="bbox 185 1322 3576 1410">
     <span class='ocr_line' id='line_1_20' title="bbox 185 1322 3576 1410; baseline 0.001 -27"><span class='ocrx_word' id='word_1_141' title='bbox 185 1331 264 1383; x_wconf 88' lang='lat' dir='ltr'><strong>Ita</strong></span> <span class='ocrx_word' id='word_1_142' title='bbox 285 1322 544 1410; x_wconf 44' lang='lat' dir='ltr'><strong>quidem</strong></span> <span class='ocrx_word' id='word_1_143' title='bbox 577 1327 752 1410; x_wconf 72' lang='lat' dir='ltr'><strong>habet</strong></span> <span class='ocrx_word' id='word_1_144' title='bbox 801 1326 1057 1410; x_wconf 80' lang='lat' dir='ltr'><strong>scriptus</strong></span> <span class='ocrx_word' id='word_1_145' title='bbox 1081 1327 1287 1410; x_wconf 52' lang='lat' dir='ltr'><strong>codex,</strong></span> <span class='ocrx_word' id='word_1_146' title='bbox 1310 1326 1374 1410; x_wconf 73' lang='lat' dir='ltr'><strong>_in</strong></span> <span class='ocrx_word' id='word_1_147' title='bbox 1410 1325 1668 1410; x_wconf 50' lang='lat' dir='ltr'><strong>quo&#39;ista</strong></span> <span class='ocrx_word' id='word_1_148' title='bbox 1697 1323 1897 1410; x_wconf 69' lang='lat' dir='ltr'><strong>omnia</strong></span> <span class='ocrx_word' id='word_1_149' title='bbox 1927 1322 2215 1410; x_wconf 76' lang='lat' dir='ltr'><strong>descripta</strong></span> <span class='ocrx_word' id='word_1_150' title='bbox 2246 1322 2521 1410; x_wconf 74' lang='lat' dir='ltr'><strong>leguntur</strong></span> <span class='ocrx_word' id='word_1_151' title='bbox 2553 1342 2564 1379; x_wconf 93' lang='lat'>:</span> <span class='ocrx_word' id='word_1_152' title='bbox 2602 1322 2717 1406; x_wconf 79' lang='lat' dir='ltr'><strong>Leo</strong></span> <span class='ocrx_word' id='word_1_153' title='bbox 2740 1332 2937 1410; x_wconf 67' lang='lat' dir='ltr'><strong>autem</strong></span> <span class='ocrx_word' id='word_1_154' title='bbox 2991 1329 3142 1410; x_wconf 57' lang='grc' dir='ltr'><strong>[ξείνα</strong></span> <span class='ocrx_word' id='word_1_155' title='bbox 3193 1322 3258 1383; x_wconf 67' lang='grc' dir='ltr'>ρῖι</span> <span class='ocrx_word' id='word_1_156' title='bbox 3311 1334 3576 1410; x_wconf 69' lang='lat' dir='ltr'><strong>perlecta,</strong></span> 
     </span>
    </p>
   </div>
   <div class='ocr_carea' id='block_1_21' title="bbox 181 1394 3580 1474">
    <p class='ocr_par' dir='ltr' id='par_1_21' title="bbox 181 1394 3580 1474">
     <span class='ocr_line' id='line_1_21' title="bbox 181 1394 3580 1474; baseline 0.001 -20"><span class='ocrx_word' id='word_1_157' title='bbox 181 1394 459 1470; x_wconf 83' lang='lat' dir='ltr'><strong>prolixam</strong></span> <span class='ocrx_word' id='word_1_158' title='bbox 486 1397 646 1474; x_wconf 81' lang='lat' dir='ltr'><strong>illam</strong></span> <span class='ocrx_word' id='word_1_159' title='bbox 678 1398 750 1452; x_wconf 90' lang='lat' dir='ltr'><strong>ad</strong></span> <span class='ocrx_word' id='word_1_160' title='bbox 781 1394 1787 1474; x_wconf 53' lang='lat' dir='ltr'><strong>eumdemMichaelem&#39;et_beonem</strong></span> <span class='ocrx_word' id='word_1_161' title='bbox 1818 1394 2511 1474; x_wconf 63' lang='lat' dir='ltr'><strong>Acridanumepistolam</strong></span> <span class='ocrx_word' id='word_1_162' title='bbox 2548 1396 2801 1474; x_wconf 70' lang='lat' dir='ltr'><strong>scripsit.</strong></span> <span class='ocrx_word' id='word_1_163' title='bbox 2833 1415 2963 1467; x_wconf 74' lang='lat' dir='ltr'><strong>quze</strong></span> <span class='ocrx_word' id='word_1_164' title='bbox 3009 1394 3159 1454; x_wconf 74' lang='lat' dir='ltr'><strong>inter</strong></span> <span class='ocrx_word' id='word_1_165' title='bbox 3189 1394 3360 1457; x_wconf 76' lang='lat' dir='ltr'><strong>cusas</strong></span> <span class='ocrx_word' id='word_1_166' title='bbox 3394 1394 3580 1474; x_wconf 84' lang='lat' dir='ltr'><strong>ipsius</strong></span> 
     </span>
    </p>
   </div>
   <div class='ocr_carea' id='block_1_22' title="bbox 181 1465 3584 1544">
    <p class='ocr_par' dir='ltr' id='par_1_22' title="bbox 181 1465 3584 1544">
     <span class='ocr_line' id='line_1_22' title="bbox 181 1465 3584 1544; baseline 0.001 -20"><span class='ocrx_word' id='word_1_167' title='bbox 181 1465 383 1526; x_wconf 82' lang='lat' dir='ltr'><strong>Leonis</strong></span> <span class='ocrx_word' id='word_1_168' title='bbox 415 1468 700 1544; x_wconf 77' lang='lat' dir='ltr'><strong>epistolas</strong></span> <span class='ocrx_word' id='word_1_169' title='bbox 725 1468 915 1544; x_wconf 80' lang='lat' dir='ltr'><strong>prima</strong></span> <span class='ocrx_word' id='word_1_170' title='bbox 941 1468 1423 1544; x_wconf 67' lang='lat' dir='ltr'><strong>ordineponitur.</strong></span> <span class='ocrx_word' id='word_1_171' title='bbox 1459 1467 1654 1544; x_wconf 36' lang='lat' dir='ltr'><strong>Ubi‘et</strong></span> <span class='ocrx_word' id='word_1_172' title='bbox 1684 1470 1926 1544; x_wconf 71' lang='lat' dir='ltr'><strong>exnota</strong></span> <span class='ocrx_word' id='word_1_173' title='bbox 1949 1465 2320 1544; x_wconf 17' lang='lat' dir='ltr'><strong>temporispin</strong></span> <span class='ocrx_word' id='word_1_174' title='bbox 2354 1483 2424 1544; x_wconf 83' lang='lat' dir='ltr'><strong>ea</strong></span> <span class='ocrx_word' id='word_1_175' title='bbox 2441 1465 2736 1544; x_wconf 76' lang='lat' dir='ltr'><strong>apposita,</strong></span> <span class='ocrx_word' id='word_1_176' title='bbox 2772 1465 2880 1523; x_wconf 82' lang='lat' dir='ltr'><strong>hoc</strong></span> <span class='ocrx_word' id='word_1_177' title='bbox 2909 1486 3037 1525; x_wconf 88' lang='lat' dir='ltr'><strong>esse</strong></span> <span class='ocrx_word' id='word_1_178' title='bbox 3067 1488 3220 1544; x_wconf 88' lang='lat' dir='ltr'><strong>anno</strong></span> <span class='ocrx_word' id='word_1_179' title='bbox 3253 1465 3584 1544; x_wconf 80' lang='lat' dir='ltr'><strong>conscripta</strong></span> 
     </span>
    </p>
   </div>
   <div class='ocr_carea' id='block_1_23' title="bbox 179 1536 3578 1616">
    <p class='ocr_par' dir='ltr' id='par_1_23' title="bbox 179 1536 3578 1616">
     <span class='ocr_line' id='line_1_23' title="bbox 179 1536 3578 1616; baseline 0.001 -20"><span class='ocrx_word' id='word_1_180' title='bbox 179 1536 566 1616; x_wconf 69' lang='lat' dir='ltr'><strong>cognoscitur,</strong></span> <span class='ocrx_word' id='word_1_181' title='bbox 597 1536 744 1595; x_wconf 74' lang='lat' dir='ltr'><strong>dum</strong></span> <span class='ocrx_word' id='word_1_182' title='bbox 774 1540 853 1616; x_wconf 84' lang='lat' dir='ltr'><strong>ait</strong></span> <span class='ocrx_word' id='word_1_183' title='bbox 881 1536 1261 1616; x_wconf 67' lang='lat' dir='ltr'><strong>intervenisse</strong></span> <span class='ocrx_word' id='word_1_184' title='bbox 1289 1538 1543 1616; x_wconf 70' lang='lat' dir='ltr'><strong>milleet</strong></span> <span class='ocrx_word' id='word_1_185' title='bbox 1565 1539 1679 1616; x_wconf 74' lang='lat' dir='ltr'><strong>fere</strong></span> <span class='ocrx_word' id='word_1_186' title='bbox 1727 1536 1929 1616; x_wconf 77' lang='lat' dir='ltr'><strong>viginti</strong></span> <span class='ocrx_word' id='word_1_187' title='bbox 1961 1553 2146 1616; x_wconf 73' lang='lat' dir='ltr'><strong>annos</strong></span> <span class='ocrx_word' id='word_1_188' title='bbox 2178 1554 2210 1591; x_wconf 87' lang='lat' dir='ltr'><strong>a</strong></span> <span class='ocrx_word' id='word_1_189' title='bbox 2241 1537 2453 1616; x_wconf 78' lang='lat' dir='ltr'><strong>Christi</strong></span> <span class='ocrx_word' id='word_1_190' title='bbox 2499 1536 2776 1616; x_wconf 70' lang='lat' dir='ltr'><strong>passione</strong></span> <span class='ocrx_word' id='word_1_191' title='bbox 2827 1557 3011 1616; x_wconf 83' lang='lat' dir='ltr'><strong>usque</strong></span> <span class='ocrx_word' id='word_1_192' title='bbox 3041 1543 3113 1616; x_wconf 81' lang='lat' dir='ltr'><strong>ad</strong></span> <span class='ocrx_word' id='word_1_193' title='bbox 3146 1542 3290 1616; x_wconf 83' lang='lat' dir='ltr'><strong>illud</strong></span> <span class='ocrx_word' id='word_1_194' title='bbox 3322 1536 3578 1616; x_wconf 77' lang='lat' dir='ltr'><strong>tempus,</strong></span> 
     </span>
    </p>
   </div>
   <div class='ocr_carea' id='block_1_24' title="bbox 177 1607 3580 1684">
    <p class='ocr_par' dir='ltr' id='par_1_24' title="bbox 177 1607 3580 1684">
     <span class='ocr_line' id='line_1_24' title="bbox 177 1607 3580 1684; baseline 0.001 -16"><span class='ocrx_word' id='word_1_195' title='bbox 177 1607 289 1684; x_wconf 69' lang='lat' dir='ltr'><strong>quo</strong></span> <span class='ocrx_word' id='word_1_196' title='bbox 320 1610 975 1684; x_wconf 87' lang='lat' dir='ltr'><strong>scribebaturepistola.</strong></span> <span class='ocrx_word' id='word_1_197' title='bbox 1012 1611 1174 1684; x_wconf 88' lang='lat' dir='ltr'><strong>Quod</strong></span> <span class='ocrx_word' id='word_1_198' title='bbox 1209 1610 1362 1684; x_wconf 86' lang='lat' dir='ltr'><strong>enim</strong></span> <span class='ocrx_word' id='word_1_199' title='bbox 1414 1609 1573 1684; x_wconf 80' lang='lat' dir='ltr'><strong>dicit,</strong></span> <span class='ocrx_word' id='word_1_200' title='bbox 1606 1612 1736 1684; x_wconf 71' lang='lat' dir='ltr'><strong>fere</strong></span> <span class='ocrx_word' id='word_1_201' title='bbox 1785 1607 2002 1684; x_wconf 57' lang='lat' dir='ltr'><strong>viginti:</strong></span> <span class='ocrx_word' id='word_1_202' title='bbox 2037 1607 2206 1684; x_wconf 77' lang='lat' dir='ltr'><strong>plane</strong></span> <span class='ocrx_word' id='word_1_203' title='bbox 2265 1607 2517 1684; x_wconf 54' lang='lat' dir='ltr'><strong>condunj</strong></span> <span class='ocrx_word' id='word_1_204' title='bbox 2567 1610 2748 1684; x_wconf 77' lang='lat' dir='ltr'><strong>fuisse</strong></span> <span class='ocrx_word' id='word_1_205' title='bbox 2780 1607 2994 1684; x_wconf 81' lang='lat' dir='ltr'><strong>_viginti</strong></span> <span class='ocrx_word' id='word_1_206' title='bbox 3050 1613 3322 1668; x_wconf 86' lang='lat' dir='ltr'><strong>declarat.</strong></span> <span class='ocrx_word' id='word_1_207' title='bbox 3356 1607 3580 1672; x_wconf 73' lang='lat' dir='ltr'><strong>Etenim</strong></span> 
     </span>
    </p>
   </div>
   <div class='ocr_carea' id='block_1_25' title="bbox 177 1678 3580 1755">
    <p class='ocr_par' dir='ltr' id='par_1_25' title="bbox 177 1678 3580 1755">
     <span class='ocr_line' id='line_1_25' title="bbox 177 1678 3580 1755; baseline 0.001 -16"><span class='ocrx_word' id='word_1_208' title='bbox 177 1678 408 1739; x_wconf 73' lang='lat' dir='ltr'><strong>exordio</strong></span> <span class='ocrx_word' id='word_1_209' title='bbox 439 1678 899 1755; x_wconf 53' lang='lat' dir='ltr'><strong>sequentis&#39;anni</strong></span> <span class='ocrx_word' id='word_1_210' title='bbox 929 1683 1052 1755; x_wconf 84' lang='lat' dir='ltr'><strong>jam</strong></span> <span class='ocrx_word' id='word_1_211' title='bbox 1089 1682 1277 1755; x_wconf 83' lang='lat' dir='ltr'><strong>fuisse</strong></span> <span class='ocrx_word' id='word_1_212' title='bbox 1297 1681 1532 1755; x_wconf 77' lang='lat' dir='ltr'><strong>vigenti,</strong></span> <span class='ocrx_word' id='word_1_213' title='bbox 1566 1681 1646 1734; x_wconf 86' lang='lat' dir='ltr'><strong>ait</strong></span> <span class='ocrx_word' id='word_1_214' title='bbox 1693 1681 1750 1734; x_wconf 90' lang='lat' dir='ltr'><strong>in</strong></span> <span class='ocrx_word' id='word_1_215' title='bbox 1797 1678 2040 1755; x_wconf 60' lang='lat' dir='ltr'><strong>epistola</strong></span> <span class='ocrx_word' id='word_1_216' title='bbox 2073 1679 2208 1734; x_wconf 83' lang='lat' dir='ltr'><strong>data</strong></span> <span class='ocrx_word' id='word_1_217' title='bbox 2239 1680 2307 1734; x_wconf 89' lang='lat' dir='ltr'><strong>ad</strong></span> <span class='ocrx_word' id='word_1_218' title='bbox 2323 1680 2611 1755; x_wconf 59' lang='lat' dir='ltr'><strong>pumdcm</strong></span> <span class='ocrx_word' id='word_1_219' title='bbox 2664 1678 3004 1736; x_wconf 56' lang='lat' dir='ltr'><strong>Michaélem</strong></span> <span class='ocrx_word' id='word_1_220' title='bbox 3053 1702 3252 1740; x_wconf 85' lang='lat' dir='ltr'><strong>mense</strong></span> <span class='ocrx_word' id='word_1_221' title='bbox 3281 1686 3580 1744; x_wconf 86' lang='lat' dir='ltr'><strong>Januario.</strong></span> 
     </span>
    </p>
   </div>
   <div class='ocr_carea' id='block_1_26' title="bbox 179 1751 3584 1829">
    <p class='ocr_par' dir='ltr' id='par_1_26' title="bbox 179 1751 3584 1829">
     <span class='ocr_line' id='line_1_26' title="bbox 179 1751 3584 1829; baseline 0.002 -20"><span class='ocrx_word' id='word_1_222' title='bbox 179 1760 225 1809; x_wconf 82' lang='lat' dir='ltr'><strong>A</strong></span> <span class='ocrx_word' id='word_1_223' title='bbox 256 1751 570 1829; x_wconf 68' lang='lat' dir='ltr'><strong>tricesimo</strong></span> <span class='ocrx_word' id='word_1_224' title='bbox 585 1759 789 1826; x_wconf 87' lang='lat' dir='ltr'><strong>quarto</strong></span> <span class='ocrx_word' id='word_1_225' title='bbox 819 1753 1043 1829; x_wconf 75' lang='lat' dir='ltr'><strong>Christi</strong></span> <span class='ocrx_word' id='word_1_226' title='bbox 1058 1770 1216 1829; x_wconf 76' lang='lat' dir='ltr'><strong>anno</strong></span> <span class='ocrx_word' id='word_1_227' title='bbox 1265 1751 1516 1823; x_wconf 87' lang='lat' dir='ltr'><strong>incipere</strong></span> <span class='ocrx_word' id='word_1_228' title='bbox 1559 1751 1933 1806; x_wconf 89' lang='lat' dir='ltr'><strong>consuevisse</strong></span> <span class='ocrx_word' id='word_1_229' title='bbox 1968 1751 2291 1805; x_wconf 81' lang='lat' dir='ltr'><strong>Romanam</strong></span> <span class='ocrx_word' id='word_1_230' title='bbox 2323 1751 2639 1808; x_wconf 85' lang='lat' dir='ltr'><strong>Ecclesiam</strong></span> <span class='ocrx_word' id='word_1_231' title='bbox 2693 1770 3002 1810; x_wconf 88' lang='lat' dir='ltr'><strong>numerare</strong></span> <span class='ocrx_word' id='word_1_232' title='bbox 3033 1757 3106 1810; x_wconf 93' lang='lat' dir='ltr'><strong>ab</strong></span> <span class='ocrx_word' id='word_1_233' title='bbox 3137 1757 3265 1827; x_wconf 86' lang='lat' dir='ltr'><strong>ejus</strong></span> <span class='ocrx_word' id='word_1_234' title='bbox 3313 1758 3584 1829; x_wconf 90' lang='lat' dir='ltr'><strong>passione</strong></span> 
     </span>
    </p>
   </div>
   <div class='ocr_carea' id='block_1_27' title="bbox 179 1825 1380 1895">
    <p class='ocr_par' dir='ltr' id='par_1_27' title="bbox 179 1825 1380 1895">
     <span class='ocr_line' id='line_1_27' title="bbox 179 1825 1380 1895; baseline -0.004 -13"><span class='ocrx_word' id='word_1_235' title='bbox 179 1843 386 1894; x_wconf 89' lang='lat' dir='ltr'><strong>annos,</strong></span> <span class='ocrx_word' id='word_1_236' title='bbox 420 1843 526 1882; x_wconf 91' lang='lat' dir='ltr'><strong>suo</strong></span> <span class='ocrx_word' id='word_1_237' title='bbox 557 1825 682 1881; x_wconf 86' lang='lat' dir='ltr'><strong>loco</strong></span> <span class='ocrx_word' id='word_1_238' title='bbox 711 1825 982 1895; x_wconf 85' lang='lat' dir='ltr'><strong>superius</strong></span> <span class='ocrx_word' id='word_1_239' title='bbox 1013 1825 1233 1878; x_wconf 89' lang='lat' dir='ltr'><strong>dictum</strong></span> <span class='ocrx_word' id='word_1_240' title='bbox 1269 1829 1380 1879; x_wconf 89' lang='lat' dir='ltr'><strong>est.</strong></span> 
     </span>
    </p>
   </div>
   <div class='ocr_carea' id='block_1_28' title="bbox 181 1971 3585 1999">
    <p class='ocr_par' dir='ltr' id='par_1_28' title="bbox 181 1971 3585 1999">
     <span class='ocr_line' id='line_1_28' title="bbox 181 1971 3585 1999; baseline 0 -1"><span class='ocrx_word' id='word_1_241' title='bbox 181 1971 3585 1999; x_wconf 54' lang='lat' dir='ltr'><strong>———-——-———_——_———-——I—*</strong></span> 
     </span>
    </p>
   </div>
   <div class='ocr_carea' id='block_1_29' title="bbox 1819 2096 1936 2188">
    <p class='ocr_par' dir='ltr' id='par_1_29' title="bbox 1819 2096 1936 2188">
     <span class='ocr_line' id='line_1_29' title="bbox 1819 2096 1936 2188; baseline 0 0"><span class='ocrx_word' id='word_1_242' title='bbox 1819 2096 1936 2188; x_wconf 93' lang='lat' dir='ltr'><strong>II.</strong></span> 
     </span>
    </p>
   </div>
   <div class='ocr_carea' id='block_1_30' title="bbox 593 2281 3162 2375">
    <p class='ocr_par' dir='ltr' id='par_1_30' title="bbox 593 2281 3162 2375">
     <span class='ocr_line' id='line_1_30' title="bbox 593 2281 3162 2375; baseline 0.002 -5"><span class='ocrx_word' id='word_1_243' title='bbox 593 2285 1141 2372; x_wconf 72' lang='lat' dir='ltr'><strong>EPISTOL.\</strong></span> <span class='ocrx_word' id='word_1_244' title='bbox 1204 2281 1670 2373; x_wconf 87' lang='lat' dir='ltr'><strong>JOANNIS</strong></span> <span class='ocrx_word' id='word_1_245' title='bbox 1740 2283 1773 2370; x_wconf 87' lang='grc' dir='ltr'>Ι</span> <span class='ocrx_word' id='word_1_246' title='bbox 1843 2283 2302 2370; x_wconf 74' lang='lat' dir='ltr'><strong>ABBATIS</strong></span> <span class='ocrx_word' id='word_1_247' title='bbox 2363 2284 3162 2375; x_wconf 54' lang='lat' dir='ltr'><strong>FISCAMR’ENSIS</strong></span> 
     </span>
    </p>
   </div>
   <div class='ocr_carea' id='block_1_31' title="bbox 1515 2460 2238 2522">
    <p class='ocr_par' dir='ltr' id='par_1_31' title="bbox 1515 2460 2238 2522">
     <span class='ocr_line' id='line_1_31' title="bbox 1515 2460 2238 2522; baseline -0.001 -2"><span class='ocrx_word' id='word_1_248' title='bbox 1515 2463 1616 2522; x_wconf 86' lang='lat' dir='ltr'><strong>AD</strong></span> <span class='ocrx_word' id='word_1_249' title='bbox 1663 2462 1728 2520; x_wconf 89' lang='lat' dir='ltr'><strong>S.</strong></span> <span class='ocrx_word' id='word_1_250' title='bbox 1775 2460 2092 2522; x_wconf 83' lang='lat' dir='ltr'><strong>LEONEM</strong></span> <span class='ocrx_word' id='word_1_251' title='bbox 2143 2461 2238 2519; x_wconf 82' lang='lat' dir='ltr'><strong>lX.</strong></span> 
     </span>
    </p>
   </div>
   <div class='ocr_carea' id='block_1_32' title="bbox 642 2618 3091 2700">
    <p class='ocr_par' dir='ltr' id='par_1_32' title="bbox 642 2618 3091 2700">
     <span class='ocr_line' id='line_1_32' title="bbox 642 2618 3091 2700; baseline 0.002 -18"><span class='ocrx_word' id='word_1_252' title='bbox 642 2622 785 2682; x_wconf 82' lang='lat' dir='ltr'><strong>Post</strong></span> <span class='ocrx_word' id='word_1_253' title='bbox 816 2620 1120 2682; x_wconf 79' lang='lat' dir='ltr'><strong>laudatum</strong></span> <span class='ocrx_word' id='word_1_254' title='bbox 1148 2640 1433 2680; x_wconf 84' lang='lat' dir='ltr'><strong>summum</strong></span> <span class='ocrx_word' id='word_1_255' title='bbox 1459 2618 1822 2700; x_wconf 78' lang='lat' dir='ltr'><strong>pontiﬁcem,</strong></span> <span class='ocrx_word' id='word_1_256' title='bbox 1855 2619 2240 2700; x_wconf 77' lang='lat' dir='ltr'><strong>conqueritur</strong></span> <span class='ocrx_word' id='word_1_257' title='bbox 2268 2618 2339 2680; x_wconf 87' lang='lat' dir='ltr'><strong>de</strong></span> <span class='ocrx_word' id='word_1_258' title='bbox 2369 2618 2428 2680; x_wconf 74' lang='lat' dir='ltr'><strong>vi</strong></span> <span class='ocrx_word' id='word_1_259' title='bbox 2454 2619 2574 2680; x_wconf 68' lang='lat' dir='ltr'><strong>sibi</strong></span> <span class='ocrx_word' id='word_1_260' title='bbox 2595 2621 2670 2680; x_wconf 77' lang='lat' dir='ltr'><strong>ab</strong></span> <span class='ocrx_word' id='word_1_261' title='bbox 2700 2620 2870 2682; x_wconf 72' lang='lat' dir='ltr'><strong>Italis</strong></span> <span class='ocrx_word' id='word_1_262' title='bbox 2900 2623 3091 2686; x_wconf 67' lang='lat' dir='ltr'><strong>illata.</strong></span> 
     </span>
    </p>
   </div>
   <div class='ocr_carea' id='block_1_33' title="bbox 1046 2753 2706 2826">
    <p class='ocr_par' dir='ltr' id='par_1_33' title="bbox 1046 2753 2706 2826">
     <span class='ocr_line' id='line_1_33' title="bbox 1046 2753 2706 2826; baseline -0.001 -16"><span class='ocrx_word' id='word_1_263' title='bbox 1046 2755 1340 2822; x_wconf 87' lang='lat' dir='ltr'><strong>[Martene.</strong></span> <span class='ocrx_word' id='word_1_264' title='bbox 1381 2753 1617 2809; x_wconf 79' lang='lat' dir='ltr'><strong>Thesaur</strong></span> <span class='ocrx_word' id='word_1_265' title='bbox 1646 2753 1843 2808; x_wconf 84' lang='lat' dir='ltr'><strong>Anecd.</strong></span> <span class='ocrx_word' id='word_1_266' title='bbox 1878 2753 1922 2819; x_wconf 93' lang='lat' dir='ltr'><strong>l,</strong></span> <span class='ocrx_word' id='word_1_267' title='bbox 1953 2755 2081 2820; x_wconf 84' lang='lat'><strong>207,</strong></span> <span class='ocrx_word' id='word_1_268' title='bbox 2113 2769 2182 2808; x_wconf 91' lang='lat' dir='ltr'><strong>ex</strong></span> <span class='ocrx_word' id='word_1_269' title='bbox 2213 2769 2325 2809; x_wconf 91' lang='lat' dir='ltr'><strong>ms.</strong></span> <span class='ocrx_word' id='word_1_270' title='bbox 2359 2753 2706 2826; x_wconf 88' lang='lat' dir='ltr'><strong>Bigotiano.]</strong></span> 
     </span>
    </p>
   </div>
   <div class='ocr_carea' id='block_1_34' title="bbox 236 3003 3580 3080">
    <p class='ocr_par' dir='ltr' id='par_1_34' title="bbox 236 3003 3580 3080">
     <span class='ocr_line' id='line_1_34' title="bbox 236 3003 3580 3080; baseline 0.001 -14"><span class='ocrx_word' id='word_1_271' title='bbox 236 3012 492 3066; x_wconf 83' lang='lat' dir='ltr'><strong>Summo</strong></span> <span class='ocrx_word' id='word_1_272' title='bbox 523 3007 851 3080; x_wconf 73' lang='lat' dir='ltr'><strong>apostolica:</strong></span> <span class='ocrx_word' id='word_1_273' title='bbox 875 3007 1031 3062; x_wconf 90' lang='lat' dir='ltr'><strong>sedis</strong></span> <span class='ocrx_word' id='word_1_274' title='bbox 1056 3005 1315 3078; x_wconf 80' lang='lat' dir='ltr'><strong>pontifici</strong></span> <span class='ocrx_word' id='word_1_275' title='bbox 1350 3006 1548 3070; x_wconf 78' lang='lat' dir='ltr'><strong>Lsom,</strong></span> <span class='ocrx_word' id='word_1_276' title='bbox 1575 3004 1671 3060; x_wconf 91' lang='lat' dir='ltr'><strong>Dei</strong></span> <span class='ocrx_word' id='word_1_277' title='bbox 1701 3019 1825 3077; x_wconf 81' lang='lat' dir='ltr'><strong>gra-</strong></span> <span class='ocrx_word' id='word_1_278' title='bbox 1857 3009 1904 3074; x_wconf 85' lang='grc' dir='ltr'><strong>Β</strong></span> <span class='ocrx_word' id='word_1_279' title='bbox 1935 3004 2104 3059; x_wconf 88' lang='lat' dir='ltr'><strong>laude</strong></span> <span class='ocrx_word' id='word_1_280' title='bbox 2126 3009 2182 3060; x_wconf 93' lang='lat' dir='ltr'><strong>et</strong></span> <span class='ocrx_word' id='word_1_281' title='bbox 2212 3003 2411 3077; x_wconf 87' lang='lat' dir='ltr'><strong>lingua</strong></span> <span class='ocrx_word' id='word_1_282' title='bbox 2435 3009 2632 3062; x_wconf 89' lang='lat' dir='ltr'><strong>nostra</strong></span> <span class='ocrx_word' id='word_1_283' title='bbox 2653 3007 3054 3065; x_wconf 78' lang='lat' dir='ltr'><strong>exsultatione.</strong></span> <span class='ocrx_word' id='word_1_284' title='bbox 3082 3009 3278 3066; x_wconf 86' lang='lat' dir='ltr'><strong>Gloria</strong></span> <span class='ocrx_word' id='word_1_285' title='bbox 3306 3011 3364 3067; x_wconf 91' lang='lat' dir='ltr'><strong>in</strong></span> <span class='ocrx_word' id='word_1_286' title='bbox 3397 3014 3580 3070; x_wconf 85' lang='lat' dir='ltr'><strong>excol-</strong></span> 
     </span>
    </p>
   </div>
   <div class='ocr_carea' id='block_1_35' title="bbox 174 3093 1826 3164">
    <p class='ocr_par' dir='ltr' id='par_1_35' title="bbox 174 3093 1826 3164">
     <span class='ocr_line' id='line_1_35' title="bbox 174 3093 1826 3164; baseline -0.005 -8"><span class='ocrx_word' id='word_1_287' title='bbox 174 3100 253 3156; x_wconf 90' lang='lat' dir='ltr'><strong>tia</strong></span> <span class='ocrx_word' id='word_1_288' title='bbox 281 3098 652 3156; x_wconf 78' lang='lat' dir='ltr'><strong>sanctificato</strong></span> <span class='ocrx_word' id='word_1_289' title='bbox 694 3097 815 3152; x_wconf 87' lang='lat' dir='ltr'><strong>vice</strong></span> <span class='ocrx_word' id='word_1_290' title='bbox 859 3095 1034 3164; x_wconf 92' lang='lat' dir='ltr'><strong>Petri,</strong></span> <span class='ocrx_word' id='word_1_291' title='bbox 1065 3095 1339 3161; x_wconf 46' lang='lat' dir='ltr'><strong>Joimxss,</strong></span> <span class='ocrx_word' id='word_1_292' title='bbox 1374 3094 1620 3148; x_wconf 80' lang='lat' dir='ltr'><strong>fratrum</strong></span> <span class='ocrx_word' id='word_1_293' title='bbox 1655 3093 1826 3148; x_wconf 87' lang='lat' dir='ltr'><strong>mini-</strong></span> 
     </span>
    </p>
   </div>
   <div class='ocr_carea' id='block_1_36' title="bbox 177 3182 1826 3254">
    <p class='ocr_par' dir='ltr' id='par_1_36' title="bbox 177 3182 1826 3254">
     <span class='ocr_line' id='line_1_36' title="bbox 177 3182 1826 3254; baseline -0.004 -9"><span class='ocrx_word' id='word_1_294' title='bbox 177 3207 307 3246; x_wconf 89' lang='lat' dir='ltr'><strong>mus</strong></span> <span class='ocrx_word' id='word_1_295' title='bbox 337 3194 396 3244; x_wconf 91' lang='lat' dir='ltr'><strong>et</strong></span> <span class='ocrx_word' id='word_1_296' title='bbox 427 3189 490 3242; x_wconf 90' lang='lat' dir='ltr'><strong>in</strong></span> <span class='ocrx_word' id='word_1_297' title='bbox 523 3203 767 3243; x_wconf 91' lang='lat' dir='ltr'><strong>numero</strong></span> <span class='ocrx_word' id='word_1_298' title='bbox 805 3186 1085 3241; x_wconf 88' lang='lat' dir='ltr'><strong>abbatum</strong></span> <span class='ocrx_word' id='word_1_299' title='bbox 1117 3183 1383 3253; x_wconf 91' lang='lat' dir='ltr'><strong>ultimus,</strong></span> <span class='ocrx_word' id='word_1_300' title='bbox 1417 3183 1732 3254; x_wconf 85' lang='lat' dir='ltr'><strong>primatum</strong></span> <span class='ocrx_word' id='word_1_301' title='bbox 1768 3182 1826 3238; x_wconf 92' lang='lat' dir='ltr'><strong>in</strong></span> 
     </span>
    </p>
   </div>
   <div class='ocr_carea' id='block_1_37' title="bbox 177 3271 1827 3345">
    <p class='ocr_par' dir='ltr' id='par_1_37' title="bbox 177 3271 1827 3345">
     <span class='ocr_line' id='line_1_37' title="bbox 177 3271 1827 3345; baseline -0.005 -10"><span class='ocrx_word' id='word_1_302' title='bbox 177 3277 395 3335; x_wconf 66' lang='lat' dir='ltr'><strong>coalesti</strong></span> <span class='ocrx_word' id='word_1_303' title='bbox 429 3276 594 3332; x_wconf 87' lang='lat' dir='ltr'><strong>curia</strong></span> <span class='ocrx_word' id='word_1_304' title='bbox 615 3292 748 3332; x_wconf 91' lang='lat' dir='ltr'><strong>cum</strong></span> <span class='ocrx_word' id='word_1_305' title='bbox 781 3278 1020 3331; x_wconf 87' lang='lat' dir='ltr'><strong>senatus</strong></span> <span class='ocrx_word' id='word_1_306' title='bbox 1041 3272 1442 3345; x_wconf 87' lang='lat' dir='ltr'><strong>apostolorum</strong></span> <span class='ocrx_word' id='word_1_307' title='bbox 1475 3272 1679 3329; x_wconf 83' lang='lat' dir='ltr'><strong>festiva</strong></span> <span class='ocrx_word' id='word_1_308' title='bbox 1707 3271 1827 3344; x_wconf 88' lang='lat' dir='ltr'><strong>glo-</strong></span> 
     </span>
    </p>
   </div>
   <div class='ocr_carea' id='block_1_38' title="bbox 179 3369 283 3424">
    <p class='ocr_par' dir='ltr' id='par_1_38' title="bbox 179 3369 283 3424">
     <span class='ocr_line' id='line_1_38' title="bbox 179 3369 283 3424; baseline -0.01 -1"><span class='ocrx_word' id='word_1_309' title='bbox 179 3369 283 3424; x_wconf 87' lang='lat' dir='ltr'><strong>ria.</strong></span> 
     </span>
    </p>
   </div>
   <div class='ocr_carea' id='block_1_39' title="bbox 245 3450 1826 3523">
    <p class='ocr_par' dir='ltr' id='par_1_39' title="bbox 245 3450 1826 3523">
     <span class='ocr_line' id='line_1_39' title="bbox 245 3450 1826 3523; baseline -0.006 -9"><span class='ocrx_word' id='word_1_310' title='bbox 245 3457 516 3514; x_wconf 86' lang='lat' dir='ltr'><strong>Gaudeat</strong></span> <span class='ocrx_word' id='word_1_311' title='bbox 529 3454 686 3511; x_wconf 89' lang='lat' dir='ltr'><strong>orbis</strong></span> <span class='ocrx_word' id='word_1_312' title='bbox 701 3454 998 3509; x_wconf 83' lang='lat' dir='ltr'><strong>Romanus</strong></span> <span class='ocrx_word' id='word_1_313' title='bbox 1013 3453 1159 3508; x_wconf 87' lang='lat' dir='ltr'><strong>tanti</strong></span> <span class='ocrx_word' id='word_1_314' title='bbox 1179 3451 1445 3523; x_wconf 69' lang='lat' dir='ltr'><strong>praesulis</strong></span> <span class='ocrx_word' id='word_1_315' title='bbox 1459 3450 1646 3506; x_wconf 79' lang='lat' dir='ltr'><strong>infula</strong></span> <span class='ocrx_word' id='word_1_316' title='bbox 1663 3453 1826 3506; x_wconf 86' lang='lat' dir='ltr'><strong>ador-</strong></span> 
     </span>
    </p>
   </div>
   <div class='ocr_carea' id='block_1_40' title="bbox 168 3538 1820 3616">
    <p class='ocr_par' dir='ltr' id='par_1_40' title="bbox 168 3538 1820 3616">
     <span class='ocr_line' id='line_1_40' title="bbox 168 3538 1820 3616; baseline -0.005 -14"><span class='ocrx_word' id='word_1_317' title='bbox 168 3551 364 3610; x_wconf 90' lang='lat' dir='ltr'><strong>natus,</strong></span> <span class='ocrx_word' id='word_1_318' title='bbox 397 3543 503 3616; x_wconf 91' lang='lat' dir='ltr'><strong>qui</strong></span> <span class='ocrx_word' id='word_1_319' title='bbox 532 3547 596 3597; x_wconf 90' lang='lat' dir='ltr'><strong>ut</strong></span> <span class='ocrx_word' id='word_1_320' title='bbox 621 3541 828 3596; x_wconf 85' lang='lat' dir='ltr'><strong>lucifer</strong></span> <span class='ocrx_word' id='word_1_321' title='bbox 857 3541 1008 3595; x_wconf 90' lang='lat' dir='ltr'><strong>inter</strong></span> <span class='ocrx_word' id='word_1_322' title='bbox 1037 3543 1194 3594; x_wconf 88' lang='lat' dir='ltr'><strong>astra</strong></span> <span class='ocrx_word' id='word_1_323' title='bbox 1229 3556 1559 3612; x_wconf 90' lang='lat' dir='ltr'><strong>purpureus</strong></span> <span class='ocrx_word' id='word_1_324' title='bbox 1589 3538 1820 3606; x_wconf 89' lang='lat' dir='ltr'><strong>emicat,</strong></span> 
     </span>
    </p>
   </div>
   <div class='ocr_carea' id='block_1_41' title="bbox 165 3627 1822 3705">
    <p class='ocr_par' dir='ltr' id='par_1_41' title="bbox 165 3627 1822 3705">
     <span class='ocr_line' id='line_1_41' title="bbox 165 3627 1822 3705; baseline -0.005 -15"><span class='ocrx_word' id='word_1_325' title='bbox 165 3639 286 3690; x_wconf 92' lang='lat' dir='ltr'><strong>tam</strong></span> <span class='ocrx_word' id='word_1_326' title='bbox 319 3634 417 3705; x_wconf 85' lang='lat' dir='ltr'><strong>pia</strong></span> <span class='ocrx_word' id='word_1_327' title='bbox 451 3648 628 3703; x_wconf 89' lang='lat' dir='ltr'><strong>quam</strong></span> <span class='ocrx_word' id='word_1_328' title='bbox 659 3646 807 3684; x_wconf 89' lang='lat' dir='ltr'><strong>nova</strong></span> <span class='ocrx_word' id='word_1_329' title='bbox 836 3629 1114 3701; x_wconf 84' lang='lat' dir='ltr'><strong>religione</strong></span> <span class='ocrx_word' id='word_1_330' title='bbox 1137 3627 1404 3694; x_wconf 88' lang='lat' dir='ltr'><strong>rutilans,</strong></span> <span class='ocrx_word' id='word_1_331' title='bbox 1431 3629 1501 3682; x_wconf 87' lang='lat' dir='ltr'><strong>ad</strong></span> <span class='ocrx_word' id='word_1_332' title='bbox 1532 3627 1822 3700; x_wconf 88' lang='lat' dir='ltr'><strong>depellen-</strong></span> 
     </span>
    </p>
   </div>
   <div class='ocr_carea' id='block_1_42' title="bbox 162 3716 1819 3794">
    <p class='ocr_par' dir='ltr' id='par_1_42' title="bbox 162 3716 1819 3794">
     <span class='ocr_line' id='line_1_42' title="bbox 162 3716 1819 3794; baseline -0.004 -16"><span class='ocrx_word' id='word_1_333' title='bbox 162 3724 269 3780; x_wconf 90' lang='lat' dir='ltr'><strong>das</strong></span> <span class='ocrx_word' id='word_1_334' title='bbox 300 3739 333 3778; x_wconf 89' lang='lat' dir='ltr'><strong>e</strong></span> <span class='ocrx_word' id='word_1_335' title='bbox 364 3719 590 3794; x_wconf 89' lang='lat' dir='ltr'><strong>gremio</strong></span> <span class='ocrx_word' id='word_1_336' title='bbox 621 3718 826 3774; x_wconf 89' lang='lat' dir='ltr'><strong>matris</strong></span> <span class='ocrx_word' id='word_1_337' title='bbox 848 3717 1112 3772; x_wconf 62' lang='lat' dir='ltr'><strong>Ecclesiae</strong></span> <span class='ocrx_word' id='word_1_338' title='bbox 1138 3716 1280 3771; x_wconf 87' lang='lat' dir='ltr'><strong>varii</strong></span> <span class='ocrx_word' id='word_1_339' title='bbox 1311 3716 1524 3771; x_wconf 88' lang='lat' dir='ltr'><strong>erroris</strong></span> <span class='ocrx_word' id='word_1_340' title='bbox 1555 3716 1819 3772; x_wconf 90' lang='lat' dir='ltr'><strong>nebulas.</strong></span> 
     </span>
    </p>
   </div>
   <div class='ocr_carea' id='block_1_43' title="bbox 161 3804 1823 3884">
    <p class='ocr_par' dir='ltr' id='par_1_43' title="bbox 161 3804 1823 3884">
     <span class='ocr_line' id='line_1_43' title="bbox 161 3804 1823 3884; baseline -0.004 -15"><span class='ocrx_word' id='word_1_341' title='bbox 161 3812 430 3884; x_wconf 88' lang='lat' dir='ltr'><strong>Denique</strong></span> <span class='ocrx_word' id='word_1_342' title='bbox 462 3809 596 3882; x_wconf 91' lang='lat' dir='ltr'><strong>quis</strong></span> <span class='ocrx_word' id='word_1_343' title='bbox 626 3811 825 3881; x_wconf 86' lang='lat' dir='ltr'><strong>pastor</strong></span> <span class='ocrx_word' id='word_1_344' title='bbox 847 3807 905 3862; x_wconf 93' lang='lat' dir='ltr'><strong>in</strong></span> <span class='ocrx_word' id='word_1_345' title='bbox 929 3808 1193 3862; x_wconf 84' lang='lat' dir='ltr'><strong>Romana</strong></span> <span class='ocrx_word' id='word_1_346' title='bbox 1222 3804 1475 3860; x_wconf 90' lang='lat' dir='ltr'><strong>Ecclesia</strong></span> <span class='ocrx_word' id='word_1_347' title='bbox 1495 3809 1626 3877; x_wconf 90' lang='lat' dir='ltr'><strong>post</strong></span> <span class='ocrx_word' id='word_1_348' title='bbox 1647 3823 1823 3862; x_wconf 89' lang='lat' dir='ltr'><strong>aurea</strong></span> 
     </span>
    </p>
   </div>
   <div class='ocr_carea' id='block_1_44' title="bbox 161 3893 1817 3970">
    <p class='ocr_par' dir='ltr' id='par_1_44' title="bbox 161 3893 1817 3970">
     <span class='ocr_line' id='line_1_44' title="bbox 161 3893 1817 3970; baseline -0.004 -14"><span class='ocrx_word' id='word_1_349' title='bbox 161 3901 260 3957; x_wconf 89' lang='lat' dir='ltr'><strong>illa</strong></span> <span class='ocrx_word' id='word_1_350' title='bbox 291 3898 511 3958; x_wconf 69' lang='lat' dir='ltr'><strong>saecula</strong></span> <span class='ocrx_word' id='word_1_351' title='bbox 558 3898 617 3953; x_wconf 88' lang='lat' dir='ltr'><strong>in</strong></span> <span class='ocrx_word' id='word_1_352' title='bbox 668 3896 884 3970; x_wconf 88' lang='lat' dir='ltr'><strong>quibus</strong></span> <span class='ocrx_word' id='word_1_353' title='bbox 932 3895 1063 3962; x_wconf 90' lang='lat' dir='ltr'><strong>Leo,</strong></span> <span class='ocrx_word' id='word_1_354' title='bbox 1097 3893 1411 3967; x_wconf 84' lang='lat' dir='ltr'><strong>Gregorius</strong></span> <span class='ocrx_word' id='word_1_355' title='bbox 1460 3893 1817 3964; x_wconf 88' lang='lat' dir='ltr'><strong>claruerunt,</strong></span> 
     </span>
    </p>
   </div>
   <div class='ocr_carea' id='block_1_45' title="bbox 158 3982 1819 4062">
    <p class='ocr_par' dir='ltr' id='par_1_45' title="bbox 158 3982 1819 4062">
     <span class='ocr_line' id='line_1_45' title="bbox 158 3982 1819 4062; baseline -0.003 -18"><span class='ocrx_word' id='word_1_356' title='bbox 158 3989 303 4046; x_wconf 87' lang='lat' dir='ltr'><strong>vitro</strong></span> <span class='ocrx_word' id='word_1_357' title='bbox 343 3989 588 4062; x_wconf 85' lang='lat' dir='ltr'><strong>puriora</strong></span> <span class='ocrx_word' id='word_1_358' title='bbox 637 3985 919 4060; x_wconf 88' lang='lat' dir='ltr'><strong>spiritalis</strong></span> <span class='ocrx_word' id='word_1_359' title='bbox 962 3983 1237 4040; x_wconf 63' lang='lat' dir='ltr'><strong>doctrinae</strong></span> <span class='ocrx_word' id='word_1_360' title='bbox 1283 3982 1532 4048; x_wconf 89' lang='lat' dir='ltr'><strong>lumina,</strong></span> <span class='ocrx_word' id='word_1_361' title='bbox 1567 3983 1819 4039; x_wconf 84' lang='lat' dir='ltr'><strong>surrexit</strong></span> 
     </span>
    </p>
   </div>
   <div class='ocr_carea' id='block_1_46' title="bbox 162 4071 1816 4150">
    <p class='ocr_par' dir='ltr' id='par_1_46' title="bbox 162 4071 1816 4150">
     <span class='ocr_line' id='line_1_46' title="bbox 162 4071 1816 4150; baseline -0.005 -15"><span class='ocrx_word' id='word_1_362' title='bbox 162 4083 281 4135; x_wconf 87' lang='lat' dir='ltr'><strong>tam</strong></span> <span class='ocrx_word' id='word_1_363' title='bbox 313 4079 569 4150; x_wconf 79' lang='lat' dir='ltr'><strong>diligens</strong></span> <span class='ocrx_word' id='word_1_364' title='bbox 606 4081 662 4132; x_wconf 87' lang='lat' dir='ltr'><strong>et</strong></span> <span class='ocrx_word' id='word_1_365' title='bbox 704 4074 974 4148; x_wconf 87' lang='lat' dir='ltr'><strong>vigilans,</strong></span> <span class='ocrx_word' id='word_1_366' title='bbox 1008 4076 1072 4129; x_wconf 92' lang='lat' dir='ltr'><strong>ut</strong></span> <span class='ocrx_word' id='word_1_367' title='bbox 1104 4076 1185 4142; x_wconf 80' lang='lat' dir='ltr'><strong>tu,</strong></span> <span class='ocrx_word' id='word_1_368' title='bbox 1219 4071 1537 4144; x_wconf 64' lang='lat' dir='ltr'><strong>priesulum</strong></span> <span class='ocrx_word' id='word_1_369' title='bbox 1571 4072 1816 4128; x_wconf 45' lang='lat' dir='ltr'><strong>sanctis‘</strong></span> 
     </span>
    </p>
   </div>
   <div class='ocr_carea' id='block_1_47' title="bbox 165 4160 1817 4240">
    <p class='ocr_par' dir='ltr' id='par_1_47' title="bbox 165 4160 1817 4240">
     <span class='ocr_line' id='line_1_47' title="bbox 165 4160 1817 4240; baseline -0.004 -17"><span class='ocrx_word' id='word_1_370' title='bbox 165 4167 332 4231; x_wconf 88' lang='lat' dir='ltr'><strong>sime,</strong></span> <span class='ocrx_word' id='word_1_371' title='bbox 366 4166 469 4240; x_wconf 86' lang='lat' dir='ltr'><strong>qui</strong></span> <span class='ocrx_word' id='word_1_372' title='bbox 499 4165 692 4238; x_wconf 89' lang='lat' dir='ltr'><strong>pascis</strong></span> <span class='ocrx_word' id='word_1_373' title='bbox 723 4181 957 4237; x_wconf 83' lang='lat' dir='ltr'><strong>gregem</strong></span> <span class='ocrx_word' id='word_1_374' title='bbox 990 4160 1355 4218; x_wconf 90' lang='lat' dir='ltr'><strong>Dominicum</strong></span> <span class='ocrx_word' id='word_1_375' title='bbox 1390 4177 1568 4233; x_wconf 89' lang='lat' dir='ltr'><strong>super</strong></span> <span class='ocrx_word' id='word_1_376' title='bbox 1592 4161 1817 4216; x_wconf 86' lang='lat' dir='ltr'><strong>vividos</strong></span> 
     </span>
    </p>
   </div>
   <div class='ocr_carea' id='block_1_48' title="bbox 166 4249 1815 4328">
    <p class='ocr_par' dir='ltr' id='par_1_48' title="bbox 166 4249 1815 4328">
     <span class='ocr_line' id='line_1_48' title="bbox 166 4249 1815 4328; baseline -0.004 -16"><span class='ocrx_word' id='word_1_377' title='bbox 166 4261 394 4312; x_wconf 89' lang='lat' dir='ltr'><strong>montes</strong></span> <span class='ocrx_word' id='word_1_378' title='bbox 427 4256 696 4328; x_wconf 65' lang='lat' dir='ltr'><strong>pascuae?</strong></span> <span class='ocrx_word' id='word_1_379' title='bbox 724 4256 869 4310; x_wconf 87' lang='lat' dir='ltr'><strong>Nam</strong></span> <span class='ocrx_word' id='word_1_380' title='bbox 917 4258 978 4308; x_wconf 89' lang='lat' dir='ltr'><strong>ut</strong></span> <span class='ocrx_word' id='word_1_381' title='bbox 1019 4253 1193 4308; x_wconf 76' lang='lat' dir='ltr'><strong>fidem</strong></span> <span class='ocrx_word' id='word_1_382' title='bbox 1225 4249 1395 4306; x_wconf 88' lang='lat' dir='ltr'><strong>dictis</strong></span> <span class='ocrx_word' id='word_1_383' title='bbox 1426 4250 1659 4316; x_wconf 85' lang='lat' dir='ltr'><strong>faciam,</strong></span> <span class='ocrx_word' id='word_1_384' title='bbox 1684 4251 1815 4323; x_wconf 91' lang='lat' dir='ltr'><strong>quis</strong></span> 
     </span>
    </p>
   </div>
   <div class='ocr_carea' id='block_1_49' title="bbox 167 4340 1814 4414">
    <p class='ocr_par' dir='ltr' id='par_1_49' title="bbox 167 4340 1814 4414">
     <span class='ocr_line' id='line_1_49' title="bbox 167 4340 1814 4414; baseline -0.003 -14"><span class='ocrx_word' id='word_1_385' title='bbox 167 4363 279 4402; x_wconf 89' lang='lat' dir='ltr'><strong>non</strong></span> <span class='ocrx_word' id='word_1_386' title='bbox 310 4346 576 4414; x_wconf 90' lang='lat' dir='ltr'><strong>miretur,</strong></span> <span class='ocrx_word' id='word_1_387' title='bbox 610 4349 668 4400; x_wconf 87' lang='lat' dir='ltr'><strong>et</strong></span> <span class='ocrx_word' id='word_1_388' title='bbox 708 4344 766 4398; x_wconf 91' lang='lat' dir='ltr'><strong>in</strong></span> <span class='ocrx_word' id='word_1_389' title='bbox 807 4343 999 4398; x_wconf 91' lang='lat' dir='ltr'><strong>laudis</strong></span> <span class='ocrx_word' id='word_1_390' title='bbox 1023 4340 1284 4414; x_wconf 88' lang='lat' dir='ltr'><strong>jubilum</strong></span> <span class='ocrx_word' id='word_1_391' title='bbox 1319 4344 1680 4412; x_wconf 88' lang='lat' dir='ltr'><strong>prorumpat,</strong></span> <span class='ocrx_word' id='word_1_392' title='bbox 1714 4357 1814 4412; x_wconf 90' lang='lat' dir='ltr'><strong>pro</strong></span> 
     </span>
    </p>
   </div>
   <div class='ocr_carea' id='block_1_50' title="bbox 1939 3093 3580 3168">
    <p class='ocr_par' dir='ltr' id='par_1_50' title="bbox 1939 3093 3580 3168">
     <span class='ocr_line' id='line_1_50' title="bbox 1939 3093 3580 3168; baseline 0.007 -20"><span class='ocrx_word' id='word_1_393' title='bbox 1939 3094 2020 3149; x_wconf 88' lang='lat' dir='ltr'><strong>sis</strong></span> <span class='ocrx_word' id='word_1_394' title='bbox 2050 3093 2185 3158; x_wconf 92' lang='lat' dir='ltr'><strong>Deo,</strong></span> <span class='ocrx_word' id='word_1_395' title='bbox 2219 3093 2473 3150; x_wconf 88' lang='lat' dir='ltr'><strong>visitavit</strong></span> <span class='ocrx_word' id='word_1_396' title='bbox 2501 3112 2609 3149; x_wconf 92' lang='lat' dir='ltr'><strong>nos</strong></span> <span class='ocrx_word' id='word_1_397' title='bbox 2637 3095 2842 3152; x_wconf 88' lang='lat' dir='ltr'><strong>Oriens</strong></span> <span class='ocrx_word' id='word_1_398' title='bbox 2871 3115 2938 3153; x_wconf 85' lang='lat' dir='ltr'><strong>ex</strong></span> <span class='ocrx_word' id='word_1_399' title='bbox 2970 3098 3105 3154; x_wconf 89' lang='lat' dir='ltr'><strong>alto.</strong></span> <span class='ocrx_word' id='word_1_400' title='bbox 3139 3099 3270 3168; x_wconf 89' lang='lat' dir='ltr'><strong>Sed,</strong></span> <span class='ocrx_word' id='word_1_401' title='bbox 3306 3119 3338 3158; x_wconf 97' lang='lat' dir='ltr'><strong>o</strong></span> <span class='ocrx_word' id='word_1_402' title='bbox 3367 3107 3580 3158; x_wconf 87' lang='lat' dir='ltr'><strong>morta-</strong></span> 
     </span>
    </p>
   </div>
   <div class='ocr_carea' id='block_1_51' title="bbox 1935 3182 3582 3264">
    <p class='ocr_par' dir='ltr' id='par_1_51' title="bbox 1935 3182 3582 3264">
     <span class='ocr_line' id='line_1_51' title="bbox 1935 3182 3582 3264; baseline 0.007 -28"><span class='ocrx_word' id='word_1_403' title='bbox 1935 3182 2007 3238; x_wconf 91' lang='lat' dir='ltr'><strong>lis</strong></span> <span class='ocrx_word' id='word_1_404' title='bbox 2038 3183 2320 3238; x_wconf 88' lang='lat' dir='ltr'><strong>conditio!</strong></span> <span class='ocrx_word' id='word_1_405' title='bbox 2356 3201 2532 3255; x_wconf 89' lang='lat' dir='ltr'><strong>quam</strong></span> <span class='ocrx_word' id='word_1_406' title='bbox 2566 3185 2709 3239; x_wconf 91' lang='lat' dir='ltr'><strong>nihil</strong></span> <span class='ocrx_word' id='word_1_407' title='bbox 2756 3186 2938 3241; x_wconf 84' lang='lat' dir='ltr'><strong>fidum</strong></span> <span class='ocrx_word' id='word_1_408' title='bbox 2991 3193 3048 3242; x_wconf 89' lang='lat' dir='ltr'><strong>et</strong></span> <span class='ocrx_word' id='word_1_409' title='bbox 3094 3205 3162 3244; x_wconf 83' lang='lat' dir='ltr'><strong>ex</strong></span> <span class='ocrx_word' id='word_1_410' title='bbox 3209 3190 3370 3244; x_wconf 90' lang='lat' dir='ltr'><strong>omni</strong></span> <span class='ocrx_word' id='word_1_411' title='bbox 3417 3197 3582 3264; x_wconf 88' lang='lat' dir='ltr'><strong>parte</strong></span> 
     </span>
    </p>
   </div>
   <div class='ocr_carea' id='block_1_52' title="bbox 1936 3271 3582 3343">
    <p class='ocr_par' dir='ltr' id='par_1_52' title="bbox 1936 3271 3582 3343">
     <span class='ocr_line' id='line_1_52' title="bbox 1936 3271 3582 3343; baseline 0.007 -17"><span class='ocrx_word' id='word_1_412' title='bbox 1936 3271 2170 3328; x_wconf 89' lang='lat' dir='ltr'><strong>beatum</strong></span> <span class='ocrx_word' id='word_1_413' title='bbox 2212 3272 2269 3328; x_wconf 91' lang='lat' dir='ltr'><strong>in</strong></span> <span class='ocrx_word' id='word_1_414' title='bbox 2317 3272 2426 3329; x_wconf 92' lang='lat' dir='ltr'><strong>hoc</strong></span> <span class='ocrx_word' id='word_1_415' title='bbox 2474 3273 2632 3328; x_wconf 88' lang='lat' dir='ltr'><strong>labili</strong></span> <span class='ocrx_word' id='word_1_416' title='bbox 2683 3274 2923 3330; x_wconf 83' lang='lat' dir='ltr'><strong>sacculo!</strong></span> <span class='ocrx_word' id='word_1_417' title='bbox 2979 3277 3141 3343; x_wconf 87' lang='lat' dir='ltr'><strong>Ecce,</strong></span> <span class='ocrx_word' id='word_1_418' title='bbox 3205 3282 3582 3338; x_wconf 89' lang='lat' dir='ltr'><strong>memorande</strong></span> 
     </span>
    </p>
   </div>
   <div class='ocr_carea' id='block_1_53' title="bbox 1936 3361 3581 3438">
    <p class='ocr_par' dir='ltr' id='par_1_53' title="bbox 1936 3361 3581 3438">
     <span class='ocr_line' id='line_1_53' title="bbox 1936 3361 3581 3438; baseline 0.008 -24"><span class='ocrx_word' id='word_1_419' title='bbox 1936 3361 2211 3432; x_wconf 74' lang='lat' dir='ltr'><strong>pontifex,</strong></span> <span class='ocrx_word' id='word_1_420' title='bbox 2241 3363 2383 3416; x_wconf 88' lang='lat' dir='ltr'><strong>dum</strong></span> <span class='ocrx_word' id='word_1_421' title='bbox 2415 3361 2472 3416; x_wconf 90' lang='lat' dir='ltr'><strong>in</strong></span> <span class='ocrx_word' id='word_1_422' title='bbox 2505 3361 2710 3418; x_wconf 87' lang='lat' dir='ltr'><strong>laudes</strong></span> <span class='ocrx_word' id='word_1_423' title='bbox 2758 3369 2891 3419; x_wconf 89' lang='lat' dir='ltr'><strong>tuas</strong></span> <span class='ocrx_word' id='word_1_424' title='bbox 2939 3369 3258 3438; x_wconf 87' lang='lat' dir='ltr'><strong>attempero</strong></span> <span class='ocrx_word' id='word_1_425' title='bbox 3313 3370 3581 3427; x_wconf 88' lang='lat' dir='ltr'><strong>modulos</strong></span> 
     </span>
    </p>
   </div>
   <div class='ocr_carea' id='block_1_54' title="bbox 1934 3449 3582 3526">
    <p class='ocr_par' dir='ltr' id='par_1_54' title="bbox 1934 3449 3582 3526">
     <span class='ocr_line' id='line_1_54' title="bbox 1934 3449 3582 3526; baseline 0.007 -22"><span class='ocrx_word' id='word_1_426' title='bbox 1934 3449 2169 3523; x_wconf 65' lang='lat' dir='ltr'><strong>linguai,</strong></span> <span class='ocrx_word' id='word_1_427' title='bbox 2193 3468 2297 3522; x_wconf 92' lang='lat' dir='ltr'><strong>pro</strong></span> <span class='ocrx_word' id='word_1_428' title='bbox 2327 3453 2498 3506; x_wconf 88' lang='lat' dir='ltr'><strong>terris</strong></span> <span class='ocrx_word' id='word_1_429' title='bbox 2530 3469 2669 3524; x_wconf 90' lang='lat' dir='ltr'><strong>pace</strong></span> <span class='ocrx_word' id='word_1_430' title='bbox 2696 3453 2922 3508; x_wconf 90' lang='lat' dir='ltr'><strong>reddita</strong></span> <span class='ocrx_word' id='word_1_431' title='bbox 2953 3471 3054 3526; x_wconf 87' lang='lat' dir='ltr'><strong>per</strong></span> <span class='ocrx_word' id='word_1_432' title='bbox 3083 3455 3298 3512; x_wconf 87' lang='lat' dir='ltr'><strong>almam</strong></span> <span class='ocrx_word' id='word_1_433' title='bbox 3327 3461 3438 3513; x_wconf 73' lang='lat' dir='ltr'><strong>tua:</strong></span> <span class='ocrx_word' id='word_1_434' title='bbox 3467 3461 3582 3515; x_wconf 86' lang='lat' dir='ltr'><strong>dis-</strong></span> 
     </span>
    </p>
   </div>
   <div class='ocr_carea' id='block_1_55' title="bbox 1934 3539 3582 3612">
    <p class='ocr_par' dir='ltr' id='par_1_55' title="bbox 1934 3539 3582 3612">
     <span class='ocr_line' id='line_1_55' title="bbox 1934 3539 3582 3612; baseline 0.007 -19"><span class='ocrx_word' id='word_1_435' title='bbox 1934 3539 2294 3612; x_wconf 88' lang='lat' dir='ltr'><strong>pensationis</strong></span> <span class='ocrx_word' id='word_1_436' title='bbox 2326 3541 2770 3612; x_wconf 55' lang='lat' dir='ltr'><strong>providentiam,</strong></span> <span class='ocrx_word' id='word_1_437' title='bbox 2801 3541 2996 3612; x_wconf 89' lang='lat' dir='ltr'><strong>pulsat</strong></span> <span class='ocrx_word' id='word_1_438' title='bbox 3025 3560 3118 3598; x_wconf 90' lang='lat' dir='ltr'><strong>me</strong></span> <span class='ocrx_word' id='word_1_439' title='bbox 3151 3544 3316 3600; x_wconf 91' lang='lat' dir='ltr'><strong>dolor</strong></span> <span class='ocrx_word' id='word_1_440' title='bbox 3341 3563 3371 3601; x_wconf 90' lang='lat' dir='ltr'><strong>e</strong></span> <span class='ocrx_word' id='word_1_441' title='bbox 3401 3546 3582 3604; x_wconf 89' lang='lat' dir='ltr'><strong>latere</strong></span> 
     </span>
    </p>
   </div>
   <div class='ocr_carea' id='block_1_56' title="bbox 1932 3628 3584 3702">
    <p class='ocr_par' dir='ltr' id='par_1_56' title="bbox 1932 3628 3584 3702">
     <span class='ocr_line' id='line_1_56' title="bbox 1932 3628 3584 3702; baseline 0.007 -21"><span class='ocrx_word' id='word_1_442' title='bbox 1932 3628 2366 3700; x_wconf 89' lang='lat' dir='ltr'><strong>interrumpens</strong></span> <span class='ocrx_word' id='word_1_443' title='bbox 2395 3628 2644 3684; x_wconf 88' lang='lat' dir='ltr'><strong>stridulo</strong></span> <span class='ocrx_word' id='word_1_444' title='bbox 2679 3629 2910 3698; x_wconf 77' lang='lat' dir='ltr'><strong>planctu</strong></span> <span class='ocrx_word' id='word_1_445' title='bbox 2945 3648 3160 3702; x_wconf 85' lang='lat' dir='ltr'><strong>organa</strong></span> <span class='ocrx_word' id='word_1_446' title='bbox 3184 3631 3402 3689; x_wconf 73' lang='lat' dir='ltr'><strong>laetitia.</strong></span> <span class='ocrx_word' id='word_1_447' title='bbox 3437 3636 3584 3693; x_wconf 88' lang='lat' dir='ltr'><strong>Nota</strong></span> 
     </span>
    </p>
   </div>
   <div class='ocr_carea' id='block_1_57' title="bbox 1931 3716 3584 3791">
    <p class='ocr_par' dir='ltr' id='par_1_57' title="bbox 1931 3716 3584 3791">
     <span class='ocr_line' id='line_1_57' title="bbox 1931 3716 3584 3791; baseline 0.005 -17"><span class='ocrx_word' id='word_1_448' title='bbox 1931 3716 2140 3790; x_wconf 87' lang='lat' dir='ltr'><strong>loquor</strong></span> <span class='ocrx_word' id='word_1_449' title='bbox 2167 3717 2226 3772; x_wconf 92' lang='lat' dir='ltr'><strong>in</strong></span> <span class='ocrx_word' id='word_1_450' title='bbox 2255 3734 2453 3772; x_wconf 89' lang='lat' dir='ltr'><strong>aurem</strong></span> <span class='ocrx_word' id='word_1_451' title='bbox 2488 3718 2800 3789; x_wconf 84' lang='lat' dir='ltr'><strong>pontificis,</strong></span> <span class='ocrx_word' id='word_1_452' title='bbox 2827 3717 2896 3775; x_wconf 89' lang='lat' dir='ltr'><strong>de</strong></span> <span class='ocrx_word' id='word_1_453' title='bbox 2919 3721 3386 3791; x_wconf 67' lang='lat' dir='ltr'><strong>prasvaricatione</strong></span> <span class='ocrx_word' id='word_1_454' title='bbox 3406 3725 3584 3781; x_wconf 82' lang='lat' dir='ltr'><strong>eccle-</strong></span> 
     </span>
    </p>
   </div>
   <div class='ocr_carea' id='block_1_58' title="bbox 1931 3805 3580 3879">
    <p class='ocr_par' dir='ltr' id='par_1_58' title="bbox 1931 3805 3580 3879">
     <span class='ocr_line' id='line_1_58' title="bbox 1931 3805 3580 3879; baseline 0.005 -18"><span class='ocrx_word' id='word_1_455' title='bbox 1931 3805 2179 3862; x_wconf 69' lang='lat' dir='ltr'><strong>siastica:</strong></span> <span class='ocrx_word' id='word_1_456' title='bbox 2211 3807 2392 3879; x_wconf 89' lang='lat' dir='ltr'><strong>pacis,</strong></span> <span class='ocrx_word' id='word_1_457' title='bbox 2423 3823 2600 3879; x_wconf 88' lang='lat' dir='ltr'><strong>quam</strong></span> <span class='ocrx_word' id='word_1_458' title='bbox 2635 3807 2775 3862; x_wconf 89' lang='lat' dir='ltr'><strong>mihi</strong></span> <span class='ocrx_word' id='word_1_459' title='bbox 2809 3813 3010 3864; x_wconf 66' lang='lat' dir='ltr'><strong>vestrae</strong></span> <span class='ocrx_word' id='word_1_460' title='bbox 3043 3809 3344 3866; x_wconf 77' lang='lat' dir='ltr'><strong>fidelitatis</strong></span> <span class='ocrx_word' id='word_1_461' title='bbox 3375 3814 3580 3869; x_wconf 92' lang='lat' dir='ltr'><strong>nuntio</strong></span> 
     </span>
    </p>
   </div>
   <div class='ocr_carea' id='block_1_59' title="bbox 1929 3895 3582 3975">
    <p class='ocr_par' dir='ltr' id='par_1_59' title="bbox 1929 3895 3582 3975">
     <span class='ocr_line' id='line_1_59' title="bbox 1929 3895 3582 3975; baseline 0.005 -26"><span class='ocrx_word' id='word_1_462' title='bbox 1929 3895 2198 3950; x_wconf 91' lang='lat' dir='ltr'><strong>immisso</strong></span> <span class='ocrx_word' id='word_1_463' title='bbox 2237 3895 2425 3966; x_wconf 89' lang='lat' dir='ltr'><strong>ipsius</strong></span> <span class='ocrx_word' id='word_1_464' title='bbox 2472 3895 2622 3950; x_wconf 89' lang='lat' dir='ltr'><strong>Petri</strong></span> <span class='ocrx_word' id='word_1_465' title='bbox 2661 3896 3055 3967; x_wconf 81' lang='lat' dir='ltr'><strong>apostolorum</strong></span> <span class='ocrx_word' id='word_1_466' title='bbox 3100 3898 3380 3972; x_wconf 90' lang='lat' dir='ltr'><strong>principis</strong></span> <span class='ocrx_word' id='word_1_467' title='bbox 3418 3901 3582 3975; x_wconf 85' lang='lat' dir='ltr'><strong>lega-</strong></span> 
     </span>
    </p>
   </div>
   <div class='ocr_carea' id='block_1_60' title="bbox 1928 3984 3580 4058">
    <p class='ocr_par' dir='ltr' id='par_1_60' title="bbox 1928 3984 3580 4058">
     <span class='ocr_line' id='line_1_60' title="bbox 1928 3984 3580 4058; baseline 0.004 -19"><span class='ocrx_word' id='word_1_468' title='bbox 1928 3984 2082 4040; x_wconf 83' lang='lat' dir='ltr'><strong>tione</strong></span> <span class='ocrx_word' id='word_1_469' title='bbox 2115 3986 2311 4039; x_wconf 85' lang='lat' dir='ltr'><strong>functo</strong></span> <span class='ocrx_word' id='word_1_470' title='bbox 2345 3985 2768 4056; x_wconf 88' lang='lat' dir='ltr'><strong>irrogaverunt,</strong></span> <span class='ocrx_word' id='word_1_471' title='bbox 2794 4003 2906 4040; x_wconf 92' lang='lat' dir='ltr'><strong>non</strong></span> <span class='ocrx_word' id='word_1_472' title='bbox 2940 3993 3142 4042; x_wconf 67' lang='lat' dir='ltr'><strong>extera:</strong></span> <span class='ocrx_word' id='word_1_473' title='bbox 3170 3989 3453 4058; x_wconf 85' lang='lat' dir='ltr'><strong>nationes,</strong></span> <span class='ocrx_word' id='word_1_474' title='bbox 3477 3991 3580 4046; x_wconf 92' lang='lat' dir='ltr'><strong>sed</strong></span> 
     </span>
    </p>
   </div>
   <div class='ocr_carea' id='block_1_61' title="bbox 1924 4073 3579 4145">
    <p class='ocr_par' dir='ltr' id='par_1_61' title="bbox 1924 4073 3579 4145">
     <span class='ocr_line' id='line_1_61' title="bbox 1924 4073 3579 4145; baseline 0.005 -19"><span class='ocrx_word' id='word_1_475' title='bbox 1924 4073 2035 4145; x_wconf 88' lang='lat' dir='ltr'><strong>ipsi</strong></span> <span class='ocrx_word' id='word_1_476' title='bbox 2073 4073 2318 4128; x_wconf 82' lang='lat' dir='ltr'><strong>Romani</strong></span> <span class='ocrx_word' id='word_1_477' title='bbox 2352 4074 2528 4138; x_wconf 88' lang='lat' dir='ltr'><strong>cives,</strong></span> <span class='ocrx_word' id='word_1_478' title='bbox 2559 4082 2612 4128; x_wconf 92' lang='lat' dir='ltr'><strong>et</strong></span> <span class='ocrx_word' id='word_1_479' title='bbox 2646 4073 2703 4128; x_wconf 91' lang='lat' dir='ltr'><strong>in</strong></span> <span class='ocrx_word' id='word_1_480' title='bbox 2738 4075 2994 4130; x_wconf 85' lang='lat' dir='ltr'><strong>secundo</strong></span> <span class='ocrx_word' id='word_1_481' title='bbox 3036 4075 3159 4132; x_wconf 90' lang='lat' dir='ltr'><strong>loco</strong></span> <span class='ocrx_word' id='word_1_482' title='bbox 3201 4077 3579 4144; x_wconf 81' lang='lat' dir='ltr'><strong>Richefburh,</strong></span> 
     </span>
    </p>
   </div>
   <div class='ocr_carea' id='block_1_62' title="bbox 1925 4163 3582 4237">
    <p class='ocr_par' dir='ltr' id='par_1_62' title="bbox 1925 4163 3582 4237">
     <span class='ocr_line' id='line_1_62' title="bbox 1925 4163 3582 4237; baseline 0.004 -20"><span class='ocrx_word' id='word_1_483' title='bbox 1925 4166 1980 4217; x_wconf 90' lang='lat' dir='ltr'><strong>et</strong></span> <span class='ocrx_word' id='word_1_484' title='bbox 1995 4163 2484 4234; x_wconf 72' lang='lat' dir='ltr'><strong>Aquzrpendcntis</strong></span> <span class='ocrx_word' id='word_1_485' title='bbox 2503 4180 2568 4216; x_wconf 91' lang='lat' dir='ltr'><strong>su</strong></span> <span class='ocrx_word' id='word_1_486' title='bbox 2582 4163 2857 4218; x_wconf 83' lang='lat' dir='ltr'><strong>burbioru</strong></span> <span class='ocrx_word' id='word_1_487' title='bbox 2869 4181 2922 4218; x_wconf 89' lang='lat' dir='ltr'><strong>m</strong></span> <span class='ocrx_word' id='word_1_488' title='bbox 2950 4165 3337 4237; x_wconf 85' lang='lat' dir='ltr'><strong>potentissimi</strong></span> <span class='ocrx_word' id='word_1_489' title='bbox 3361 4167 3582 4223; x_wconf 87' lang='lat' dir='ltr'><strong>habita-</strong></span> 
     </span>
    </p>
   </div>
   <div class='ocr_carea' id='block_1_63' title="bbox 1926 4251 3583 4329">
    <p class='ocr_par' dir='ltr' id='par_1_63' title="bbox 1926 4251 3583 4329">
     <span class='ocr_line' id='line_1_63' title="bbox 1926 4251 3583 4329; baseline 0.005 -23"><span class='ocrx_word' id='word_1_490' title='bbox 1926 4257 2100 4306; x_wconf 88' lang='lat' dir='ltr'><strong>tores.</strong></span> <span class='ocrx_word' id='word_1_491' title='bbox 2145 4251 2211 4306; x_wconf 89' lang='lat' dir='ltr'><strong>Hi</strong></span> <span class='ocrx_word' id='word_1_492' title='bbox 2259 4256 2414 4306; x_wconf 89' lang='lat' dir='ltr'><strong>certe</strong></span> <span class='ocrx_word' id='word_1_493' title='bbox 2466 4256 2800 4325; x_wconf 88' lang='lat' dir='ltr'><strong>contempta</strong></span> <span class='ocrx_word' id='word_1_494' title='bbox 2847 4271 3023 4326; x_wconf 90' lang='lat' dir='ltr'><strong>super</strong></span> <span class='ocrx_word' id='word_1_495' title='bbox 3072 4273 3213 4327; x_wconf 89' lang='lat' dir='ltr'><strong>pace</strong></span> <span class='ocrx_word' id='word_1_496' title='bbox 3262 4257 3583 4329; x_wconf 79' lang='lat' dir='ltr'><strong>apostolica</strong></span> 
     </span>
    </p>
   </div>
   <div class='ocr_carea' id='block_1_64' title="bbox 1929 4340 3585 4416">
    <p class='ocr_par' dir='ltr' id='par_1_64' title="bbox 1929 4340 3585 4416">
     <span class='ocr_line' id='line_1_64' title="bbox 1929 4340 3585 4416; baseline 0.005 -22"><span class='ocrx_word' id='word_1_497' title='bbox 1929 4345 2118 4396; x_wconf 86' lang='lat' dir='ltr'><strong>vestra</strong></span> <span class='ocrx_word' id='word_1_498' title='bbox 2162 4340 2483 4408; x_wconf 88' lang='lat' dir='ltr'><strong>sanctione,</strong></span> <span class='ocrx_word' id='word_1_499' title='bbox 2519 4359 2610 4396; x_wconf 92' lang='lat' dir='ltr'><strong>me</strong></span> <span class='ocrx_word' id='word_1_500' title='bbox 2664 4342 3023 4412; x_wconf 87' lang='lat' dir='ltr'><strong>invaserunt,</strong></span> <span class='ocrx_word' id='word_1_501' title='bbox 3074 4345 3496 4416; x_wconf 82' lang='lat' dir='ltr'><strong>spoliaverunt,</strong></span> <span class='ocrx_word' id='word_1_502' title='bbox 3527 4352 3585 4403; x_wconf 87' lang='lat' dir='ltr'><strong>et</strong></span> 
     </span>
    </p>
   </div>
   <div class='ocr_carea' id='block_1_65' title="bbox 168 4392 3583 4502">
    <p class='ocr_par' dir='ltr' id='par_1_65' title="bbox 168 4392 3583 4502">
     <span class='ocr_line' id='line_1_65' title="bbox 170 4392 3583 4416; baseline 0 -4"><span class='ocrx_word' id='word_1_503' title='bbox 170 4392 279 4402; x_wconf 68' lang='grc' dir='ltr'><strong>--η-</strong></span> <span class='ocrx_word' id='word_1_504' title='bbox 311 4392 576 4414; x_wconf 68' lang='grc' dir='ltr'><strong>·“···ν”“··υ</strong></span> <span class='ocrx_word' id='word_1_505' title='bbox 613 4392 667 4400; x_wconf 75' lang='grc' dir='ltr'><strong>ν-</strong></span> <span class='ocrx_word' id='word_1_506' title='bbox 710 4392 766 4398; x_wconf 85' lang='grc'><strong>--</strong></span> <span class='ocrx_word' id='word_1_507' title='bbox 808 4392 996 4398; x_wconf 70' lang='lat'><strong>-———-~</strong></span> <span class='ocrx_word' id='word_1_508' title='bbox 1319 4392 1374 4412; x_wconf 65' lang='grc' dir='ltr'>ιη</span> <span class='ocrx_word' id='word_1_509' title='bbox 1714 4392 1807 4412; x_wconf 64' lang='grc' dir='ltr'><strong>ιην</strong></span> <span class='ocrx_word' id='word_1_510' title='bbox 1942 4392 2117 4396; x_wconf 46' lang='lat' dir='ltr'><strong>«wn</strong></span> <span class='ocrx_word' id='word_1_511' title='bbox 2519 4392 2606 4396; x_wconf 86' lang='lat'><strong>——--</strong></span> <span class='ocrx_word' id='word_1_512' title='bbox 2665 4392 3023 4412; x_wconf 65' lang='grc' dir='ltr'><strong>---τ-‹ν-----ι</strong></span> <span class='ocrx_word' id='word_1_513' title='bbox 3074 4392 3496 4416; x_wconf 42' lang='lat' dir='ltr'><strong>TVM-mw&quot;.</strong></span> <span class='ocrx_word' id='word_1_514' title='bbox 3528 4392 3583 4403; x_wconf 79' lang='grc' dir='ltr'><strong>ν-</strong></span> 
     </span>
     <span class='ocr_line' id='line_1_66' title="bbox 168 4392 3583 4502; baseline 0.001 -14"><span class='ocrx_word' id='word_1_515' title='bbox 168 4434 433 4490; x_wconf 85' lang='lat' dir='ltr'><strong>inaudita</strong></span> <span class='ocrx_word' id='word_1_516' title='bbox 448 4434 666 4490; x_wconf 91' lang='lat' dir='ltr'><strong>nostris</strong></span> <span class='ocrx_word' id='word_1_517' title='bbox 683 4429 1139 4489; x_wconf 62' lang='lat' dir='ltr'><strong>seculisoculati</strong></span> <span class='ocrx_word' id='word_1_518' title='bbox 1161 4428 1410 4502; x_wconf 90' lang='lat' dir='ltr'><strong>pastoris</strong></span> <span class='ocrx_word' id='word_1_519' title='bbox 1427 4428 1817 4500; x_wconf 87' lang='lat' dir='ltr'><strong>providentia?</strong></span> <span class='ocrx_word' id='word_1_520' title='bbox 1849 4392 1891 4458; x_wconf 63' lang='grc' dir='ltr'>ϐ</span> <span class='ocrx_word' id='word_1_521' title='bbox 1929 4430 2203 4484; x_wconf 90' lang='lat' dir='ltr'><strong>omnibus</strong></span> <span class='ocrx_word' id='word_1_522' title='bbox 2235 4429 2349 4500; x_wconf 88' lang='lat' dir='ltr'><strong>piis</strong></span> <span class='ocrx_word' id='word_1_523' title='bbox 2393 4429 2845 4502; x_wconf 85' lang='lat' dir='ltr'><strong>lacrymabiliter</strong></span> <span class='ocrx_word' id='word_1_524' title='bbox 2874 4433 3427 4502; x_wconf 82' lang='lat' dir='ltr'><strong>dehonestaverunt,</strong></span> <span class='ocrx_word' id='word_1_525' title='bbox 3463 4437 3583 4491; x_wconf 83' lang='lat' dir='ltr'><strong>fru—</strong></span> 
     </span>
    </p>
   </div>
   <div class='ocr_carea' id='block_1_66' title="bbox 172 4516 1817 4594">
    <p class='ocr_par' dir='ltr' id='par_1_66' title="bbox 172 4516 1817 4594">
     <span class='ocr_line' id='line_1_67' title="bbox 172 4516 1817 4594; baseline -0.004 -16"><span class='ocrx_word' id='word_1_526' title='bbox 172 4523 267 4594; x_wconf 90' lang='lat' dir='ltr'><strong>qui</strong></span> <span class='ocrx_word' id='word_1_527' title='bbox 298 4540 414 4579; x_wconf 92' lang='lat' dir='ltr'><strong>non</strong></span> <span class='ocrx_word' id='word_1_528' title='bbox 448 4540 514 4579; x_wconf 91' lang='lat' dir='ltr'><strong>eo</strong></span> <span class='ocrx_word' id='word_1_529' title='bbox 546 4525 854 4578; x_wconf 90' lang='lat' dir='ltr'><strong>contentus</strong></span> <span class='ocrx_word' id='word_1_530' title='bbox 886 4521 943 4576; x_wconf 90' lang='lat' dir='ltr'><strong>in</strong></span> <span class='ocrx_word' id='word_1_531' title='bbox 989 4518 1224 4592; x_wconf 90' lang='lat' dir='ltr'><strong>propria</strong></span> <span class='ocrx_word' id='word_1_532' title='bbox 1253 4519 1389 4574; x_wconf 89' lang='lat' dir='ltr'><strong>sede</strong></span> <span class='ocrx_word' id='word_1_533' title='bbox 1430 4516 1592 4573; x_wconf 89' lang='lat' dir='ltr'><strong>urbis</strong></span> <span class='ocrx_word' id='word_1_534' title='bbox 1623 4519 1817 4573; x_wconf 69' lang='lat' dir='ltr'><strong>Romae</strong></span> 
     </span>
    </p>
   </div>
   <div class='ocr_carea' id='block_1_67' title="bbox 171 4606 1820 4684">
    <p class='ocr_par' dir='ltr' id='par_1_67' title="bbox 171 4606 1820 4684">
     <span class='ocr_line' id='line_1_68' title="bbox 171 4606 1820 4684; baseline -0.001 -20"><span class='ocrx_word' id='word_1_535' title='bbox 171 4611 269 4666; x_wconf 93' lang='lat' dir='ltr'><strong>uni</strong></span> <span class='ocrx_word' id='word_1_536' title='bbox 299 4611 516 4684; x_wconf 91' lang='lat' dir='ltr'><strong>populo</strong></span> <span class='ocrx_word' id='word_1_537' title='bbox 566 4609 888 4678; x_wconf 88' lang='lat' dir='ltr'><strong>consulere,</strong></span> <span class='ocrx_word' id='word_1_538' title='bbox 923 4612 1024 4664; x_wconf 90' lang='lat' dir='ltr'><strong>aut</strong></span> <span class='ocrx_word' id='word_1_539' title='bbox 1053 4607 1239 4664; x_wconf 90' lang='lat' dir='ltr'><strong>solam</strong></span> <span class='ocrx_word' id='word_1_540' title='bbox 1282 4607 1517 4680; x_wconf 80' lang='lat' dir='ltr'><strong>frugum</strong></span> <span class='ocrx_word' id='word_1_541' title='bbox 1568 4606 1820 4663; x_wconf 87' lang='lat' dir='ltr'><strong>fertilem</strong></span> 
     </span>
    </p>
   </div>
   <div class='ocr_carea' id='block_1_68' title="bbox 169 4696 1820 4768">
    <p class='ocr_par' dir='ltr' id='par_1_68' title="bbox 169 4696 1820 4768">
     <span class='ocr_line' id='line_1_69' title="bbox 169 4696 1820 4768; baseline -0.002 -14"><span class='ocrx_word' id='word_1_542' title='bbox 169 4698 388 4756; x_wconf 88' lang='lat' dir='ltr'><strong>Italiam</strong></span> <span class='ocrx_word' id='word_1_543' title='bbox 423 4700 611 4756; x_wconf 90' lang='lat' dir='ltr'><strong>imbre</strong></span> <span class='ocrx_word' id='word_1_544' title='bbox 655 4698 909 4755; x_wconf 74' lang='lat' dir='ltr'><strong>cmlestis</strong></span> <span class='ocrx_word' id='word_1_545' title='bbox 930 4697 1088 4754; x_wconf 87' lang='lat' dir='ltr'><strong>verbi</strong></span> <span class='ocrx_word' id='word_1_546' title='bbox 1118 4697 1383 4768; x_wconf 86' lang='lat' dir='ltr'><strong>irrigare,</strong></span> <span class='ocrx_word' id='word_1_547' title='bbox 1406 4710 1607 4750; x_wconf 89' lang='lat' dir='ltr'><strong>verum</strong></span> <span class='ocrx_word' id='word_1_548' title='bbox 1643 4696 1820 4752; x_wconf 90' lang='lat' dir='ltr'><strong>etiam</strong></span> 
     </span>
    </p>
   </div>
   <div class='ocr_carea' id='block_1_69' title="bbox 168 4783 1819 4861">
    <p class='ocr_par' dir='ltr' id='par_1_69' title="bbox 168 4783 1819 4861">
     <span class='ocr_line' id='line_1_70' title="bbox 168 4783 1819 4861; baseline -0.001 -20"><span class='ocrx_word' id='word_1_549' title='bbox 168 4785 492 4860; x_wconf 87' lang='lat' dir='ltr'><strong>Cisalpinas</strong></span> <span class='ocrx_word' id='word_1_550' title='bbox 538 4787 828 4844; x_wconf 89' lang='lat' dir='ltr'><strong>Ecclesias</strong></span> <span class='ocrx_word' id='word_1_551' title='bbox 876 4785 1141 4861; x_wconf 81' lang='lat' dir='ltr'><strong>synodali</strong></span> <span class='ocrx_word' id='word_1_552' title='bbox 1171 4783 1454 4841; x_wconf 90' lang='lat' dir='ltr'><strong>scrutinio</strong></span> <span class='ocrx_word' id='word_1_553' title='bbox 1505 4783 1711 4839; x_wconf 90' lang='lat' dir='ltr'><strong>circuit</strong></span> <span class='ocrx_word' id='word_1_554' title='bbox 1762 4789 1819 4840; x_wconf 89' lang='lat' dir='ltr'><strong>et</strong></span> 
     </span>
    </p>
   </div>
   <div class='ocr_carea' id='block_1_70' title="bbox 167 4873 1819 4950">
    <p class='ocr_par' dir='ltr' id='par_1_70' title="bbox 167 4873 1819 4950">
     <span class='ocr_line' id='line_1_71' title="bbox 167 4873 1819 4950; baseline -0.001 -22"><span class='ocrx_word' id='word_1_555' title='bbox 167 4873 399 4944; x_wconf 88' lang='lat' dir='ltr'><strong>lustrat,</strong></span> <span class='ocrx_word' id='word_1_556' title='bbox 431 4881 490 4933; x_wconf 91' lang='lat' dir='ltr'><strong>et</strong></span> <span class='ocrx_word' id='word_1_557' title='bbox 519 4877 569 4932; x_wconf 92' lang='lat' dir='ltr'><strong>si</strong></span> <span class='ocrx_word' id='word_1_558' title='bbox 600 4878 739 4950; x_wconf 88' lang='lat' dir='ltr'><strong>quid</strong></span> <span class='ocrx_word' id='word_1_559' title='bbox 784 4875 1096 4941; x_wconf 87' lang='lat' dir='ltr'><strong>incultum,</strong></span> <span class='ocrx_word' id='word_1_560' title='bbox 1129 4878 1185 4929; x_wconf 92' lang='lat' dir='ltr'><strong>et</strong></span> <span class='ocrx_word' id='word_1_561' title='bbox 1214 4891 1248 4929; x_wconf 90' lang='lat' dir='ltr'><strong>a</strong></span> <span class='ocrx_word' id='word_1_562' title='bbox 1277 4889 1483 4928; x_wconf 89' lang='lat' dir='ltr'><strong>norma</strong></span> <span class='ocrx_word' id='word_1_563' title='bbox 1514 4873 1819 4928; x_wconf 90' lang='lat' dir='ltr'><strong>rectitudi-</strong></span> 
     </span>
    </p>
   </div>
   <div class='ocr_carea' id='block_1_71' title="bbox 166 4961 1819 5033">
    <p class='ocr_par' dir='ltr' id='par_1_71' title="bbox 166 4961 1819 5033">
     <span class='ocr_line' id='line_1_72' title="bbox 166 4961 1819 5033; baseline 0.001 -16"><span class='ocrx_word' id='word_1_564' title='bbox 166 4964 256 5020; x_wconf 90' lang='lat' dir='ltr'><strong>nis</strong></span> <span class='ocrx_word' id='word_1_565' title='bbox 276 4965 595 5022; x_wconf 85' lang='lat' dir='ltr'><strong>distortum</strong></span> <span class='ocrx_word' id='word_1_566' title='bbox 616 4965 848 5033; x_wconf 83' lang='lat' dir='ltr'><strong>invexit,</strong></span> <span class='ocrx_word' id='word_1_567' title='bbox 866 4982 1000 5021; x_wconf 86' lang='lat' dir='ltr'><strong>mox</strong></span> <span class='ocrx_word' id='word_1_568' title='bbox 1017 4961 1409 5019; x_wconf 88' lang='lat' dir='ltr'><strong>ecclesiastica</strong></span> <span class='ocrx_word' id='word_1_569' title='bbox 1429 4979 1676 5018; x_wconf 91' lang='lat' dir='ltr'><strong>censura</strong></span> <span class='ocrx_word' id='word_1_570' title='bbox 1699 4979 1819 5019; x_wconf 89' lang='lat' dir='ltr'><strong>cor-</strong></span> 
     </span>
    </p>
   </div>
   <div class='ocr_carea' id='block_1_72' title="bbox 166 5050 1819 5127">
    <p class='ocr_par' dir='ltr' id='par_1_72' title="bbox 166 5050 1819 5127">
     <span class='ocr_line' id='line_1_73' title="bbox 166 5050 1819 5127; baseline 0.001 -22"><span class='ocrx_word' id='word_1_571' title='bbox 166 5051 306 5125; x_wconf 89' lang='lat' dir='ltr'><strong>ripit</strong></span> <span class='ocrx_word' id='word_1_572' title='bbox 332 5071 399 5110; x_wconf 88' lang='lat' dir='ltr'><strong>ac</strong></span> <span class='ocrx_word' id='word_1_573' title='bbox 443 5054 646 5127; x_wconf 89' lang='lat' dir='ltr'><strong>regula</strong></span> <span class='ocrx_word' id='word_1_574' title='bbox 681 5055 927 5125; x_wconf 72' lang='lat' dir='ltr'><strong>justitize</strong></span> <span class='ocrx_word' id='word_1_575' title='bbox 975 5052 1248 5108; x_wconf 85' lang='lat' dir='ltr'><strong>emendat</strong></span> <span class='ocrx_word' id='word_1_576' title='bbox 1293 5055 1348 5106; x_wconf 91' lang='lat' dir='ltr'><strong>et</strong></span> <span class='ocrx_word' id='word_1_577' title='bbox 1397 5050 1653 5122; x_wconf 88' lang='lat' dir='ltr'><strong>corrigit.</strong></span> <span class='ocrx_word' id='word_1_578' title='bbox 1690 5053 1819 5118; x_wconf 82' lang='lat' dir='ltr'><strong>Ave,</strong></span> 
     </span>
    </p>
   </div>
   <div class='ocr_carea' id='block_1_73' title="bbox 165 5138 1822 5220">
    <p class='ocr_par' dir='ltr' id='par_1_73' title="bbox 165 5138 1822 5220">
     <span class='ocr_line' id='line_1_74' title="bbox 165 5138 1822 5220; baseline 0.001 -25"><span class='ocrx_word' id='word_1_579' title='bbox 165 5140 350 5210; x_wconf 89' lang='lat' dir='ltr'><strong>Pater,</strong></span> <span class='ocrx_word' id='word_1_580' title='bbox 375 5160 529 5215; x_wconf 87' lang='lat' dir='ltr'><strong>papa</strong></span> <span class='ocrx_word' id='word_1_581' title='bbox 553 5143 860 5198; x_wconf 88' lang='lat' dir='ltr'><strong>mirabilis.</strong></span> <span class='ocrx_word' id='word_1_582' title='bbox 883 5145 996 5197; x_wconf 84' lang='lat' dir='ltr'><strong>Ave</strong></span> <span class='ocrx_word' id='word_1_583' title='bbox 1022 5138 1339 5213; x_wconf 76' lang='lat' dir='ltr'><strong>praesulum</strong></span> <span class='ocrx_word' id='word_1_584' title='bbox 1364 5139 1578 5210; x_wconf 69' lang='lat' dir='ltr'><strong>praesul</strong></span> <span class='ocrx_word' id='word_1_585' title='bbox 1599 5141 1822 5220; x_wconf 79' lang='lat' dir='ltr'><strong>specia-</strong></span> 
     </span>
    </p>
   </div>
   <div class='ocr_carea' id='block_1_74' title="bbox 167 5227 1819 5304">
    <p class='ocr_par' dir='ltr' id='par_1_74' title="bbox 167 5227 1819 5304">
     <span class='ocr_line' id='line_1_75' title="bbox 167 5227 1819 5304; baseline 0 -20"><span class='ocrx_word' id='word_1_586' title='bbox 167 5228 269 5299; x_wconf 88' lang='lat' dir='ltr'><strong>lis;</strong></span> <span class='ocrx_word' id='word_1_587' title='bbox 304 5248 428 5300; x_wconf 90' lang='lat' dir='ltr'><strong>ave,</strong></span> <span class='ocrx_word' id='word_1_588' title='bbox 461 5232 729 5304; x_wconf 90' lang='lat' dir='ltr'><strong>inquam,</strong></span> <span class='ocrx_word' id='word_1_589' title='bbox 762 5231 859 5287; x_wconf 90' lang='lat' dir='ltr'><strong>illa</strong></span> <span class='ocrx_word' id='word_1_590' title='bbox 899 5231 1056 5304; x_wconf 89' lang='lat' dir='ltr'><strong>ignis</strong></span> <span class='ocrx_word' id='word_1_591' title='bbox 1086 5227 1382 5297; x_wconf 89' lang='lat' dir='ltr'><strong>columna,</strong></span> <span class='ocrx_word' id='word_1_592' title='bbox 1413 5227 1554 5283; x_wconf 92' lang='lat' dir='ltr'><strong>olim</strong></span> <span class='ocrx_word' id='word_1_593' title='bbox 1590 5229 1819 5286; x_wconf 88' lang='lat' dir='ltr'><strong>Israeli-</strong></span> 
     </span>
    </p>
   </div>
   <div class='ocr_carea' id='block_1_75' title="bbox 168 5317 1823 5392">
    <p class='ocr_par' dir='ltr' id='par_1_75' title="bbox 168 5317 1823 5392">
     <span class='ocr_line' id='line_1_76' title="bbox 168 5317 1823 5392; baseline 0.001 -20"><span class='ocrx_word' id='word_1_594' title='bbox 168 5318 280 5375; x_wconf 91' lang='lat' dir='ltr'><strong>tico</strong></span> <span class='ocrx_word' id='word_1_595' title='bbox 310 5319 527 5392; x_wconf 92' lang='lat' dir='ltr'><strong>populo</strong></span> <span class='ocrx_word' id='word_1_596' title='bbox 559 5321 788 5392; x_wconf 83' lang='lat' dir='ltr'><strong>praevia,</strong></span> <span class='ocrx_word' id='word_1_597' title='bbox 823 5320 921 5392; x_wconf 92' lang='lat' dir='ltr'><strong>qui</strong></span> <span class='ocrx_word' id='word_1_598' title='bbox 955 5319 1194 5392; x_wconf 70' lang='lat' dir='ltr'><strong>prmdux</strong></span> <span class='ocrx_word' id='word_1_599' title='bbox 1229 5317 1513 5372; x_wconf 84' lang='lat' dir='ltr'><strong>inoll‘enso</strong></span> <span class='ocrx_word' id='word_1_600' title='bbox 1546 5317 1688 5374; x_wconf 91' lang='lat' dir='ltr'><strong>calle</strong></span> <span class='ocrx_word' id='word_1_601' title='bbox 1720 5336 1823 5391; x_wconf 90' lang='lat' dir='ltr'><strong>per</strong></span> 
     </span>
    </p>
   </div>
   <div class='ocr_carea' id='block_1_76' title="bbox 168 5405 1824 5481">
    <p class='ocr_par' dir='ltr' id='par_1_76' title="bbox 168 5405 1824 5481">
     <span class='ocr_line' id='line_1_77' title="bbox 168 5405 1824 5481; baseline 0 -18"><span class='ocrx_word' id='word_1_602' title='bbox 168 5414 395 5464; x_wconf 84' lang='lat' dir='ltr'><strong>vastam</strong></span> <span class='ocrx_word' id='word_1_603' title='bbox 428 5411 634 5466; x_wconf 91' lang='lat' dir='ltr'><strong>mundi</strong></span> <span class='ocrx_word' id='word_1_604' title='bbox 659 5411 838 5481; x_wconf 90' lang='lat' dir='ltr'><strong>hujus</strong></span> <span class='ocrx_word' id='word_1_605' title='bbox 861 5407 1236 5466; x_wconf 91' lang='lat' dir='ltr'><strong>solitudinem</strong></span> <span class='ocrx_word' id='word_1_606' title='bbox 1259 5405 1542 5478; x_wconf 91' lang='lat' dir='ltr'><strong>populum</strong></span> <span class='ocrx_word' id='word_1_607' title='bbox 1569 5408 1663 5462; x_wconf 92' lang='lat' dir='ltr'><strong>Dei</strong></span> <span class='ocrx_word' id='word_1_608' title='bbox 1693 5425 1824 5464; x_wconf 87' lang='lat' dir='ltr'><strong>san-</strong></span> 
     </span>
    </p>
   </div>
   <div class='ocr_carea' id='block_1_77' title="bbox 168 5495 1820 5569">
    <p class='ocr_par' dir='ltr' id='par_1_77' title="bbox 168 5495 1820 5569">
     <span class='ocr_line' id='line_1_78' title="bbox 168 5495 1820 5569; baseline 0.001 -18"><span class='ocrx_word' id='word_1_609' title='bbox 168 5500 324 5552; x_wconf 90' lang='lat' dir='ltr'><strong>ctum</strong></span> <span class='ocrx_word' id='word_1_610' title='bbox 357 5498 630 5569; x_wconf 88' lang='lat' dir='ltr'><strong>provehis</strong></span> <span class='ocrx_word' id='word_1_611' title='bbox 662 5500 732 5554; x_wconf 88' lang='lat' dir='ltr'><strong>ad</strong></span> <span class='ocrx_word' id='word_1_612' title='bbox 764 5499 1058 5556; x_wconf 67' lang='lat' dir='ltr'><strong>caelestem</strong></span> <span class='ocrx_word' id='word_1_613' title='bbox 1088 5495 1436 5560; x_wconf 88' lang='lat' dir='ltr'><strong>Jerusalem,</strong></span> <span class='ocrx_word' id='word_1_614' title='bbox 1468 5513 1667 5552; x_wconf 88' lang='lat' dir='ltr'><strong>veram</strong></span> <span class='ocrx_word' id='word_1_615' title='bbox 1700 5502 1820 5552; x_wconf 88' lang='lat' dir='ltr'><strong>ter-</strong></span> 
     </span>
    </p>
   </div>
   <div class='ocr_carea' id='block_1_78' title="bbox 167 5585 1820 5660">
    <p class='ocr_par' dir='ltr' id='par_1_78' title="bbox 167 5585 1820 5660">
     <span class='ocr_line' id='line_1_79' title="bbox 167 5585 1820 5660; baseline 0.001 -19"><span class='ocrx_word' id='word_1_616' title='bbox 167 5603 292 5644; x_wconf 88' lang='lat' dir='ltr'><strong>ram</strong></span> <span class='ocrx_word' id='word_1_617' title='bbox 319 5587 814 5657; x_wconf 88' lang='lat' dir='ltr'><strong>repromissionis.</strong></span> <span class='ocrx_word' id='word_1_618' title='bbox 850 5588 1033 5660; x_wconf 89' lang='lat' dir='ltr'><strong>Igitur</strong></span> <span class='ocrx_word' id='word_1_619' title='bbox 1073 5585 1391 5658; x_wconf 89' lang='lat' dir='ltr'><strong>impleatur</strong></span> <span class='ocrx_word' id='word_1_620' title='bbox 1441 5602 1505 5640; x_wconf 90' lang='lat' dir='ltr'><strong>os</strong></span> <span class='ocrx_word' id='word_1_621' title='bbox 1555 5590 1820 5642; x_wconf 89' lang='lat' dir='ltr'><strong>nostrum</strong></span> 
     </span>
    </p>
   </div>
   <div class='ocr_carea' id='block_1_79' title="bbox 1929 4519 3584 4594">
    <p class='ocr_par' dir='ltr' id='par_1_79' title="bbox 1929 4519 3584 4594">
     <span class='ocr_line' id='line_1_80' title="bbox 1929 4519 3584 4594; baseline 0.004 -20"><span class='ocrx_word' id='word_1_622' title='bbox 1929 4522 2051 4574; x_wconf 84' lang='lat' dir='ltr'><strong>stra</strong></span> <span class='ocrx_word' id='word_1_623' title='bbox 2081 4519 2359 4573; x_wconf 87' lang='lat' dir='ltr'><strong>mandata</strong></span> <span class='ocrx_word' id='word_1_624' title='bbox 2386 4523 2587 4574; x_wconf 70' lang='lat' dir='ltr'><strong>vestra:</strong></span> <span class='ocrx_word' id='word_1_625' title='bbox 2631 4519 2938 4592; x_wconf 88' lang='lat' dir='ltr'><strong>legationis</strong></span> <span class='ocrx_word' id='word_1_626' title='bbox 2979 4524 3402 4594; x_wconf 71' lang='lat' dir='ltr'><strong>praaferentem,</strong></span> <span class='ocrx_word' id='word_1_627' title='bbox 3438 4529 3495 4580; x_wconf 91' lang='lat' dir='ltr'><strong>et</strong></span> <span class='ocrx_word' id='word_1_628' title='bbox 3525 4525 3584 4580; x_wconf 90' lang='lat' dir='ltr'><strong>in</strong></span> 
     </span>
    </p>
   </div>
   <div class='ocr_carea' id='block_1_80' title="bbox 1927 4607 3585 4684">
    <p class='ocr_par' dir='ltr' id='par_1_80' title="bbox 1927 4607 3585 4684">
     <span class='ocr_line' id='line_1_81' title="bbox 1927 4607 3585 4684; baseline 0.002 -20"><span class='ocrx_word' id='word_1_629' title='bbox 1927 4607 2324 4664; x_wconf 83' lang='lat' dir='ltr'><strong>defensionem</strong></span> <span class='ocrx_word' id='word_1_630' title='bbox 2359 4607 2471 4663; x_wconf 91' lang='lat' dir='ltr'><strong>mei</strong></span> <span class='ocrx_word' id='word_1_631' title='bbox 2505 4609 2892 4680; x_wconf 86' lang='lat' dir='ltr'><strong>patrocinium</strong></span> <span class='ocrx_word' id='word_1_632' title='bbox 2913 4612 3242 4684; x_wconf 66' lang='lat' dir='ltr'><strong>apostolicae</strong></span> <span class='ocrx_word' id='word_1_633' title='bbox 3275 4614 3585 4670; x_wconf 89' lang='lat' dir='ltr'><strong>auctorita-</strong></span> 
     </span>
    </p>
   </div>
   <div class='ocr_carea' id='block_1_81' title="bbox 1927 4697 3587 4758">
    <p class='ocr_par' dir='ltr' id='par_1_81' title="bbox 1927 4697 3587 4758">
     <span class='ocr_line' id='line_1_82' title="bbox 1927 4697 3587 4758; baseline 0.002 -5"><span class='ocrx_word' id='word_1_634' title='bbox 1927 4697 2002 4754; x_wconf 87' lang='lat' dir='ltr'><strong>tis</strong></span> <span class='ocrx_word' id='word_1_635' title='bbox 2031 4702 2354 4753; x_wconf 85' lang='lat' dir='ltr'><strong>vocantcm.</strong></span> <span class='ocrx_word' id='word_1_636' title='bbox 2389 4697 2563 4753; x_wconf 90' lang='lat' dir='ltr'><strong>Porro</strong></span> <span class='ocrx_word' id='word_1_637' title='bbox 2593 4697 2714 4754; x_wconf 70' lang='lat' dir='ltr'><strong>haec</strong></span> <span class='ocrx_word' id='word_1_638' title='bbox 2745 4699 3020 4756; x_wconf 90' lang='lat' dir='ltr'><strong>Italorum</strong></span> <span class='ocrx_word' id='word_1_639' title='bbox 3052 4701 3110 4756; x_wconf 93' lang='lat' dir='ltr'><strong>in</strong></span> <span class='ocrx_word' id='word_1_640' title='bbox 3145 4702 3587 4758; x_wconf 84' lang='lat' dir='ltr'><strong>Northmannos</strong></span> 
     </span>
    </p>
   </div>
   <div class='ocr_carea' id='block_1_82' title="bbox 1927 4786 3588 4862">
    <p class='ocr_par' dir='ltr' id='par_1_82' title="bbox 1927 4786 3588 4862">
     <span class='ocr_line' id='line_1_83' title="bbox 1927 4786 3588 4862; baseline 0.002 -20"><span class='ocrx_word' id='word_1_641' title='bbox 1927 4786 2145 4842; x_wconf 86' lang='lat' dir='ltr'><strong>invidia</strong></span> <span class='ocrx_word' id='word_1_642' title='bbox 2174 4788 2318 4842; x_wconf 89' lang='lat' dir='ltr'><strong>adeo</strong></span> <span class='ocrx_word' id='word_1_643' title='bbox 2357 4787 2592 4850; x_wconf 87' lang='lat' dir='ltr'><strong>exarsit,</strong></span> <span class='ocrx_word' id='word_1_644' title='bbox 2626 4791 2684 4842; x_wconf 91' lang='lat' dir='ltr'><strong>et</strong></span> <span class='ocrx_word' id='word_1_645' title='bbox 2721 4788 2847 4858; x_wconf 87' lang='lat' dir='ltr'><strong>jam</strong></span> <span class='ocrx_word' id='word_1_646' title='bbox 2903 4789 3157 4856; x_wconf 86' lang='lat' dir='ltr'><strong>inolevit,</strong></span> <span class='ocrx_word' id='word_1_647' title='bbox 3192 4794 3255 4844; x_wconf 91' lang='lat' dir='ltr'><strong>ut</strong></span> <span class='ocrx_word' id='word_1_648' title='bbox 3285 4805 3432 4862; x_wconf 88' lang='lat' dir='ltr'><strong>pene</strong></span> <span class='ocrx_word' id='word_1_649' title='bbox 3482 4807 3588 4862; x_wconf 89' lang='lat' dir='ltr'><strong>per</strong></span> 
     </span>
    </p>
   </div>
   <div class='ocr_carea' id='block_1_83' title="bbox 1929 4875 3583 4949">
    <p class='ocr_par' dir='ltr' id='par_1_83' title="bbox 1929 4875 3583 4949">
     <span class='ocr_line' id='line_1_84' title="bbox 1929 4875 3583 4949; baseline 0.001 -17"><span class='ocrx_word' id='word_1_650' title='bbox 1929 4876 2128 4932; x_wconf 90' lang='lat' dir='ltr'><strong>omnia</strong></span> <span class='ocrx_word' id='word_1_651' title='bbox 2157 4875 2330 4932; x_wconf 68' lang='lat' dir='ltr'><strong>Italiae</strong></span> <span class='ocrx_word' id='word_1_652' title='bbox 2356 4875 2642 4931; x_wconf 91' lang='lat' dir='ltr'><strong>suburbia</strong></span> <span class='ocrx_word' id='word_1_653' title='bbox 2669 4877 2763 4931; x_wconf 88' lang='lat' dir='ltr'><strong>vix</strong></span> <span class='ocrx_word' id='word_1_654' title='bbox 2795 4895 3056 4949; x_wconf 88' lang='lat' dir='ltr'><strong>unquam</strong></span> <span class='ocrx_word' id='word_1_655' title='bbox 3089 4878 3191 4932; x_wconf 93' lang='lat' dir='ltr'><strong>ulli</strong></span> <span class='ocrx_word' id='word_1_656' title='bbox 3223 4876 3583 4934; x_wconf 88' lang='lat' dir='ltr'><strong>Northman-</strong></span> 
     </span>
    </p>
   </div>
   <div class='ocr_carea' id='block_1_84' title="bbox 1930 4965 3583 5038">
    <p class='ocr_par' dir='ltr' id='par_1_84' title="bbox 1930 4965 3583 5038">
     <span class='ocr_line' id='line_1_85' title="bbox 1930 4965 3583 5038; baseline 0.001 -16"><span class='ocrx_word' id='word_1_657' title='bbox 1930 4982 2140 5022; x_wconf 89' lang='lat' dir='ltr'><strong>norum</strong></span> <span class='ocrx_word' id='word_1_658' title='bbox 2171 4965 2344 5020; x_wconf 89' lang='lat' dir='ltr'><strong>liccat</strong></span> <span class='ocrx_word' id='word_1_659' title='bbox 2373 4968 2567 5020; x_wconf 90' lang='lat' dir='ltr'><strong>tutum</strong></span> <span class='ocrx_word' id='word_1_660' title='bbox 2613 4965 2723 5020; x_wconf 89' lang='lat' dir='ltr'><strong>iter</strong></span> <span class='ocrx_word' id='word_1_661' title='bbox 2766 4983 3021 5038; x_wconf 87' lang='lat' dir='ltr'><strong>carpere,</strong></span> <span class='ocrx_word' id='word_1_662' title='bbox 3047 4966 3276 5021; x_wconf 88' lang='lat' dir='ltr'><strong>etiamsi</strong></span> <span class='ocrx_word' id='word_1_663' title='bbox 3309 4965 3386 5021; x_wconf 91' lang='lat' dir='ltr'><strong>sit</strong></span> <span class='ocrx_word' id='word_1_664' title='bbox 3417 4983 3583 5038; x_wconf 87' lang='lat' dir='ltr'><strong>pere-</strong></span> 
     </span>
    </p>
   </div>
   <div class='ocr_carea' id='block_1_85' title="bbox 1933 5053 3582 5127">
    <p class='ocr_par' dir='ltr' id='par_1_85' title="bbox 1933 5053 3582 5127">
     <span class='ocr_line' id='line_1_86' title="bbox 1933 5053 3582 5127; baseline 0.002 -19"><span class='ocrx_word' id='word_1_665' title='bbox 1933 5054 2099 5127; x_wconf 86' lang='lat' dir='ltr'><strong>grina</strong></span> <span class='ocrx_word' id='word_1_666' title='bbox 2127 5053 2448 5116; x_wconf 87' lang='lat' dir='ltr'><strong>devotione,</strong></span> <span class='ocrx_word' id='word_1_667' title='bbox 2473 5053 2614 5123; x_wconf 87' lang='lat' dir='ltr'><strong>quin</strong></span> <span class='ocrx_word' id='word_1_668' title='bbox 2639 5053 2970 5121; x_wconf 84' lang='lat' dir='ltr'><strong>assaliatur,</strong></span> <span class='ocrx_word' id='word_1_669' title='bbox 2994 5054 3279 5124; x_wconf 86' lang='lat' dir='ltr'><strong>trahatur,</strong></span> <span class='ocrx_word' id='word_1_670' title='bbox 3305 5055 3582 5121; x_wconf 88' lang='lat' dir='ltr'><strong>nudetur,</strong></span> 
     </span>
    </p>
   </div>
   <div class='ocr_carea' id='block_1_86' title="bbox 1931 5140 3582 5216">
    <p class='ocr_par' dir='ltr' id='par_1_86' title="bbox 1931 5140 3582 5216">
     <span class='ocr_line' id='line_1_87' title="bbox 1931 5140 3582 5216; baseline 0.001 -17"><span class='ocrx_word' id='word_1_671' title='bbox 1931 5141 2344 5214; x_wconf 88' lang='lat' dir='ltr'><strong>colaphizetur,</strong></span> <span class='ocrx_word' id='word_1_672' title='bbox 2359 5140 2610 5196; x_wconf 90' lang='lat' dir='ltr'><strong>vinculis</strong></span> <span class='ocrx_word' id='word_1_673' title='bbox 2642 5141 2936 5213; x_wconf 86' lang='lat' dir='ltr'><strong>religetur,</strong></span> <span class='ocrx_word' id='word_1_674' title='bbox 2964 5159 3114 5216; x_wconf 73' lang='lat' dir='ltr'><strong>saepe</strong></span> <span class='ocrx_word' id='word_1_675' title='bbox 3143 5143 3318 5199; x_wconf 84' lang='lat' dir='ltr'><strong>etiam</strong></span> <span class='ocrx_word' id='word_1_676' title='bbox 3349 5143 3582 5200; x_wconf 89' lang='lat' dir='ltr'><strong>tristem</strong></span> 
     </span>
    </p>
   </div>
   <div class='ocr_carea' id='block_1_87' title="bbox 1930 5228 3588 5303">
    <p class='ocr_par' dir='ltr' id='par_1_87' title="bbox 1930 5228 3588 5303">
     <span class='ocr_line' id='line_1_88' title="bbox 1930 5228 3588 5303; baseline 0.002 -15"><span class='ocrx_word' id='word_1_677' title='bbox 1930 5231 2160 5288; x_wconf 80' lang='lat' dir='ltr'><strong>exhalet</strong></span> <span class='ocrx_word' id='word_1_678' title='bbox 2191 5229 2482 5302; x_wconf 90' lang='lat' dir='ltr'><strong>spiritum,</strong></span> <span class='ocrx_word' id='word_1_679' title='bbox 2517 5228 2690 5302; x_wconf 91' lang='lat' dir='ltr'><strong>longo</strong></span> <span class='ocrx_word' id='word_1_680' title='bbox 2725 5231 2976 5286; x_wconf 89' lang='lat' dir='ltr'><strong>carceris</strong></span> <span class='ocrx_word' id='word_1_681' title='bbox 3007 5231 3297 5303; x_wconf 89' lang='lat' dir='ltr'><strong>squallore</strong></span> <span class='ocrx_word' id='word_1_682' title='bbox 3330 5250 3588 5291; x_wconf 86' lang='lat' dir='ltr'><strong>macera-</strong></span> 
     </span>
    </p>
   </div>
   <div class='ocr_carea' id='block_1_88' title="bbox 1931 5317 3582 5394">
    <p class='ocr_par' dir='ltr' id='par_1_88' title="bbox 1931 5317 3582 5394">
     <span class='ocr_line' id='line_1_89' title="bbox 1931 5317 3582 5394; baseline 0.001 -18"><span class='ocrx_word' id='word_1_683' title='bbox 1931 5326 2047 5376; x_wconf 91' lang='lat' dir='ltr'><strong>tus.</strong></span> <span class='ocrx_word' id='word_1_684' title='bbox 2081 5319 2244 5376; x_wconf 89' lang='lat' dir='ltr'><strong>Unde</strong></span> <span class='ocrx_word' id='word_1_685' title='bbox 2279 5321 2475 5373; x_wconf 92' lang='lat' dir='ltr'><strong>notum</strong></span> <span class='ocrx_word' id='word_1_686' title='bbox 2512 5317 2611 5371; x_wconf 85' lang='lat' dir='ltr'><strong>tibi</strong></span> <span class='ocrx_word' id='word_1_687' title='bbox 2647 5317 2740 5383; x_wconf 85' lang='lat' dir='ltr'><strong>sit,</strong></span> <span class='ocrx_word' id='word_1_688' title='bbox 2770 5317 3110 5375; x_wconf 68' lang='lat' dir='ltr'><strong>Christiana:</strong></span> <span class='ocrx_word' id='word_1_689' title='bbox 3155 5319 3342 5394; x_wconf 88' lang='lat' dir='ltr'><strong>plebis</strong></span> <span class='ocrx_word' id='word_1_690' title='bbox 3371 5322 3582 5378; x_wconf 86' lang='lat' dir='ltr'><strong>huma-</strong></span> 
     </span>
    </p>
   </div>
   <div class='ocr_carea' id='block_1_89' title="bbox 1931 5406 3581 5484">
    <p class='ocr_par' dir='ltr' id='par_1_89' title="bbox 1931 5406 3581 5484">
     <span class='ocr_line' id='line_1_90' title="bbox 1931 5406 3581 5484; baseline 0.001 -20"><span class='ocrx_word' id='word_1_691' title='bbox 1931 5409 2176 5465; x_wconf 89' lang='lat' dir='ltr'><strong>nissime</strong></span> <span class='ocrx_word' id='word_1_692' title='bbox 2209 5409 2395 5473; x_wconf 87' lang='lat' dir='ltr'><strong>Pater,</strong></span> <span class='ocrx_word' id='word_1_693' title='bbox 2421 5407 2558 5479; x_wconf 82' lang='lat' dir='ltr'><strong>quia</strong></span> <span class='ocrx_word' id='word_1_694' title='bbox 2590 5406 2698 5462; x_wconf 84' lang='lat' dir='ltr'><strong>nisi</strong></span> <span class='ocrx_word' id='word_1_695' title='bbox 2747 5408 3008 5464; x_wconf 76' lang='lat' dir='ltr'><strong>Romana</strong></span> <span class='ocrx_word' id='word_1_696' title='bbox 3040 5412 3224 5482; x_wconf 87' lang='lat' dir='ltr'><strong>pietas</strong></span> <span class='ocrx_word' id='word_1_697' title='bbox 3263 5412 3581 5484; x_wconf 81' lang='lat' dir='ltr'><strong>apostolica</strong></span> 
     </span>
    </p>
   </div>
   <div class='ocr_carea' id='block_1_90' title="bbox 1930 5495 3581 5572">
    <p class='ocr_par' dir='ltr' id='par_1_90' title="bbox 1930 5495 3581 5572">
     <span class='ocr_line' id='line_1_91' title="bbox 1930 5495 3581 5572; baseline 0.002 -18"><span class='ocrx_word' id='word_1_698' title='bbox 1930 5497 2336 5554; x_wconf 86' lang='lat' dir='ltr'><strong>interdictione</strong></span> <span class='ocrx_word' id='word_1_699' title='bbox 2368 5495 2678 5551; x_wconf 75' lang='lat' dir='ltr'><strong>aboleverit</strong></span> <span class='ocrx_word' id='word_1_700' title='bbox 2727 5498 2875 5552; x_wconf 84' lang='lat' dir='ltr'><strong>hanc</strong></span> <span class='ocrx_word' id='word_1_701' title='bbox 2920 5498 3414 5572; x_wconf 89' lang='lat' dir='ltr'><strong>indisciplinatam</strong></span> <span class='ocrx_word' id='word_1_702' title='bbox 3448 5503 3581 5558; x_wconf 81' lang='lat' dir='ltr'><strong>bar-</strong></span> 
     </span>
    </p>
   </div>
   <div class='ocr_carea' id='block_1_91' title="bbox 1931 5585 3581 5665">
    <p class='ocr_par' dir='ltr' id='par_1_91' title="bbox 1931 5585 3581 5665">
     <span class='ocr_line' id='line_1_92' title="bbox 1931 5585 3581 5665; baseline 0.002 -23"><span class='ocrx_word' id='word_1_703' title='bbox 1931 5585 2173 5652; x_wconf 82' lang='lat' dir='ltr'><strong>bariem,</strong></span> <span class='ocrx_word' id='word_1_704' title='bbox 2209 5591 2263 5640; x_wconf 89' lang='lat' dir='ltr'><strong>et</strong></span> <span class='ocrx_word' id='word_1_705' title='bbox 2294 5585 2545 5641; x_wconf 85' lang='lat' dir='ltr'><strong>maxime</strong></span> <span class='ocrx_word' id='word_1_706' title='bbox 2579 5586 2634 5641; x_wconf 91' lang='lat' dir='ltr'><strong>in</strong></span> <span class='ocrx_word' id='word_1_707' title='bbox 2668 5586 2936 5661; x_wconf 87' lang='lat' dir='ltr'><strong>specialis</strong></span> <span class='ocrx_word' id='word_1_708' title='bbox 2969 5590 3060 5647; x_wconf 92' lang='lat' dir='ltr'><strong>sui</strong></span> <span class='ocrx_word' id='word_1_709' title='bbox 3096 5590 3268 5663; x_wconf 86' lang='lat' dir='ltr'><strong>legati</strong></span> <span class='ocrx_word' id='word_1_710' title='bbox 3299 5591 3581 5665; x_wconf 88' lang='lat' dir='ltr'><strong>injuriam</strong></span> 
     </span>
    </p>
   </div>
  </div>
