  <div class='ocr_page' id='page_1' title='image "/cluster/home/n/w/nwhite01/storage/ocr_20150623/143/uva.x000829790/413.png"; bbox 0 0 3966 6212; ppageno 0'>
   <div class='ocr_carea' id='block_1_1' title="bbox 366 303 482 373">
    <p class='ocr_par' dir='ltr' id='par_1_1' title="bbox 366 303 482 373">
     <span class='ocr_line' id='line_1_1' title="bbox 366 303 482 373; baseline 0.026 -3"><span class='ocrx_word' id='word_1_1' title='bbox 366 303 482 373; x_wconf 75' lang='lat'>799</span> 
     </span>
    </p>
   </div>
   <div class='ocr_carea' id='block_1_2' title="bbox 366 435 2005 498">
    <p class='ocr_par' dir='ltr' id='par_1_2' title="bbox 366 435 2005 498">
     <span class='ocr_line' id='line_1_2' title="bbox 366 435 2005 498; baseline -0.001 -3"><span class='ocrx_word' id='word_1_2' title='bbox 366 437 744 498; x_wconf 79' lang='lat' dir='ltr'>vindicaverit</span> <span class='ocrx_word' id='word_1_3' title='bbox 773 437 853 496; x_wconf 83' lang='lat' dir='ltr'>ita</span> <span class='ocrx_word' id='word_1_4' title='bbox 882 442 946 495; x_wconf 91' lang='lat' dir='ltr'>ut</span> <span class='ocrx_word' id='word_1_5' title='bbox 981 440 1145 495; x_wconf 86' lang='lat' dir='ltr'>totus</span> <span class='ocrx_word' id='word_1_6' title='bbox 1157 436 1316 494; x_wconf 86' lang='lat' dir='ltr'>orbis</span> <span class='ocrx_word' id='word_1_7' title='bbox 1349 437 1551 494; x_wconf 85' lang='lat' dir='ltr'>audiat</span> <span class='ocrx_word' id='word_1_8' title='bbox 1579 441 1634 494; x_wconf 88' lang='lat' dir='ltr'>et</span> <span class='ocrx_word' id='word_1_9' title='bbox 1665 435 2005 494; x_wconf 87' lang='lat' dir='ltr'>contremis-</span> 
     </span>
    </p>
   </div>
   <div class='ocr_carea' id='block_1_3' title="bbox 369 527 2026 601">
    <p class='ocr_par' dir='ltr' id='par_1_3' title="bbox 369 527 2026 601">
     <span class='ocr_line' id='line_1_3' title="bbox 369 527 2026 601; baseline -0.002 -15"><span class='ocrx_word' id='word_1_10' title='bbox 369 535 482 597; x_wconf 89' lang='lat' dir='ltr'>cat,</span> <span class='ocrx_word' id='word_1_11' title='bbox 513 529 680 585; x_wconf 81' lang='lat' dir='ltr'>valde</span> <span class='ocrx_word' id='word_1_12' title='bbox 709 529 1131 601; x_wconf 87' lang='lat' dir='ltr'>depretiabitur</span> <span class='ocrx_word' id='word_1_13' title='bbox 1161 527 1796 599; x_wconf 38' lang='lat' dir='ltr'>Romanafmajestatis</span> <span class='ocrx_word' id='word_1_14' title='bbox 1829 531 2026 583; x_wconf 88' lang='lat' dir='ltr'>aucto-</span> 
     </span>
    </p>
   </div>
   <div class='ocr_carea' id='block_1_4' title="bbox 369 616 2023 690">
    <p class='ocr_par' dir='ltr' id='par_1_4' title="bbox 369 616 2023 690">
     <span class='ocr_line' id='line_1_4' title="bbox 369 616 2023 690; baseline -0.002 -16"><span class='ocrx_word' id='word_1_15' title='bbox 369 620 536 688; x_wconf 80' lang='lat' dir='ltr'>ritas,</span> <span class='ocrx_word' id='word_1_16' title='bbox 571 633 675 674; x_wconf 91' lang='lat' dir='ltr'>nec</span> <span class='ocrx_word' id='word_1_17' title='bbox 708 619 817 674; x_wconf 89' lang='lat' dir='ltr'>erit</span> <span class='ocrx_word' id='word_1_18' title='bbox 845 635 990 690; x_wconf 89' lang='lat' dir='ltr'>gens</span> <span class='ocrx_word' id='word_1_19' title='bbox 1022 616 1120 672; x_wconf 89' lang='lat' dir='ltr'>illa</span> <span class='ocrx_word' id='word_1_20' title='bbox 1150 617 1694 673; x_wconf 85' lang='lat' dir='ltr'>Northmannorum</span> <span class='ocrx_word' id='word_1_21' title='bbox 1730 616 1937 672; x_wconf 87' lang='lat' dir='ltr'>bellica</span> <span class='ocrx_word' id='word_1_22' title='bbox 1967 617 2023 671; x_wconf 91' lang='lat' dir='ltr'>in</span> 
     </span>
    </p>
   </div>
   <div class='ocr_carea' id='block_1_5' title="bbox 365 705 2029 780">
    <p class='ocr_par' dir='ltr' id='par_1_5' title="bbox 365 705 2029 780">
     <span class='ocr_line' id='line_1_5' title="bbox 365 705 2029 780; baseline -0.002 -19"><span class='ocrx_word' id='word_1_23' title='bbox 365 713 557 762; x_wconf 89' lang='lat' dir='ltr'>vestra</span> <span class='ocrx_word' id='word_1_24' title='bbox 606 707 884 762; x_wconf 83' lang='lat' dir='ltr'>fidelitate</span> <span class='ocrx_word' id='word_1_25' title='bbox 917 707 1058 762; x_wconf 87' lang='lat' dir='ltr'>adeo</span> <span class='ocrx_word' id='word_1_26' title='bbox 1089 710 1366 780; x_wconf 87' lang='lat' dir='ltr'>prompta</span> <span class='ocrx_word' id='word_1_27' title='bbox 1414 710 1470 760; x_wconf 90' lang='lat' dir='ltr'>et</span> <span class='ocrx_word' id='word_1_28' title='bbox 1519 707 1744 762; x_wconf 89' lang='lat' dir='ltr'>devota.</span> <span class='ocrx_word' id='word_1_29' title='bbox 1781 705 2029 762; x_wconf 83' lang='lat' dir='ltr'>Interest</span> 
     </span>
    </p>
   </div>
   <div class='ocr_carea' id='block_1_6' title="bbox 364 794 2027 867">
    <p class='ocr_par' dir='ltr' id='par_1_6' title="bbox 364 794 2027 867">
     <span class='ocr_line' id='line_1_6' title="bbox 364 794 2027 867; baseline -0.001 -17"><span class='ocrx_word' id='word_1_30' title='bbox 364 796 538 850; x_wconf 88' lang='lat' dir='ltr'>etiam</span> <span class='ocrx_word' id='word_1_31' title='bbox 572 800 682 851; x_wconf 68' lang='lat' dir='ltr'>tua:</span> <span class='ocrx_word' id='word_1_32' title='bbox 733 797 919 860; x_wconf 58' lang='lat' dir='ltr'>famae,</span> <span class='ocrx_word' id='word_1_33' title='bbox 953 795 1040 850; x_wconf 90' lang='lat' dir='ltr'>vir</span> <span class='ocrx_word' id='word_1_34' title='bbox 1085 797 1266 850; x_wconf 90' lang='lat' dir='ltr'>totius</span> <span class='ocrx_word' id='word_1_35' title='bbox 1299 794 1671 852; x_wconf 79' lang='lat' dir='ltr'>liberalitatis</span> <span class='ocrx_word' id='word_1_36' title='bbox 1703 801 1759 851; x_wconf 92' lang='lat' dir='ltr'>et</span> <span class='ocrx_word' id='word_1_37' title='bbox 1802 794 2027 867; x_wconf 63' lang='lat' dir='ltr'>gloria,</span> 
     </span>
    </p>
   </div>
   <div class='ocr_carea' id='block_1_7' title="bbox 364 883 2022 956">
    <p class='ocr_par' dir='ltr' id='par_1_7' title="bbox 364 883 2022 956">
     <span class='ocr_line' id='line_1_7' title="bbox 364 883 2022 956; baseline 0 -18"><span class='ocrx_word' id='word_1_38' title='bbox 364 883 525 955; x_wconf 86' lang='lat' dir='ltr'>larga</span> <span class='ocrx_word' id='word_1_39' title='bbox 560 901 740 938; x_wconf 89' lang='lat' dir='ltr'>manu</span> <span class='ocrx_word' id='word_1_40' title='bbox 785 888 985 938; x_wconf 85' lang='lat' dir='ltr'>nostra</span> <span class='ocrx_word' id='word_1_41' title='bbox 1025 884 1253 956; x_wconf 86' lang='lat' dir='ltr'>perdita</span> <span class='ocrx_word' id='word_1_42' title='bbox 1298 888 1650 950; x_wconf 80' lang='lat' dir='ltr'>restaurare,</span> <span class='ocrx_word' id='word_1_43' title='bbox 1682 885 1820 956; x_wconf 86' lang='lat' dir='ltr'>quia</span> <span class='ocrx_word' id='word_1_44' title='bbox 1871 899 2022 952; x_wconf 89' lang='lat' dir='ltr'>ecce,</span> 
     </span>
    </p>
   </div>
   <div class='ocr_carea' id='block_1_8' title="bbox 365 971 2027 1045">
    <p class='ocr_par' dir='ltr' id='par_1_8' title="bbox 365 971 2027 1045">
     <span class='ocr_line' id='line_1_8' title="bbox 365 971 2027 1045; baseline -0.001 -18"><span class='ocrx_word' id='word_1_45' title='bbox 365 977 430 1027; x_wconf 92' lang='lat' dir='ltr'>ut</span> <span class='ocrx_word' id='word_1_46' title='bbox 451 972 706 1043; x_wconf 86' lang='lat' dir='ltr'>jussisti,</span> <span class='ocrx_word' id='word_1_47' title='bbox 742 971 1004 1045; x_wconf 83' lang='lat' dir='ltr'>paschali</span> <span class='ocrx_word' id='word_1_48' title='bbox 1036 971 1287 1027; x_wconf 87' lang='lat' dir='ltr'>termino</span> <span class='ocrx_word' id='word_1_49' title='bbox 1319 973 1485 1028; x_wconf 81' lang='lat' dir='ltr'>adest</span> <span class='ocrx_word' id='word_1_50' title='bbox 1524 977 1723 1028; x_wconf 82' lang='lat' dir='ltr'>noster</span> <span class='ocrx_word' id='word_1_51' title='bbox 1754 973 2027 1043; x_wconf 87' lang='lat' dir='ltr'>nuntius,</span> 
     </span>
    </p>
   </div>
   <div class='ocr_carea' id='block_1_9' title="bbox 366 1062 2022 1136">
    <p class='ocr_par' dir='ltr' id='par_1_9' title="bbox 366 1062 2022 1136">
     <span class='ocr_line' id='line_1_9' title="bbox 366 1062 2022 1136; baseline 0 -18"><span class='ocrx_word' id='word_1_52' title='bbox 366 1079 498 1118; x_wconf 91' lang='lat' dir='ltr'>cum</span> <span class='ocrx_word' id='word_1_53' title='bbox 531 1063 765 1128; x_wconf 83' lang='lat' dir='ltr'>litteris,</span> <span class='ocrx_word' id='word_1_54' title='bbox 789 1067 846 1118; x_wconf 89' lang='lat' dir='ltr'>et</span> <span class='ocrx_word' id='word_1_55' title='bbox 875 1067 1029 1117; x_wconf 85' lang='lat' dir='ltr'>certa</span> <span class='ocrx_word' id='word_1_56' title='bbox 1055 1062 1322 1116; x_wconf 67' lang='lat' dir='ltr'>cautione</span> <span class='ocrx_word' id='word_1_57' title='bbox 1355 1062 1733 1130; x_wconf 81' lang='lat' dir='ltr'>amissorum,</span> <span class='ocrx_word' id='word_1_58' title='bbox 1758 1079 1884 1134; x_wconf 71' lang='lat' dir='ltr'>qua:</span> <span class='ocrx_word' id='word_1_59' title='bbox 1917 1079 2022 1136; x_wconf 86' lang='lat' dir='ltr'>ego</span> 
     </span>
    </p>
   </div>
   <div class='ocr_carea' id='block_1_10' title="bbox 369 1151 2021 1224">
    <p class='ocr_par' dir='ltr' id='par_1_10' title="bbox 369 1151 2021 1224">
     <span class='ocr_line' id='line_1_10' title="bbox 369 1151 2021 1224; baseline -0.001 -16"><span class='ocrx_word' id='word_1_60' title='bbox 369 1170 482 1208; x_wconf 91' lang='lat' dir='ltr'>non</span> <span class='ocrx_word' id='word_1_61' title='bbox 515 1153 629 1208; x_wconf 88' lang='lat' dir='ltr'>mei</span> <span class='ocrx_word' id='word_1_62' title='bbox 664 1168 842 1207; x_wconf 90' lang='lat' dir='ltr'>causa</span> <span class='ocrx_word' id='word_1_63' title='bbox 873 1151 1243 1206; x_wconf 89' lang='lat' dir='ltr'>solummodo</span> <span class='ocrx_word' id='word_1_64' title='bbox 1275 1153 1492 1223; x_wconf 88' lang='lat' dir='ltr'>repeto,</span> <span class='ocrx_word' id='word_1_65' title='bbox 1514 1152 1612 1205; x_wconf 88' lang='lat' dir='ltr'>sed</span> <span class='ocrx_word' id='word_1_66' title='bbox 1646 1167 1846 1206; x_wconf 88' lang='lat' dir='ltr'>eorum</span> <span class='ocrx_word' id='word_1_67' title='bbox 1877 1168 2021 1224; x_wconf 90' lang='lat' dir='ltr'>quo-</span> 
     </span>
    </p>
   </div>
   <div class='ocr_carea' id='block_1_11' title="bbox 366 1239 2020 1312">
    <p class='ocr_par' dir='ltr' id='par_1_11' title="bbox 366 1239 2020 1312">
     <span class='ocr_line' id='line_1_11' title="bbox 366 1239 2020 1312; baseline -0.002 -14"><span class='ocrx_word' id='word_1_68' title='bbox 366 1260 496 1298; x_wconf 89' lang='lat' dir='ltr'>rum</span> <span class='ocrx_word' id='word_1_69' title='bbox 529 1241 820 1298; x_wconf 83' lang='lat' dir='ltr'>devotioni</span> <span class='ocrx_word' id='word_1_70' title='bbox 853 1239 1150 1307; x_wconf 92' lang='lat' dir='ltr'>condoleo,</span> <span class='ocrx_word' id='word_1_71' title='bbox 1186 1241 1285 1312; x_wconf 88' lang='lat' dir='ltr'>qui</span> <span class='ocrx_word' id='word_1_72' title='bbox 1333 1240 1454 1295; x_wconf 68' lang='lat' dir='ltr'>haec</span> <span class='ocrx_word' id='word_1_73' title='bbox 1487 1245 1698 1296; x_wconf 70' lang='lat' dir='ltr'>sancta:</span> <span class='ocrx_word' id='word_1_74' title='bbox 1751 1240 2020 1296; x_wconf 82' lang='lat' dir='ltr'>Trinitati</span> 
     </span>
    </p>
   </div>
   <div class='ocr_carea' id='block_1_12' title="bbox 366 1329 2018 1403">
    <p class='ocr_par' dir='ltr' id='par_1_12' title="bbox 366 1329 2018 1403">
     <span class='ocr_line' id='line_1_12' title="bbox 366 1329 2018 1403; baseline -0.001 -16"><span class='ocrx_word' id='word_1_75' title='bbox 366 1331 775 1403; x_wconf 81' lang='lat' dir='ltr'>delegaverant</span> <span class='ocrx_word' id='word_1_76' title='bbox 805 1329 915 1385; x_wconf 90' lang='lat' dir='ltr'>sub</span> <span class='ocrx_word' id='word_1_77' title='bbox 947 1346 1088 1384; x_wconf 68' lang='lat' dir='ltr'>mete</span> <span class='ocrx_word' id='word_1_78' title='bbox 1121 1329 1251 1384; x_wconf 84' lang='lat' dir='ltr'>fidei</span> <span class='ocrx_word' id='word_1_79' title='bbox 1286 1329 1645 1385; x_wconf 88' lang='lat' dir='ltr'>testimonio.</span> <span class='ocrx_word' id='word_1_80' title='bbox 1682 1329 1782 1385; x_wconf 85' lang='lat' dir='ltr'>His</span> <span class='ocrx_word' id='word_1_81' title='bbox 1812 1329 1894 1384; x_wconf 90' lang='lat' dir='ltr'>ita</span> <span class='ocrx_word' id='word_1_82' title='bbox 1921 1331 2018 1385; x_wconf 89' lang='lat' dir='ltr'>de-</span> 
     </span>
    </p>
   </div>
   <div class='ocr_carea' id='block_1_13' title="bbox 366 1416 2019 1491">
    <p class='ocr_par' dir='ltr' id='par_1_13' title="bbox 366 1416 2019 1491">
     <span class='ocr_line' id='line_1_13' title="bbox 366 1416 2019 1491; baseline -0.001 -15"><span class='ocrx_word' id='word_1_83' title='bbox 366 1422 578 1488; x_wconf 89' lang='lat' dir='ltr'>cursis,</span> <span class='ocrx_word' id='word_1_84' title='bbox 606 1436 718 1474; x_wconf 89' lang='lat' dir='ltr'>non</span> <span class='ocrx_word' id='word_1_85' title='bbox 752 1435 993 1491; x_wconf 87' lang='lat' dir='ltr'>possum</span> <span class='ocrx_word' id='word_1_86' title='bbox 1022 1434 1137 1473; x_wconf 91' lang='lat' dir='ltr'>non</span> <span class='ocrx_word' id='word_1_87' title='bbox 1169 1416 1428 1473; x_wconf 86' lang='lat' dir='ltr'>indicare</span> <span class='ocrx_word' id='word_1_88' title='bbox 1459 1433 1584 1488; x_wconf 62' lang='lat' dir='ltr'>quae</span> <span class='ocrx_word' id='word_1_89' title='bbox 1616 1418 1788 1474; x_wconf 87' lang='lat' dir='ltr'>audio</span> <span class='ocrx_word' id='word_1_90' title='bbox 1821 1419 1892 1474; x_wconf 89' lang='lat' dir='ltr'>de</span> <span class='ocrx_word' id='word_1_91' title='bbox 1925 1420 2019 1475; x_wconf 87' lang='lat' dir='ltr'>do-</span> 
     </span>
    </p>
   </div>
   <div class='ocr_carea' id='block_1_14' title="bbox 368 1505 2017 1580">
    <p class='ocr_par' dir='ltr' id='par_1_14' title="bbox 368 1505 2017 1580">
     <span class='ocr_line' id='line_1_14' title="bbox 368 1505 2017 1580; baseline 0.001 -17"><span class='ocrx_word' id='word_1_92' title='bbox 368 1508 528 1564; x_wconf 89' lang='lat' dir='ltr'>mino</span> <span class='ocrx_word' id='word_1_93' title='bbox 561 1523 691 1563; x_wconf 86' lang='lat' dir='ltr'>meo</span> <span class='ocrx_word' id='word_1_94' title='bbox 735 1505 1052 1579; x_wconf 86' lang='lat' dir='ltr'>apostolico</span> <span class='ocrx_word' id='word_1_95' title='bbox 1082 1506 1347 1562; x_wconf 84' lang='lat' dir='ltr'>ventilari</span> <span class='ocrx_word' id='word_1_96' title='bbox 1381 1505 1621 1562; x_wconf 88' lang='lat' dir='ltr'>sinistra</span> <span class='ocrx_word' id='word_1_97' title='bbox 1666 1505 2017 1580; x_wconf 87' lang='lat' dir='ltr'>interpreta-</span> 
     </span>
    </p>
   </div>
   <div class='ocr_carea' id='block_1_15' title="bbox 366 1594 2014 1669">
    <p class='ocr_par' dir='ltr' id='par_1_15' title="bbox 366 1594 2014 1669">
     <span class='ocr_line' id='line_1_15' title="bbox 366 1594 2014 1669; baseline -0.001 -16"><span class='ocrx_word' id='word_1_98' title='bbox 366 1597 721 1668; x_wconf 85' lang='lat' dir='ltr'>tione,quem</span> <span class='ocrx_word' id='word_1_99' title='bbox 747 1612 851 1669; x_wconf 85' lang='lat' dir='ltr'>ego</span> <span class='ocrx_word' id='word_1_100' title='bbox 873 1595 1194 1668; x_wconf 89' lang='lat' dir='ltr'>amplector</span> <span class='ocrx_word' id='word_1_101' title='bbox 1214 1594 1448 1668; x_wconf 85' lang='lat' dir='ltr'>speciali</span> <span class='ocrx_word' id='word_1_102' title='bbox 1467 1595 1816 1664; x_wconf 88' lang='lat' dir='ltr'>devtione,et</span> <span class='ocrx_word' id='word_1_103' title='bbox 1839 1614 2014 1668; x_wconf 88' lang='lat' dir='ltr'>quem</span> 
     </span>
    </p>
   </div>
   <div class='ocr_carea' id='block_1_16' title="bbox 365 1685 2015 1758">
    <p class='ocr_par' dir='ltr' id='par_1_16' title="bbox 365 1685 2015 1758">
     <span class='ocr_line' id='line_1_16' title="bbox 365 1685 2015 1758; baseline 0 -16"><span class='ocrx_word' id='word_1_104' title='bbox 365 1685 494 1744; x_wconf 92' lang='lat' dir='ltr'>volo</span> <span class='ocrx_word' id='word_1_105' title='bbox 524 1690 719 1742; x_wconf 87' lang='lat' dir='ltr'>tutum</span> <span class='ocrx_word' id='word_1_106' title='bbox 765 1701 894 1740; x_wconf 90' lang='lat' dir='ltr'>esse</span> <span class='ocrx_word' id='word_1_107' title='bbox 943 1685 1094 1758; x_wconf 86' lang='lat' dir='ltr'>apud</span> <span class='ocrx_word' id='word_1_108' title='bbox 1140 1685 1324 1740; x_wconf 90' lang='lat' dir='ltr'>Deum</span> <span class='ocrx_word' id='word_1_109' title='bbox 1373 1689 1429 1740; x_wconf 90' lang='lat' dir='ltr'>et</span> <span class='ocrx_word' id='word_1_110' title='bbox 1476 1685 1764 1741; x_wconf 86' lang='lat' dir='ltr'>homines.</span> <span class='ocrx_word' id='word_1_111' title='bbox 1799 1686 2015 1742; x_wconf 81' lang='lat' dir='ltr'>Fabula</span> 
     </span>
    </p>
   </div>
   <div class='ocr_carea' id='block_1_17' title="bbox 367 1773 2012 1833">
    <p class='ocr_par' dir='ltr' id='par_1_17' title="bbox 367 1773 2012 1833">
     <span class='ocr_line' id='line_1_17' title="bbox 367 1773 2012 1833; baseline -0.001 0"><span class='ocrx_word' id='word_1_112' title='bbox 367 1780 563 1833; x_wconf 83' lang='lat' dir='ltr'>autem</span> <span class='ocrx_word' id='word_1_113' title='bbox 595 1775 716 1831; x_wconf 65' lang='lat' dir='ltr'>haec</span> <span class='ocrx_word' id='word_1_114' title='bbox 741 1775 1222 1831; x_wconf 89' lang='lat' dir='ltr'>subsannationis</span> <span class='ocrx_word' id='word_1_115' title='bbox 1243 1774 1486 1829; x_wconf 81' lang='lat' dir='ltr'>vertitur</span> <span class='ocrx_word' id='word_1_116' title='bbox 1505 1775 1576 1829; x_wconf 88' lang='lat' dir='ltr'>de</span> <span class='ocrx_word' id='word_1_117' title='bbox 1597 1773 1892 1831; x_wconf 90' lang='lat' dir='ltr'>Tedbaldo</span> <span class='ocrx_word' id='word_1_118' title='bbox 1925 1792 2012 1831; x_wconf 91' lang='lat' dir='ltr'>co-</span> 
     </span>
    </p>
   </div>
   <div class='ocr_carea' id='block_1_18' title="bbox 367 1863 2008 1937">
    <p class='ocr_par' dir='ltr' id='par_1_18' title="bbox 367 1863 2008 1937">
     <span class='ocr_line' id='line_1_18' title="bbox 367 1863 2008 1937; baseline -0.001 -16"><span class='ocrx_word' id='word_1_119' title='bbox 367 1865 507 1922; x_wconf 86' lang='lat' dir='ltr'>mite</span> <span class='ocrx_word' id='word_1_120' title='bbox 562 1869 621 1921; x_wconf 89' lang='lat' dir='ltr'>et</span> <span class='ocrx_word' id='word_1_121' title='bbox 674 1864 1157 1937; x_wconf 87' lang='lat' dir='ltr'>Burgundionum</span> <span class='ocrx_word' id='word_1_122' title='bbox 1207 1863 1488 1919; x_wconf 86' lang='lat' dir='ltr'>infrunito</span> <span class='ocrx_word' id='word_1_123' title='bbox 1551 1865 1697 1919; x_wconf 90' lang='lat' dir='ltr'>duce</span> <span class='ocrx_word' id='word_1_124' title='bbox 1747 1864 1836 1932; x_wconf 84' lang='lat' dir='ltr'>R.,</span> <span class='ocrx_word' id='word_1_125' title='bbox 1887 1865 2008 1937; x_wconf 89' lang='lat' dir='ltr'>qui,</span> 
     </span>
    </p>
   </div>
   <div class='ocr_carea' id='block_1_19' title="bbox 364 1953 2014 2033">
    <p class='ocr_par' dir='ltr' id='par_1_19' title="bbox 364 1953 2014 2033">
     <span class='ocr_line' id='line_1_19' title="bbox 364 1953 2014 2033; baseline 0 -25"><span class='ocrx_word' id='word_1_126' title='bbox 364 1969 827 2033; x_wconf 59' lang='lat' dir='ltr'>transgressores</span> <span class='ocrx_word' id='word_1_127' title='bbox 856 1953 1277 2027; x_wconf 83' lang='lat' dir='ltr'>pontificalium</span> <span class='ocrx_word' id='word_1_128' title='bbox 1300 1953 1688 2019; x_wconf 88' lang='lat' dir='ltr'>decretorum,</span> <span class='ocrx_word' id='word_1_129' title='bbox 1717 1953 1800 2009; x_wconf 85' lang='lat' dir='ltr'>fas</span> <span class='ocrx_word' id='word_1_130' title='bbox 1829 1955 2014 2010; x_wconf 82' lang='lat' dir='ltr'>nefas-</span> 
     </span>
    </p>
   </div>
   <div class='ocr_carea' id='block_1_20' title="bbox 1757 302 2395 368">
    <p class='ocr_par' dir='ltr' id='par_1_20' title="bbox 1757 302 2395 368">
     <span class='ocr_line' id='line_1_20' title="bbox 1757 302 2395 368; baseline 0 0"><span class='ocrx_word' id='word_1_131' title='bbox 1757 303 2052 368; x_wconf 81' lang='lat' dir='ltr'>VICTOR</span> <span class='ocrx_word' id='word_1_132' title='bbox 2093 302 2147 368; x_wconf 74' lang='grc' dir='ltr'>ΙΙ</span> <span class='ocrx_word' id='word_1_133' title='bbox 2192 302 2395 368; x_wconf 77' lang='lat' dir='ltr'><strong>PAPA</strong></span> 
     </span>
    </p>
   </div>
   <div class='ocr_carea' id='block_1_21' title="bbox 3674 311 3806 384">
    <p class='ocr_par' dir='ltr' id='par_1_21' title="bbox 3674 311 3806 384">
     <span class='ocr_line' id='line_1_21' title="bbox 3674 311 3806 384; baseline 0 -6"><span class='ocrx_word' id='word_1_134' title='bbox 3674 311 3806 384; x_wconf 67' lang='grc'>800</span> 
     </span>
    </p>
   </div>
   <div class='ocr_carea' id='block_1_22' title="bbox 2037 435 3804 527">
    <p class='ocr_par' dir='ltr' id='par_1_22' title="bbox 2037 435 3804 527">
     <span class='ocr_line' id='line_1_22' title="bbox 2037 435 3804 527; baseline 0.006 -31"><span class='ocrx_word' id='word_1_135' title='bbox 2037 455 2094 527; x_wconf 62' lang='grc' dir='ltr'><strong>Α</strong></span> <span class='ocrx_word' id='word_1_136' title='bbox 2122 453 2236 510; x_wconf 82' lang='lat' dir='ltr'>que</span> <span class='ocrx_word' id='word_1_137' title='bbox 2265 435 2653 506; x_wconf 85' lang='lat' dir='ltr'>confundunt,</span> <span class='ocrx_word' id='word_1_138' title='bbox 2685 437 2785 514; x_wconf 87' lang='lat' dir='ltr'>qui</span> <span class='ocrx_word' id='word_1_139' title='bbox 2837 436 3128 498; x_wconf 80' lang='lat' dir='ltr'>abdicatis</span> <span class='ocrx_word' id='word_1_140' title='bbox 3153 437 3406 516; x_wconf 83' lang='lat' dir='ltr'>legitimi</span> <span class='ocrx_word' id='word_1_141' title='bbox 3445 443 3603 503; x_wconf 91' lang='lat' dir='ltr'>thori</span> <span class='ocrx_word' id='word_1_142' title='bbox 3653 464 3804 507; x_wconf 87' lang='lat' dir='ltr'>con-</span> 
     </span>
    </p>
   </div>
   <div class='ocr_carea' id='block_1_23' title="bbox 2138 527 3801 610">
    <p class='ocr_par' dir='ltr' id='par_1_23' title="bbox 2138 527 3801 610">
     <span class='ocr_line' id='line_1_23' title="bbox 2138 527 3801 610; baseline 0.008 -28"><span class='ocrx_word' id='word_1_143' title='bbox 2138 528 2355 596; x_wconf 88' lang='lat' dir='ltr'>nubiis,</span> <span class='ocrx_word' id='word_1_144' title='bbox 2397 527 2737 584; x_wconf 84' lang='lat' dir='ltr'>volutantur</span> <span class='ocrx_word' id='word_1_145' title='bbox 2783 528 2844 585; x_wconf 87' lang='lat' dir='ltr'>in</span> <span class='ocrx_word' id='word_1_146' title='bbox 2887 529 3216 588; x_wconf 84' lang='lat' dir='ltr'>inhonestis</span> <span class='ocrx_word' id='word_1_147' title='bbox 3266 537 3324 589; x_wconf 90' lang='lat' dir='ltr'>et</span> <span class='ocrx_word' id='word_1_148' title='bbox 3371 538 3801 610; x_wconf 73' lang='lat' dir='ltr'>consanguini-</span> 
     </span>
    </p>
   </div>
   <div class='ocr_carea' id='block_1_24' title="bbox 2135 616 3799 695">
    <p class='ocr_par' dir='ltr' id='par_1_24' title="bbox 2135 616 3799 695">
     <span class='ocr_line' id='line_1_24' title="bbox 2135 616 3799 695; baseline 0.009 -24"><span class='ocrx_word' id='word_1_149' title='bbox 2135 620 2253 672; x_wconf 87' lang='lat' dir='ltr'>tate</span> <span class='ocrx_word' id='word_1_150' title='bbox 2281 618 2509 673; x_wconf 74' lang='lat' dir='ltr'>fcsdatis</span> <span class='ocrx_word' id='word_1_151' title='bbox 2555 616 2852 675; x_wconf 82' lang='lat' dir='ltr'>thalamis.</span> <span class='ocrx_word' id='word_1_152' title='bbox 2893 619 3042 676; x_wconf 85' lang='lat' dir='ltr'>Hinc</span> <span class='ocrx_word' id='word_1_153' title='bbox 3072 621 3330 694; x_wconf 86' lang='lat' dir='ltr'>populus</span> <span class='ocrx_word' id='word_1_154' title='bbox 3378 624 3602 695; x_wconf 86' lang='lat' dir='ltr'>sibilat,</span> <span class='ocrx_word' id='word_1_155' title='bbox 3655 627 3799 686; x_wconf 89' lang='lat' dir='ltr'>hinc</span> 
     </span>
    </p>
   </div>
   <div class='ocr_carea' id='block_1_25' title="bbox 2138 706 3800 791">
    <p class='ocr_par' dir='ltr' id='par_1_25' title="bbox 2138 706 3800 791">
     <span class='ocr_line' id='line_1_25' title="bbox 2138 706 3800 791; baseline 0.008 -30"><span class='ocrx_word' id='word_1_156' title='bbox 2138 707 2280 762; x_wconf 88' lang='lat' dir='ltr'>mihi</span> <span class='ocrx_word' id='word_1_157' title='bbox 2312 706 2501 778; x_wconf 87' lang='lat' dir='ltr'>quivis</span> <span class='ocrx_word' id='word_1_158' title='bbox 2533 707 2826 780; x_wconf 85' lang='lat' dir='ltr'>pravicors</span> <span class='ocrx_word' id='word_1_159' title='bbox 2873 708 3150 778; x_wconf 89' lang='lat' dir='ltr'>insultat;</span> <span class='ocrx_word' id='word_1_160' title='bbox 3185 711 3354 783; x_wconf 86' lang='lat' dir='ltr'>mihi,</span> <span class='ocrx_word' id='word_1_161' title='bbox 3388 712 3658 787; x_wconf 88' lang='lat' dir='ltr'>inquam,</span> <span class='ocrx_word' id='word_1_162' title='bbox 3694 725 3800 791; x_wconf 86' lang='lat' dir='ltr'>pro</span> 
     </span>
    </p>
   </div>
   <div class='ocr_carea' id='block_1_26' title="bbox 2133 796 3799 866">
    <p class='ocr_par' dir='ltr' id='par_1_26' title="bbox 2133 796 3799 866">
     <span class='ocr_line' id='line_1_26' title="bbox 2133 796 3799 866; baseline 0.007 -16"><span class='ocrx_word' id='word_1_163' title='bbox 2133 799 2325 851; x_wconf 91' lang='lat' dir='ltr'>vestro</span> <span class='ocrx_word' id='word_1_164' title='bbox 2355 796 2574 852; x_wconf 84' lang='lat' dir='ltr'>honore</span> <span class='ocrx_word' id='word_1_165' title='bbox 2593 797 2934 866; x_wconf 87' lang='lat' dir='ltr'>decertanti,</span> <span class='ocrx_word' id='word_1_166' title='bbox 2966 802 3026 854; x_wconf 91' lang='lat' dir='ltr'>et</span> <span class='ocrx_word' id='word_1_167' title='bbox 3054 798 3207 856; x_wconf 90' lang='lat' dir='ltr'>hanc</span> <span class='ocrx_word' id='word_1_168' title='bbox 3235 803 3640 862; x_wconf 89' lang='lat' dir='ltr'>eonsentionis</span> <span class='ocrx_word' id='word_1_169' title='bbox 3671 822 3799 861; x_wconf 90' lang='lat' dir='ltr'>ma-</span> 
     </span>
    </p>
   </div>
   <div class='ocr_carea' id='block_1_27' title="bbox 2135 885 3798 963">
    <p class='ocr_par' dir='ltr' id='par_1_27' title="bbox 2135 885 3798 963">
     <span class='ocr_line' id='line_1_27' title="bbox 2135 885 3798 963; baseline 0.008 -24"><span class='ocrx_word' id='word_1_170' title='bbox 2135 885 2328 940; x_wconf 87' lang='lat' dir='ltr'>culam</span> <span class='ocrx_word' id='word_1_171' title='bbox 2372 901 2407 940; x_wconf 87' lang='lat' dir='ltr'>a</span> <span class='ocrx_word' id='word_1_172' title='bbox 2449 889 2639 941; x_wconf 88' lang='lat' dir='ltr'>vestra</span> <span class='ocrx_word' id='word_1_173' title='bbox 2685 886 3020 944; x_wconf 86' lang='lat' dir='ltr'>sinceritate</span> <span class='ocrx_word' id='word_1_174' title='bbox 3069 889 3393 963; x_wconf 87' lang='lat' dir='ltr'>detergenti</span> <span class='ocrx_word' id='word_1_175' title='bbox 3431 909 3444 948; x_wconf 93' lang='lat'><strong>:</strong></span> <span class='ocrx_word' id='word_1_176' title='bbox 3478 897 3536 948; x_wconf 91' lang='lat' dir='ltr'>et</span> <span class='ocrx_word' id='word_1_177' title='bbox 3586 897 3654 950; x_wconf 87' lang='lat' dir='ltr'>ut</span> <span class='ocrx_word' id='word_1_178' title='bbox 3704 912 3798 952; x_wconf 90' lang='lat' dir='ltr'>me</span> 
     </span>
    </p>
   </div>
   <div class='ocr_carea' id='block_1_28' title="bbox 2129 975 3795 1056">
    <p class='ocr_par' dir='ltr' id='par_1_28' title="bbox 2129 975 3795 1056">
     <span class='ocr_line' id='line_1_28' title="bbox 2129 975 3795 1056; baseline 0.007 -27"><span class='ocrx_word' id='word_1_179' title='bbox 2129 975 2324 1047; x_wconf 81' lang='lat' dir='ltr'>magis</span> <span class='ocrx_word' id='word_1_180' title='bbox 2371 975 2749 1043; x_wconf 84' lang='lat' dir='ltr'>confundant,</span> <span class='ocrx_word' id='word_1_181' title='bbox 2784 980 2843 1032; x_wconf 88' lang='lat' dir='ltr'>et</span> <span class='ocrx_word' id='word_1_182' title='bbox 2877 975 3095 1033; x_wconf 86' lang='lat' dir='ltr'>infelici</span> <span class='ocrx_word' id='word_1_183' title='bbox 3146 979 3386 1037; x_wconf 86' lang='lat' dir='ltr'>victoria</span> <span class='ocrx_word' id='word_1_184' title='bbox 3416 982 3474 1036; x_wconf 89' lang='lat' dir='ltr'>in</span> <span class='ocrx_word' id='word_1_185' title='bbox 3506 983 3795 1056; x_wconf 77' lang='lat' dir='ltr'>suggilla-</span> 
     </span>
    </p>
   </div>
   <div class='ocr_carea' id='block_1_29' title="bbox 2131 1063 3798 1142">
    <p class='ocr_par' dir='ltr' id='par_1_29' title="bbox 2131 1063 3798 1142">
     <span class='ocr_line' id='line_1_29' title="bbox 2131 1063 3798 1142; baseline 0.007 -24"><span class='ocrx_word' id='word_1_186' title='bbox 2131 1063 2347 1119; x_wconf 89' lang='lat' dir='ltr'>tionem</span> <span class='ocrx_word' id='word_1_187' title='bbox 2377 1066 2579 1120; x_wconf 63' lang='lat' dir='ltr'>vestrm</span> <span class='ocrx_word' id='word_1_188' title='bbox 2610 1064 2975 1122; x_wconf 87' lang='lat' dir='ltr'>auctoritatis</span> <span class='ocrx_word' id='word_1_189' title='bbox 3000 1068 3367 1138; x_wconf 89' lang='lat' dir='ltr'>convincant,</span> <span class='ocrx_word' id='word_1_190' title='bbox 3401 1070 3715 1142; x_wconf 85' lang='lat' dir='ltr'>objiciunt,</span> <span class='ocrx_word' id='word_1_191' title='bbox 3739 1078 3798 1130; x_wconf 88' lang='lat' dir='ltr'>et</span> 
     </span>
    </p>
   </div>
   <div class='ocr_carea' id='block_1_30' title="bbox 2131 1151 3795 1228">
    <p class='ocr_par' dir='ltr' id='par_1_30' title="bbox 2131 1151 3795 1228">
     <span class='ocr_line' id='line_1_30' title="bbox 2131 1151 3795 1228; baseline 0.006 -20"><span class='ocrx_word' id='word_1_192' title='bbox 2131 1151 2190 1208; x_wconf 91' lang='lat' dir='ltr'>in</span> <span class='ocrx_word' id='word_1_193' title='bbox 2227 1151 2430 1208; x_wconf 80' lang='lat' dir='ltr'>faciem</span> <span class='ocrx_word' id='word_1_194' title='bbox 2474 1153 2813 1228; x_wconf 85' lang='lat' dir='ltr'>ostendunt,</span> <span class='ocrx_word' id='word_1_195' title='bbox 2857 1155 3016 1227; x_wconf 90' lang='lat' dir='ltr'>quod</span> <span class='ocrx_word' id='word_1_196' title='bbox 3070 1157 3406 1216; x_wconf 85' lang='lat' dir='ltr'>Tedbaldus</span> <span class='ocrx_word' id='word_1_197' title='bbox 3451 1159 3632 1216; x_wconf 89' lang='lat' dir='ltr'>etiam</span> <span class='ocrx_word' id='word_1_198' title='bbox 3661 1179 3795 1219; x_wconf 83' lang='lat' dir='ltr'>ves-</span> 
     </span>
    </p>
   </div>
   <div class='ocr_carea' id='block_1_31' title="bbox 2130 1241 3792 1322">
    <p class='ocr_par' dir='ltr' id='par_1_31' title="bbox 2130 1241 3792 1322">
     <span class='ocr_line' id='line_1_31' title="bbox 2130 1241 3792 1322; baseline 0.007 -25"><span class='ocrx_word' id='word_1_199' title='bbox 2130 1246 2284 1297; x_wconf 88' lang='lat' dir='ltr'>trum</span> <span class='ocrx_word' id='word_1_200' title='bbox 2341 1241 2694 1314; x_wconf 87' lang='lat' dir='ltr'>colloquium</span> <span class='ocrx_word' id='word_1_201' title='bbox 2755 1243 2993 1311; x_wconf 88' lang='lat' dir='ltr'>adierit,</span> <span class='ocrx_word' id='word_1_202' title='bbox 3061 1245 3325 1320; x_wconf 85' lang='lat' dir='ltr'>nihilque</span> <span class='ocrx_word' id='word_1_203' title='bbox 3377 1249 3627 1322; x_wconf 86' lang='lat' dir='ltr'>dignum</span> <span class='ocrx_word' id='word_1_204' title='bbox 3679 1252 3792 1308; x_wconf 84' lang='lat' dir='ltr'>hac</span> 
     </span>
    </p>
   </div>
   <div class='ocr_carea' id='block_1_32' title="bbox 2129 1329 3790 1406">
    <p class='ocr_par' dir='ltr' id='par_1_32' title="bbox 2129 1329 3790 1406">
     <span class='ocr_line' id='line_1_32' title="bbox 2129 1329 3790 1406; baseline 0.007 -21"><span class='ocrx_word' id='word_1_205' title='bbox 2129 1329 2302 1402; x_wconf 91' lang='lat' dir='ltr'>culpa</span> <span class='ocrx_word' id='word_1_206' title='bbox 2331 1335 2524 1387; x_wconf 88' lang='lat' dir='ltr'>actum</span> <span class='ocrx_word' id='word_1_207' title='bbox 2557 1330 2660 1400; x_wconf 90' lang='lat' dir='ltr'>sit;</span> <span class='ocrx_word' id='word_1_208' title='bbox 2696 1331 2814 1388; x_wconf 90' lang='lat' dir='ltr'>imo</span> <span class='ocrx_word' id='word_1_209' title='bbox 2858 1333 3047 1406; x_wconf 84' lang='lat' dir='ltr'>magis</span> <span class='ocrx_word' id='word_1_210' title='bbox 3077 1335 3247 1406; x_wconf 83' lang='lat' dir='ltr'>quasi</span> <span class='ocrx_word' id='word_1_211' title='bbox 3307 1336 3653 1395; x_wconf 84' lang='lat' dir='ltr'>auctoritate</span> <span class='ocrx_word' id='word_1_212' title='bbox 3684 1357 3790 1396; x_wconf 87' lang='lat' dir='ltr'>ve-</span> 
     </span>
    </p>
   </div>
   <div class='ocr_carea' id='block_1_33' title="bbox 2129 1418 3789 1494">
    <p class='ocr_par' dir='ltr' id='par_1_33' title="bbox 2129 1418 3789 1494">
     <span class='ocr_line' id='line_1_33' title="bbox 2129 1418 3789 1494; baseline 0.008 -22"><span class='ocrx_word' id='word_1_213' title='bbox 2129 1421 2250 1474; x_wconf 91' lang='lat' dir='ltr'>stra</span> <span class='ocrx_word' id='word_1_214' title='bbox 2297 1421 2624 1491; x_wconf 85' lang='lat' dir='ltr'>roboratus,</span> <span class='ocrx_word' id='word_1_215' title='bbox 2656 1418 2920 1494; x_wconf 82' lang='lat' dir='ltr'>lupinam</span> <span class='ocrx_word' id='word_1_216' title='bbox 2969 1438 3158 1491; x_wconf 88' lang='lat' dir='ltr'>ovem,</span> <span class='ocrx_word' id='word_1_217' title='bbox 3193 1423 3307 1479; x_wconf 91' lang='lat' dir='ltr'>dici</span> <span class='ocrx_word' id='word_1_218' title='bbox 3363 1425 3563 1483; x_wconf 77' lang='lat' dir='ltr'>falsam</span> <span class='ocrx_word' id='word_1_219' title='bbox 3615 1428 3789 1486; x_wconf 83' lang='lat' dir='ltr'>illam</span> 
     </span>
    </p>
   </div>
   <div class='ocr_carea' id='block_1_34' title="bbox 2127 1505 3782 1591">
    <p class='ocr_par' dir='ltr' id='par_1_34' title="bbox 2127 1505 3782 1591">
     <span class='ocr_line' id='line_1_34' title="bbox 2127 1505 3782 1591; baseline 0.007 -28"><span class='ocrx_word' id='word_1_220' title='bbox 2127 1509 2347 1584; x_wconf 82' lang='lat' dir='ltr'>Agnem</span> <span class='ocrx_word' id='word_1_221' title='bbox 2382 1505 2439 1564; x_wconf 88' lang='lat' dir='ltr'>in</span> <span class='ocrx_word' id='word_1_222' title='bbox 2473 1517 2579 1565; x_wconf 78' lang='lat' dir='ltr'>sna</span> <span class='ocrx_word' id='word_1_223' title='bbox 2605 1507 2880 1580; x_wconf 88' lang='lat' dir='ltr'>vindicet,</span> <span class='ocrx_word' id='word_1_224' title='bbox 2911 1515 2967 1568; x_wconf 87' lang='lat' dir='ltr'>et</span> <span class='ocrx_word' id='word_1_225' title='bbox 2995 1511 3221 1568; x_wconf 88' lang='lat' dir='ltr'>vivente</span> <span class='ocrx_word' id='word_1_226' title='bbox 3265 1515 3498 1583; x_wconf 85' lang='lat' dir='ltr'>marito,</span> <span class='ocrx_word' id='word_1_227' title='bbox 3529 1519 3782 1591; x_wconf 81' lang='lat' dir='ltr'>usurpet</span> 
     </span>
    </p>
   </div>
   <div class='ocr_carea' id='block_1_35' title="bbox 2125 1597 3784 1678">
    <p class='ocr_par' dir='ltr' id='par_1_35' title="bbox 2125 1597 3784 1678">
     <span class='ocr_line' id='line_1_35' title="bbox 2125 1597 3784 1678; baseline 0.007 -26"><span class='ocrx_word' id='word_1_228' title='bbox 2125 1597 2464 1653; x_wconf 84' lang='lat' dir='ltr'>exsecrabili</span> <span class='ocrx_word' id='word_1_229' title='bbox 2495 1601 2720 1671; x_wconf 89' lang='lat' dir='ltr'>stupro,</span> <span class='ocrx_word' id='word_1_230' title='bbox 2754 1599 2904 1656; x_wconf 86' lang='lat' dir='ltr'>facto</span> <span class='ocrx_word' id='word_1_231' title='bbox 2944 1599 3150 1657; x_wconf 86' lang='lat' dir='ltr'>illicito</span> <span class='ocrx_word' id='word_1_232' title='bbox 3191 1600 3364 1659; x_wconf 73' lang='lat' dir='ltr'>licitae</span> <span class='ocrx_word' id='word_1_233' title='bbox 3395 1604 3658 1678; x_wconf 82' lang='lat' dir='ltr'>conjugis</span> <span class='ocrx_word' id='word_1_234' title='bbox 3686 1606 3784 1662; x_wconf 79' lang='lat' dir='ltr'>di-</span> 
     </span>
    </p>
   </div>
   <div class='ocr_carea' id='block_1_36' title="bbox 2123 1686 3785 1767">
    <p class='ocr_par' dir='ltr' id='par_1_36' title="bbox 2123 1686 3785 1767">
     <span class='ocr_line' id='line_1_36' title="bbox 2123 1686 3785 1767; baseline 0.008 -28"><span class='ocrx_word' id='word_1_235' title='bbox 2123 1687 2326 1742; x_wconf 90' lang='lat' dir='ltr'>vortio.</span> <span class='ocrx_word' id='word_1_236' title='bbox 2353 1687 2478 1751; x_wconf 89' lang='lat' dir='ltr'>Qua</span> <span class='ocrx_word' id='word_1_237' title='bbox 2510 1688 2581 1743; x_wconf 89' lang='lat' dir='ltr'>de</span> <span class='ocrx_word' id='word_1_238' title='bbox 2610 1704 2671 1742; x_wconf 90' lang='lat' dir='ltr'>re</span> <span class='ocrx_word' id='word_1_239' title='bbox 2700 1689 3022 1761; x_wconf 87' lang='lat' dir='ltr'>perpendat</span> <span class='ocrx_word' id='word_1_240' title='bbox 3048 1686 3194 1763; x_wconf 89' lang='lat' dir='ltr'>ipse,</span> <span class='ocrx_word' id='word_1_241' title='bbox 3219 1708 3418 1764; x_wconf 64' lang='lat' dir='ltr'>quaeso</span> <span class='ocrx_word' id='word_1_242' title='bbox 3447 1693 3785 1767; x_wconf 82' lang='lat' dir='ltr'>prudentis-</span> 
     </span>
    </p>
   </div>
   <div class='ocr_carea' id='block_1_37' title="bbox 2123 1775 3787 1855">
    <p class='ocr_par' dir='ltr' id='par_1_37' title="bbox 2123 1775 3787 1855">
     <span class='ocr_line' id='line_1_37' title="bbox 2123 1775 3787 1855; baseline 0.005 -24"><span class='ocrx_word' id='word_1_243' title='bbox 2123 1775 2310 1831; x_wconf 90' lang='lat' dir='ltr'>simus</span> <span class='ocrx_word' id='word_1_244' title='bbox 2341 1775 2608 1846; x_wconf 87' lang='lat' dir='ltr'>antistes,</span> <span class='ocrx_word' id='word_1_245' title='bbox 2635 1777 2774 1850; x_wconf 87' lang='lat' dir='ltr'>quid</span> <span class='ocrx_word' id='word_1_246' title='bbox 2808 1777 3063 1850; x_wconf 88' lang='lat' dir='ltr'>postulet</span> <span class='ocrx_word' id='word_1_247' title='bbox 3093 1795 3185 1836; x_wconf 86' lang='lat' dir='ltr'>res</span> <span class='ocrx_word' id='word_1_248' title='bbox 3214 1778 3394 1855; x_wconf 83' lang='lat' dir='ltr'>hujus</span> <span class='ocrx_word' id='word_1_249' title='bbox 3421 1783 3787 1840; x_wconf 85' lang='lat' dir='ltr'>emendatio-</span> 
     </span>
    </p>
   </div>
   <div class='ocr_carea' id='block_1_38' title="bbox 2122 1864 3782 1944">
    <p class='ocr_par' dir='ltr' id='par_1_38' title="bbox 2122 1864 3782 1944">
     <span class='ocr_line' id='line_1_38' title="bbox 2122 1864 3782 1944; baseline 0.005 -25"><span class='ocrx_word' id='word_1_250' title='bbox 2122 1864 2233 1931; x_wconf 90' lang='lat' dir='ltr'>nis,</span> <span class='ocrx_word' id='word_1_251' title='bbox 2267 1881 2338 1920; x_wconf 92' lang='lat' dir='ltr'>ne</span> <span class='ocrx_word' id='word_1_252' title='bbox 2367 1864 2724 1938; x_wconf 87' lang='lat' dir='ltr'>annulletur,</span> <span class='ocrx_word' id='word_1_253' title='bbox 2757 1883 2827 1922; x_wconf 88' lang='lat' dir='ltr'>ne</span> <span class='ocrx_word' id='word_1_254' title='bbox 2871 1865 3130 1924; x_wconf 87' lang='lat' dir='ltr'>irritetur</span> <span class='ocrx_word' id='word_1_255' title='bbox 3175 1887 3348 1944; x_wconf 90' lang='lat' dir='ltr'>opera</span> <span class='ocrx_word' id='word_1_256' title='bbox 3398 1879 3454 1929; x_wconf 86' lang='lat' dir='ltr'>et</span> <span class='ocrx_word' id='word_1_257' title='bbox 3506 1872 3782 1930; x_wconf 88' lang='lat' dir='ltr'>studium</span> 
     </span>
    </p>
   </div>
   <div class='ocr_carea' id='block_1_39' title="bbox 2121 1952 3052 2012">
    <p class='ocr_par' dir='ltr' id='par_1_39' title="bbox 2121 1952 3052 2012">
     <span class='ocr_line' id='line_1_39' title="bbox 2121 1952 3052 2012; baseline 0.003 -3"><span class='ocrx_word' id='word_1_258' title='bbox 2121 1952 2528 2010; x_wconf 77' lang='lat' dir='ltr'>ecclesiasticae</span> <span class='ocrx_word' id='word_1_259' title='bbox 2559 1971 2678 2011; x_wconf 74' lang='lat' dir='ltr'>suae</span> <span class='ocrx_word' id='word_1_260' title='bbox 2709 1955 3052 2012; x_wconf 83' lang='lat' dir='ltr'>sanctionis.</span> 
     </span>
    </p>
   </div>
   <div class='ocr_carea' id='block_1_40' title="bbox 1985 2129 2151 2224">
    <p class='ocr_par' dir='ltr' id='par_1_40' title="bbox 1985 2129 2151 2224">
     <span class='ocr_line' id='line_1_40' title="bbox 1985 2129 2151 2224; baseline 0 0"><span class='ocrx_word' id='word_1_261' title='bbox 1985 2129 2151 2224; x_wconf 88' lang='lat' dir='ltr'>III.</span> 
     </span>
    </p>
   </div>
   <div class='ocr_carea' id='block_1_41' title="bbox 1256 2345 2882 2436">
    <p class='ocr_par' dir='ltr' id='par_1_41' title="bbox 1256 2345 2882 2436">
     <span class='ocr_line' id='line_1_41' title="bbox 1256 2345 2882 2436; baseline 0.002 -5"><span class='ocrx_word' id='word_1_262' title='bbox 1256 2348 1807 2434; x_wconf 71' lang='lat' dir='ltr'>EPISTULA</span> <span class='ocrx_word' id='word_1_263' title='bbox 1870 2347 1961 2434; x_wconf 91' lang='lat' dir='ltr'>S.</span> <span class='ocrx_word' id='word_1_264' title='bbox 2028 2347 2368 2433; x_wconf 81' lang='lat' dir='ltr'>PETRI</span> <span class='ocrx_word' id='word_1_265' title='bbox 2411 2345 2882 2436; x_wconf 85' lang='lat' dir='ltr'>DAMIANI</span> 
     </span>
    </p>
   </div>
   <div class='ocr_carea' id='block_1_42' title="bbox 1707 2526 2440 2588">
    <p class='ocr_par' dir='ltr' id='par_1_42' title="bbox 1707 2526 2440 2588">
     <span class='ocr_line' id='line_1_42' title="bbox 1707 2526 2440 2588; baseline 0.001 -3"><span class='ocrx_word' id='word_1_266' title='bbox 1707 2526 1810 2586; x_wconf 81' lang='lat' dir='ltr'><strong>AD</strong></span> <span class='ocrx_word' id='word_1_267' title='bbox 1857 2527 1924 2587; x_wconf 94' lang='lat' dir='ltr'>S.</span> <span class='ocrx_word' id='word_1_268' title='bbox 1969 2527 2294 2588; x_wconf 84' lang='lat' dir='ltr'>LEONEM</span> <span class='ocrx_word' id='word_1_269' title='bbox 2339 2527 2440 2587; x_wconf 88' lang='lat' dir='ltr'>IX.</span> 
     </span>
    </p>
   </div>
   <div class='ocr_carea' id='block_1_43' title="bbox 894 2683 3240 2761">
    <p class='ocr_par' dir='ltr' id='par_1_43' title="bbox 894 2683 3240 2761">
     <span class='ocr_line' id='line_1_43' title="bbox 894 2683 3240 2761; baseline 0 -17"><span class='ocrx_word' id='word_1_270' title='bbox 894 2688 1042 2761; x_wconf 80' lang='lat' dir='ltr'>(Vide</span> <span class='ocrx_word' id='word_1_271' title='bbox 1072 2690 1214 2744; x_wconf 76' lang='lat' dir='ltr'>inter</span> <span class='ocrx_word' id='word_1_272' title='bbox 1241 2687 1490 2760; x_wconf 75' lang='lat' dir='ltr'>epistolas</span> <span class='ocrx_word' id='word_1_273' title='bbox 1519 2685 1574 2742; x_wconf 88' lang='lat' dir='ltr'>S.</span> <span class='ocrx_word' id='word_1_274' title='bbox 1607 2687 1766 2742; x_wconf 79' lang='lat' dir='ltr'>Petri</span> <span class='ocrx_word' id='word_1_275' title='bbox 1793 2686 2073 2755; x_wconf 82' lang='lat' dir='ltr'>Damiam’,</span> <span class='ocrx_word' id='word_1_276' title='bbox 2109 2683 2472 2758; x_wconf 76' lang='lat' dir='ltr'>Patrologias,</span> <span class='ocrx_word' id='word_1_277' title='bbox 2502 2689 2646 2744; x_wconf 89' lang='lat' dir='ltr'>tom.</span> <span class='ocrx_word' id='word_1_278' title='bbox 2681 2686 2916 2757; x_wconf 88' lang='lat' dir='ltr'>CLXIV,</span> <span class='ocrx_word' id='word_1_279' title='bbox 2948 2687 3056 2745; x_wconf 93' lang='lat' dir='ltr'>col.</span> <span class='ocrx_word' id='word_1_280' title='bbox 3091 2689 3240 2761; x_wconf 87' lang='lat'>208.)</span> 
     </span>
    </p>
   </div>
   <div class='ocr_carea' id='block_1_44' title="bbox 2475 2889 3758 2937">
    <p class='ocr_par' dir='ltr' id='par_1_44' title="bbox 2475 2889 3758 2937">
     <span class='ocr_line' id='line_1_44' title="bbox 2475 2889 3758 2937; baseline 0.005 -7"><span class='ocrx_word' id='word_1_281' title='bbox 2475 2889 3758 2937; x_wconf 39' lang='grc' dir='ltr'>ψ</span> 
     </span>
    </p>
   </div>
   <div class='ocr_carea' id='block_1_45' title="bbox 1748 3077 2377 3124">
    <p class='ocr_par' dir='ltr' id='par_1_45' title="bbox 1748 3077 2377 3124">
     <span class='ocr_line' id='line_1_45' title="bbox 1748 3077 2377 3124; baseline 0.003 -2"><span class='ocrx_word' id='word_1_282' title='bbox 1748 3078 1914 3124; x_wconf 74' lang='lat' dir='ltr'><strong>ANNO</strong></span> <span class='ocrx_word' id='word_1_283' title='bbox 1955 3077 2174 3124; x_wconf 75' lang='lat' dir='ltr'>DOMINI</span> <span class='ocrx_word' id='word_1_284' title='bbox 2204 3078 2377 3124; x_wconf 68' lang='grc' dir='ltr'>ΠῙΝΙΙ</span> 
     </span>
    </p>
   </div>
   <div class='ocr_carea' id='block_1_46' title="bbox 1048 3273 2614 3481">
    <p class='ocr_par' dir='ltr' id='par_1_46' title="bbox 1048 3273 2614 3481">
     <span class='ocr_line' id='line_1_46' title="bbox 1048 3273 2614 3481; baseline -0.002 -1"><span class='ocrx_word' id='word_1_285' title='bbox 1048 3274 1932 3481; x_wconf 82' lang='lat' dir='ltr'>VICTOR</span> <span class='ocrx_word' id='word_1_286' title='bbox 2059 3273 2236 3475; x_wconf 93' lang='grc' dir='ltr'>ΙΙ</span> <span class='ocrx_word' id='word_1_287' title='bbox 2366 3273 2614 3477; x_wconf 81' lang='lat' dir='ltr'>PA</span> 
     </span>
    </p>
   </div>
   <div class='ocr_carea' id='block_1_47' title="bbox 1479 3273 3045 3481">
    <p class='ocr_par' dir='ltr' id='par_1_47' title="bbox 1479 3273 3045 3480">
     <span class='ocr_line' id='line_1_47' title="bbox 1479 3273 3045 3480; baseline 0.001 -2"><span class='ocrx_word' id='word_1_288' title='bbox 1479 3274 1932 3480; x_wconf 80' lang='grc' dir='ltr'><strong>ΓΟΒ</strong></span> <span class='ocrx_word' id='word_1_289' title='bbox 2059 3273 2236 3475; x_wconf 94' lang='grc' dir='ltr'>ΙΙ</span> <span class='ocrx_word' id='word_1_290' title='bbox 2366 3273 3045 3478; x_wconf 88' lang='grc' dir='ltr'><strong>ΡΑΡΑ.</strong></span> 
     </span>
    </p>
   </div>
   <div class='ocr_carea' id='block_1_48' title="bbox 1482 3683 2646 3778">
    <p class='ocr_par' dir='ltr' id='par_1_48' title="bbox 1482 3683 2646 3778">
     <span class='ocr_line' id='line_1_48' title="bbox 1482 3683 2646 3778; baseline -0.003 0"><span class='ocrx_word' id='word_1_291' title='bbox 1482 3687 1951 3778; x_wconf 84' lang='grc' dir='ltr'>ΝΟΤΙΤΙΑ</span> <span class='ocrx_word' id='word_1_292' title='bbox 2008 3683 2646 3776; x_wconf 81' lang='lat' dir='ltr'>HISTOBICA.</span> 
     </span>
    </p>
   </div>
   <div class='ocr_carea' id='block_1_49' title="bbox 1427 3865 2702 3943">
    <p class='ocr_par' dir='ltr' id='par_1_49' title="bbox 1427 3865 2702 3943">
     <span class='ocr_line' id='line_1_49' title="bbox 1427 3865 2702 3943; baseline -0.006 -15"><span class='ocrx_word' id='word_1_293' title='bbox 1427 3871 1743 3943; x_wconf 77' lang='lat' dir='ltr'>(CIACCONI,</span> <span class='ocrx_word' id='word_1_294' title='bbox 1781 3869 1918 3926; x_wconf 52' lang='lat' dir='ltr'>Vita</span> <span class='ocrx_word' id='word_1_295' title='bbox 1931 3865 2257 3939; x_wconf 76' lang='lat' dir='ltr'>pontiﬁcum</span> <span class='ocrx_word' id='word_1_296' title='bbox 2281 3867 2702 3934; x_wconf 83' lang='lat' dir='ltr'>Romanorum.)</span> 
     </span>
    </p>
   </div>
   <div class='ocr_carea' id='block_1_50' title="bbox 433 4178 3790 4253">
    <p class='ocr_par' dir='ltr' id='par_1_50' title="bbox 433 4178 3790 4253">
     <span class='ocr_line' id='line_1_50' title="bbox 433 4178 3790 4253; baseline -0.003 -3"><span class='ocrx_word' id='word_1_297' title='bbox 433 4197 498 4250; x_wconf 86' lang='lat' dir='ltr'>In</span> <span class='ocrx_word' id='word_1_298' title='bbox 530 4192 768 4249; x_wconf 88' lang='lat' dir='ltr'>nomine</span> <span class='ocrx_word' id='word_1_299' title='bbox 806 4191 908 4245; x_wconf 90' lang='lat' dir='ltr'>Dei</span> <span class='ocrx_word' id='word_1_300' title='bbox 953 4194 1011 4246; x_wconf 90' lang='lat' dir='ltr'>et</span> <span class='ocrx_word' id='word_1_301' title='bbox 1055 4185 1372 4245; x_wconf 86' lang='lat' dir='ltr'>Salvatoris</span> <span class='ocrx_word' id='word_1_302' title='bbox 1405 4183 1589 4240; x_wconf 87' lang='lat' dir='ltr'>nostri</span> <span class='ocrx_word' id='word_1_303' title='bbox 1625 4183 1766 4240; x_wconf 85' lang='lat' dir='ltr'>Jesu</span> <span class='ocrx_word' id='word_1_304' title='bbox 1813 4179 2025 4238; x_wconf 87' lang='lat' dir='ltr'>Christi</span> <span class='ocrx_word' id='word_1_305' title='bbox 2056 4181 2098 4251; x_wconf 83' lang='lat' dir='ltr'><strong><em>C</em></strong></span> <span class='ocrx_word' id='word_1_306' title='bbox 2135 4182 2267 4253; x_wconf 87' lang='lat' dir='ltr'>post</span> <span class='ocrx_word' id='word_1_307' title='bbox 2296 4181 2546 4235; x_wconf 86' lang='lat' dir='ltr'>mortem</span> <span class='ocrx_word' id='word_1_308' title='bbox 2577 4178 2782 4235; x_wconf 89' lang='lat' dir='ltr'>Leonis</span> <span class='ocrx_word' id='word_1_309' title='bbox 2812 4182 3032 4247; x_wconf 84' lang='lat' dir='ltr'>exacto,</span> <span class='ocrx_word' id='word_1_310' title='bbox 3061 4179 3172 4235; x_wconf 89' lang='lat' dir='ltr'>add</span> <span class='ocrx_word' id='word_1_311' title='bbox 3185 4179 3306 4237; x_wconf 88' lang='lat' dir='ltr'>uxit</span> <span class='ocrx_word' id='word_1_312' title='bbox 3336 4181 3622 4251; x_wconf 82' lang='lat' dir='ltr'>Romam;</span> <span class='ocrx_word' id='word_1_313' title='bbox 3655 4183 3790 4239; x_wconf 71' lang='lat' dir='ltr'>lasti-</span> 
     </span>
    </p>
   </div>
   <div class='ocr_carea' id='block_1_51' title="bbox 361 4281 922 4340">
    <p class='ocr_par' dir='ltr' id='par_1_51' title="bbox 361 4281 922 4340">
     <span class='ocr_line' id='line_1_51' title="bbox 361 4281 922 4340; baseline -0.011 0"><span class='ocrx_word' id='word_1_314' title='bbox 361 4281 680 4340; x_wconf 85' lang='lat' dir='ltr'>bonedicti.</span> <span class='ocrx_word' id='word_1_315' title='bbox 719 4284 922 4334; x_wconf 79' lang='lat' dir='ltr'>Amen.</span> 
     </span>
    </p>
   </div>
   <div class='ocr_carea' id='block_1_52' title="bbox 435 4361 2031 4440">
    <p class='ocr_par' dir='ltr' id='par_1_52' title="bbox 435 4361 2031 4440">
     <span class='ocr_line' id='line_1_52' title="bbox 435 4361 2031 4440; baseline -0.007 -14"><span class='ocrx_word' id='word_1_316' title='bbox 435 4372 572 4426; x_wconf 88' lang='lat' dir='ltr'>Post</span> <span class='ocrx_word' id='word_1_317' title='bbox 604 4368 813 4424; x_wconf 90' lang='lat' dir='ltr'>Leonis</span> <span class='ocrx_word' id='word_1_318' title='bbox 845 4383 1005 4440; x_wconf 70' lang='lat' dir='ltr'>papae</span> <span class='ocrx_word' id='word_1_319' title='bbox 1038 4365 1108 4421; x_wconf 86' lang='lat' dir='ltr'>IX</span> <span class='ocrx_word' id='word_1_320' title='bbox 1137 4364 1388 4430; x_wconf 88' lang='lat' dir='ltr'>obitum,</span> <span class='ocrx_word' id='word_1_321' title='bbox 1417 4362 1779 4429; x_wconf 89' lang='lat' dir='ltr'>Eberardus,</span> <span class='ocrx_word' id='word_1_322' title='bbox 1810 4361 2031 4432; x_wconf 87' lang='lat' dir='ltr'>episco-</span> 
     </span>
    </p>
   </div>
   <div class='ocr_carea' id='block_1_53' title="bbox 367 4449 2034 4534">
    <p class='ocr_par' dir='ltr' id='par_1_53' title="bbox 367 4449 2034 4534">
     <span class='ocr_line' id='line_1_53' title="bbox 367 4449 2034 4534; baseline -0.007 -19"><span class='ocrx_word' id='word_1_323' title='bbox 367 4476 479 4534; x_wconf 87' lang='lat' dir='ltr'>pus</span> <span class='ocrx_word' id='word_1_324' title='bbox 515 4455 876 4525; x_wconf 79' lang='lat' dir='ltr'>Aistatensis,</span> <span class='ocrx_word' id='word_1_325' title='bbox 898 4455 987 4510; x_wconf 89' lang='lat' dir='ltr'>vir</span> <span class='ocrx_word' id='word_1_326' title='bbox 1015 4453 1275 4527; x_wconf 84' lang='lat' dir='ltr'>prudens</span> <span class='ocrx_word' id='word_1_327' title='bbox 1309 4456 1364 4508; x_wconf 90' lang='lat' dir='ltr'>et</span> <span class='ocrx_word' id='word_1_328' title='bbox 1395 4451 1693 4520; x_wconf 90' lang='lat' dir='ltr'>eruditus,</span> <span class='ocrx_word' id='word_1_329' title='bbox 1734 4449 1949 4522; x_wconf 87' lang='lat' dir='ltr'>pariter</span> <span class='ocrx_word' id='word_1_330' title='bbox 1976 4459 2034 4511; x_wconf 74' lang='lat' dir='ltr'>et</span> 
     </span>
    </p>
   </div>
   <div class='ocr_carea' id='block_1_54' title="bbox 367 4541 2035 4622">
    <p class='ocr_par' dir='ltr' id='par_1_54' title="bbox 367 4541 2035 4622">
     <span class='ocr_line' id='line_1_54' title="bbox 367 4541 2035 4622; baseline -0.007 -17"><span class='ocrx_word' id='word_1_331' title='bbox 367 4547 702 4622; x_wconf 87' lang='lat' dir='ltr'>epulentus,</span> <span class='ocrx_word' id='word_1_332' title='bbox 727 4548 956 4600; x_wconf 87' lang='lat' dir='ltr'>creatus</span> <span class='ocrx_word' id='word_1_333' title='bbox 982 4547 1087 4600; x_wconf 88' lang='lat' dir='ltr'>est.</span> <span class='ocrx_word' id='word_1_334' title='bbox 1115 4542 1246 4598; x_wconf 87' lang='lat' dir='ltr'>Fuit</span> <span class='ocrx_word' id='word_1_335' title='bbox 1269 4542 1513 4597; x_wconf 85' lang='lat' dir='ltr'>natione</span> <span class='ocrx_word' id='word_1_336' title='bbox 1534 4541 1881 4608; x_wconf 88' lang='lat' dir='ltr'>Germanus,</span> <span class='ocrx_word' id='word_1_337' title='bbox 1907 4555 2035 4612; x_wconf 89' lang='lat' dir='ltr'>pro-</span> 
     </span>
    </p>
   </div>
   <div class='ocr_carea' id='block_1_55' title="bbox 365 4627 2032 4700">
    <p class='ocr_par' dir='ltr' id='par_1_55' title="bbox 365 4627 2032 4700">
     <span class='ocr_line' id='line_1_55' title="bbox 365 4627 2032 4700; baseline -0.007 -6"><span class='ocrx_word' id='word_1_338' title='bbox 365 4637 557 4694; x_wconf 88' lang='lat' dir='ltr'>vincia</span> <span class='ocrx_word' id='word_1_339' title='bbox 602 4634 832 4700; x_wconf 88' lang='lat' dir='ltr'>Suevia,</span> <span class='ocrx_word' id='word_1_340' title='bbox 880 4650 948 4689; x_wconf 86' lang='lat' dir='ltr'>ex</span> <span class='ocrx_word' id='word_1_341' title='bbox 997 4632 1313 4689; x_wconf 89' lang='lat' dir='ltr'>comitibus</span> <span class='ocrx_word' id='word_1_342' title='bbox 1361 4629 1751 4696; x_wconf 82' lang='lat' dir='ltr'>Callensibus,</span> <span class='ocrx_word' id='word_1_343' title='bbox 1793 4627 2032 4685; x_wconf 89' lang='lat' dir='ltr'>castello</span> 
     </span>
    </p>
   </div>
   <div class='ocr_carea' id='block_1_56' title="bbox 369 4717 2031 4800">
    <p class='ocr_par' dir='ltr' id='par_1_56' title="bbox 369 4717 2031 4800">
     <span class='ocr_line' id='line_1_56' title="bbox 369 4717 2031 4800; baseline -0.007 -16"><span class='ocrx_word' id='word_1_344' title='bbox 369 4727 627 4800; x_wconf 81' lang='lat' dir='ltr'>Hisprug</span> <span class='ocrx_word' id='word_1_345' title='bbox 655 4729 838 4792; x_wconf 88' lang='lat' dir='ltr'>ortus,</span> <span class='ocrx_word' id='word_1_346' title='bbox 861 4739 931 4780; x_wconf 87' lang='lat' dir='ltr'>ex</span> <span class='ocrx_word' id='word_1_347' title='bbox 954 4721 1284 4796; x_wconf 91' lang='lat' dir='ltr'>prepinquo</span> <span class='ocrx_word' id='word_1_348' title='bbox 1323 4719 1613 4794; x_wconf 88' lang='lat' dir='ltr'>sanguine</span> <span class='ocrx_word' id='word_1_349' title='bbox 1638 4717 2031 4792; x_wconf 85' lang='lat' dir='ltr'>imperatoris,</span> 
     </span>
    </p>
   </div>
   <div class='ocr_carea' id='block_1_57' title="bbox 372 4805 2032 4888">
    <p class='ocr_par' dir='ltr' id='par_1_57' title="bbox 372 4805 2032 4888">
     <span class='ocr_line' id='line_1_57' title="bbox 372 4805 2032 4888; baseline -0.005 -14"><span class='ocrx_word' id='word_1_350' title='bbox 372 4821 548 4874; x_wconf 77' lang='lat' dir='ltr'>natus</span> <span class='ocrx_word' id='word_1_351' title='bbox 574 4833 588 4874; x_wconf 91' lang='lat'>:</span> <span class='ocrx_word' id='word_1_352' title='bbox 613 4818 839 4888; x_wconf 88' lang='lat' dir='ltr'>patrem</span> <span class='ocrx_word' id='word_1_353' title='bbox 861 4812 1066 4869; x_wconf 86' lang='lat' dir='ltr'>habuit</span> <span class='ocrx_word' id='word_1_354' title='bbox 1089 4811 1440 4884; x_wconf 80' lang='lat' dir='ltr'>Arduigum,</span> <span class='ocrx_word' id='word_1_355' title='bbox 1458 4812 1705 4864; x_wconf 88' lang='lat' dir='ltr'>matrem</span> <span class='ocrx_word' id='word_1_356' title='bbox 1727 4805 2032 4865; x_wconf 62' lang='lat' dir='ltr'>Vitzelam.</span> 
     </span>
    </p>
   </div>
   <div class='ocr_carea' id='block_1_58' title="bbox 369 4895 2036 4976">
    <p class='ocr_par' dir='ltr' id='par_1_58' title="bbox 369 4895 2036 4976">
     <span class='ocr_line' id='line_1_58' title="bbox 369 4895 2036 4976; baseline -0.005 -12"><span class='ocrx_word' id='word_1_357' title='bbox 369 4905 774 4964; x_wconf 86' lang='lat' dir='ltr'>nobilissimos</span> <span class='ocrx_word' id='word_1_358' title='bbox 807 4906 1109 4976; x_wconf 85' lang='lat' dir='ltr'>parentes,</span> <span class='ocrx_word' id='word_1_359' title='bbox 1135 4904 1193 4957; x_wconf 92' lang='lat' dir='ltr'>et</span> <span class='ocrx_word' id='word_1_360' title='bbox 1228 4909 1571 4972; x_wconf 69' lang='lat' dir='ltr'>quantham</span> <span class='ocrx_word' id='word_1_361' title='bbox 1601 4901 1767 4954; x_wconf 65' lang='lat' dir='ltr'>aetate</span> <span class='ocrx_word' id='word_1_362' title='bbox 1800 4895 2036 4969; x_wconf 86' lang='lat' dir='ltr'>juvenis</span> 
     </span>
    </p>
   </div>
   <div class='ocr_carea' id='block_1_59' title="bbox 368 4986 2038 5064">
    <p class='ocr_par' dir='ltr' id='par_1_59' title="bbox 368 4986 2038 5064">
     <span class='ocr_line' id='line_1_59' title="bbox 368 4986 2038 5064; baseline -0.007 -11"><span class='ocrx_word' id='word_1_363' title='bbox 368 4999 545 5063; x_wconf 86' lang='lat' dir='ltr'>esset,</span> <span class='ocrx_word' id='word_1_364' title='bbox 593 4993 863 5050; x_wconf 84' lang='lat' dir='ltr'>doctrina</span> <span class='ocrx_word' id='word_1_365' title='bbox 907 4996 965 5048; x_wconf 89' lang='lat' dir='ltr'>et</span> <span class='ocrx_word' id='word_1_366' title='bbox 1013 4989 1321 5064; x_wconf 88' lang='lat' dir='ltr'>sapientia,</span> <span class='ocrx_word' id='word_1_367' title='bbox 1354 5005 1705 5060; x_wconf 87' lang='lat' dir='ltr'>morumque</span> <span class='ocrx_word' id='word_1_368' title='bbox 1755 4986 2038 5060; x_wconf 88' lang='lat' dir='ltr'>gravitate</span> 
     </span>
    </p>
   </div>
   <div class='ocr_carea' id='block_1_60' title="bbox 375 5075 2039 5160">
    <p class='ocr_par' dir='ltr' id='par_1_60' title="bbox 375 5075 2039 5160">
     <span class='ocr_line' id='line_1_60' title="bbox 375 5075 2039 5160; baseline -0.007 -18"><span class='ocrx_word' id='word_1_369' title='bbox 375 5083 899 5160; x_wconf 83' lang='lat' dir='ltr'>prudentissimus,</span> <span class='ocrx_word' id='word_1_370' title='bbox 918 5081 1163 5138; x_wconf 81' lang='lat' dir='ltr'>senibus</span> <span class='ocrx_word' id='word_1_371' title='bbox 1185 5095 1308 5151; x_wconf 69' lang='lat' dir='ltr'>zequ</span> <span class='ocrx_word' id='word_1_372' title='bbox 1319 5079 1398 5133; x_wconf 90' lang='lat' dir='ltr'>ari</span> <span class='ocrx_word' id='word_1_373' title='bbox 1425 5077 1668 5150; x_wconf 74' lang='lat' dir='ltr'>poterat.</span> <span class='ocrx_word' id='word_1_374' title='bbox 1685 5075 1918 5132; x_wconf 87' lang='lat' dir='ltr'>Electus</span> <span class='ocrx_word' id='word_1_375' title='bbox 1940 5093 2039 5132; x_wconf 75' lang='lat' dir='ltr'>au-</span> 
     </span>
    </p>
   </div>
   <div class='ocr_carea' id='block_1_61' title="bbox 368 5164 2033 5241">
    <p class='ocr_par' dir='ltr' id='par_1_61' title="bbox 368 5164 2033 5241">
     <span class='ocr_line' id='line_1_61' title="bbox 368 5164 2033 5241; baseline -0.006 -9"><span class='ocrx_word' id='word_1_376' title='bbox 368 5180 490 5232; x_wconf 85' lang='lat' dir='ltr'>tem</span> <span class='ocrx_word' id='word_1_377' title='bbox 520 5175 712 5230; x_wconf 81' lang='lat' dir='ltr'>fuerat</span> <span class='ocrx_word' id='word_1_378' title='bbox 741 5171 1089 5228; x_wconf 85' lang='lat' dir='ltr'>Aistateusis</span> <span class='ocrx_word' id='word_1_379' title='bbox 1138 5169 1456 5241; x_wconf 89' lang='lat' dir='ltr'>episcopus</span> <span class='ocrx_word' id='word_1_380' title='bbox 1497 5183 1650 5223; x_wconf 92' lang='lat' dir='ltr'>anno</span> <span class='ocrx_word' id='word_1_381' title='bbox 1682 5167 1840 5235; x_wconf 84' lang='grc'>1052,</span> <span class='ocrx_word' id='word_1_382' title='bbox 1875 5164 2033 5222; x_wconf 88' lang='lat' dir='ltr'>illius</span> 
     </span>
    </p>
   </div>
   <div class='ocr_carea' id='block_1_62' title="bbox 369 5253 2040 5330">
    <p class='ocr_par' dir='ltr' id='par_1_62' title="bbox 369 5253 2040 5330">
     <span class='ocr_line' id='line_1_62' title="bbox 369 5253 2040 5330; baseline -0.007 -10"><span class='ocrx_word' id='word_1_383' title='bbox 369 5264 507 5320; x_wconf 82' lang='lat' dir='ltr'>cieri</span> <span class='ocrx_word' id='word_1_384' title='bbox 539 5278 851 5330; x_wconf 89' lang='lat' dir='ltr'>consensu,</span> <span class='ocrx_word' id='word_1_385' title='bbox 872 5261 930 5315; x_wconf 92' lang='lat' dir='ltr'>in</span> <span class='ocrx_word' id='word_1_386' title='bbox 957 5258 1214 5314; x_wconf 86' lang='lat' dir='ltr'>maxima</span> <span class='ocrx_word' id='word_1_387' title='bbox 1233 5258 1394 5330; x_wconf 89' lang='lat' dir='ltr'>apud</span> <span class='ocrx_word' id='word_1_388' title='bbox 1422 5273 1626 5312; x_wconf 88' lang='lat' dir='ltr'>omnes</span> <span class='ocrx_word' id='word_1_389' title='bbox 1657 5253 1888 5328; x_wconf 89' lang='lat' dir='ltr'>imperii</span> <span class='ocrx_word' id='word_1_390' title='bbox 1913 5271 2040 5326; x_wconf 90' lang='lat' dir='ltr'>pro—</span> 
     </span>
    </p>
   </div>
   <div class='ocr_carea' id='block_1_63' title="bbox 370 5343 2035 5420">
    <p class='ocr_par' dir='ltr' id='par_1_63' title="bbox 370 5343 2035 5420">
     <span class='ocr_line' id='line_1_63' title="bbox 370 5343 2035 5420; baseline -0.007 -10"><span class='ocrx_word' id='word_1_391' title='bbox 370 5367 532 5410; x_wconf 87' lang='lat' dir='ltr'>ceres</span> <span class='ocrx_word' id='word_1_392' title='bbox 551 5349 895 5407; x_wconf 81' lang='lat' dir='ltr'>auctoritate</span> <span class='ocrx_word' id='word_1_393' title='bbox 914 5349 996 5403; x_wconf 86' lang='lat' dir='ltr'>ita</span> <span class='ocrx_word' id='word_1_394' title='bbox 1032 5352 1095 5403; x_wconf 73' lang='lat' dir='ltr'>ut</span> <span class='ocrx_word' id='word_1_395' title='bbox 1130 5346 1420 5420; x_wconf 73' lang='lat' dir='ltr'>praecipue</span> <span class='ocrx_word' id='word_1_396' title='bbox 1452 5346 1582 5417; x_wconf 90' lang='lat' dir='ltr'>ejus</span> <span class='ocrx_word' id='word_1_397' title='bbox 1605 5343 1848 5400; x_wconf 91' lang='lat' dir='ltr'>consilio</span> <span class='ocrx_word' id='word_1_398' title='bbox 1881 5343 2035 5399; x_wconf 83' lang='lat' dir='ltr'>Hen-</span> 
     </span>
    </p>
   </div>
   <div class='ocr_carea' id='block_1_64' title="bbox 370 5433 2035 5512">
    <p class='ocr_par' dir='ltr' id='par_1_64' title="bbox 370 5433 2035 5512">
     <span class='ocr_line' id='line_1_64' title="bbox 370 5433 2035 5512; baseline -0.005 -15"><span class='ocrx_word' id='word_1_399' title='bbox 370 5443 526 5497; x_wconf 77' lang='lat' dir='ltr'>ricus</span> <span class='ocrx_word' id='word_1_400' title='bbox 570 5441 885 5512; x_wconf 80' lang='lat' dir='ltr'>imperator</span> <span class='ocrx_word' id='word_1_401' title='bbox 931 5441 1208 5492; x_wconf 73' lang='lat' dir='ltr'>uteretur.</span> <span class='ocrx_word' id='word_1_402' title='bbox 1243 5435 1402 5491; x_wconf 91' lang='lat' dir='ltr'>Tulit</span> <span class='ocrx_word' id='word_1_403' title='bbox 1455 5439 1692 5508; x_wconf 90' lang='lat' dir='ltr'>gravate</span> <span class='ocrx_word' id='word_1_404' title='bbox 1722 5433 2035 5502; x_wconf 89' lang='lat' dir='ltr'>Henricus,</span> 
     </span>
    </p>
   </div>
   <div class='ocr_carea' id='block_1_65' title="bbox 370 5522 2034 5584">
    <p class='ocr_par' dir='ltr' id='par_1_65' title="bbox 370 5522 2034 5584">
     <span class='ocr_line' id='line_1_65' title="bbox 370 5522 2034 5584; baseline -0.005 0"><span class='ocrx_word' id='word_1_405' title='bbox 370 5535 436 5584; x_wconf 86' lang='lat' dir='ltr'>ut</span> <span class='ocrx_word' id='word_1_406' title='bbox 464 5533 694 5584; x_wconf 86' lang='lat' dir='ltr'>tantum</span> <span class='ocrx_word' id='word_1_407' title='bbox 727 5529 917 5582; x_wconf 88' lang='lat' dir='ltr'>virum</span> <span class='ocrx_word' id='word_1_408' title='bbox 951 5531 1005 5582; x_wconf 84' lang='lat' dir='ltr'>et</span> <span class='ocrx_word' id='word_1_409' title='bbox 1037 5530 1157 5581; x_wconf 61' lang='lat' dir='ltr'>tam</span> <span class='ocrx_word' id='word_1_410' title='bbox 1194 5526 1376 5580; x_wconf 79' lang='lat' dir='ltr'>fidum</span> <span class='ocrx_word' id='word_1_411' title='bbox 1411 5524 1670 5580; x_wconf 87' lang='lat' dir='ltr'>amicum</span> <span class='ocrx_word' id='word_1_412' title='bbox 1717 5522 2034 5578; x_wconf 86' lang='lat' dir='ltr'>amitteret.</span> 
     </span>
    </p>
   </div>
   <div class='ocr_carea' id='block_1_66' title="bbox 373 5611 2032 5689">
    <p class='ocr_par' dir='ltr' id='par_1_66' title="bbox 373 5611 2032 5689">
     <span class='ocr_line' id='line_1_66' title="bbox 373 5611 2032 5689; baseline -0.005 -12"><span class='ocrx_word' id='word_1_413' title='bbox 373 5617 539 5677; x_wconf 75' lang='lat' dir='ltr'>Hunc</span> <span class='ocrx_word' id='word_1_414' title='bbox 567 5615 748 5689; x_wconf 86' lang='lat' dir='ltr'>igitur</span> <span class='ocrx_word' id='word_1_415' title='bbox 770 5611 1225 5683; x_wconf 83' lang='lat' dir='ltr'>Hildebrandus,</span> <span class='ocrx_word' id='word_1_416' title='bbox 1251 5613 1387 5670; x_wconf 89' lang='lat' dir='ltr'>licet</span> <span class='ocrx_word' id='word_1_417' title='bbox 1418 5612 1695 5683; x_wconf 90' lang='lat' dir='ltr'>invitum,</span> <span class='ocrx_word' id='word_1_418' title='bbox 1725 5628 1879 5671; x_wconf 84' lang='lat' dir='ltr'>anno</span> <span class='ocrx_word' id='word_1_419' title='bbox 1905 5611 2032 5684; x_wconf 86' lang='lat' dir='ltr'>jam</span> 
     </span>
    </p>
   </div>
   <div class='ocr_carea' id='block_1_67' title="bbox 2137 4266 3794 4343">
    <p class='ocr_par' dir='ltr' id='par_1_67' title="bbox 2137 4266 3794 4343">
     <span class='ocr_line' id='line_1_67' title="bbox 2137 4266 3794 4343; baseline 0.003 -18"><span class='ocrx_word' id='word_1_420' title='bbox 2137 4269 2218 4325; x_wconf 82' lang='lat' dir='ltr'>tia</span> <span class='ocrx_word' id='word_1_421' title='bbox 2245 4272 2302 4325; x_wconf 88' lang='lat' dir='ltr'>et</span> <span class='ocrx_word' id='word_1_422' title='bbox 2349 4267 2549 4341; x_wconf 89' lang='lat' dir='ltr'>pepuli</span> <span class='ocrx_word' id='word_1_423' title='bbox 2595 4267 2778 4324; x_wconf 87' lang='lat' dir='ltr'>totius</span> <span class='ocrx_word' id='word_1_424' title='bbox 2833 4266 3043 4341; x_wconf 87' lang='lat' dir='ltr'>plausu</span> <span class='ocrx_word' id='word_1_425' title='bbox 3103 4275 3397 4343; x_wconf 85' lang='lat' dir='ltr'>exceptus,</span> <span class='ocrx_word' id='word_1_426' title='bbox 3433 4272 3493 4327; x_wconf 93' lang='lat' dir='ltr'>in</span> <span class='ocrx_word' id='word_1_427' title='bbox 3552 4272 3794 4330; x_wconf 84' lang='lat' dir='ltr'>basilica</span> 
     </span>
    </p>
   </div>
   <div class='ocr_carea' id='block_1_68' title="bbox 2138 4349 3795 4430">
    <p class='ocr_par' dir='ltr' id='par_1_68' title="bbox 2138 4349 3795 4430">
     <span class='ocr_line' id='line_1_68' title="bbox 2138 4349 3795 4430; baseline 0.004 -17"><span class='ocrx_word' id='word_1_428' title='bbox 2138 4357 2337 4413; x_wconf 83' lang='lat' dir='ltr'>Sancti</span> <span class='ocrx_word' id='word_1_429' title='bbox 2389 4357 2539 4413; x_wconf 88' lang='lat' dir='ltr'>Petri</span> <span class='ocrx_word' id='word_1_430' title='bbox 2586 4357 2889 4425; x_wconf 86' lang='lat' dir='ltr'>Vaticana,</span> <span class='ocrx_word' id='word_1_431' title='bbox 2945 4349 3351 4430; x_wconf 89' lang='lat' dir='ltr'>episcoporum</span> <span class='ocrx_word' id='word_1_432' title='bbox 3403 4361 3795 4418; x_wconf 85' lang='lat' dir='ltr'>cardinalium</span> 
     </span>
    </p>
   </div>
   <div class='ocr_carea' id='block_1_69' title="bbox 2141 4445 3798 4521">
    <p class='ocr_par' dir='ltr' id='par_1_69' title="bbox 2141 4445 3798 4521">
     <span class='ocr_line' id='line_1_69' title="bbox 2141 4445 3798 4521; baseline 0.002 -18"><span class='ocrx_word' id='word_1_433' title='bbox 2141 4445 2488 4512; x_wconf 88' lang='lat' dir='ltr'>ministerio,</span> <span class='ocrx_word' id='word_1_434' title='bbox 2512 4446 2760 4502; x_wconf 85' lang='lat' dir='ltr'>Romani</span> <span class='ocrx_word' id='word_1_435' title='bbox 2781 4446 3176 4519; x_wconf 85' lang='lat' dir='ltr'>pontificatus,</span> <span class='ocrx_word' id='word_1_436' title='bbox 3200 4447 3340 4504; x_wconf 89' lang='lat' dir='ltr'>feria</span> <span class='ocrx_word' id='word_1_437' title='bbox 3361 4449 3572 4521; x_wconf 87' lang='lat' dir='ltr'>quinta</span> <span class='ocrx_word' id='word_1_438' title='bbox 3591 4451 3654 4506; x_wconf 92' lang='lat' dir='ltr'>in</span> <span class='ocrx_word' id='word_1_439' title='bbox 3675 4455 3798 4507; x_wconf 72' lang='lat' dir='ltr'>Ca:-</span> 
     </span>
    </p>
   </div>
   <div class='ocr_carea' id='block_1_70' title="bbox 2141 4533 3818 4610">
    <p class='ocr_par' dir='ltr' id='par_1_70' title="bbox 2141 4533 3818 4610">
     <span class='ocr_line' id='line_1_70' title="bbox 2141 4533 3818 4610; baseline 0.003 -18"><span class='ocrx_word' id='word_1_440' title='bbox 2141 4544 2217 4592; x_wconf 87' lang='lat' dir='ltr'>&#39;na</span> <span class='ocrx_word' id='word_1_441' title='bbox 2239 4533 2489 4602; x_wconf 88' lang='lat' dir='ltr'>Domini,</span> <span class='ocrx_word' id='word_1_442' title='bbox 2520 4533 2719 4592; x_wconf 85' lang='lat' dir='ltr'>Idibus</span> <span class='ocrx_word' id='word_1_443' title='bbox 2742 4536 2983 4608; x_wconf 85' lang='lat' dir='ltr'>Aprilis,</span> <span class='ocrx_word' id='word_1_444' title='bbox 3009 4537 3265 4610; x_wconf 88' lang='lat' dir='ltr'>insignia</span> <span class='ocrx_word' id='word_1_445' title='bbox 3285 4554 3419 4593; x_wconf 92' lang='lat' dir='ltr'>cum</span> <span class='ocrx_word' id='word_1_446' title='bbox 3442 4538 3695 4596; x_wconf 80' lang='lat' dir='ltr'>Victoris</span> <span class='ocrx_word' id='word_1_447' title='bbox 3717 4557 3818 4608; x_wconf 43' lang='lat' dir='ltr'>se:</span> 
     </span>
    </p>
   </div>
   <div class='ocr_carea' id='block_1_71' title="bbox 2141 4624 3802 4702">
    <p class='ocr_par' dir='ltr' id='par_1_71' title="bbox 2141 4624 3802 4702">
     <span class='ocr_line' id='line_1_71' title="bbox 2141 4624 3802 4702; baseline 0.002 -20"><span class='ocrx_word' id='word_1_448' title='bbox 2141 4625 2320 4682; x_wconf 89' lang='lat' dir='ltr'>eundi</span> <span class='ocrx_word' id='word_1_449' title='bbox 2343 4625 2578 4681; x_wconf 88' lang='lat' dir='ltr'>nomine</span> <span class='ocrx_word' id='word_1_450' title='bbox 2600 4624 2878 4697; x_wconf 87' lang='lat' dir='ltr'>suscepit,</span> <span class='ocrx_word' id='word_1_451' title='bbox 2902 4642 3054 4681; x_wconf 88' lang='lat' dir='ltr'>anno</span> <span class='ocrx_word' id='word_1_452' title='bbox 3084 4626 3318 4682; x_wconf 88' lang='lat' dir='ltr'>Domini</span> <span class='ocrx_word' id='word_1_453' title='bbox 3340 4628 3482 4684; x_wconf 86' lang='grc'>1055</span> <span class='ocrx_word' id='word_1_454' title='bbox 3510 4643 3618 4702; x_wconf 88' lang='lat' dir='ltr'>per</span> <span class='ocrx_word' id='word_1_455' title='bbox 3639 4629 3802 4702; x_wconf 79' lang='lat' dir='ltr'>May~</span> 
     </span>
    </p>
   </div>
   <div class='ocr_carea' id='block_1_72' title="bbox 2143 4714 3804 4792">
    <p class='ocr_par' dir='ltr' id='par_1_72' title="bbox 2143 4714 3804 4792">
     <span class='ocr_line' id='line_1_72' title="bbox 2143 4714 3804 4792; baseline 0.002 -22"><span class='ocrx_word' id='word_1_456' title='bbox 2143 4714 2393 4771; x_wconf 87' lang='lat' dir='ltr'>nardum</span> <span class='ocrx_word' id='word_1_457' title='bbox 2415 4718 2471 4769; x_wconf 83' lang='lat'>8.</span> <span class='ocrx_word' id='word_1_458' title='bbox 2491 4715 2766 4771; x_wconf 80' lang='lat' dir='ltr'>Romanas</span> <span class='ocrx_word' id='word_1_459' title='bbox 2787 4714 3057 4770; x_wconf 65' lang='lat' dir='ltr'>Ecclesiae</span> <span class='ocrx_word' id='word_1_460' title='bbox 3079 4715 3574 4785; x_wconf 69' lang='lat' dir='ltr'>archidiaconus),</span> <span class='ocrx_word' id='word_1_461' title='bbox 3589 4722 3650 4792; x_wconf 83' lang='lat' dir='ltr'>et</span> <span class='ocrx_word' id='word_1_462' title='bbox 3670 4717 3804 4774; x_wconf 87' lang='lat' dir='ltr'>lau-</span> 
     </span>
    </p>
   </div>
   <div class='ocr_carea' id='block_1_73' title="bbox 2145 4791 3812 4873">
    <p class='ocr_par' dir='ltr' id='par_1_73' title="bbox 2145 4791 3812 4873">
     <span class='ocr_line' id='line_1_73' title="bbox 2145 4791 3812 4873; baseline 0.002 -13"><span class='ocrx_word' id='word_1_463' title='bbox 2145 4804 2450 4860; x_wconf 83' lang='lat' dir='ltr'>datissime</span> <span class='ocrx_word' id='word_1_464' title='bbox 2481 4791 2670 4861; x_wconf 85' lang='lat' dir='ltr'>eidem</span> <span class='ocrx_word' id='word_1_465' title='bbox 2702 4815 2888 4861; x_wconf 83' lang='lat' dir='ltr'>annos</span> <span class='ocrx_word' id='word_1_466' title='bbox 2919 4805 3070 4861; x_wconf 83' lang='lat' dir='ltr'>duos</span> <span class='ocrx_word' id='word_1_467' title='bbox 3100 4815 3334 4861; x_wconf 87' lang='lat' dir='ltr'>menses</span> <span class='ocrx_word' id='word_1_468' title='bbox 3363 4809 3499 4873; x_wconf 86' lang='lat' dir='ltr'>tres,</span> <span class='ocrx_word' id='word_1_469' title='bbox 3524 4805 3652 4860; x_wconf 86' lang='lat' dir='ltr'>dies</span> <span class='ocrx_word' id='word_1_470' title='bbox 3674 4821 3812 4863; x_wconf 85' lang='lat' dir='ltr'>sex-</span> 
     </span>
    </p>
   </div>
   <div class='ocr_carea' id='block_1_74' title="bbox 2143 4889 3806 4966">
    <p class='ocr_par' dir='ltr' id='par_1_74' title="bbox 2143 4889 3806 4966">
     <span class='ocr_line' id='line_1_74' title="bbox 2143 4889 3806 4966; baseline 0.001 -15"><span class='ocrx_word' id='word_1_471' title='bbox 2143 4894 2356 4960; x_wconf 87' lang='lat' dir='ltr'>decim,</span> <span class='ocrx_word' id='word_1_472' title='bbox 2388 4893 2632 4950; x_wconf 76' lang='lat' dir='ltr'>Henrice</span> <span class='ocrx_word' id='word_1_473' title='bbox 2661 4891 2833 4950; x_wconf 84' lang='lat' dir='ltr'>tertio</span> <span class='ocrx_word' id='word_1_474' title='bbox 2863 4897 2922 4950; x_wconf 76' lang='lat' dir='ltr'>et</span> <span class='ocrx_word' id='word_1_475' title='bbox 2951 4894 3081 4965; x_wconf 78' lang='lat' dir='ltr'>ejus</span> <span class='ocrx_word' id='word_1_476' title='bbox 3130 4893 3249 4951; x_wconf 84' lang='lat' dir='ltr'>filio</span> <span class='ocrx_word' id='word_1_477' title='bbox 3294 4893 3535 4950; x_wconf 80' lang='lat' dir='ltr'>Henrico</span> <span class='ocrx_word' id='word_1_478' title='bbox 3584 4889 3806 4966; x_wconf 71' lang='lat' dir='ltr'>quarto</span> 
     </span>
    </p>
   </div>
   <div class='ocr_carea' id='block_1_75' title="bbox 2144 4981 3806 5058">
    <p class='ocr_par' dir='ltr' id='par_1_75' title="bbox 2144 4981 3806 5058">
     <span class='ocr_line' id='line_1_75' title="bbox 2144 4981 3806 5058; baseline 0.001 -18"><span class='ocrx_word' id='word_1_479' title='bbox 2144 4983 2442 5058; x_wconf 86' lang='lat' dir='ltr'>Augustis,</span> <span class='ocrx_word' id='word_1_480' title='bbox 2477 4982 2728 5056; x_wconf 81' lang='lat' dir='ltr'>praefuit.</span> <span class='ocrx_word' id='word_1_481' title='bbox 2761 4981 2947 5038; x_wconf 88' lang='lat' dir='ltr'>Urbes</span> <span class='ocrx_word' id='word_1_482' title='bbox 2978 4981 3224 5055; x_wconf 89' lang='lat' dir='ltr'>aliquot,</span> <span class='ocrx_word' id='word_1_483' title='bbox 3259 4997 3416 5040; x_wconf 86' lang='lat' dir='ltr'>arces</span> <span class='ocrx_word' id='word_1_484' title='bbox 3461 4985 3518 5038; x_wconf 87' lang='lat' dir='ltr'>et</span> <span class='ocrx_word' id='word_1_485' title='bbox 3559 4983 3806 5056; x_wconf 79' lang='lat' dir='ltr'>Oppida,</span> 
     </span>
    </p>
   </div>
   <div class='ocr_carea' id='block_1_76' title="bbox 2145 5071 3810 5147">
    <p class='ocr_par' dir='ltr' id='par_1_76' title="bbox 2145 5071 3810 5147">
     <span class='ocr_line' id='line_1_76' title="bbox 2145 5071 3810 5147; baseline 0.001 -18"><span class='ocrx_word' id='word_1_486' title='bbox 2145 5072 2411 5130; x_wconf 72' lang='lat' dir='ltr'>Ecclesiae</span> <span class='ocrx_word' id='word_1_487' title='bbox 2441 5073 2714 5129; x_wconf 69' lang='lat' dir='ltr'>Romanae</span> <span class='ocrx_word' id='word_1_488' title='bbox 2745 5071 3040 5144; x_wconf 88' lang='lat' dir='ltr'>prioribus</span> <span class='ocrx_word' id='word_1_489' title='bbox 3066 5072 3298 5128; x_wconf 65' lang='lat' dir='ltr'>saculis</span> <span class='ocrx_word' id='word_1_490' title='bbox 3320 5072 3542 5129; x_wconf 86' lang='lat' dir='ltr'>amiss‘a</span> <span class='ocrx_word' id='word_1_491' title='bbox 3568 5089 3810 5147; x_wconf 87' lang='lat' dir='ltr'>recupe-</span> 
     </span>
    </p>
   </div>
   <div class='ocr_carea' id='block_1_77' title="bbox 2147 5153 3807 5236">
    <p class='ocr_par' dir='ltr' id='par_1_77' title="bbox 2147 5153 3807 5236">
     <span class='ocr_line' id='line_1_77' title="bbox 2147 5153 3807 5236; baseline 0.001 -18"><span class='ocrx_word' id='word_1_492' title='bbox 2147 5163 2314 5218; x_wconf 87' lang='lat' dir='ltr'>ravit.</span> <span class='ocrx_word' id='word_1_493' title='bbox 2339 5162 2442 5219; x_wconf 89' lang='lat' dir='ltr'>Hic</span> <span class='ocrx_word' id='word_1_494' title='bbox 2463 5161 2672 5218; x_wconf 87' lang='lat' dir='ltr'>Leonis</span> <span class='ocrx_word' id='word_1_495' title='bbox 2694 5159 3143 5232; x_wconf 64' lang='lat' dir='ltr'>pradaceSsoris</span> <span class='ocrx_word' id='word_1_496' title='bbox 3163 5161 3254 5216; x_wconf 89' lang='lat' dir='ltr'>sui</span> <span class='ocrx_word' id='word_1_497' title='bbox 3273 5161 3524 5235; x_wconf 84' lang='lat' dir='ltr'>vestigia</span> <span class='ocrx_word' id='word_1_498' title='bbox 3542 5153 3807 5236; x_wconf 81' lang='lat' dir='ltr'>secutus,</span> 
     </span>
    </p>
   </div>
   <div class='ocr_carea' id='block_1_78' title="bbox 2147 5249 3808 5325">
    <p class='ocr_par' dir='ltr' id='par_1_78' title="bbox 2147 5249 3808 5325">
     <span class='ocr_line' id='line_1_78' title="bbox 2147 5249 3808 5325; baseline 0.002 -19"><span class='ocrx_word' id='word_1_499' title='bbox 2147 5256 2493 5325; x_wconf 67' lang='lat' dir='ltr'>praesentem</span> <span class='ocrx_word' id='word_1_500' title='bbox 2543 5249 2815 5307; x_wconf 82' lang='lat' dir='ltr'>Ecclesiae</span> <span class='ocrx_word' id='word_1_501' title='bbox 2863 5253 3086 5306; x_wconf 82' lang='lat' dir='ltr'>statum</span> <span class='ocrx_word' id='word_1_502' title='bbox 3115 5249 3370 5306; x_wconf 77' lang='lat' dir='ltr'>ﬁrmare</span> <span class='ocrx_word' id='word_1_503' title='bbox 3423 5252 3698 5324; x_wconf 81' lang='lat' dir='ltr'>perrexit,</span> <span class='ocrx_word' id='word_1_504' title='bbox 3741 5270 3808 5309; x_wconf 90' lang='lat' dir='ltr'>ac</span> 
     </span>
    </p>
   </div>
   <div class='ocr_carea' id='block_1_79' title="bbox 2148 5337 3806 5414">
    <p class='ocr_par' dir='ltr' id='par_1_79' title="bbox 2148 5337 3806 5414">
     <span class='ocr_line' id='line_1_79' title="bbox 2148 5337 3806 5414; baseline 0.001 -18"><span class='ocrx_word' id='word_1_505' title='bbox 2148 5344 2454 5414; x_wconf 83' lang='lat' dir='ltr'>prepterea</span> <span class='ocrx_word' id='word_1_506' title='bbox 2483 5339 2677 5395; x_wconf 89' lang='lat' dir='ltr'>subito</span> <span class='ocrx_word' id='word_1_507' title='bbox 2717 5343 3074 5396; x_wconf 87' lang='lat' dir='ltr'>conventum</span> <span class='ocrx_word' id='word_1_508' title='bbox 3107 5337 3409 5396; x_wconf 66' lang='lat' dir='ltr'>Florentia!</span> <span class='ocrx_word' id='word_1_509' title='bbox 3459 5341 3687 5410; x_wconf 82' lang='lat' dir='ltr'>indixit,</span> <span class='ocrx_word' id='word_1_510' title='bbox 3719 5346 3806 5397; x_wconf 86' lang='lat' dir='ltr'>at-</span> 
     </span>
    </p>
   </div>
   <div class='ocr_carea' id='block_1_80' title="bbox 2145 5425 3806 5502">
    <p class='ocr_par' dir='ltr' id='par_1_80' title="bbox 2145 5425 3806 5502">
     <span class='ocr_line' id='line_1_80' title="bbox 2145 5425 3806 5502; baseline 0.001 -18"><span class='ocrx_word' id='word_1_511' title='bbox 2145 5446 2260 5502; x_wconf 82' lang='lat' dir='ltr'>que</span> <span class='ocrx_word' id='word_1_512' title='bbox 2291 5446 2356 5486; x_wconf 91' lang='lat' dir='ltr'>eo</span> <span class='ocrx_word' id='word_1_513' title='bbox 2387 5429 2567 5486; x_wconf 89' lang='lat' dir='ltr'>etiam</span> <span class='ocrx_word' id='word_1_514' title='bbox 2595 5425 2911 5484; x_wconf 84' lang='lat' dir='ltr'>Henrieum</span> <span class='ocrx_word' id='word_1_515' title='bbox 2957 5428 3374 5500; x_wconf 70' lang='lat' dir='ltr'>imperatorem</span> <span class='ocrx_word' id='word_1_516' title='bbox 3425 5429 3713 5498; x_wconf 79' lang='lat' dir='ltr'>invitavit,</span> <span class='ocrx_word' id='word_1_517' title='bbox 3745 5430 3806 5486; x_wconf 89' lang='lat' dir='ltr'>in</span> 
     </span>
    </p>
   </div>
   <div class='ocr_carea' id='block_1_81' title="bbox 2151 5513 3812 5592">
    <p class='ocr_par' dir='ltr' id='par_1_81' title="bbox 2151 5513 3812 5592">
     <span class='ocr_line' id='line_1_81' title="bbox 2151 5513 3812 5592; baseline 0 -17"><span class='ocrx_word' id='word_1_518' title='bbox 2151 5537 2265 5592; x_wconf 92' lang='lat' dir='ltr'>quo</span> <span class='ocrx_word' id='word_1_519' title='bbox 2296 5517 2441 5591; x_wconf 89' lang='lat' dir='ltr'>ipse,</span> <span class='ocrx_word' id='word_1_520' title='bbox 2474 5516 2577 5591; x_wconf 85' lang='lat' dir='ltr'>qui</span> <span class='ocrx_word' id='word_1_521' title='bbox 2607 5513 2930 5573; x_wconf 83' lang='lat' dir='ltr'>acerrimus</span> <span class='ocrx_word' id='word_1_522' title='bbox 2961 5516 3098 5573; x_wconf 87' lang='lat' dir='ltr'>cieri</span> <span class='ocrx_word' id='word_1_523' title='bbox 3132 5533 3342 5575; x_wconf 89' lang='lat' dir='ltr'>censor</span> <span class='ocrx_word' id='word_1_524' title='bbox 3376 5520 3435 5574; x_wconf 87' lang='lat' dir='ltr'>et</span> <span class='ocrx_word' id='word_1_525' title='bbox 3466 5519 3812 5575; x_wconf 84' lang='lat' dir='ltr'>reformator</span> 
     </span>
    </p>
   </div>
   <div class='ocr_carea' id='block_1_82' title="bbox 2153 5605 3815 5680">
    <p class='ocr_par' dir='ltr' id='par_1_82' title="bbox 2153 5605 3815 5680">
     <span class='ocr_line' id='line_1_82' title="bbox 2153 5605 3815 5680; baseline 0 -13"><span class='ocrx_word' id='word_1_526' title='bbox 2153 5611 2304 5680; x_wconf 86' lang='lat' dir='ltr'>erat;</span> <span class='ocrx_word' id='word_1_527' title='bbox 2339 5623 2474 5666; x_wconf 88' lang='lat' dir='ltr'>cum</span> <span class='ocrx_word' id='word_1_528' title='bbox 2505 5605 2824 5678; x_wconf 75' lang='lat' dir='ltr'>imperator</span> <span class='ocrx_word' id='word_1_529' title='bbox 2851 5606 2963 5662; x_wconf 88' lang='lat' dir='ltr'>sub</span> <span class='ocrx_word' id='word_1_530' title='bbox 2989 5607 3206 5664; x_wconf 86' lang='lat' dir='ltr'>festum</span> <span class='ocrx_word' id='word_1_531' title='bbox 3229 5607 3607 5666; x_wconf 83' lang='lat' dir='ltr'>Pentecostes</span> <span class='ocrx_word' id='word_1_532' title='bbox 3624 5608 3815 5669; x_wconf 72' lang='lat' dir='ltr'>Venis-</span> 
     </span>
    </p>
   </div>
  </div>
