3966 6212
189 361 318 428 801

1507 367 1827 438 NOTl'l‘lA
1875 367 2318 438 HISTORICA.

3509 372 3628 440 803

197 501 302 555 set
334 515 488 554 anno
521 497 660 554 1056
687 500 746 556 et
773 496 1022 556 concilio
1050 496 1431 569 interfuisset,
1459 501 1677 558 multos
1716 504 1868 574 epis-
1900 505 1952 572 Α
1986 502 2214 570 buit,ac
2241 502 2472 558 tertium
2490 503 2612 572 jam
2641 502 3322 576 BerengariiOpinionem
3340 506 3632 566 detestan-

197 604 414 661 copos,
450 587 784 644 Simoniaca
826 587 957 643 labe
988 587 1244 655 affectos,
1281 591 1336 644 et
1384 589 1443 644 in
1493 590 1873 646 fornicatione

205 675 617 750 deprehensos
647 675 1058 749 convictosque
1084 677 1402 746 damnavit,
1433 695 1498 736 ac
1527 679 1873 752 episcopati-

198 763 323 822 bus
352 766 590 824 amovit.
626 765 984 838 Clerumque
1026 765 1256 822 monuit
1304 767 1445 839 quid
1498 767 1871 840 potissimum

200 853 303 916 sui
348 853 615 911 muneris
666 859 844 926 esset,
879 872 1051 928 pmna
1100 854 1296 928 legum
1345 855 1872 916 ecclesiasticarum

199 943 755 1016 transgressoribus
788 945 1062 1016 irrogata.

279 1033 496 1090 Eodem
548 1031 728 1090 etiam
778 1037 1062 1106 tempore,
1092 1033 1551 1092 Hildebrandum
1602 1035 1676 1091 ob
1725 1035 1783 1090 id
1813 1032 1872 1090 in

203 1121 519 1176 Franciam
550 1139 585 1177 a
611 1121 842 1177 Victore
873 1121 1126 1194 legatus,
1153 1139 1356 1196 graves
1387 1123 1665 1184 adversus
1689 1123 1875 1179 Simo-

202 1210 414 1267 niacos
455 1213 515 1267 et
551 1208 886 1278 Nicolaitas,
928 1211 1280 1282 quaestiones
1326 1212 1601 1280 exercuit,
1621 1228 1874 1284 cumque

207 1316 318 1356 sex
347 1299 658 1372 episcopos
689 1299 901 1356 borum
951 1299 1267 1360 criminum
1315 1301 1660 1360 manifestos
1707 1302 1875 1358 dam-

210 1393 436 1456 nasset,
490 1388 964 1446 Ebredunensem
1025 1389 1561 1463 archiepiscopum,
1613 1389 1875 1447 simonie

210 1493 405 1540 reum,
448 1481 506 1532 et
556 1477 931 1550 impudenter
978 1478 1354 1547 inficientem,
1399 1496 1574 1553 quem
1627 1480 1878 1536 testibus

208 1582 534 1640 coarguere
578 1583 692 1623 non
741 1571 989 1640 poterat,
1024 1572 1150 1624 arte
1197 1567 1464 1626 convicit.
1489 1569 1877 1634 Quemadmo-

210 1655 362 1710 dum
395 1671 529 1710 cum
564 1655 675 1711 sibi
729 1673 1001 1713 narrasse
1033 1657 1236 1715 Petrus
1265 1657 1534 1716 Damiani
1585 1659 1878 1715 memoriis

214 1743 525 1817 prodidit:
558 1745 771 1801 etenim
825 1745 878 1800 in
927 1750 1242 1819 conspectu
1294 1735 1614 1803 multorum
1641 1766 1656 1801 :
1682 1770 1710 1796 ‹‹
1736 1750 1877 1820 Age,

212 1832 391 1901 dum,
424 1832 636 1904 inquit,
689 1834 922 1906 quando
957 1839 1011 1890 te
1045 1834 1336 1891 insontem
1386 1834 1568 1906 hujus
1619 1834 1882 1891 criminis

203 1922 447 1992 jactas,
498 1923 567 1977 ad
628 1924 856 1979 noxiam
917 1924 1265 1996 expiandam
1325 1923 1640 1996 pronuntia
1696 1923 1879 1980 Gloria

211 2010 404 2076 Patri,
449 2015 502 2066 et
541 2012 685 2067 Filio
734 2021 786 2067 et
833 2013 1072 2084 Spiritui
1117 2017 1320 2068 sancto.
1353 2013 1502 2068 Tum
1547 2013 1881 2086 episcopus,

210 2103 385 2155 ratus
418 2116 478 2155 se
505 2117 570 2156 eo
601 2100 756 2157 dicto
800 2102 1082 2174 gravioris
1115 2101 1355 2174 periculi
1381 2100 1673 2172 judicium
1708 2118 1880 2158 omne

213 2187 674 2260 declinaturum,
701 2191 1082 2263 pronuntiare
1113 2190 1386 2260 instituit,
1415 2208 1481 2248 ac
1509 2191 1694 2254 Gloria
1725 2192 1884 2248 Patri

215 2281 270 2333 et
303 2278 445 2332 Filio
477 2278 624 2334 dixit
656 2295 670 2334 :
706 2281 947 2352 Spiritui
983 2289 1190 2349 sancto,
1226 2296 1564 2352 quanquam
1605 2297 1756 2353 sazpe
1787 2298 1879 2336 co-

215 2354 424 2432 natus,
455 2368 726 2440 expedire
769 2385 881 2424 non
918 2369 1124 2441 potuit.
1159 2369 1574 2441 Creditumque
1605 2373 1712 2434 est,
1746 2368 1885 2441 quia

212 2454 277 2510 in
321 2456 747 2513 nundinatione
775 2462 1135 2524 sanctorum,
1161 2457 1464 2530 speciatim
1493 2457 1726 2514 lmditur
1755 2458 1884 2531 Spi-

213 2544 379 2600 ritus
411 2549 674 2612 sanctus,
708 2548 773 2601 ut
803 2547 932 2617 ejus
964 2546 1147 2619 culpa;
1179 2545 1521 2620 participem
1552 2547 1744 2604 dicere
1779 2563 1884 2604 ne-

213 2633 444 2706 quivit;
480 2634 771 2707 siquidem
798 2639 998 2708 postea
1021 2652 1200 2708 quam
1229 2640 1531 2709 peccatum
1553 2653 1728 2694 suum
1754 2653 1888 2692 con-

214 2723 426 2779 fessus
456 2726 563 2790 est,
597 2723 726 2782 sine
757 2723 877 2781 ulla
905 2723 1278 2784 cunctatione
1307 2725 1730 2798 pronuntiavit.
1752 2747 1780 2775 »

293 2811 504 2869 Victor
534 2812 812 2885 pontifex,
845 2830 982 2872 cum
1015 2813 1430 2886 Berengarium
1476 2817 1611 2886 post
1642 2818 1886 2871 mortem

216 2901 448 2960 Leonis
477 2902 548 2958 ad
589 2903 853 2962 eamdem
905 2903 1094 2960 redire
1142 2902 1435 2961 insaniam
1485 2903 1888 2975 comperisset,

227 2995 419 3064 atque
453 2991 526 3048 ab
552 3007 620 3048 eo
653 2991 872 3058 multos
901 2992 960 3049 in
995 2993 1237 3052 Francia
1280 2992 1338 3048 in
1387 3008 1642 3050 errorem
1694 2991 1890 3047 induci

222 3079 489 3147 audiret,
525 3081 816 3152 profectus
847 3097 913 3138 eo
945 3085 1291 3138 conventum
1323 3081 1383 3136 in
1414 3080 1753 3137 Turonibus
1785 3079 1893 3136 ha-

1981 594 2098 646 tcm
2129 593 2469 648 conlutavit.
2505 591 2637 648 Fuit
2666 591 2759 648 bio
2803 593 3188 665 Berengarius
3233 594 3419 665 patria
3443 597 3629 654 Turo-

1983 680 2206 746 nensis,
2257 679 2702 738 archidiaconus
2757 681 3209 753 Andegavensis,
3257 684 3355 754 qui
3404 684 3631 756 primus

1981 767 2247 824 haeresim
2281 774 2482 824 contra
2529 769 2784 825 divinam
2837 770 3252 826 eucharistiam
3301 773 3628 840 suscitavit,

1983 872 2160 930 quam
2191 858 2363 914 toties
2393 859 2753 925 damnatam,
2782 858 2958 915 etiam
2994 866 3190 915 nostro
3220 861 3431 918 saecqu
3457 863 3631 920 Zuin-

1982 944 2158 1017 glius,
2180 944 2652 1017 Ecolampadius
2677 951 2730 1004 et
2747 947 3020 1004 Calvinus
3045 949 3444 1017 restituerunt.
3465 968 3635 1010 auxe-

1982 1037 2121 1090 runt
2147 1037 2202 1090 et
2232 1040 2645 1107 propagarunt.
2671 1035 2817 1092 Data
2840 1040 2931 1090 est
2961 1037 3308 1109 Berengario
3339 1040 3498 1110 optio
3528 1041 3632 1098 de-

1983 1122 2256 1180 fendendi
2287 1123 2621 1195 Opinionem
2673 1141 2870 1191 suam;
2905 1142 3080 1195 quam
3131 1143 3263 1182 cum
3317 1127 3632 1188 defenden-

1982 1211 2115 1266 dam
2150 1212 2448 1283 suscipere
2495 1229 2610 1267 non
2659 1213 2918 1280 auderet,
2953 1215 3256 1269 confessus
3302 1220 3390 1272 est
3436 1233 3631 1276 coram

1984 1298 2254 1355 omnibus
2285 1316 2660 1356 communem
2697 1300 2961 1356 Ecclesim
2998 1303 3192 1357 fidem.

2058 1388 2195 1444 Inde
2225 1389 2558 1444 Turonibus
2587 1389 2646 1443 in
2675 1389 2980 1445 Saxoniam
3009 1391 3080 1446 ab
3104 1392 3452 1462 imperatore
3482 1395 3634 1452 Hen-

1986 1476 2104 1532 rico
2137 1476 2433 1542 invitatus,
2460 1483 2636 1548 atque
2657 1477 2985 1532 admirabili
3011 1479 3274 1534 omnium
3306 1482 3634 1554 principum

1986 1582 2273 1622 concursu
2323 1571 2620 1638 exceptus,
2655 1565 2950 1635 Goslarim,
2983 1584 3114 1622 cum
3148 1584 3214 1623 eo
3265 1568 3638 1628 Nativitatem

1986 1655 2242 1727 Virginis
2276 1655 2604 1712 celebravit.
2639 1656 2836 1727 Neque
2867 1656 2946 1710 ita
2986 1655 3161 1728 paulo
3193 1662 3327 1728 post
3356 1657 3640 1718 Henricus

1988 1760 2137 1800 saevo
2188 1745 2390 1800 morbo
2439 1744 2781 1816 implicitus,
2821 1762 2881 1799 ιιι
2937 1763 3119 1801 nonas
3168 1746 3454 1814 Octobris,
3487 1765 3642 1806 anno

1990 1832 2214 1889 Domini
2249 1834 2406 1901 1056,
2442 1837 2688 1888 mortem
2740 1834 2863 1905 ipse
2910 1835 3180 1906 oppetiit;
3232 1837 3384 1908 apud
3440 1837 3642 1894 Folde-

1989 1938 2118 1976 rum
2166 1920 2224 1976 in
2273 1921 2538 1988 Saxonis,
2575 1921 2762 1977 aetatis
2793 1924 2879 1976 30.
2916 1923 3102 1990 llnjns
3153 1940 3366 1996 corpus
3411 1925 3642 1998 Spiram

1993 2010 2179 2079 evehi,
2213 2027 2278 2064 ac
2309 2010 2436 2082 ipso
2467 2015 2751 2083 prasente
2797 2011 3112 2066 honorifice
3143 2011 3388 2084 sepelire
3420 2013 3554 2070 fecit
3583 2016 3643 2070 in

1994 2098 2213 2170 templo
2241 2098 2424 2154 beata:
2455 2098 2710 2171 Virginis
2750 2099 2822 2152 ab
2875 2115 2935 2154 sc
2985 2105 3300 2168 exstructo,
3327 2101 3500 2172 juxta
3544 2120 3645 2175 pa-

1989 2192 2137 2248 trem
2171 2203 2345 2244 suum
2377 2186 2670 2258 sepultum
2697 2192 2800 2242 est.
2829 2187 3057 2258 Imperii
3097 2189 3297 2245 titulos
3331 2190 3459 2260 ejus
3489 2191 3647 2248 ﬁlius

1993 2275 2274 2331 Henricus
2310 2276 2378 2329 IV
2410 2275 2670 2346 suscepit
2700 2277 3002 2348 tenuitque
3034 2294 3220 2333 annos
3247 2295 3429 2351 prope
3456 2280 3547 2336 50.

2065 2364 2347 2420 Craterum
2379 2363 2578 2418 Victor
2607 2364 2782 2420 rebus
2826 2365 3095 2420 Ecclesiae
3143 2370 3308 2424 trans
3353 2367 3546 2440 Alpes,
3582 2374 3650 2426 ut

1993 2458 2118 2509 tum
2153 2452 2319 2509 licuit
2348 2453 2710 2521 constitutis,
2744 2451 2990 2508 solemni
3042 2453 3307 2510 natalitio
3348 2471 3483 2512 cum
3515 2473 3649 2531 rege

1987 2545 2202 2614 juvene
2232 2542 2571 2608 constituto,
2598 2541 2930 2614 Ratisponzn
2954 2546 3208 2613 peracto,
3233 2543 3482 2612 Italiam,
3501 2547 3650 2612 Qua-

1997 2630 2328 2705 dragesimo
2373 2630 2610 2687 ineunte
2656 2629 2906 2702 repetiit,
2938 2635 3114 2703 atque
3161 2631 3462 2690 Florentiae
3509 2636 3649 2692 sub-

1999 2721 2170 2787 stitit,
2201 2721 2300 2775 ubi
2359 2723 2479 2776 tota
2528 2720 2644 2776 fere
2675 2724 2843 2776 aetate
2887 2725 3302 2779 commoratus.
3327 2727 3496 2780 Anno
3537 2724 3648 2782 Do-

2001 2809 2228 2866 minicm
2270 2808 2588 2864 nativitatis
2636 2810 2792 2878 1057,
2818 2827 2855 2864 v
2885 2809 3008 2865 Kal.
3040 2811 3308 2884 Augusti,
3340 2829 3492 2885 papa
3518 2813 3650 2870 Vic-

2000 2904 2088 2956 tor
2119 2898 2164 2954 II
2199 2896 2496 2954 Florentiae
2528 2899 2852 2956 Tuscorum
2905 2904 3172 2956 mortuus
3219 2905 3326 2957 est.
3357 2901 3494 2972 Ejus
3523 2918 3655 2959 cor-

2004 3004 2115 3060 pus
2155 2987 2213 3042 in
2244 2985 2488 3043 ecclesia
2533 2987 2852 3044 cathedrali
2900 2989 2958 3044 S.
3010 2990 3299 3062 Separataz
3351 2991 3653 3049 Florentia:

2006 3076 2304 3150 sepultum
2336 3079 2444 3132 est.
2476 3075 2714 3132 Vacavit
2745 3078 2912 3134 sedes
2942 3077 3066 3134 dies
3095 3083 3365 3152 quatuor.

1440 3358 1906 3448 ΝΟΤΙΤΙΛ
1965 3358 2432 3444 ALTERA.

1217 3511 1408 3584 (Apud
1442 3511 1652 3578 MANSI,
1686 3509 2058 3568 Conciliorum
2078 3507 2286 3564 collect.
2303 3551 2318 3575 ,
2344 3507 2490 3578 XIX,
2517 3507 2667 3578 833.)

302 3739 528 3806 Victor,
563 3739 657 3795 cui
688 3756 899 3796 nomen
933 3740 1313 3796 Gebehardus
1349 3746 1475 3796 erat
1514 3740 1896 3813 Ecclesiieque
1927 3740 1970 3806 C
2011 3755 2221 3812 passus
2252 3741 2340 3794 est
2360 3737 2711 3794 horrendam
2735 3738 3144 3811 proditionem,
3168 3758 3301 3797 cum
3325 3744 3394 3798 ad
3418 3744 3546 3814 ejus
3578 3746 3661 3801 in-

226 3827 581 3898 Eistetensi_
605 3844 822 3902 magna
852 3847 984 3884 cum
1029 3828 1278 3884 utilitate
1323 3829 1693 3902 prmsidebat,
1717 3832 1892 3902 jussu

225 3917 375 3974 cleri
405 3917 652 3974 Romani
684 3934 788 3990 per
812 3917 1294 3984 Hildcbrandum,
1318 3917 1586 3974 Ecclesiae
1619 3919 1894 3975 Romanae

227 4006 691 4078 subdiaconum,
728 4008 799 4065 ab
851 4008 1200 4082 imperatore
1249 4006 1605 4079 postulatus,
1647 4007 1893 4066 Romam

227 4096 572 4166 adducitur,
594 4100 652 4152 et
679 4113 970 4153 consensu
999 4095 1253 4152 universi
1279 4095 1418 4151 cleri
1445 4111 1512 4151 ac
1535 4095 1734 4168 populi
1759 4113 1897 4168 pon-

226 4183 398 4251 til‘ex,
433 4201 586 4240 anno
617 4185 849 4242 Domini
877 4186 1034 4254 1055,
1059 4189 1322 4258 tempore
1352 4183 1584 4241 Henrici
1617 4185 1688 4240 IlI
1717 4185 1896 4258 impe-

230 4272 474 4342 ratoris,
496 4272 752 4348 eligitur,
786 4279 842 4329 et
872 4273 930 4329 in
964 4274 1055 4330 die
1087 4291 1259 4330 omna:
1291 4273 1525 4331 Domini
1555 4272 1897 4331 solemniter

229 4366 633 4420 consecratur.
679 4363 768 4418 Ab
815 4363 1165 4435 imperatore
1212 4379 1347 4419 eum
1397 4362 1508 4419 sibi
1557 4363 1894 4436 praesentari

228 4449 636 4522 postularunt,
670 4453 948 4524 quoniam
990 4452 1047 4507 in
1097 4450 1355 4509 Ecclesia
1395 4451 1678 4524 Romana,
1711 4456 1776 4508 ut
1805 4451 1892 4508 in-

230 4537 368 4611 quit
421 4539 531 4595 Leo
579 4539 874 4608 ostiensis,
925 4557 1175 4614 persona
1224 4541 1296 4598 ad
1346 4543 1577 4598 tantum
1635 4541 1893 4598 officium

232 4627 450 4688 idonea
480 4629 719 4702 reperiri
755 4647 871 4686 non
901 4633 1147 4702 poterat.

307 4716 397 4771 Ad
430 4715 807 4792 corrigendos
856 4735 1062 4790 pravos
1111 4735 1256 4775 usus
1289 4717 1553 4774 Ecclesia:
1586 4717 1892 4776 Gallicana:

235 4821 570 4878 causasque
590 4808 983 4879 quorumdam
1006 4807 1416 4881 episcoporum
1437 4809 1896 4883 cognoscendas,

239 4894 724 4965 Hildebrandum,
746 4897 1023 4952 Romanae
1043 4896 1308 4953 Ecclesiae
1330 4897 1758 4954 subdiaconum
1777 4914 1896 4953 car-

237 4982 521 5055 dinalem,
554 4984 656 5057 qui
701 4991 908 5059 postea
955 4987 1146 5042 factus
1193 4990 1282 5043 est
1326 4985 1605 5058 pontifex,
1661 4986 1896 5046 nomine

239 5071 557 5146 Gregorius
585 5071 710 5142 VII,
729 5074 988 5148 legatum
1012 5093 1046 5130 a
1063 5074 1242 5131 latere
1263 5074 1320 5130 in
1345 5073 1562 5131 Gallias
1583 5073 1893 5148 ablegavit,

239 5161 343 5231 qui
374 5162 646 5235 Lugduni
681 5164 755 5237 (1)
785 5163 1005 5219 indicto
1043 5163 1289 5220 concilio
1323 5163 1687 5236 episcopum,
1719 5165 1789 5218 de
1820 5163 1896 5219 si-

241 5250 440 5307 monia
471 5257 833 5322 accusatum,
869 5252 1224 5308 miraculose
1262 5252 1333 5308 ad
1369 5251 1670 5325 propriam
1703 5250 1898 5308 delicti

243 5340 671 5398 confessionem
704 5341 917 5416 adegit,
941 5341 1083 5397 dum
1108 5341 1317 5412 jussus
1339 5340 1584 5397 recitare
1612 5339 1897 5412 hymnum

244 5425 703 5500 glorificationis,
738 5430 798 5486 in
831 5447 918 5502 eo,
949 5436 999 5487 et
1038 5431 1276 5504 Spiritui
1310 5436 1494 5486 sancto
1523 5446 1896 5503 nequaquam

244 5517 624 5586 pronuntiare
647 5518 956 5592 potuisset.
973 5521 1137 5577 Anno
1163 5517 1538 5593 pontiﬁcatus
1560 5517 1652 5577 sui
1683 5519 1897 5592 primo,

2003 3827 2241 3884 teritum
2266 3827 2668 3883 subdiaconus
2688 3827 2928 3900 quidam
2947 3845 3257 3900 venenum,
3274 3831 3429 3886 dictu
3456 3850 3659 3904 paven-

2004 3917 2178 3972 duml
2214 3917 2272 3971 in
2305 3932 2538 3971 sacrum
2565 3915 2806 3972 calicem
2839 3916 3104 3972 immisit.
3131 3918 3240 3973 Sed
3264 3918 3419 3974 Deus
3440 3920 3660 3992 duplici

2005 4004 2288 4061 miraculo
2320 4021 2391 4060 ne
2421 4004 2679 4078 pontifex
2701 4004 2923 4062 biberet
2943 4005 3192 4074 obstitit,
3217 4011 3275 4062 et
3305 4008 3453 4062 tanti
3476 4009 3659 4064 sacri-

2002 4093 2138 4166 legii
2173 4099 2471 4150 auctorem
2503 4095 2737 4150 detexit.
2773 4095 3120 4151 Lambertus
3164 4113 3284 4151 rem
3317 4101 3543 4168 gestam
3575 4097 3661 4154 sic

2003 4183 2280 4239 describit
2314 4201 2383 4239 :«
2411 4183 2578 4251 Huic,
2625 4200 2835 4256 nempe
2863 4183 3077 4239 Victori
3129 4201 3312 4258 papae,
3348 4186 3657 4244 subdiaco-

2003 4291 2116 4329 nus
2147 4273 2404 4329 toxicum
2436 4273 2495 4328 in
2522 4272 2760 4328 calicem
2783 4273 2974 4341 misit;
3009 4290 3184 4346 quem
3208 4291 3339 4330 cum
3375 4275 3498 4347 ipse
3527 4282 3664 4348 post

2004 4362 2501 4418 consecrationem
2533 4361 2721 4418 levare
2753 4361 2944 4431 vellet,
2970 4379 3074 4420 nec
3115 4369 3335 4436 posset,
3357 4381 3393 4420 a
3421 4365 3661 4424 domine

2003 4467 2242 4506 causam
2289 4450 2425 4506 facti
2473 4450 2886 4522 inquisiturus,
2910 4468 3046 4510 cum
3094 4453 3310 4526 populo
3340 4455 3411 4511 ad
3444 4455 3661 4514 oratio-

2005 4557 2138 4596 nem
2179 4540 2589 4612 prosternitur,
2621 4541 2937 4612 statimque
2989 4543 3272 4599 toxicator
3317 4561 3352 4599 a
3399 4545 3661 4602 demens

2004 4628 2302 4701 arripitur.
2355 4630 2442 4685 Ita
2496 4628 2676 4702 igitur
2724 4646 2904 4687 causa
2961 4633 3352 4701 manifestata,
3404 4635 3662 4691 domnus

2005 4735 2156 4790 papa
2176 4717 2414 4774 calicem
2439 4735 2572 4774 cum
2597 4718 2886 4790 sanguine
2901 4719 3206 4776 Dominico
3228 4721 3466 4776 cuidam
3489 4721 3658 4778 altari

1995 4807 2180 4878 jussit
2209 4806 2450 4875 includi,
2484 4813 2542 4864 et
2590 4825 2691 4880 pro
2743 4807 3010 4881 reliquiis
3049 4808 3110 4864 in
3142 4814 3487 4881 perpetuum
3519 4827 3658 4867 con-

2003 4896 2244 4952 servari.
2279 4896 2496 4952 Deinde
2528 4896 2738 4952 iterum
2769 4914 2902 4952 cum
2936 4898 3150 4969 populo
3184 4898 3390 4953 tandiu
3421 4897 3492 4954 ad
3523 4915 3658 4956 ora-

2005 4985 2221 5040 tionem
2261 4985 2671 5057 prosternitur,
2700 5001 3008 5058 quousque
3048 4985 3448 5042 subdiaconus
3478 5003 3512 5042 a
3541 4988 3658 5044 dm-

2007 5073 2202 5129 monio
2233 5073 2652 5130 liberaretur.»
2684 5074 2812 5130 Haac
2857 5075 3207 5132 Lambertus
3247 5074 3654 5154 Uspergenais,

2008 5162 2176 5217 aliive
2207 5161 2424 5233 plures.

2076 5251 2162 5306 Ab
2193 5249 2438 5305 Henrico
2483 5250 2837 5322 imperatore
2871 5251 3055 5308 Roma
3097 5257 3387 5321 evocatus,
3421 5253 3482 5309 in
3513 5254 3658 5314 Ger-

2006 5340 2266 5396 maniam
2309 5339 2548 5395 veniens
2598 5355 2752 5395 anno
2804 5339 3177 5412 pontiﬁcatus
3229 5343 3326 5399 sui
3373 5345 3654 5414 secundo,

2004 5428 2216 5486 Christi
2246 5427 2650 5502 Redemptoris
2685 5428 3080 5501 1056,invenit
3099 5447 3232 5487 eum
3259 5433 3418 5506 gravi
3451 5433 3654 5491 morbo

2005 5516 2390 5588 laborantem,
2425 5522 2481 5577 et
2500 5518 2627 5592 jam
2657 5517 2915 5578 animam
2946 5523 3236 5595 agentem.
3255 5521 3479 5582 Accidit
3504 5521 3655 5582 illud

316 5659 391 5734 (1)
421 5662 486 5720 In
507 5661 706 5722 'Gallia
735 5661 974 5738 quidem
1005 5662 1417 5738 Lugdunensi;
1450 5663 1550 5721 sed
1579 5677 1692 5736 quo
1723 5661 1870 5733 loco,
1895 5660 2212 5723 incertum.
