3966 6212
317 382 434 447 803

1646 368 2014 434 VICTORIS
2058 367 2111 433 II
2154 364 2382 432 ΡΑΡιΕ

3611 352 3747 437 ω

318 521 445 575 sine
476 514 654 574 dubio
694 508 977 586 singulari
1025 509 1127 566 Dei
1175 507 1381 583 gratia.
1424 508 1567 562 Nam
1620 506 1791 578 paulo
1835 510 1965 577 post
1992 520 2044 585 Α
2076 505 2449 570 Thcatinum,
2484 504 2583 574 qni
2629 502 2850 576 legatos
2874 502 3380 577 Constantinopoli
3410 505 3733 563 redeuntes

320 625 495 681 quam
546 619 738 661 coram
799 599 1072 673 pontiﬁce
1119 601 1487 671 peccatorum
1539 596 1961 650 confessionem

317 697 552 769 egisset,
576 692 770 748 ablata
790 688 1163 752 restituisset,
1178 686 1252 742 ab
1272 684 1601 740 astantibus
1620 684 1849 739 veniam
1873 700 1965 755 pe-

316 782 560 847 tivisset,
594 777 904 848 liliumque
934 774 1248 829 Henricum
1281 772 1471 827 adhuc
1501 771 1963 843 quinquennem,

315 872 389 929 ab
410 867 757 926 electoribus
775 870 914 920 tunc
937 862 1323 936 praesentibus
1344 876 1539 931 regem
1558 860 1964 928 constitutum,

314 961 708 1029 Romanasque
737 954 1005 1011 Ecclesiae
1039 951 1536 1015 commendatum,
1576 948 1785 1005 Victori
1825 965 1966 1020 pon-

313 1049 453 1106 tiﬁci
483 1044 815 1113 obtulisset,
848 1057 1061 1115 magno
1092 1040 1193 1096 Dei
1234 1039 1513 1095 beneﬁcio
1545 1054 1648 1111 per
1692 1038 1966 1093 eumdem

314 1138 573 1204 animam
606 1150 777 1190 suam
823 1134 933 1188 Deo
975 1129 1210 1195 obtulit,
1245 1144 1379 1183 cum
1429 1127 1599 1183 annis
1647 1126 1967 1182 octodecim

312 1227 370 1283 in
404 1224 650 1299 imperio
681 1224 1003 1293 regnasset.
1036 1220 1253 1291 Agnes,
1287 1221 1574 1288 Augusta,
1610 1220 1799 1270 mater
1827 1230 1966 1287 pue-

313 1333 443 1372 rum
476 1314 713 1387 quidem
749 1308 1015 1381 religiose
1065 1308 1313 1361 educare
1343 1305 1546 1376 carpit;
1589 1304 1690 1359 sed
1736 1320 1868 1358 cum
1899 1319 1969 1358 ex

312 1404 552 1477 ephebis
583 1400 951 1463 excessisset,
993 1396 1325 1451 abstractus
1356 1411 1390 1449 a
1423 1396 1627 1461 matre,
1662 1392 1849 1447 factus
1879 1396 1969 1447 est

311 1493 501 1549 hostis
532 1491 805 1546 Romana:
853 1484 1143 1550 Ecclesiae,
1171 1483 1342 1555 cujus
1372 1480 1671 1546 beneficio,
1705 1496 1806 1551 per
1834 1480 1965 1535 Vic-

309 1588 498 1637 torem
546 1579 897 1639 Romanum,
948 1589 1194 1645 regnum
1249 1570 1570 1627 Germaniae
1619 1573 1966 1624 consecutus

313 1671 524 1726 fuerat.
554 1669 720 1723 Anno
750 1668 1049 1736 sequente,
1081 1678 1148 1716 ex
1192 1660 1510 1715 Germania
1538 1657 1598 1712 in
1634 1657 1845 1712 Urbem
1877 1674 1965 1712 re-

312 1774 550 1828 versus,
614 1749 1139 1811 excommunicavit
1199 1747 1659 1804 Trasimundum
1690 1746 1963 1801 comitem

2075 593 2443 665 spoliaverat.

2146 683 2334 754 Hujus
2379 680 2764 753 temporibus,
2806 698 3021 754 magno
3070 684 3253 739 totius
3299 684 3733 742 Germanorum

2075 770 2337 827 Ecclesiae
2367 770 2667 836 beneficio,
2701 775 2941 825 sanctus
2970 773 3137 827 Anno
3168 772 3227 827 in
3260 772 3543 830 cathedra
3570 773 3737 831 Colo-

2076 860 2262 915 niensi
2295 858 2610 916 collocatur
2654 857 3155 932 archiepiscOpus;
3190 862 3291 933 qui
3347 863 3591 919 Henrico
3621 862 3742 919 im-

2075 948 2348 1021 peratori,
2399 965 2433 1003 a
2478 964 2594 1019 quo
2650 948 2904 1020 graviter
2957 950 3381 1023 exagitabatur,
3422 955 3736 1024 propterea

2076 1036 2231 1109 quod
2276 1036 2456 1092 libere
2503 1053 2636 1092 eum
2687 1036 3155 1108 reprehenderet,
3191 1040 3457 1095 futurum
3500 1039 3731 1096 obitum

2076 1125 2360 1198 praedixit.

2147 1215 2467 1270 Defunctus
2498 1219 2588 1270 est
2614 1214 2810 1270 Victor
2842 1232 2993 1289 papa
3021 1215 3344 1285 Florentiae,
3376 1234 3532 1274 anno
3560 1216 3733 1275 Chri-

2076 1303 2175 1370 sti,
2208 1305 2364 1369 1057,
2397 1303 2492 1359 die
2532 1305 2604 1359 28
2642 1302 2805 1370 Julii,
2840 1320 2974 1359 cum
3021 1305 3273 1361 sedisset
3319 1323 3505 1363 annos
3553 1307 3726 1374 duos,

2077 1408 2311 1448 menses
2340 1396 2479 1457 tres,
2511 1397 2569 1447 et
2600 1392 2724 1447 dies
2755 1392 3091 1463 quindecim
3126 1411 3139 1449 :
3182 1394 3451 1467 sepultus
3479 1400 3569 1451 est
3596 1394 3727 1452 loco

2076 1481 2279 1536 eodem
2314 1497 2430 1551 quo
2479 1480 2718 1536 obierat.
2752 1481 3013 1537 Cessavit
3057 1483 3454 1556 episcopatus,
3483 1489 3723 1540 auctore

2080 1570 2405 1635 Lamberto,
2438 1586 2472 1624 a
2516 1568 2801 1642 vigesima
2846 1576 3048 1627 octava
3090 1571 3235 1627 Julii
3284 1573 3355 1627 ad
3403 1573 3721 1629 secundam

2076 1658 2325 1731 Augusti
2358 1675 2460 1731 per
2486 1659 2609 1714 dies
2639 1659 2921 1732 quinque.

1354 2019 1815 2105 NOTITIA
1876 2018 2371 2106 DIPLOMA
2385 2018 2631 2106 TICA
2651 2088 2669 2107 .

1216 2198 1432 2269 (Jsrss,
1466 2198 1691 2266 Regesta
1711 2196 2035 2265 pontiﬁcum
2063 2198 2459 2260 Romanorum,
2493 2211 2624 2269 pag.
2656 2198 2804 2267 379.)

1842 2353 2204 2368 “

384 2464 588 2538 Sigillo
620 2461 796 2534 quod,
818 2457 1050 2516 Gattula
1093 2462 1261 2521 teste,
1292 2453 1543 2510 Victoris
1571 2453 1734 2509 bulla
1764 2453 1830 2507 18
1854 2453 1964 2507 im-
1994 2455 2042 2519 Β
2142 2455 2384 2527 Scripta
2412 2454 2584 2511 bulla
2614 2461 2754 2511 sum
2783 2473 2885 2528 per
2916 2472 3156 2512 manum
3190 2472 3204 2512 ε

316 2567 585 2628 pressum
610 2551 668 2605 in
690 2548 931 2622 plumbo
952 2546 1206 2611 exhibet,
1226 2544 1335 2599 hoc
1356 2543 1576 2598 dictum
1598 2544 1928 2599 continetur
1947 2567 1960 2606 ε

317 2645 405 2699 Tu
439 2656 551 2697 Ριιο
580 2655 660 2696 ME
691 2654 883 2694 suam
914 2650 1181 2698 Lioms'ri,
1214 2648 1453 2688 susurra
1481 2648 1723 2688 CLAVEM.

384 2730 798 2804 Episcosorum
820 2722 1326 2794 cardinaliumque
1348 2720 1505 2776 sedis
1527 2720 1799 2779 Romanis
1831 2727 1965 2783 sub-

315 2818 685 2893 scriptiones,
714 2832 843 2887 quaa
873 2811 1244 2884 superiorum
1275 2809 1617 2882 pontificum
1642 2811 1817 2869 bullis
1848 2832 1962 2872 non

315 2912 455 2966 sunt
484 2904 597 2961 nisi
629 2901 930 2960 rarissime
960 2900 1258 2973 appositae,
1279 2898 1406 2969 jam
1435 2898 1798 2970 frequentius
1827 2904 1962 2959 addi

315 2999 426 3055 sub
457 2994 684 3051 Victore
716 2992 764 3048 II
796 2994 993 3062 coepta:
1025 2993 1191 3056 sunt;
1223 2988 1283 3043 in
1314 2988 1486 3060 cujus
1511 2988 1728 3045 tabulis
1757 2990 1965 3064 legun-

317 3093 413 3142 tur
443 3102 457 3140 :

385 3173 726 3245 Bonifacius,
755 3169 1085 3227 Albanensis
1113 3169 1411 3239 episcopus.

388 3263 734 3327 Humbertus,
766 3259 943 3314 dictus
988 3256 1290 3313 cardinalis
1318 3259 1370 3312 et
1398 3258 1675 3328 episcopus
1707 3258 1761 3311 S.
1794 3261 1961 3314 eccle-

456 3353 563 3408 siae
592 3349 760 3405 Silva?
790 3346 1078 3404 Candidaz.

386 3438 811 3505 Hildebrandus,
843 3436 897 3491 8.
930 3437 990 3491 Ε.
1025 3436 1086 3491 Η.
1114 3435 1498 3491 subdiaconus.

380 3530 715 3597 Fridericus,
747 3525 1052 3583 cardinalis
1081 3524 1136 3580 8.
1169 3524 1520 3596 Chrysogoni.

2148 2547 2394 2616 Gregorii
2419 2547 2632 2601 notarii
2660 2551 2711 2600 et
2735 2548 3001 2602 scrinarii
3029 2545 3084 2601 8.
3118 2546 3178 2601 R.
3212 2546 3273 2600 E.

2146 2638 2300 2693 Datze
2334 2652 2435 2708 per
2463 2651 2706 2690 manum
2737 2651 2749 2690 :

2147 2724 2508 2782 Hildebrandi
2532 2723 2586 2779 8.
2621 2726 2681 2780 R.
2710 2725 2770 2779 Ε.
2801 2724 3105 2780 cardinalis
3131 2724 3472 2781 subdiaconi.

2147 2812 2502 2871 Hildcbrandi
2548 2812 2603 2869 S.
2650 2814 2711 2868 Β.
2761 2814 2818 2869 Ε.
2868 2812 3212 2880 subdiaconi,
3258 2814 3375 2869 vice
3424 2815 3727 2870 Ποππαίαπί

2216 2911 2386 2977 apost.
2419 2902 2528 2957 sed.
2578 2903 3057 2958 archicancellarii
3082 2906 3270 2972 (num.
3300 2904 3358 2975 7)
3401 2904 3728 2961 cancellarii

2214 2997 2266 3048 et
2316 2990 2714 3045 In’tlmtliecarii
2753 2990 2808 3047 8.
2843 2990 2967 3046 Sed.
3000 2996 3173 3063 apost.
3214 2982 3523 3050 Hermanni
3565 2994 3724 3053 Colo-

2214 3100 2247 3136 n
2259 3082 2425 3135 :‘cnsis
2451 3079 2848 3151 archiepiscopi
2875 3081 2970 3152 (5).

2143 3170 2408 3225 Friderici
2435 3169 2491 3225 8.
2526 3170 2585 3224 Β.
2620 3170 2680 3223 Ε.
2712 3170 3049 3225 cancellarii.

2143 3260 2399 3315 Aribom’s
2445 3257 2666 3312 diaconi
2709 3259 2825 3313 vice
2864 3259 3116 3314 Annonis
3156 3261 3636 3317 archicancellarii
3663 3261 3717 3318 8.

2216 3351 2279 3404 R.
2311 3349 2398 3411 Ε..
2429 3347 3199 3421 ϐοιοηίεηείερνεὴίερίεεορί.

2142 3437 2394 3492 Aribonis
2423 3435 2659 3491 diaconi.

311 3678 3724 3711 ΞΜ

1218 3801 2011 3905 νιετσξηε
2105 3808 2235 3905 Π
2320 3805 2817 3906 PAPE

766 3999 1416 4094 EPISTOLIE
1486 4000 1642 4092 ET
1713 4001 2445 4096 DIPLOMATA
2515 4001 3261 4098 PONTIFICIA.

1115 4301 1156 4357 Ι.

314 4395 693 4466 Ρνίυἰιερίυηιν
731 4393 964 4450 Victoris
1009 4408 1167 4465 papa
1194 4393 1244 4466 ιι
1270 4392 1339 4448 ad
1390 4402 1640 4449 sanctum
1690 4394 1968 4460 nugonem

383 4465 636 4523 abbatem
668 4465 1101 4534 Cluniacensem,
1134 4465 1227 4519 cui
1254 4465 1539 4534 conﬁrmat
1568 4466 1755 4520 omnia
1785 4480 1970 4519 mona-

382 4540 573 4605 steria,
607 4538 744 4593 bona
773 4544 825 4592 et
847 4536 985 4608 jura
1012 4536 1250 4592 coenobio
1282 4536 1637 4592 Cluniacensi
1664 4551 1929 4590 comressa.

944 4625 1132 4696 (Anno
1167 4625 1349 4694 1055.)

729 4724 967 4796 [Bullan
1001 4723 1248 4779 Cluniae.
1284 4738 1417 4795 pag.
1453 4724 1562 4791 13.;

383 4841 599 4898 Vic'roa
629 4840 967 4913 episcopus,
998 4856 1204 4895 servus
1249 4853 1551 4893 servorum
1592 4836 1688 4892 Dei
1718 4836 1973 4893 dilectis-

314 4932 466 4988 simo
499 4929 618 4986 tilio
655 4931 881 4985 Huoom
932 4928 1129 4984 abbati
1166 4925 1507 4982 monasterii
1557 4927 1713 4997 quod
1763 4927 1977 4981 dicitur

312 5012 748 5077 Cluniacum'in
784 5017 1003 5071 honore
1053 5016 1357 5072 beatorum
1391 5014 1791 5087 apostolorum
1824 5014 1977 5078 Petri

314 5115 371 5166 et
401 5107 563 5165 Pauli
594 5109 1025 5173 consecratum,
1055 5104 1113 5160 in
1147 5103 1426 5160 comitatu
1469 5104 1871 5159 Matisconensi
1906 5104 1980 5160 si.

315 5205 466 5265 tum,
487 5201 546 5253 et
574 5213 678 5269 per
708 5201 761 5250 te
783 5195 1013 5250 cunctis
1043 5193 1481 5249 successoribus
1514 5191 1630 5247 tuis
1661 5193 1978 5249 abbatibus

314 5289 375 5343 in
407 5290 779 5360 perpetuum.

1991 4307 2033 4373 C
2072 4308 2262 4360 strum
2311 4319 2620 4361 assensum
2653 4308 2709 4361 et
2746 4304 2932 4361 solitas
2978 4307 3310 4379 apostolicae
3359 4310 3730 4369 auctoritatis

2080 4391 2423 4464 exposcitur‘
2468 4392 2827 4466 prmsidium,
2893 4393 3044 4451 ultro
3098 4396 3477 4471 benignitatis
3508 4400 3729 4457 intuitu

2081 4498 2188 4537 nos
2217 4480 2484 4538 convenit
2522 4483 2853 4552 subvenire,
2884 4488 2941 4539 et
2973 4488 3161 4540 ratum
3211 4503 3314 4558 pro
3362 4487 3592 4561 integra
3637 4505 3731 4546 se-

2079 4571 2325 4626 curitate
2356 4569 2625 4639 solidare,
2659 4576 2742 4639 ut,
2779 4588 2846 4628 ex
2877 4571 2984 4629 hoc
3029 4574 3197 4631 nobis
3229 4592 3464 4649 quoque
3492 4577 3733 4650 potissi-

2082 4676 2245 4716 mum
2294 4659 2601 4733 praemium
2650 4677 2685 4717 a
2735 4660 3033 4719 conditore
3062 4663 3330 4719 omnium
3374 4664 3490 4722 Deo
3538 4665 3599 4721 in
3649 4664 3732 4721 si-

2084 4749 2272 4805 dereis
2324 4749 2559 4806 arcibus
2605 4750 3029 4806 conscribatur.
3061 4752 3131 4808 Et
3179 4752 3306 4809 ideo
3337 4753 3474 4826 quia
3520 4756 3732 4825 postu-

2082 4837 2215 4893 lasti
2246 4855 2280 4894 a
2310 4838 2478 4895 nobis
2510 4843 2573 4894 ut
2602 4839 2910 4912 praefatum
2949 4841 3367 4897 monasterium
3398 4838 3727 4912 apostolicae

2087 4928 2452 4983 auctoritatis
2483 4928 2629 4985 serie
2670 4928 3060 4997 muniremus,
3092 4933 3150 4985 et
3180 4931 3375 4986 omnia
3418 4930 3546 5000 ejus
3594 4942 3731 5000 per-

2085 5016 2332 5072 tinentia
2365 5017 2599 5091 perenni
2647 5018 2775 5088 jure
2814 5017 3030 5073 ibidem
3062 5017 3473 5075 inviolabiliter
3500 5033 3735 5090 perma-

2086 5105 2277 5160 nendo
2325 5107 2827 5173 conﬁrmaremus,
2859 5111 2917 5162 et
2962 5108 3188 5181 absque
3235 5107 3395 5164 omni
3435 5108 3582 5181 jugo
3630 5122 3738 5164 seu

2088 5194 2305 5250 ditione
2330 5196 2618 5267 cujusque
2667 5212 2927 5267 persona:
2978 5196 3350 5253 constabilire
3398 5196 3583 5253 nostri
3614 5195 3739 5269 pri-

2085 5279 2282 5353 vilegii
2327 5282 2542 5355 pagina
2589 5284 3053 5342 corroboremus.
3089 5284 3396 5358 Propterea
3441 5286 3560 5342 tuis
3608 5283 3741 5340 ﬂexi

387 5375 755 5433 Desiderium
788 5375 945 5446 quod
989 5373 1397 5447 religiosorum
1443 5371 1891 5445 praepositorum
1923 5375 1982 5428 et
2089 5370 2361 5443 precibus
2417 5386 2522 5442 per
2578 5370 2759 5442 hujus
2815 5377 3025 5429 nostra:
3086 5374 3451 5431 auctoritatis
3508 5372 3742 5447 privile-

320 5469 659 5522 sanctorum
690 5460 951 5519 locorum
985 5462 1300 5519 stabilitate
1322 5476 1663 5535 permanere
1689 5464 1981 5517 monstra-

320 5557 420 5608 tur
447 5550 574 5608 sine
603 5549 805 5622 aliqua
827 5554 917 5606 est
944 5551 1059 5608 Deo
1091 5557 1328 5609 auctore
1359 5548 1638 5606 dilatione
1680 5549 1981 5621 perﬁcien'

323 5640 487 5696 dum.
522 5637 590 5694 Et
618 5637 847 5711 quoties
889 5638 949 5696 in
981 5656 1099 5698 sua:
1141 5638 1412 5699 utilitatis
1443 5636 1820 5694 commodum
1874 5652 1977 5694 no-

2089 5459 2251 5531 gium
2282 5461 2625 5526 statuentes,
2650 5459 3021 5519 decernimus
3051 5467 3115 5519 ut
3138 5467 3352 5519 cuncta
3379 5462 3506 5519 loca
3535 5466 3592 5519 et
3622 5477 3744 5518 mo-

2089 5546 2345 5603 nasteria
2368 5547 2441 5604 ad
2472 5547 2878 5619 supradictum
2904 5551 3216 5608 Cluniense
3244 5552 3575 5609 coenobium
3609 5567 3743 5624 per-

2092 5635 2335 5694 tinentia
2375 5651 2505 5712 quae
2553 5635 2625 5695 ab
2655 5634 2951 5711 aliquibus
3001 5639 3364 5701 ﬁdelissimis
3391 5639 3743 5702 Christianis
