3966 6212
157 307 275 369 805

1087 293 1486 365 EPISTULA?
1530 305 1630 365 ET
1674 297 2128 366 DIPLOMATA
2177 298 2646 366 PONTIFICIA.

3444 305 3563 368 806

158 440 422 511 regibus,
455 435 766 509 episcopis,
789 435 1062 502 ducibus,
1089 452 1193 492 seu
1223 435 1587 508 principibus
1618 437 1805 492 eidem
1835 439 1889 504 Α
1923 437 2144 491 riacum
2178 455 2307 491 cum
2341 438 2615 493 omnibus
2639 438 2762 492 suis
2789 434 3412 509 pertinentiiszcellam
3435 454 3565 492 san-

160 527 289 583 loco
319 542 599 582 concessa
624 528 781 592 sunt,
816 527 872 579 et
895 524 968 580 ab
987 525 1453 580 antecessoribus
1478 524 1596 580 tuis
1625 525 1803 580 abba-

161 616 322 671 tibus
343 614 631 686 acquisita
649 615 808 678 sunt,
833 613 1095 668 Bernone
1111 611 1396 679 videlicet,
1413 613 1610 668 Odone
1633 617 1808 685 atque

159 703 476 777 Aymardo,
510 707 566 756 et
593 702 775 756 beatae
812 699 1230 755 recordationis
1269 706 1470 756 sancto
1516 699 1722 758 Maiolo
1753 705 1810 756 et

161 796 363 848 sancto
395 790 640 847 Odilone
671 788 1198 861 predecessoribus
1231 789 1368 856 tuis,
1403 790 1491 844 vel
1535 806 1808 862 qumcun-

161 899 277 953 que
305 882 378 936 ad
409 879 685 935 eumdem
712 877 908 934 locum
938 878 1226 949 pertinere
1257 877 1553 948 videntur,
1587 879 1811 950 absque

163 969 344 1025 ullius
376 967 835 1024 contradictione
851 983 987 1022 cum
1006 983 1220 1038 magna
1237 967 1554 1023 securitate
1575 968 1812 1038 quietus

165 1059 381 1114 debeas
411 1056 728 1129 possidere,
763 1058 820 1110 et
849 1059 1021 1126 perte
1052 1054 1305 1110 universi
1328 1071 1696 1111 successores
1724 1055 1811 1110 tui

167 1148 231 1202 in
248 1150 614 1219 perpetuum.
639 1144 755 1199 Hoc
767 1148 856 1198 est
869 1143 1065 1214 ipsum
1079 1143 1388 1200 Cluniense
1405 1145 1766 1200 emnobrium
1780 1162 1814 1199 a

169 1233 580 1307 potentissimo
611 1232 751 1288 olim
780 1233 927 1287 duce
948 1230 1241 1287 Willelmo
1274 1232 1332 1286 in
1363 1249 1510 1304 pago
1543 1232 1812 1288 Matisco-

169 1324 338 1380 nensi
378 1323 708 1388 fundatum,
758 1337 893 1375 cum
942 1320 1218 1376 omnibus
1269 1321 1444 1376 rebus
1475 1321 1533 1375 in
1565 1321 1812 1377 circuitu

168 1413 434 1483 ejusdem
479 1409 586 1466 loci
619 1414 676 1464 et
717 1408 849 1464 aliis
897 1408 1230 1480 regionibus
1261 1408 1466 1481 positis
1514 1410 1586 1464 ad
1619 1409 1814 1481 ipsum

169 1501 362 1558 locum
393 1498 845 1572 pertinentibus.
870 1499 930 1552 In
949 1498 1224 1554 comitatu
1257 1497 1522 1555 videlicet
1553 1498 1814 1553 Matisco-

169 1590 339 1645 nensi
384 1588 591 1645 cellam
644 1588 704 1642 in
749 1586 968 1642 honore
1004 1588 1188 1642 sancti
1240 1587 1472 1643 Martini
1504 1592 1813 1655 sacratam,

169 1677 480 1734 ecclesiam
512 1692 741 1749 quoque
777 1677 947 1746 juxta
983 1678 1238 1747 positam
1272 1675 1327 1730 in
1362 1675 1580 1732 honore
1629 1676 1815 1730 sancti

167 1766 420 1823 Joannis
441 1765 762 1821 dedicatam
781 1783 794 1832 ;
815 1763 982 1820 villas
1002 1764 1178 1820 etiam
1197 1764 1462 1820 Covinias
1479 1781 1614 1820 cum
1637 1764 1813 1820 eccle-

171 1855 296 1924 sia;
335 1853 745 1912 Solestriacum
776 1853 944 1908 villos
983 1869 1118 1908 cum
1163 1852 1445 1921 ecclesia;
1492 1852 1817 1909 Escutiolas

167 1961 303 2000 cum
335 1943 604 2010 ecclesia;
631 1942 1016 1998 Galliniacum
1039 1958 1172 1997 cum
1201 1941 1481 2010 ecclesia;
1509 1943 1813 1998 Ruﬁacum

170 2049 306 2088 cum
336 2031 612 2100 ecclesia;
647 2031 906 2087 Masilias
927 2047 1060 2086 cum
1087 2030 1361 2099 ecclesia;
1393 2031 1811 2098 Clairmanum,

173 2123 610 2194 Barjeserenam
638 2119 874 2188 villam;
908 2120 1183 2176 Curtilias
1232 2119 1466 2188 villam;
1515 2121 1812 2176 Petronia-

174 2227 345 2278 cum;
388 2209 770 2282 Arpasicum;
842 2209 1302 2277 Darboniacum;
1356 2210 1812 2279 Besurniacum;

173 2299 414 2355 ecclesia
443 2303 658 2355 sanctae
699 2297 1025 2366 Columbae;
1071 2297 1414 2366 Vitreziam;
1471 2298 1812 2370 Burgulien-

172 2406 296 2445 sem
327 2387 554 2456 villam;
589 2386 892 2443 ecclesiam
925 2387 1121 2442 Sancti
1154 2386 1477 2454 Laurentii;
1503 2386 1814 2454 Castrum;

173 2478 548 2545 Lurdonum;
600 2476 991 2543 Blanuscum;
1025 2475 1222 2532 villam
1262 2475 1497 2531 nomine
1548 2476 1814 2546 Cottam;

171 2566 595 2622 monasterium
625 2565 800 2620 etiam
831 2564 985 2636 quod
1017 2569 1252 2620 vocatur
1282 2566 1457 2620 Catus
1475 2566 1660 2622 Locus
1682 2582 1815 2620 cum

170 2654 447 2710 omnibus
505 2654 575 2708 ad
626 2670 688 2708 se
736 2653 1200 2725 pertinentibus;
1254 2652 1558 2709 ecclesiam
1619 2654 1816 2710 Sancti

167 2744 422 2799 Victoris
456 2759 587 2798 cum
620 2743 893 2797 omnibus
933 2758 1060 2813 quae
1090 2741 1170 2796 ibi
1204 2743 1461 2814 aspicere
1509 2742 1812 2812 videntur;

168 2831 379 2888 cellam
411 2847 640 2903 quoque
670 2832 728 2885 in
752 2831 970 2886 honore
993 2831 1188 2887 Sancti
1212 2831 1458 2888 Victoris
1480 2849 1613 2887 cum
1637 2831 1817 2887 omni-

170 2921 282 2976 bus
314 2921 440 2977 suis
463 2920 853 2992 appendiciis;
887 2920 1160 2976 ecclesias
1190 2921 1366 2976 etiam
1398 2925 1456 2992 et
1485 2926 1668 2976 terras
1689 2937 1816 2992 qum

168 2989 516 3082 juxtaillam
542 2989 704 3077 sunt,
737 3025 840 3081 pro
873 3009 1088 3080 quibus
1110 3009 1247 3065 data
1278 3014 1367 3066 est
1399 2989 1816 3081 quondam—ec-

170 3097 349 3154 clesia
369 3098 564 3154 Sancti
587 3097 852 3170 Gengulﬁ
875 3115 888 3166 ;
913 3097 1308 3170 Eguirandam
1331 3115 1563 3171 quoque
1591 3103 1813 3154 curtem

1917 531 2141 580 ctoruin
2178 533 2498 598 martyrum
2530 527 2749 582 Cosmus
2773 531 2829 581 et
2851 525 3229 590 Damianipct
3263 531 3562 582 monaste—

1917 615 2070 669 rium
2103 615 2567 670 SanctiMarcelli
2591 616 3014 670 cumomnibus
3046 614 3168 669 suis
3200 614 3566 685 pertinentiis

1918 702 1977 756 in
2001 703 2282 757 suburbio
2305 702 2696 758 Cabilonensi.
2723 709 2784 757 In
2809 703 3084 758 comitatu
3117 705 3562 775 quoqueArver-

1919 791 2086 846 nensi
2116 791 2490 845 Silviniacum
2527 791 2975 856 monasterium,
3002 790 3099 846 ubi
3128 791 3211 846 tui
3245 792 3564 863 praedeces-

1919 895 2081 934 sores
2113 885 2352 934 sanctus
2385 879 2632 935 Maiolus
2655 886 2711 934 et
2731 886 2974 936 sanctus
3006 880 3167 935 Odilo
3192 881 3568 952 requiescunt

1920 984 2053 1022 cum
2091 968 2366 1022 omnibus
2397 969 2468 1024 ad
2488 985 2622 1024 eum
2651 969 3100 1040 pertinentibus.
3127 969 3415 1025 Etecllam
3441 987 3566 1042 qum

1919 1061 2158 1112 vocatur
2190 1057 2462 1112 Firmitas
2493 1074 2626 1112 cum
2660 1058 2932 1113 omnibus
2967 1059 3037 1112 ad
3075 1059 3346 1113 eumdem
3372 1057 3567 1114 locum

1922 1144 2592 1215 pertinentibus.Cellam
2612 1162 2844 1216 quoque
2858 1164 2985 1216 quae
2998 1150 3232 1202 vocatur
3249 1147 3564 1203 Scuriolas.

1921 1232 2238 1288 Ecclesiam
2252 1233 2429 1287 etiam
2449 1233 2504 1287 in
2526 1233 2742 1288 honore
2773 1234 3214 1306 sanctiSulpicii
3237 1237 3488 1291 dicatam
3508 1235 3568 1289 in

1921 1321 2186 1392 villaque:
2210 1321 2423 1376 dicitur
2452 1322 2788 1392 Langiacus.
2817 1322 3310 1394 litcellulamquze
3333 1330 3572 1379 vocatur

1925 1412 1993 1464 ad
2013 1410 2257 1464 Boscum
2284 1410 2340 1464 in
2357 1412 2573 1465 honore
2599 1411 2781 1464 sancti
2807 1411 2954 1464 Petri
2976 1417 3397 1466 consecratam.
3431 1415 3571 1466 Cur-

1924 1503 2040 1554 tem
2081 1500 2256 1554 etiam
2298 1515 2474 1571 quam
2515 1505 2718 1554 vocant
2760 1504 2816 1553 in
2853 1500 3080 1571 ii‘rigido
3127 1501 3340 1556 Monte.
3375 1501 3571 1556 Mona-

1925 1589 2167 1644 sterium
2195 1605 2428 1660 quoque
2453 1590 2606 1659 quod
2626 1589 2837 1644 dicitur
2869 1589 3046 1653 Itivis,
3081 1588 3570 1645 consecratumin

1926 1678 2142 1733 honore
2172 1683 2384 1732 sanctis
2417 1677 2518 1732 Dei
2559 1678 2888 1742 Gcnitrieis,
2930 1696 3064 1733 cum
3113 1684 3276 1734 curte
3307 1677 3571 1751 Lipsiaco

1925 1771 1981 1822 et
2012 1783 2144 1821 cum
2195 1767 2470 1822 omnibus
2503 1767 2626 1820 suis
2659 1767 3043 1838 appendiciis.
3095 1766 3412 1824 Eeclesiam
3443 1785 3571 1839 quas

1925 1861 2162 1910 vocatur
2184 1856 2521 1926 Marengum
2537 1872 2668 1908 cum
2685 1856 2813 1909 aliis
2833 1856 2998 1910 terris
3016 1856 3204 1912 cidem
3219 1856 3570 1914 monasterio

1925 1945 1996 2000 ab
2021 1944 2321 2015 Eustergio
2342 1943 2707 2000 nobilissimo
2721 1945 2841 1999 viro
2863 1945 3110 2000 traditis.
3130 1944 3414 2001 Cellulam
3435 1962 3574 2016 quo-

1927 2034 2231 2105 quejuxta
2270 2031 2540 2104 positam,
2576 2033 2633 2087 in
2668 2033 2791 2104 ipso
2823 2033 3102 2088 comitatu
3145 2033 3342 2102 sitam,
3375 2033 3434 2089 in
3467 2033 3570 2089 ho-

1926 2139 2064 2178 nore
2096 2125 2309 2177 sanctae
2341 2122 2444 2176 Dei
2480 2121 2784 2176 Genitricis
2824 2127 3135 2189 sacratam,
3174 2139 3304 2192 quas
3333 2126 3574 2179 vocatur

1926 2211 1999 2265 ad
2025 2211 2269 2266 Montes.
2305 2209 2721 2265 Monasterium
2757 2216 2950 2264 autem
2971 2209 3407 2267 Celcinianense
3436 2227 3571 2267 cum

1926 2299 2208 2365 ecclesiis,
2237 2297 2388 2354 villis
2411 2302 2467 2353 et
2497 2298 2689 2364 terris,
2725 2298 3072 2354 Carniacum
3103 2298 3388 2366 videlicet,
3428 2301 3572 2356 Bur-

1926 2387 2272 2453 nunculum,
2306 2385 2705 2450 Alboniacum,
2739 2386 3122 2456 ,Ginniacum,
3160 2384 3569 2456 Cardonetum,

1926 2483 1982 2533 et
2011 2494 2143 2532 cum
2175 2476 2449 2532 omnibus
2481 2474 2739 2530 ecclesiis
2777 2480 2833 2530 et
2865 2475 3032 2530 terris
3072 2476 3143 2530 ad
3175 2475 3370 2547 ipsum
3402 2475 3575 2532 Celci-

1928 2566 2206 2621 nianense
2238 2564 2658 2621 monasterium
2694 2563 3142 2635 pertinentibus.
3179 2563 3398 2620 Cellam
3427 2581 3573 2637 quo-

1928 2673 2039 2725 que
2074 2657 2132 2710 in
2164 2654 2291 2727 ipso
2323 2656 2604 2710 comitatu
2627 2653 2823 2719 sitam,
2858 2653 2956 2708 ubi
2989 2652 3302 2724 requiescit
3332 2658 3570 2710 sanctus

1928 2744 2152 2810 Florus,
2186 2759 2362 2815 quam
2393 2741 2638 2797 tradidit
2677 2740 3010 2814 supradicto
3062 2741 3186 2797 loco
3227 2741 3571 2814 Eustorgius

1927 2832 2193 2899 clericus,
2219 2848 2351 2886 cum
2379 2831 2653 2887 omnibus
2676 2831 2746 2886 ad
2765 2847 2892 2886 eam
2913 2830 3382 2902 pertinentibus”
3408 2831 3568 2887 Man-

1928 2922 2126 2977 siones
2158 2937 2390 2993 quoque
2420 2919 2478 2974 in
2503 2919 2817 2974 Brivatensi
2841 2919 2962 2974 vico
2992 2919 3353 2991 pertinentes
3386 2920 3457 2974 ad
3480 2937 3573 2975 su-

1926 3011 2258 3084 pradictum
2280 3009 2503 3076 locum;
2529 3007 2955 3064 monasterium
2973 3008 3147 3064 etiam
3171 3009 3326 3080 quod
3359 3008 3572 3064 dicitur

1926 3101 2094 3156 Volta
2126 3101 2182 3154 in
2215 3099 2432 3154 honore
2463 3102 2674 3153 sanctis
2706 3096 2916 3163 crucis,
2961 3103 3386 3164 consecratum,
3420 3097 3571 3153 sicut

169 3204 309 3243 cum
341 3187 584 3243 ecclesia
627 3187 823 3243 Sancti
852 3187 1093 3244 Andreas
1133 3187 1401 3261 apostoli,
1434 3193 1490 3243 et
1519 3205 1652 3243 cum
1686 3188 1814 3245 aliis
1847 3172 1890 3239 C
1929 3191 2320 3262 praedecessor
2361 3192 2497 3243 tuus
2546 3185 2710 3242 Odilo
2743 3186 2802 3240 in
2836 3186 3050 3257 praedio
3087 3190 3394 3258 parentum
3429 3203 3570 3242 suo-

175 3275 438 3332 ecclesiis
456 3280 512 3331 et
532 3276 807 3332 omnibus
820 3276 946 3332 suis
958 3277 1320 3349 appendiciis
1338 3295 1350 3346 ;
1366 3293 1570 3334 omnes
1585 3294 1816 3350 quoque

169 3365 445 3421 ecclesias
470 3369 528 3420 et
543 3369 748 3433 terras,
769 3381 870 3420 seu
889 3364 1085 3420 omnia
1107 3381 1234 3437 quae
1259 3366 1635 3437 supradictus
1655 3366 1817 3422 locus

167 3453 402 3510 videtur
431 3454 645 3508 habere
675 3453 734 3508 in
757 3454 882 3523 jam
915 3453 1067 3508 dicto
1096 3453 1395 3510 comitatu.
1431 3455 1493 3510 In
1534 3455 1815 3510 comitatu

164 3558 304 3598 vero
349 3541 720 3597 Cabilonensi
769 3540 974 3596 cellam
1004 3541 1076 3598 de
1106 3541 1467 3599 Bellomonte
1506 3543 1565 3598 in
1597 3543 1815 3601 honore

165 3633 385 3685 sancta:
416 3629 608 3684 Mariae
640 3634 1055 3698 constructam,
1089 3647 1218 3685 cum
1260 3632 1534 3688 omnibus
1583 3651 1708 3705 quae
1741 3636 1811 3690 ad

163 3721 362 3793 ipsam
413 3717 672 3790 aspicere
713 3717 1008 3786 videntur;
1057 3723 1278 3774 curtem
1325 3721 1500 3777 etiam
1535 3723 1813 3779 vocabulo

159 3809 460 3864 Juliacum
510 3824 646 3863 cum
677 3805 938 3862 ecclesiis
969 3812 1026 3862 et
1054 3808 1224 3863 terris
1255 3808 1444 3864 eidem
1475 3810 1599 3867 loco
1631 3828 1812 3882 quon-

162 3899 304 3954 dam
334 3897 407 3953 ab
439 3897 710 3968 episCOpu
735 3896 1001 3952 Manasse
1032 3895 1278 3965 collatis,
1312 3901 1368 3952 et
1398 3914 1600 3955 omnes
1632 3900 1812 3957 eccle-

160 3987 285 4042 sias
306 3989 364 4041 et
383 3990 588 4056 terras,
604 3990 661 4041 et
676 4001 1040 4057 quacunque
1075 3987 1450 4058 supradictus
1473 3988 1634 4044 locus
1656 3991 1812 4047 vide-

159 4079 262 4130 tur
288 4075 501 4130 habere
532 4074 590 4130 in
615 4075 741 4146 jam
765 4073 916 4130 dicto
948 4074 1260 4144 comitatu;
1287 4074 1592 4132 ecclesiam
1616 4078 1811 4134 Sancti

158 4163 433 4236 Gengulﬁ
481 4180 614 4219 cum
646 4164 769 4220 suis
799 4163 1159 4236 appendiciis
1188 4163 1276 4219 vel
1318 4164 1709 4238 pertinentiis.
1745 4167 1808 4223 In

162 4255 509 4326 episcopatu
562 4268 695 4308 vero
731 4253 1248 4325 Augustodunensi
1289 4252 1494 4310 cellam
1531 4255 1811 4326 Ojadellis

157 4345 561 4396 constructam
591 4340 649 4396 in
682 4341 899 4396 honore
931 4346 1145 4398 sancta:
1188 4342 1290 4398 Dei
1322 4342 1640 4401 Genitricis
1671 4362 1806 4401 cum

156 4429 438 4486 omnibus
484 4430 610 4486 suis
640 4430 1030 4502 appendiciis:
1065 4431 1196 4487 illas
1226 4432 1402 4488 etiam
1442 4431 1722 4490 ecclesias
1755 4438 1811 4490 et

1929 3296 2057 3334 rum
2078 3276 2400 3334 construxit
2420 3293 2554 3331 cum
2579 3274 2854 3330 omnibus
2883 3274 3006 3330 suis
3024 3275 3412 3346 pertinentiis.
3445 3274 3568 3329 Cel-

1924 3368 2044 3423 lam
2067 3367 2240 3422 etiam
2262 3365 2579 3420 Reiliacum
2603 3381 2738 3418 cum
2775 3367 2937 3418 curte
2967 3369 3025 3418 et
3053 3363 3329 3419 omnibus
3352 3364 3422 3418 ad
3436 3381 3570 3419 eum

1927 3455 2386 3530 pertinentibus;
2422 3452 2628 3509 cellam
2661 3452 2836 3508 etiam
2867 3452 2925 3506 in
2949 3451 3168 3506 honore
3208 3456 3421 3507 sanctae
3451 3453 3572 3508 Ma-

1926 3548 2023 3602 ria:
2072 3547 2493 3609 consecratam,
2524 3559 2651 3614 quas
2696 3545 2935 3596 vocatur
2961 3540 3032 3594 ad
3064 3540 3322 3596 Pentem.
3358 3540 3573 3596 Omnes

1924 3651 2157 3707 quoque
2187 3631 2464 3689 ecclesias
2497 3636 2556 3685 et
2585 3634 2787 3695 terras,
2819 3645 2923 3684 seu
2963 3643 3327 3700 quaecunque
3347 3629 3576 3685 videtur

1924 3723 2300 3797 supradictus
2331 3719 2493 3775 locus
2515 3717 2830 3774 Cluniacus
2862 3717 3159 3789 possidere
3181 3717 3239 3771 in
3260 3718 3386 3788 jam
3417 3717 3570 3773 dicto

1924 3814 2223 3870 comitatu.
2243 3811 2306 3864 ln
2325 3809 2660 3881 episcopatu
2677 3806 2853 3861 etiam
2868 3805 3208 3861 Nivernensi
3223 3805 3428 3861 cellam
3447 3822 3572 3876 qua:

1923 3902 2138 3959 dicitur
2195 3899 2391 3957 Sancti
2427 3895 2728 3953 Rcveriani
2764 3912 2898 3951 cum
2930 3895 3205 3950 omnibus
3238 3894 3364 3950 suis
3395 3894 3573 3966 perti-

1925 3992 2136 4049 nentis.
2180 3988 2497 4045 Ecclesiam
2538 3986 2714 4042 etiam
2764 4002 2890 4056 quae
2941 3983 3154 4040 dicitur
3201 3983 3570 4056 Superciaco,

1923 4099 2100 4155 quam
2133 4078 2551 4136 Frotimundus
2582 4075 2741 4130 dedit
2781 4091 2914 4129 eum
2947 4073 3220 4129 omnibus
3253 4073 3376 4128 suis
3408 4071 3572 4144 peni-

1921 4171 2140 4226 tentiis.
2164 4171 2224 4224 In
2247 4169 2584 4240 episcopatu
2605 4165 2780 4220 etiam
2802 4163 3123 4219 Vivariensi
3140 4162 3342 4218 cellam
3365 4161 3571 4219 Mizos-

1922 4276 2056 4316 cum
2115 4274 2248 4313 cum
2290 4256 2567 4312 omnibus
2616 4271 2742 4326 qua:
2777 4252 2857 4307 ibi
2889 4251 3199 4325 aspiciunt.
3250 4251 3467 4309 Cellam
3499 4252 3571 4308 de

1921 4349 2228 4419 Rumpono
2265 4350 2501 4412 monte;
2524 4342 2731 4398 cellam
2756 4343 2825 4396 ad
2861 4343 3102 4410 Fontes;
3139 4341 3344 4398 cellam
3368 4341 3571 4397 Rioms

1923 4454 2056 4493 cum
2088 4436 2364 4492 omnibus
2382 4449 2507 4506 quae
2526 4433 2738 4487 habere
2759 4431 3375 4504 videtursupradictus
3403 4431 3571 4487 locus

161 4522 352 4609 terras
394 4536 541 4591 quas
580 4520 903 4609 Teotardus
941 4521 1188 4576 clericus
1227 4520 1472 4577 contulit
1493 4524 1620 4593 jam
1653 4523 1808 4580 dicto
1839 4545 1886 4609 D
1922 4527 2235 4585 Cluniacus
2283 4525 2340 4578 in
2377 4524 2501 4594 jam
2535 4522 2687 4578 dicto
2719 4521 3079 4592 episcopatu.
3129 4522 3191 4575 In
3232 4520 3570 4609 episcopatu

157 4607 461 4663 Cluniensi
485 4608 766 4664 coenobio.
790 4609 1220 4667 Conﬁrmamus
1237 4615 1433 4667 autem
1455 4616 1512 4667 et
1534 4614 1807 4669 corrobo-

158 4712 367 4751 ramus
383 4700 582 4753 nostra
602 4697 918 4770 apostolica
935 4699 1278 4756 auctoritate
1291 4699 1453 4755 illam
1467 4702 1808 4758 convenien-

154 4784 304 4840 tiam
318 4801 495 4856 quam
513 4785 644 4841 fecit
663 4788 916 4842 domnus
933 4787 1810 4862 WalteriusAugustodunensis

153 4873 430 4928 Ecclesiae
443 4874 751 4946 episcopus
765 4877 836 4932 de
852 4876 1202 4932 monasterio
1216 4878 1368 4949 quod
1391 4878 1606 4934 dicitur
1621 4879 1810 4953 Maga-

153 4963 372 5018 brense
395 4963 466 5018 ad
500 4980 669 5020 suam
691 4965 1000 5020 ecclesiam
1033 4965 1357 5037 pertinente
1383 4984 1515 5023 cum
1533 4969 1809 5026 omnibus

154 5051 230 5106 ad
255 5050 453 5123 ipsum
475 5053 902 5124 pertinentibus
919 5072 930 5111 :
949 5054 1361 5111 Marciniacum
1385 5073 1515 5110 cum
1532 5058 1809 5116 omnibus

152 5139 288 5195 suis
308 5140 696 5212 pertinentiis,
721 5142 872 5198 sicut
887 5143 1060 5198 frater
1077 5148 1214 5198 tuus
1236 5143 1582 5201 Gauﬂ‘redus
1603 5152 1806 5204 sancto

153 5229 324 5286 Petro
355 5233 412 5285 et
440 5229 548 5286 tibi
578 5230 757 5286 dedit.
781 5230 1099 5287 Ecclesiam
1125 5232 1195 5286 de
1213 5231 1498 5289 Varennis
1525 5233 1676 5291 sicut
1703 5237 1806 5291 Ar.

152 5317 358 5375 taldus
379 5319 539 5374 dedit
561 5335 695 5376 eum
713 5320 989 5377 omnibus
1010 5320 1136 5378 suis
1153 5320 1551 5393 pertinentiis;
1575 5339 1807 5380 omnes-

151 5425 268 5480 que
296 5407 596 5476 ecclesias,
629 5413 685 5464 et
715 5413 922 5479 terras,
947 5415 1004 5466 et
1034 5426 1395 5482 quaecunque
1420 5427 1598 5482 supra
1617 5411 1808 5468 dictus

150 5497 320 5556 locus
351 5497 669 5554 Cluniacus
694 5499 925 5555 videtur
947 5499 1161 5556 habere
1182 5501 1241 5554 in
1267 5500 1392 5570 jam
1420 5499 1574 5554 dicto
1594 5500 1810 5572 episco-

148 5592 316 5664 patu.
370 5588 436 5646 In
492 5588 782 5648 territorio
824 5603 957 5646 vero
1014 5588 1348 5648 Divionensi
1393 5587 1628 5649 Curtem
1667 5589 1810 5649 Giuv-

1923 4615 2174 4672 Uticensi
2190 4611 2615 4669 monasterium
2636 4609 2696 4665 in
2714 4609 2932 4665 honore
2949 4609 3133 4664 sancti
3151 4608 3302 4664 Petri
3314 4612 3372 4664 et
3385 4606 3571 4664 sancti

1922 4704 2222 4761 Saturnini
2269 4702 2550 4767 dicatum,
2600 4715 2772 4770 super
2818 4699 3006 4770 ripam
3050 4695 3315 4752 Rhodani
3364 4696 3567 4762 situm,

1921 4811 2055 4849 cum
2078 4797 2267 4848 castro
2284 4788 2598 4846 colonellas
2617 4793 2672 4843 et
2693 4784 3110 4852 curte'l‘ulleta,
3135 4801 3270 4838 cum
3293 4781 3571 4838 omnibus

1921 4883 1991 4938 ad
2024 4899 2085 4938 se
2118 4878 2544 4952 pertinentibus
2594 4893 2661 4932 ex
2693 4880 2942 4946 utraque
2981 4877 3144 4945 parte
3175 4870 3462 4926 ﬂuminis.
3505 4869 3570 4924 In

1921 4971 2266 5027 Trecassino
2280 4969 2615 5040 episcopatu
2632 4964 2838 5019 cellam
2854 4964 2910 5017 in
2925 4963 3144 5017 honore
3161 4960 3566 5016 sanctiAman-

1920 5062 1979 5115 di
1996 5064 2412 5115 constructam.
2441 5057 2500 5110 In
2521 5055 2859 5125 episcopatu
2874 5051 3146 5106 Arausico
3161 5047 3364 5105 cellam
3389 5047 3444 5102 in
3461 5048 3570 5103 Po-

1917 5149 2011 5204 dio
2030 5146 2306 5203 Odoleno.
2329 5141 2746 5199 Monasterium
2761 5140 2818 5194 in
2833 5139 3051 5194 honore
3063 5137 3248 5193 sancti
3267 5137 3572 5192 Pantaleo-

1916 5237 2009 5293 nis
2025 5253 2128 5292 con
2138 5235 2586 5296 structum,cum
2603 5229 2874 5283 omnibus
2888 5225 3312 5298 pertinentibus
3325 5227 3395 5280 ad
3409 5243 3476 5281 eu
3488 5242 3543 5280 m
3555 5265 3569 5277 .

1920 5328 1981 5381 In
2012 5323 2318 5396 Vapicensi
2343 5319 2686 5392 episcopatu
2705 5316 2910 5378 cellam
2927 5317 2985 5371 in
3008 5315 3226 5371 honore
3247 5315 3431 5372 sancti
3450 5320 3572 5369 An-

1917 5416 2066 5471 drezs
2109 5415 2505 5469 constructam
2545 5409 2670 5480 jam
2720 5407 2874 5464 dicto
2907 5405 3272 5462 Cluniacensi
3305 5404 3573 5460 coenobio

1918 5518 2259 5560 concessam
2285 5518 2319 5556 a
2340 5498 2601 5572 Rigaudo
2623 5497 2832 5554 clerico
2855 5515 2988 5554 cum
3011 5496 3288 5554 omnibus
3309 5495 3433 5553 suis
3462 5511 3571 5568 ap-

1916 5589 2225 5667 pendiciis.
2261 5587 2701 5663 Ganagobiense
2732 5605 2966 5664 quoque
2999 5584 3476 5647 monasteriolum
3508 5583 3576 5640 et
