3966 6212
382 299 500 362 807
1116 316 1144 336 δ

1708 292 2070 357 VICTORIS
2116 295 2168 356 ll
2215 295 2460 357 ΡΑΡιΕ.

3676 303 3810 410 808.

382 437 605 487 curtem
648 427 1050 496 Valentiolam,
1103 431 1160 484 et
1188 428 1386 484 omnia
1415 444 1540 498 quae
1572 427 1796 481 videtur
1847 444 2022 498 supra
2053 429 2098 492 Α
2136 427 2265 482 hate
2288 429 2975 498 ejusdemlociinvitatus
2993 430 3390 500 fuerit,venire
3407 436 3795 510 adagendum

381 522 575 577 dictus
607 521 766 576 locus
783 518 1096 574 Cluniacus
1112 520 1328 584 tenere,
1349 523 1406 572 et
1432 518 1585 588 quod
1612 516 2026 585 debetliabere,

380 610 648 666 videlicet
675 610 745 664 de
774 607 988 679 quibus
1019 607 1195 662 rebus
1236 606 1410 661 habet
1437 606 1811 661 donationem
1843 611 1898 660 et
1929 607 2024 660 de-

378 698 783 769 scriptionem;
816 702 990 767 atque
1021 695 1093 750 de
1130 694 1270 750 villa
1299 700 1357 750 et
1397 699 1594 750 Castro
1625 694 1934 761 Sarrianis,
1971 699 2028 748 et

376 787 448 842 de
477 786 755 846 omnibus
785 801 911 856 qua:
946 784 1000 838 in
1047 784 1234 855 patria
1264 802 1389 855 quis
1423 790 1661 839 vocatur
1703 784 2024 847 Provincia,

375 875 572 932 habet.
608 875 668 930 ln
691 873 1092 930 Valentinensi
1123 874 1463 946 episcopatu
1486 873 1595 930 hoc
1617 875 1772 945 quod
1797 874 2028 928 videtur

375 964 592 1021 habere
621 962 952 1020 Cluniensis
977 961 1136 1017 locus
1159 963 1217 1016 in
1246 962 1382 1018 villa
1404 980 1528 1034 qua:
1550 964 1762 1018 dicitur
1782 963 1936 1030 Ales,
1970 969 2025 1018 et

375 1053 434 1109 in
467 1052 768 1117 Montesio.
805 1052 1223 1107 Monasterium
1245 1053 1442 1107 Sancti
1469 1052 1721 1108 Marcelli
1754 1053 1907 1124 quod
1936 1054 2023 1107 di-

374 1142 528 1198 citur
554 1143 626 1196 ad
654 1141 946 1198 Salcetum
965 1157 1098 1195 cum
1123 1140 1397 1196 omnibus
1421 1141 1784 1212 appendiciis
1799 1141 1883 1196 vel
1903 1157 2026 1212 per-

374 1231 640 1288 tinentiis
653 1231 800 1296 suis,
816 1231 1225 1302 etomniaquae
1247 1230 1475 1285 videtur
1497 1230 1708 1285 habere
1724 1231 2022 1303 ipselocus

372 1321 432 1376 in
463 1320 562 1376 illo
583 1321 941 1392 episcopatu.
966 1319 1030 1374 In
1046 1319 1385 1391 episc0patu
1397 1319 1712 1375 Viennensi
1728 1325 2020 1376 monaste-

373 1411 530 1465 rium
560 1409 714 1482 quod
754 1414 993 1464 vocatur
1039 1409 1489 1473 Taderniacum,
1523 1427 1656 1464 cum
1706 1409 1850 1464 cella
1893 1427 2020 1481 quae

373 1500 588 1554 dicitur
615 1499 900 1562 Causella,
933 1503 990 1553 et
1030 1497 1168 1554 villa
1208 1515 1332 1570 quae
1382 1503 1620 1553 vocatur
1660 1498 1915 1561 Bracost,
1965 1504 2022 1554 et

371 1587 510 1642 villa
557 1603 685 1658 qum
735 1586 950 1641 dicitur
997 1586 1215 1652 Insula,
1251 1603 1383 1642 cum
1419 1587 1695 1642 omnibus
1733 1587 2017 1654 ecclesiis,

371 1673 528 1732 villis
557 1679 615 1730 et
642 1674 816 1729 terris
842 1691 970 1744 quae
999 1674 1227 1728 videtur
1255 1672 1466 1729 habere
1479 1675 1603 1744 jam
1638 1674 1835 1730 dictus
1854 1673 2019 1730 locus

374 1765 429 1818 in
465 1761 1138 1834 nominatoepiscopatu.
1175 1763 1238 1816 In
1270 1763 1607 1833 episcopatu
1634 1763 2010 1834 Lugdunensi
2042 1798 2088 1861 Β

370 1851 574 1918 cellam
607 1852 786 1908 beatas
817 1851 1012 1906 Marias
1043 1867 1169 1922 quae
1200 1851 1413 1906 dicitur
1441 1851 1758 1906 Taluzatis.
1793 1851 2008 1908 Cellam

371 1940 708 2010 Poiliacum,
731 1943 788 1995 et
803 1938 1071 1994 cellulam
1099 1939 1530 2007 Arthedunum;
1555 1939 1758 1995 cellam
1778 1957 2011 2012 quoque

367 2029 812 2084 Ambertensem
845 2044 977 2082 cum
1019 2026 1300 2096 ecclesiis,
1331 2027 1506 2094 villis,
1538 2035 1593 2083 et
1613 2029 1787 2084 terris
1817 2029 1888 2084 ad
1923 2028 2008 2100 ip-

366 2134 491 2173 sam
530 2116 982 2189 pertinentibus.
1015 2114 1230 2171 Cellam
1261 2133 1496 2188 quoque
1528 2118 1919 2183 Saviniacum,
1953 2123 2010 2174 et

365 2212 586 2262 curtem
622 2206 1051 2270 Ambariacum,
1083 2205 1462 2260 etecclesiam
1495 2205 1690 2261 Sancti
1711 2206 2004 2273 Andreoli,

362 2301 420 2352 et
446 2294 754 2352 ecclesiam
785 2311 913 2366 quae
952 2298 1193 2348 vocatur
1223 2294 1657 2349 Adoratorium:
1691 2299 1912 2350 curtem
1937 2296 2009 2351 de

366 2384 666 2450 Romanis,
685 2381 1296 2448 cellamCavariacum;
1311 2381 1585 2436 cellulam
1609 2383 2003 2451 Luviniacum;

363 2473 558 2529 villam
587 2471 958 2526 Tusciacum.
1001 2470 1216 2524 Omnes
1248 2487 1479 2541 quoque
1509 2470 1806 2538 ecclesias,
1841 2473 2006 2530 villas

363 2567 419 2616 et
447 2567 633 2616 terras
663 2576 793 2630 quis
822 2557 1178 2614 Wichardus
1207 2559 1463 2614 moriens
1495 2560 1682 2614 eidem
1713 2559 1836 2616 loco
1871 2562 2005 2616 Glu-

363 2649 554 2714 niensi
584 2647 853 2714 contulit,
883 2663 1019 2702 cum
1044 2647 1318 2702 omnibus
1349 2665 1478 2719 quae
1508 2648 1734 2704 videtur
1761 2650 2002 2721 [tenere]

362 2738 736 2811 supradictus
757 2736 918 2792 locus
941 2735 998 2790 in
1014 2736 1135 2806 jam
1150 2735 1302 2791 dicto
1323 2737 1680 2809 episcopatu.
1711 2738 2004 2795 Monaste-

363 2827 515 2884 rium
539 2843 674 2882 vero
696 2825 1095 2880 Peterniacum
1120 2825 1192 2879 ab
1210 2824 1481 2882 Adeleide
1499 2827 1576 2880 im
1586 2828 1866 2898 peratrice
1886 2835 2002 2884 Au-

361 2921 534 2989 gusta
563 2920 986 2984 constructum,
1029 2920 1088 2970 et
1117 2931 1151 2969 a
1183 2916 1444 2970 Conrado
1476 2932 1628 2988 rege,
1661 2921 1718 2971 et
1748 2917 1866 2973 ﬁlio
1897 2936 2003 2974 suo

369 3003 674 3075 Rodulpho
703 3019 833 3076 rege
867 3003 1055 3064 eidem
1077 3002 1372 3060 Cluniensi
1414 3004 1704 3072 Cmnobio,
1730 3023 1830 3077 per
1860 3023 2002 3078 prea-

359 3097 528 3166 cepta
555 3091 776 3166 regalia
803 3091 1107 3162 traditum,
1142 3109 1278 3148 cum
1310 3093 1584 3150 omnibus
1617 3111 1744 3168 quae
1777 3096 2006 3150 videtur

365 3157 583 3238 habere
613 3157 672 3236 in
728 3157 1102 3253 Burgundia,
1138 3185 1198 3237 et
1235 3198 1369 3238 cum
1405 3157 1681 3239 omnibus
1729 3200 1855 3255 quas
1895 3185 2006 3256 ipsi
2040 3157 2082 3223 C

370 3268 726 3328 monasterio
749 3269 807 3324 in
825 3268 1346 3328 Alsatiadederunt
1367 3271 1746 3344 imperatores
1766 3275 2011 3345 Augusti

363 3360 625 3415 Ottones.
650 3358 1065 3416 Monasterium
1101 3361 1256 3431 quod
1281 3361 1496 3416 dicitur
1522 3361 1849 3416 Romanum
1873 3380 2007 3418 cum

370 3447 647 3504 omnibus
677 3448 747 3503 ad
783 3463 845 3504 se
884 3448 1312 3520 pertinentibus
1342 3449 1470 3520 jam
1515 3449 1667 3504 dicto
1713 3450 2009 3507 Cluniensi

361 3537 643 3602 coenobio,
669 3540 725 3592 et
749 3536 859 3592 tibi
889 3537 1124 3609 tuisque
1163 3539 1606 3594 successoribus
1637 3539 1849 3596 habere
1877 3558 2010 3596 con-

359 3627 624 3682 cedimus
640 3625 704 3680 in
725 3630 1098 3698 perpetuum.
1129 3627 1555 3684 Conﬁrmamus
1586 3633 1642 3682 et
1670 3631 2006 3685 corrobora-

361 3732 495 3771 mus
525 3714 702 3771 etiam
734 3719 934 3771 nostra
954 3714 1274 3787 apostolica
1302 3716 1647 3772 auctoritate
1677 3716 1837 3772 illam
1870 3736 2005 3774 con-

359 3803 711 3860 venientiam
751 3820 927 3875 Quam
962 3804 1096 3860 fecit
1146 3805 1399 3859 domnus
1439 3809 1604 3878 Hugo
1653 3806 2003 3862 Genevenvis‘:

362 3893 623 3949 Ecclesiae
647 3893 976 3964 episcopus,
999 3892 1271 3948 laudante
1297 3898 1354 3948 et
1369 3895 1766 3949 consentiente
1790 3895 2006 3950 ltodul-

363 3982 477 4054 pho
508 3996 640 4053 rege
657 3985 716 4036 et
736 3981 975 4035 domina
992 3979 1262 4036 Adeleide
1283 3981 1648 4052 imperatrice
1669 3984 1739 4037 de
1761 3984 2007 4040 ecclesia

363 4070 560 4126 Sancti
589 4070 842 4124 Victoris
887 4070 1180 4140 martyris,
1213 4086 1348 4124 cum
1379 4071 1653 4126 omnibus
1692 4073 1762 4126 ad
1816 4073 2004 4144 ipsam

363 4157 809 4232 pertinentibus.
843 4157 972 4212 Haec
992 4156 1191 4211 omnia
1211 4175 1390 4229 supra
1414 4159 1630 4231 scripta
1651 4161 1777 4216 loca
1796 4168 1851 4217 et
1877 4179 2005 4218 mo-

365 4247 621 4303 nasteria
647 4262 783 4300 cum
806 4243 989 4312 cellis,
1007 4243 1290 4315 ecclesiis,
1322 4247 1605 4316 curtibus,
1628 4249 1799 4317 villis,
1832 4250 2003 4306 villu-

364 4336 456 4399 lis,
491 4335 674 4391 servis
696 4338 753 4389 et
782 4333 1032 4409 ancillis,
1064 4333 1248 4401 silvis,
1279 4335 1484 4403 vineis,
1517 4343 1761 4409 campis,
1797 4341 2003 4409 pratis,

365 4424 558 4495 aquis,
575 4439 930 4494 aquarumve
950 4423 1316 4493 decursibus,
1335 4430 1390 4481 et
1407 4426 1681 4480 omnibus
1705 4426 1871 4481 terris
1891 4428 2005 4483 cul-

365 4515 444 4570 tis
472 4516 531 4568 et
560 4511 799 4567 incultis
830 4512 900 4568 ad
929 4513 1296 4584 supradictas
1329 4519 1646 4584 potestates
1670 4515 2008 4584 pertinenti-

367 4604 502 4671 bus,
519 4601 631 4675 ipsi
647 4601 770 4658 loco
787 4601 1104 4669 Cluniensi,
1120 4603 1345 4674 tibique
1360 4609 1419 4657 et
1441 4602 1553 4654 tuis
1574 4605 2010 4661 successoribus

367 4709 467 4765 per
503 4691 683 4763 hujus
717 4691 898 4747 nostri
935 4691 1222 4764 privilegii
1255 4689 1657 4745 auctoritatem
1697 4694 2012 4750 tenendaet

368 4781 720 4854 possidenda
748 4780 1124 4836 concedimus
1149 4780 1205 4833 in
1229 4783 1572 4850 perpetuum
1600 4779 1712 4834 :ita
1729 4785 1792 4834 ut
1811 4781 2012 4837 nullus

363 4871 694 4942 dux,neque
722 4869 1250 4941 episcOpus,neque
1281 4867 1494 4938 aliquis
1525 4867 2011 4942 princeps,neque

365 4960 638 5032 quaslibet
659 4974 872 5030 magna
895 4972 1186 5028 parvaque
1202 4972 1450 5027 persona
1473 4957 1541 5010 de
1555 4958 2011 5026 prmi‘atisfomni-

367 5049 475 5105 bus
503 5049 679 5105 rebus
699 5052 754 5102 et
774 5045 1042 5112 decimis,
1066 5062 1192 5117 quae
1225 5045 1370 5100 inibi
1401 5046 1689 5117 pertinere
1719 5047 2010 5120 videntur,

365 5138 575 5194 audeat
602 5133 1036 5199 molestare,vel
1064 5135 1409 5206 inquietare.
1444 5135 1676 5189 Necnon
1701 5137 1810 5191 sub
1833 5139 2010 5193 divini

353 5227 564 5299 judicii
596 5223 1064 5297 promulgatione
1086 5229 1144 5280 et
1159 5226 1304 5280 forte
1327 5225 1769 5290 contestatione,
1794 5230 2012 5282 confir-

365 5316 620 5373 matione
634 5318 692 5370 et
713 5313 1104 5370 anathematis
1134 5313 1542 5369 interdictione
1567 5315 2012 5374 corroborantes

361 5403 826 5470 decernimus,ut
842 5401 1038 5459 nullus
1053 5403 1362 5476 episcopus
1377 5420 1477 5459 seu
1496 5401 1740 5474 quilibet
1752 5407 2013 5463 sacerdo-

363 5501 490 5552 tum
512 5495 572 5549 in
589 5491 791 5548 eodem
817 5491 1130 5549 venerabili
1153 5492 1413 5549 ccenobio
1430 5509 1533 5564 pro
1559 5491 1755 5566 aliqua
1775 5497 2010 5553 ordina-

364 5583 543 5649 tione,
568 5598 672 5637 seu
684 5581 1120 5639 consecratione
1135 5581 1412 5649 ecclesiis,
1425 5580 1901 5658 presbyterorum
1919 5585 2010 5644 vel

368 5669 768 5739 diaconorum,
791 5669 1225 5746 minarumque
1245 5670 1652 5740 celebratione,
1671 5672 1784 5734 nisi
1805 5676 1877 5734 ab
1909 5677 2009 5735 ab-

2142 524 2476 587 pl‘atsuulat;
2501 520 2601 573 sed
2615 519 2786 575 liceat
2808 520 3112 578 monachis
3132 522 3455 594 ipsiuslooi
3471 527 3796 598 cujuscun-

2138 623 2247 676 que
2265 606 2555 662 voluerint
2568 608 2954 664 ordinationis
2968 610 3215 680 gradum
3235 613 3536 685 suscipere
3549 615 3804 674 ubicun-

2137 709 2248 764 que
2280 695 2387 749 tibi
2421 697 2656 768 tuisque
2701 698 3142 755 successoribus
3193 699 3497 771 placuerit.
3543 704 3800 763 Abbates

2138 798 2390 854 namque
2407 783 2506 854 qui
2529 785 3094 857 consecrandiierunt
3107 788 3178 843 de
3192 789 3321 859 ipsa
3339 794 3800 866 congregatione

2137 887 2270 926 cum
2313 872 2556 927 consilio
2591 874 2836 929 fratrum
2868 877 3262 932 communiter
3279 877 3594 951 eligantur,
3628 885 3689 937 et
3719 883 3792 938 ad

2133 975 2232 1015 eos
2253 962 2678 1018 consecrandos
2700 979 3113 1036 quemcunque
3133 965 3426 1022 voluerint
3445 968 3792 1042 episcopum

2134 1049 2434 1104 advocent.
2467 1052 2859 1123 Quaecunque
2895 1069 3030 1108 vero
3060 1059 3245 1110 terras
3288 1073 3445 1112 nunc
3491 1063 3680 1127 tenes,
3729 1065 3794 1116 et

2133 1153 2280 1208 quas
2309 1143 2370 1192 tu
2420 1139 2623 1210 tuique
2645 1156 3013 1197 successores
3035 1143 3337 1213 acquirere
3361 1147 3696 1216 potueritis,
3729 1147 3789 1202 in

2133 1232 2478 1298 perpetuum
2516 1229 2901 1299 possidendas
2931 1232 3311 1288 concedimus
3339 1235 3524 1290 vobis.
3558 1236 3620 1291 Si
3652 1236 3790 1307 quis

2131 1321 2326 1370 autem
2357 1316 2662 1372 temerario
2705 1335 2853 1374 ausu
2901 1319 3079 1389 (quod
3111 1321 3235 1374 ﬁeri
3283 1339 3400 1377 non
3439 1323 3782 1396 credimus),

2131 1409 2333 1458 contra
2344 1404 2523 1475 hujus
2537 1411 2744 1461 nostra:
2759 1407 3088 1478 apostolica;
3099 1410 3561 1468 confirmationis
3573 1413 3787 1469 seriem

2130 1493 2325 1549 venire
2357 1500 2460 1548 aut
2501 1510 2674 1566 agere
2703 1495 3028 1563 tentaverit,
3064 1499 3211 1552 sciat
3253 1515 3316 1554 se
3347 1500 3563 1555 domini
3594 1501 3782 1558 nostri

2129 1581 2526 1654 apostolorum
2553 1583 2835 1655 principis
2856 1584 3010 1640 Petri
3031 1587 3426 1643 anathematis
3445 1588 3670 1644 vinculo
3689 1588 3778 1645 in-

2130 1671 2434 1738 nodatum,
2459 1677 2516 1726 et
2535 1689 2668 1726 cum
2691 1672 2922 1728 diabolo
2939 1673 3188 1746 ejusque
3207 1676 3590 1732 atrocissimis
3612 1693 3783 1749 pom-

2128 1759 2238 1830 pis,
2273 1764 2445 1830 atque
2469 1776 2602 1814 cum
2632 1761 2788 1816 Juda
2817 1762 3098 1818 traditore
3129 1765 3357 1822 Domini
3385 1769 3446 1826 et
3463 1765 3789 1822 Salvatoris

2119 1848 2342 1903 nostriJ
2349 1866 2452 1903 esu
2465 1848 2675 1904 Christi
2689 1848 2747 1903 in
2761 1853 3043 1905 aeternum
3058 1852 3252 1923 ignem
3265 1854 3784 1924 concremandum,

2124 1936 2420 2008 simulque
2453 1937 2510 1992 in
2534 1938 2870 2008 voraginem
2893 1943 3324 2012 tartareumque
3346 1942 3526 1999 chaos
3551 1944 3784 2002 demero

2120 2041 2254 2080 sum
2287 2041 2421 2080 cum
2472 2026 2672 2097 impiis
2723 2027 3134 2083 deﬁciendum.
3169 2031 3275 2094 Qui
3304 2045 3436 2086 vero
3486 2036 3693 2086 custos
3725 2035 3790 2086 et

2119 2113 2456 2168 observator
2483 2113 2683 2184 Lhujus
2714 2116 2900 2170 nostri
2935 2116 3218 2189 privilegii
3247 2117 3550 2185 exstiterit,
3592 2119 3782 2174 bene-

2118 2201 2390 2258 dictionis
2422 2203 2672 2275 gratiam
2689 2208 2745 2259 et
2765 2204 2944 2261 vitam
2973 2210 3242 2262 internum
3264 2224 3298 2262 a
3319 2206 3598 2273 Domino,
3638 2223 3785 2262 con-

2120 2297 2420 2362 sequatur.
2455 2293 2604 2347 Bene
2632 2291 2838 2348 valete.

2187 2380 2399 2436 Datum
2451 2397 2512 2435 m
2553 2381 2694 2436 Idus
2741 2382 2951 2439 Junias
3000 2401 3102 2454 per
3147 2399 3359 2439 manus
3396 2381 3782 2439 Hildebrandi

2119 2469 2435 2525 cardinalis
2494 2469 2843 2525 subdiaconi
2917 2477 3132 2526 sanctae
3206 2470 3537 2543 apostolicis
3595 2471 3781 2538 sedis,

2123 2575 2277 2614 anno
2324 2557 2512 2630 primo
2563 2559 2763 2614 domni
2807 2559 3059 2616 Victoris
3095 2560 3338 2615 secundi
3374 2577 3559 2632 papa,
3592 2560 3778 2616 indic-

2116 2645 2277 2702 tione
2311 2663 2493 2702 nona.

2907 2764 2974 2818 Il.

2195 2897 2369 2951 Victor
2397 2898 2446 2952 II
2473 2900 2760 2953 canonicos
2805 2899 3180 2971 Ferrarienses
3209 2899 3437 2956 tuendos
3465 2900 3703 2971 suscipit

2542 2986 2834 3041 carumque
2867 2970 3004 3025 bona
3041 2971 3351 3026 conﬁrmat.

2741 3105 2930 3172 (Anno
2955 3104 3138 3175 1055.)

2457 3235 2747 3305 mortem,
2780 3237 2943 3293 Italia
2971 3253 3146 3306 sacra,
3180 3238 3247 3307 Il,
3279 3239 3430 3309 533.]

2188 3379 2403 3432 Vicroa
2429 3377 2758 3450 episcopus,
2783 3396 2985 3434 servus
3007 3393 3308 3435 servorum
3341 3380 3463 3448 Dei,
3488 3379 3765 3438 Garunna

2118 3467 2640 3537 archipresbytero,
2673 3471 2731 3521 et
2751 3467 2929 3521 Lsom
2953 3467 3384 3535 archidiacono,
3407 3468 3770 3542 reliquisque

2118 3555 2413 3611 canonicis
2443 3560 2498 3609 S.
2536 3555 2924 3611 Ferrariensis
2955 3555 3223 3612 Ecclesia:
3255 3557 3498 3630 suisque
3527 3575 3769 3614 succes-

2117 3645 2373 3709 soribus,
2407 3644 2465 3697 in
2499 3648 2869 3716 perpetuum.

2187 3734 2243 3787 Si
2272 3733 2452 3802 justis
2484 3749 2782 3788 servorum
2832 3734 2932 3788 Dei
2979 3734 3362 3805 petitionibus
3411 3735 3764 3792 satisfeceri-

2118 3840 2269 3885 mus,
2315 3821 2512 3893 procul
2544 3822 2722 3876 dubio
2753 3822 3071 3894 apostolica
3101 3829 3387 3895 pracepta
3431 3841 3760 3880 servamus.

2116 3916 2479 3982 Quapropter
2505 3909 2769 3964 inclinati
2804 3910 3075 3982 precibus
3120 3913 3349 3980 vestris,
3387 3912 3492 3968 ﬁlii
3544 3915 3760 3970 charis-

2113 4000 2272 4066 simi,
2306 3999 2723 4054 conﬁrmamus
2755 4004 2930 4070 atque
2959 4001 3406 4058 corroboramus
3440 4003 3629 4071 vobis,
3664 4019 3758 4059 ve-

2110 4089 2365 4158 strisque
2386 4087 2819 4144 successoribus
2850 4089 3167 4156 canonicis,
3202 4091 3490 4163 quidquid
3523 4108 3628 4164 per
3649 4109 3754 4165 pa-

2113 4177 2311 4249 ginam
2354 4176 2748 4232 concessionis
2778 4180 2836 4232 et
2864 4177 3328 4235 conﬁrmationis
3359 4181 3524 4250 juste
3559 4180 3763 4253 acqui-

2115 4265 2296 4332 sistis,
2349 4264 2437 4319 vel
2476 4263 2819 4338 acquisituri
2867 4267 3028 4333 estis,
3061 4271 3127 4322 ut
3155 4268 3335 4338 quieti
3379 4273 3436 4323 et
3465 4269 3661 4325 securi
3690 4269 3764 4325 ab

2113 4354 2273 4410 omni
2303 4353 2537 4408 laesione
2567 4370 2908 4425 permanere
2935 4354 3195 4411 valeatis.
3231 4356 3533 4412 Desiderio
3564 4358 3767 4430 itaque

2114 4457 2180 4494 ac
2213 4439 2478 4512 petitioni
2510 4445 2732 4507 vestras,
2757 4446 2822 4495 ut
2849 4441 3128 4509 diximus,
3155 4443 3447 4511 inclinati,
3478 4461 3604 4517 vos,
3636 4461 3763 4500 ves-

2043 4528 2086 4592 D
2117 4537 2354 4600 trosque
2381 4545 2747 4585 successores
2777 4530 2888 4584 sub
2925 4536 3139 4588 nostrae
3171 4537 3357 4604 apost.
3405 4533 3766 4589 defensionis

2120 4618 2449 4672 munimine
2495 4619 2875 4691 suscipimus,
2909 4623 2966 4675 et
3011 4621 3162 4676 bona
3191 4621 3408 4689 omnia,
3451 4639 3578 4694 qua:
3601 4624 3766 4694 juste

2121 4705 2316 4771 habet,
2364 4705 2450 4762 vel
2499 4706 2776 4762 habitura
2831 4713 2921 4763 est
2968 4709 3097 4780 ipsa
3151 4711 3450 4776 canonica,
3493 4710 3769 4766 videlicet

2119 4794 2338 4862 villam,
2375 4811 2501 4866 quas
2532 4796 2748 4851 dicitur
2785 4797 3154 4867 Quartisana,
3185 4803 3243 4854 et
3279 4799 3523 4854 fundum
3553 4805 3767 4854 contra

2121 4883 2364 4951 Padum,
2397 4889 2451 4939 et
2482 4883 2675 4940 locum
2723 4885 2953 4953 Guculi,
2985 4891 3042 4941 et
3071 4892 3246 4959 caput
3277 4888 3457 4953 Rede,
3493 4885 3761 4955 Baniolo,

2121 4977 2176 5027 et
2222 4971 2652 5040 Wartiaticum,
2705 4978 2760 5030 et
2810 4974 3058 5030 fundum
3112 4974 3403 5041 Pecorille,
3446 4978 3502 5029 et
3550 4979 3768 5031 caetera

2122 5077 2249 5132 quae
2298 5061 2423 5131 jam
2472 5061 2638 5116 dictae
2683 5062 2936 5118 ecclesiae
2983 5064 3052 5118 ad
3093 5070 3317 5137 partem
3345 5063 3765 5121 canonicorum

2122 5148 2628 5220 pertinent,villas,
2661 5155 2868 5217 terras,
2898 5151 3118 5220 vineas,
3153 5158 3338 5224 prata,
3372 5169 3544 5226 agros
3574 5153 3764 5210 cultos

2119 5243 2177 5293 et
2221 5236 2495 5305 incultos,
2535 5254 2740 5309 aquas,
2783 5255 3190 5312 aquarumque
3237 5243 3544 5308 decursus,
3581 5242 3767 5314 pisca-

2119 5325 2330 5394 tiones,
2361 5325 2715 5394 venationes,
2763 5344 2864 5383 seu
2909 5328 3262 5397 molendina,
3309 5346 3530 5396 servos,
3580 5336 3637 5386 et
3669 5347 3767 5385 an-

2120 5414 2307 5482 cillas,
2337 5413 2598 5470 aldiones
2626 5419 2684 5470 et
2703 5415 2989 5485 aldianas,
3016 5434 3118 5474 seu
3131 5423 3372 5476 cunctas
3399 5435 3494 5476 res
3517 5418 3766 5476 mobiles

2119 5508 2177 5560 et
2205 5502 2538 5560 immobiles
2584 5519 2712 5573 quas
2763 5504 2876 5560 dici
2918 5513 2976 5562 et
3013 5508 3305 5564 nominari
3338 5495 3612 5581 possunt,
3661 5523 3784 5580 seu,

2119 5591 2408 5668 quidquid
2437 5594 2659 5659 tenent,
2703 5593 3023 5664 possident,
3069 5595 3288 5654 habent
3316 5600 3442 5655 tam
3483 5598 3557 5655 de
3604 5601 3774 5673 parte

2119 5681 2395 5757 ecclesia,
2425 5695 2608 5765 quam
2645 5679 2718 5740 de
2736 5683 2882 5760 suis,
2909 5702 3268 5761 suorumque
3293 5691 3609 5762 parentum
3647 5687 3771 5751 hac.
