3966 6212
394 385 511 446 815

1723 376 2087 441 VICTORIS
2133 380 2181 439 Il
2228 380 2478 441 mm.
2572 334 2581 343 ’

3689 388 3812 450 816

397 519 602 593 pratis,
636 514 887 590 pascuis,
922 511 1124 579 vineis,
1165 508 1410 577 olivetis,
1452 510 1622 565 cultis
1673 514 1729 565 et
1782 510 2037 579 incultis,
2071 513 2125 578 Α
2155 513 2438 569 ctoritatis
2467 512 2995 586 privilegium,cum
3028 514 3305 573 omnibus
3334 517 3513 574 rebus
3542 522 3602 574 et
3632 519 3814 577 facul-

397 608 587 680 equis,
618 601 988 669 molendinis,
1021 599 1315 674 piscariis,
1361 599 1805 672 piscationibus,
1838 599 2042 657 salinis

398 709 806 768 aquarumque
836 690 1316 761 decursibus,nec
1348 708 1463 745 non
1485 694 1540 745 et
1560 691 2044 762 armentis,equo-

396 798 647 856 rumque
677 780 928 844 forestis,
964 797 1065 836 seu
1098 780 1372 835 omnibus
1397 779 1559 850 justo
1604 778 1712 834 sibi
1746 780 2042 850 pertinen-

394 874 575 945 tibus,
606 872 667 928 in
714 871 1010 942 integrum
1053 869 1491 937 conﬁrmamus,
1523 872 1697 941 atque
1730 868 2045 940 apostolica

396 961 742 1022 auctoritate
771 959 1239 1016 corroboramus.
1275 957 1542 1013 Dccimas
1572 957 1769 1023 etiam,
1795 975 1897 1012 seu
1926 958 2040 1029 pri-

397 1052 615 1121 mitias,
650 1054 707 1107 et
736 1052 977 1105 cunctas
1023 1046 1347 1103 oblationes
1396 1046 1654 1102 fidelium
1697 1046 1957 1102 vivorum
1989 1051 2045 1101 et

398 1146 765 1200 mortuorum
784 1139 973 1193 eidem
991 1135 1350 1209 episcopatui
1366 1136 1528 1206 juste
1552 1139 1606 1189 et
1624 1134 1899 1190 canonice
1922 1152 2044 1207 per—

398 1233 652 1289 tinentes
670 1229 796 1295 tibi,
820 1228 992 1299 juxta
1012 1223 1351 1280 canonicam
1377 1224 1801 1277 institutionem
1822 1224 1921 1278 SS.
1940 1224 2041 1278 Pa-

398 1328 579 1392 trum,
611 1317 1006 1375 concedimus.
1041 1315 1155 1369 Nec
1186 1330 1301 1368 non
1333 1317 1388 1366 et
1418 1312 1561 1366 illud
1611 1314 1919 1367 statuendo
1946 1314 2040 1366 de-

400 1409 717 1476 cernimus,
738 1423 812 1461 ne
841 1402 1056 1475 aliquis
1081 1400 1671 1474 episcopus,alicujus
1704 1402 2043 1456 auctoritate
2073 1477 2085 1487 ο

398 1499 488 1555 vel
520 1499 806 1571 potestate
845 1490 1365 1559 sulfultus,audcat
1392 1491 1613 1560 absque
1645 1489 2041 1544 licentiainibi

392 1589 563 1660 juxta
613 1582 835 1659 praefati
879 1580 1137 1654 episcopi
1190 1580 1605 1644 ordinationes,
1638 1595 1738 1633 seu
1772 1579 2045 1635 constitu-

399 1677 590 1733 tiones
621 1673 848 1745 aliquas
878 1670 1175 1739 facere,vel
1198 1667 1423 1740 judicia
1454 1668 1781 1739 disponere,
1806 1684 1905 1722 seu
1931 1667 2043 1723 cle-

403 1767 577 1831 ricos,
605 1768 707 1820 aut
739 1762 1106 1835 presbyteros
1137 1758 1355 1830 synodo
1388 1756 1781 1828 qualicunque
1813 1757 2046 1812 distrin-

403 1872 538 1929 gere
566 1853 654 1910 vel
688 1851 946 1923 fatigare.
980 1849 1313 1904 Statuentes
1362 1846 1540 1919 igitur
1592 1845 1909 1917 apostolica
1935 1864 2043 1902 au-

401 1944 824 2012 ctoritate,quae
856 1937 1143 1995 servanda
1171 1941 1259 1991 est
1289 1936 1361 1991 ab
1393 1935 1829 2001 omnibus,etin
1854 1936 2041 1991 omni-

398 2034 510 2089 bus
541 2030 945 2097 statuimus,et
967 2028 1076 2083 sub
1099 2025 1469 2081 anathemate
1491 2025 2044 2095 constringimusut

399 2120 599 2178 nullus
629 2120 965 2192 imperator,
997 2116 1116 2172 sive
1166 2132 1284 2179 rex,
1338 2113 1536 2170 nullus
1584 2114 1725 2181 dux,
1756 2113 1843 2168 vel
1894 2132 2044 2170 mar-

397 2212 548 2279 chio,
581 2226 797 2276 comes,
824 2208 1165 2272 vicecomes,
1198 2202 1515 2270 castaldus,
1546 2204 1632 2258 vel
1666 2203 1911 2274 quilibet
1943 2221 2043 2275 pu-

397 2300 543 2357 blice
574 2300 791 2373 pariter
819 2299 1072 2363 exactor,
1104 2310 1206 2349 seu
1247 2293 1561 2363 cujuslibet
1615 2292 1868 2347 hominis
1913 2309 2041 2364 per-

397 2407 561 2455 sona,
593 2389 1000 2461 cujuscunque
1047 2381 1123 2439 sit
1170 2380 1391 2436 ordinis
1442 2380 1529 2435 vel
1582 2381 1905 2451 dignitatis,
1938 2398 2039 2437 seu

398 2476 676 2550 regionis,
706 2475 858 2529 hanc
897 2469 1318 2545 pragmaticum
1365 2468 1649 2540 privilegii
1683 2470 2040 2525 sanctionem

399 2566 610 2624 audeat
638 2558 1041 2634 refragare,vel
1062 2560 1122 2615 in
1153 2574 1449 2629 quoquam
1484 2557 1866 2630 confringere;
1888 2560 2041 2631 quod

400 2656 502 2729 qui
533 2651 842 2712 tentaverit
889 2667 921 2705 a
968 2648 1032 2704 B.
1090 2648 1274 2715 Petro,
1308 2646 1705 2718 apostolorum
1758 2648 2040 2719 principe,

398 2745 772 2804 anathemate
829 2739 1022 2795 divino
1081 2753 1395 2809 percussus
1454 2736 1718 2799 intereat,
1766 2736 1904 2808 quia
1941 2738 2043 2794 Dei

399 2831 771 2898 Genitricem,
804 2829 969 2900 eique
1002 2825 1352 2883 famulantes
1381 2825 1669 2881 offendere
1700 2842 1814 2881 non
1847 2826 2044 2882 timuit

398 2929 701 2994 Deumque
730 2918 841 2974 hoc
872 2917 1157 2990 inspicere
1204 2932 1308 2988 pro
1356 2913 1537 2970 nihilo
1578 2915 1769 2983 duxit;
1806 2932 2044 2971 conser-

400 3016 566 3070 vator
591 3026 723 3067 vero
756 3005 1157 3064 benedictione
1186 3003 1464 3060 suﬂ‘ultus
1496 3003 1814 3077 apostolica
1856 3022 1890 3061 a
1926 3006 2043 3063 Deo

403 3100 798 3173 omnipotente
828 3096 1005 3152 vitam
1038 3098 1430 3166 consequatur
1458 3098 1755 3149 aeternam.

471 3188 721 3246 Victoris
750 3185 951 3261 prima:
991 3184 1147 3241 sedis
1176 3183 1430 3256 episcopi
1465 3188 1522 3237 et
1552 3183 1894 3239 universalis
1944 3201 2042 3256 pa-

404 3294 489 3352 pa:
522 3278 589 3333 II.

471 3367 649 3423 Jnsus
686 3364 987 3431 Cnmsrus,
1022 3362 1265 3422 Perses.
1292 3360 1541 3417 PAULUS.

471 3456 617 3513 Data
648 3471 705 3510 Iv
732 3453 877 3509 Non.
922 3450 1209 3522 Januarii,
1261 3467 1364 3523 per
1412 3467 1622 3505 manus
1666 3448 2041 3505 Hildebrandi

397 3546 455 3603 S.
492 3545 560 3601 R.
591 3545 654 3600 E.
688 3541 1031 3600 subdiaconi
1061 3538 1183 3596 vice
1212 3538 1526 3596 Hermandi
1578 3537 1909 3610 apostolicae
1951 3555 2039 3594 se-

394 3635 484 3692 dis
516 3629 1032 3697 archicancellarii,
1064 3646 1157 3685 an.
1194 3628 1383 3702 primo
1414 3628 1480 3683 D.
1510 3627 1758 3683 Victoris
1789 3645 1947 3699 papae
1968 3628 2036 3696 Il,

394 3724 574 3781 indic.
598 3741 724 3781 vm.
756 3722 970 3779 Datum
1001 3720 1195 3776 Romae
1246 3718 1305 3773 in
1358 3717 1458 3773 Dei
1511 3716 1744 3773 nomine
1774 3716 2035 3773 feliciter.

391 3816 598 3871 Amen.

1148 3949 1291 4005 VIII.

503 4065 677 4122 Victor
704 4063 759 4118 ιι
781 4060 1012 4117 αὸὺαιίεε
1044 4056 1395 4113 Ληίίιαυὶεηδὶ
1407 4057 1543 4129 jura
1560 4060 1615 4112 et
1636 4058 1931 4128 privilegia

1066 4129 1369 4197 conﬁrmat.

959 4238 1151 4308 (Anno
1183 4234 1468 4305 1855-57.)

391 4348 823 4421 [Wuuu'rwsrm
855 4343 1002 4421 Noua
1030 4341 1291 4421 Subsidia
1317 4340 1567 4413 diplom.,
1598 4345 1738 4421 tom.
1766 4340 1865 4421 _\_’l,
1897 4358 2031 4421 pag.

458 4419 584 4487 223,
616 4434 686 4473 ex
709 4416 856 4487 libro
880 4413 1067 4470 Salico
1117 4414 1557 4487 membranaceo
1607 4413 1850 4487 abbatiae
1883 4413 2033 4487 And:

458 4483 751 4557 laviensis,
785 4486 887 4543 fol.
930 4488 981 4552 1,
1015 4490 1072 4542 et
1099 4502 1168 4541 ex
1199 4484 1361 4541 bulla
1391 4483 1754 4556 autographa
1801 4484 2031 4540 Martini

458 4561 523 4617 V.
551 4561 660 4623 PP.
694 4577 791 4617 an.
814 4559 1000 4629 4426.}

453 4707 672 4762 VICTOR
699 4704 1029 4777 episcopus,
1061 4718 1263 4757 servus
1295 4715 1593 4756 servorum
1644 4698 1767 4765 Dei,
1812 4698 2033 4757 dilectis

382 4794 441 4851 in
473 4794 699 4852 Christo
732 4794 861 4850 ﬁliae
894 4789 1499 4861 MEHTILDI,rellgi08tB
1530 4788 1842 4846 abbatissae
1869 4806 2033 4846 vene-

380 4883 584 4941 rabilis
619 4881 958 4940 monasterii
1009 4878 1209 4936 Sancti
1258 4877 1519 4947 Fabiani,
1554 4878 1897 4950 Sanctreque
1928 4879 2026 4935 Fe-

378 4973 639 5042 licitatis,
674 4973 830 5046 quod
862 4968 1191 5044 appellatur
1218 4966 1515 5039 Helgonis,
1550 4966 1730 5022 situm
1775 4966 1834 5021 in
1877 4984 2023 5039 pago

377 5063 658 5130 Helizaze,
686 5062 927 5132 tuisque
974 5057 1415 5115 successoribus
1462 5055 1777 5111 abbatissis
1820 5072 2022 5128 perpe-

374 5155 538 5209 tuam
568 5151 629 5208 in
657 5150 905 5207 Domino
938 5146 1210 5206 salutem.
1924 5142 1933 5148 ’

444 5240 732 5313 Congruis
756 5243 813 5295 et
833 5237 1014 5311 justis
1037 5235 1415 5310 petitionibus
1433 5234 1628 5290 divina
1650 5234 2023 5290 miseratione

370 5330 740 5405 prestandus
764 5332 860 5384 est
904 5328 1165 5383 effectus.
1218 5326 1579 5397 Quapropter
1607 5322 1815 5379 vestris
1856 5323 2022 5379 incli-

371 5420 492 5476 nati
510 5416 1050 5484 intercessionibus,
1058 5417 1227 5489 juxta
1242 5412 1509 5485 exempla
1526 5413 2020 5485 praedecessorum

370 5512 838 5577 nostrorum,pro
862 5505 1040 5561 futuri
1063 5504 1343 5576 temporis
1365 5501 1608 5568 cautela,
1631 5517 1737 5557 nec
1760 5518 1874 5556 non
1902 5505 2019 5556 sta-

370 5594 598 5651 bilitate
613 5593 791 5650 vestri
810 5592 1326 5658 loci,concedimus
1342 5594 1399 5647 et
1414 5590 1835 5646 conﬁrmamus
1853 5588 2020 5645 vobis

371 5681 529 5738 idem
561 5679 985 5737 monasterium
1016 5697 1118 5752 per
1162 5680 1273 5736 hoc
1320 5681 1530 5736 nostrae
1561 5677 1890 5753 apostolicae
1922 5693 2021 5734 au-

2155 602 2374 657 tatibus
2425 602 2548 658 suis
2599 620 2745 674 quas
2795 604 2967 660 modo
3011 605 3171 676 juste
3219 604 3435 664 habere
3464 608 3722 679 videtur,
3752 615 3813 668 et

2154 691 2447 763 deinceps,
2481 691 2796 769 auxiliante
2828 694 3101 762 Domino,
3134 695 3253 751 sive
3274 698 3590 769 aregibus,
3624 701 3748 757 sive
3775 718 3812 758 a

2155 782 2559 853 cujuscunque
2589 768 2895 854 dignitatis
2943 786 3001 838 et
3048 784 3273 841 ordinis
3304 768 3648 845 hominibus
3680 807 3812 847 esse

2154 871 2384 940 poterit.
2420 870 2571 925 Sane
2602 870 2660 925 in
2696 872 2821 943 ipso
2852 872 3075 943 majore
3123 873 3291 931 altari
3339 894 3498 933 nova
3546 878 3810 937 ecclesiae

2154 958 2535 1029 prohibemus
2566 957 2741 1014 alicui
2769 959 3055 1016 sacerdoti
3087 961 3331 1019 missam
3363 964 3809 1035 celebrare,nisi

2155 1064 2328 1117 quem
2358 1066 2457 1103 vos
2486 1049 2779 1120 vestrique
2818 1066 3188 1107 successores
3238 1051 3546 1123 voluerint,
3574 1056 3729 1112 sicut
3777 1075 3811 1114 a

2155 1137 2574 1207 pra-decessore
2607 1142 2804 1194 nostro
2834 1138 3022 1195 Leone
3052 1140 3217 1195 vobis
3247 1146 3336 1197 est
3363 1144 3803 1213 conﬁrmatum;

2154 1225 2347 1295 ipsum
2382 1242 2513 1280 vero
2554 1227 2977 1283 monasterium
3036 1228 3095 1283 in
3154 1230 3472 1302 integrum,
3503 1233 3803 1306 sicutjam

2155 1314 2548 1385 prmiliximus,
2583 1316 2958 1373 concedimus
3006 1322 3061 1372 et
3108 1319 3550 1389 conﬁrmamus,
3601 1340 3670 1379 ea
3710 1342 3803 1379 ra-

2154 1404 2329 1469 tione,
2366 1408 2428 1458 ut
2474 1404 2747 1459 omnibus
2792 1406 2998 1461 diebus
3045 1408 3175 1463 vitae
3222 1414 3425 1465 vestra:
3458 1411 3566 1467 sub
3600 1417 3802 1469 nostra

2153 1492 2393 1558 ditione,
2425 1493 2509 1547 vel
2536 1494 2837 1565 regimine,
2870 1495 3043 1551 sicuti
3065 1496 3227 1552 vobis
3252 1500 3799 1567 secundum,Deum

2154 1583 2344 1636 visum
2380 1582 2551 1636 fuerit
2573 1582 3155 1654 disponere,omnino
3176 1588 3482 1657 pertineat.
3512 1588 3653 1646 Cum
3685 1607 3794 1646 au-

2155 1676 2267 1725 tem
2330 1670 2522 1726 divina
2579 1672 2874 1728 vocatione
2931 1673 3002 1728 de
3051 1675 3324 1744 praesenti
3376 1676 3482 1731 hac
3533 1677 3662 1735 luce
3720 1680 3799 1734 ad

2155 1758 2463 1814 Dominum
2496 1760 2885 1831 migraveritis
2916 1761 3233 1820 statuimus
3281 1765 3353 1820 de
3391 1766 3628 1838 propria
3657 1783 3801 1823 con-

2154 1848 2508 1919 gregationc,
2544 1864 2721 1919 quam
2769 1848 2879 1903 sibi
2931 1850 3287 1908 unanimitas
3329 1854 3555 1925 prafati
3605 1871 3802 1912 mona-

2154 1936 2313 1991 sterii
2346 1936 2693 1991 ancillarum
2738 1937 2839 1992 Dei
2893 1939 3255 1996 concorditer
3284 1941 3541 2013 elegerit,
3575 1944 3802 2014 absque

2154 2026 2553 2096 cujuscunque
2584 2026 2842 2081 hominis
2874 2029 3279 2085 contrarietate
3325 2029 3409 2084 vel
3463 2030 3800 2098 obstaculo,

2155 2116 2275 2169 tieri
2308 2114 2688 2181 abbatissam,
2714 2120 3028 2188 praestante
3073 2116 3336 2173 videlicet
3369 2117 3539 2174 nobis
3570 2123 3628 2174 et
3656 2136 3802 2175 suc-

2152 2203 2483 2258 cesseribus
2534 2203 2747 2259 nostris
2791 2204 3121 2260 annualiter
3164 2210 3280 2261 tres
3327 2223 3555 2278 pannos
3604 2206 3803 2264 lineos

2152 2291 2467 2363 pontiﬁcali
2504 2293 2634 2347 usui
2683 2292 2867 2364 a'ptos.
2902 2294 3066 2360 Quod
3114 2293 3164 2349 si
3213 2293 3274 2348 in
3294 2294 3554 2363 biennio,
3588 2300 3693 2351 aut
3736 2296 3800 2351 in

2151 2381 2401 2435 triennio
2460 2380 2821 2451 persolutum
2876 2398 2991 2440 non
3050 2381 3251 2450 fuerit,
3281 2382 3556 2439 volumus
3615 2388 3683 2439 ut
3738 2385 3802 2440 in

2152 2474 2358 2541 quarto
2416 2485 2568 2523 anno
2618 2486 2831 2525 census
2864 2470 2987 2542 ipse
3035 2470 3107 2526 de
3160 2471 3454 2543 praedictis
3483 2472 3657 2529 annis
3688 2475 3800 2530 sub

2151 2558 2483 2629 integritate
2514 2557 2883 2614 solummodo
2916 2558 3411 2630 persolvatur,ncc
3444 2577 3478 2616 a
3507 2577 3803 2619 successo-

2152 2648 2315 2703 ribus
2348 2647 2563 2702 nostris
2596 2646 2817 2719 aliquid
2859 2647 3134 2719 amplius,
3169 2649 3339 2705 modo
3391 2649 3672 2721 quolibet,
3706 2668 3802 2708 re-

2152 2738 2434 2808 quiratur.
2469 2739 2829 2807 Quapropter
2858 2736 3132 2809 prazsenti
3165 2738 3394 2795 decreto
3424 2739 3706 2811 jubemus
3738 2745 3803 2797 ut

2152 2824 2352 2881 nullus
2380 2825 2819 2896 imperatorum,
2852 2825 2937 2880 vel
2970 2842 3199 2899 regum,
3231 2831 3331 2882 aut
3372 2828 3803 2901 cujuscumque

2152 2914 2453 2985 dignitatis
2481 2914 2568 2969 vel
2617 2914 2839 2969 ordinis
2896 2914 3071 2969 homo
3138 2916 3369 2981 audeat,
3401 2917 3513 2971 sub
3543 2916 3806 2988 quolibet

2153 3002 2509 3069 obtentu,vel
2540 3003 3177 3075 occasione,pra:fatum
3191 3006 3803 3078 monasterium,quod

2154 3110 2257 3165 pro
2290 3109 2486 3147 amore
2517 3093 2819 3149 beatorum
2852 3092 3250 3164 apostolorum
3281 3092 3434 3150 Petri
3462 3098 3522 3150 et
3542 3094 3805 3164 Pauli,ac

2154 3180 2509 3252 sempiterna
2539 3179 2762 3237 scilicet
2792 3181 2999 3237 animae
3023 3199 3141 3237 suae
3163 3184 3805 3257 remuneratione,praa-

2078 3254 2121 3321 C
2155 3270 2332 3325 libata
2362 3269 2781 3342 gloriosissima
2815 3270 3154 3342 imperatrix
3181 3270 3470 3327 Richarda
3500 3289 3620 3328 una
3665 3254 3802 3328 cum

2153 3358 2497 3415 charissimo
2529 3357 2648 3414 lilio
2686 3363 2883 3415 nostro
2936 3359 3139 3415 Carolo
3189 3360 3567 3417 serenissimo
3611 3362 3804 3435 impe-

2152 3453 2341 3505 ratore
2369 3450 2657 3521 Augusto,
2685 3452 2741 3504 et
2770 3450 2924 3520 quod
2957 3448 3123 3506 beato
3155 3454 3325 3505 Petro
3358 3450 3612 3524 principi
3664 3469 3802 3524 apo-

2152 3538 2433 3594 stolorum
2448 3554 2549 3610 per
2560 3537 2893 3594 donationis
2916 3536 3193 3609 paginam
3215 3537 3805 3612 obtulerunt,inquie-

2150 3631 2291 3696 tare,
2324 3626 2410 3682 vel
2442 3625 2813 3698 aliquatenus
2865 3626 3196 3698 molestare,
3231 3631 3332 3687 aut
3370 3628 3441 3683 ad
3464 3629 3568 3700 jus
3599 3646 3799 3697 suum,

2148 3715 2235 3773 vel
2268 3716 2546 3783 alienum,
2570 3716 2902 3785 transferre,
2937 3716 3038 3773 sed
3061 3732 3251 3789 neque
3279 3716 3339 3772 in
3360 3715 3706 3775 hominibus
3735 3735 3801 3774 ac

2148 3805 2525 3863 facultatibus
2563 3806 2690 3875 ejus
2740 3804 2938 3877 aliqua
2983 3804 3438 3862 contradictione
3485 3810 3589 3863 aut
3633 3806 3801 3863 inva-

2148 3895 2308 3951 sionc
2340 3910 2573 3967 quoque
2602 3898 2862 3967 tempore
2891 3894 3079 3950 facere
3110 3900 3448 3967 praesumat.
3480 3895 3597 3951 Sed
3628 3895 3800 3953 liceat

2138 3985 2262 4055 jam
2294 3984 2468 4040 dictis
2495 3983 2721 4039 ancillis
2750 3983 2852 4039 Dei
2874 4001 3009 4040 cum
3040 3983 3335 4040 abbatissa
3356 3985 3595 4058 propria
3614 3985 3675 4041 in
3697 3984 3797 4041 Dei

2146 4073 2561 4147 omnipotentis
2594 4073 2825 4129 servitio
2876 4072 3071 4145 quiete
3112 4073 3321 4141 vivere,
3356 4089 3422 4129 ac
3455 4074 3565 4129 sub
3597 4074 3796 4130 defen-

2145 4163 2308 4219 sione
2356 4166 2567 4220 sanctaa
2616 4161 2944 4234 apostolicae
2992 4162 3105 4232 cui,
3146 4162 3261 4218 Deo
3314 4166 3570 4231 auctore,
3600 4163 3798 4219 deser-

2142 4252 2334 4308 virnus
2373 4251 2660 4317 Ecclesiae,
2719 4252 3000 4308 securiter
3056 4268 3418 4323 permanere.
3456 4251 3515 4307 Si
3574 4256 3797 4319 autem,

2146 4342 2299 4414 quod
2332 4341 2484 4397 absit
2512 4345 2567 4397 et
2607 4340 2731 4396 fieri
2790 4357 2907 4397 non
2966 4340 3281 4409 credimus,
3341 4340 3559 4413 aliquis
3591 4346 3799 4398 contra

2143 4431 2252 4487 hoc
2265 4434 2529 4487 nostrum
2545 4428 2934 4502 apostolicum
2950 4428 3318 4502 privilegium
3329 4429 3526 4485 venire
3539 4430 3798 4487 facereve

2142 4536 2292 4575 ausu
2348 4519 2659 4575 temerario
2718 4518 3043 4587 tentaverit,
3076 4518 3341 4591 perpetui
3399 4517 3798 4576 anathematis

2063 4630 2110 4695 D
2141 4608 2369 4664 vinculo
2399 4607 2738 4678 innodatus,
2794 4624 2855 4662 ac
2889 4611 3169 4679 perpetua
3197 4606 3440 4679 ultione,
3501 4608 3621 4663 nisi
3650 4609 3800 4665 resi-

2144 4698 2357 4771 puerit,
2389 4701 2623 4752 maneat
2671 4696 3114 4755 condemnatus.
3147 4697 3256 4761 Qui
3304 4713 3435 4752 vero
3486 4700 3693 4753 custos
3741 4702 3801 4755 et

2137 4788 2473 4843 observator
2501 4785 2808 4853 exstiterit,
2842 4785 3266 4842 benedictionis
3294 4784 3537 4858 gratiam
3573 4789 3633 4839 et
3676 4787 3799 4841 mi-

2136 4876 2511 4932 sericordiam
2540 4890 2573 4928 a
2606 4872 2845 4929 Domino
2876 4873 2991 4929 Deo
3012 4874 3289 4946 consequi
3318 4874 3707 4940 mereatur,ut
3724 4873 3798 4930 in

2134 4965 2353 5021 cmlesti
2384 4963 2520 5020 sede
2551 4960 2855 5034 glorietur.

2920 5079 3008 5135 IX.

2246 5169 2469 5226 Victoris
2495 5167 2545 5223 II
2568 5168 2929 5294 privilegich
2953 5182 3054 5251 pro
3084 5170 3331 5226 libertate
3358 5169 3687 5224 monasterii

2890 5254 3091 5294 uenus.

2887 5254 3091 5311 yenszs.

2708 5355 2897 5421 (Anno
2929 5352 3215 5428 1055ο57.)¹

2274 5464 2653 5537 [Μοησρςιὶειιγη
2681 5465 3065 5543 Anglicanam,
3098 5476 3242 5533 tom.
3278 5471 3322 5538 Ι,
3355 5487 3488 5544 pag.
3524 5471 3644 5543 94.]

2201 5584 2421 5638 VICTOR
2451 5577 2990 5649 episcopus,servus
3022 5603 3319 5643 servorum
3353 5587 3478 5656 Dei,
3510 5590 3794 5645 Εοωιωο

2131 5672 2251 5750 regi
2282 5665 2610 5741 Anglorum
2635 5663 2753 5723 ﬁlio
2783 5668 3162 5736 dilectissimo
3196 5677 3546 5753 cunctisque
3568 5678 3790 5753 princi-
