3966 6212
174 357 285 425 817

1139 347 1544 412 EPISTOL/E
1587 344 1687 409 ET
1729 343 2089 408 DECRETA
2138 347 2605 413 PONTIFICIA.

3455 347 3577 417 818

175 488 345 565 pibus
370 485 537 563 regni
570 483 819 543 salutem
841 486 899 541 et
926 480 1307 557 apostolicam
1329 481 1810 540 benedictionem.
1848 479 1904 549 Α
1932 497 2165 540 mamus
2189 485 2452 541 Rulando
2470 485 2717 559 praefatae
2737 481 2992 545 ecclesias
3012 483 3305 559 episcopo,
3330 481 3573 557 suisque

245 576 613 651 Privilegium
644 572 970 649 apostolicae
1000 577 1057 630 et
1096 573 1370 629 Romanae
1418 569 1684 626 Ecclesiae
1713 587 1814 625 au-

175 668 432 726 ctoritaie
441 663 766 737 antiquitus
778 662 1001 720 conseri
1010 664 1257 733 ptum,et
1272 659 1588 714 multorum
1605 677 1678 714 sae
1685 656 1817 730 pius

175 754 532 814 attestatione
552 751 974 809 auctorizatum
998 767 1175 822 super
1203 747 1527 804 coenobium
1546 746 1813 813 Elnense,

173 844 321 917 quod
359 841 599 915 gloriosi
646 845 860 898 sanctae
909 838 1173 896 Ecclesia)
1219 837 1416 893 Patres
1461 835 1556 908 pio
1608 836 1814 890 affectu

175 933 329 1006 larga
370 948 551 987 manu
618 929 1072 996 constituerunt,
1141 930 1343 982 vestrae
1392 925 1498 997 piae
1549 923 1814 997 petitioni

172 1022 458 1080 succincte
480 1036 852 1087 renovamus,
878 1034 945 1074 ac
968 1020 1248 1090 perpetua
1271 1013 1588 1070 stabilitate
1615 1014 1813 1067 ﬁrma-

172 1128 323 1177 mus,
353 1110 472 1165 imo
502 1110 803 1165 ﬁrmatum
835 1105 1293 1163 conclamamus.

242 1200 587 1255 Mandamus
615 1214 753 1270 ergo
792 1201 851 1253 et
888 1197 1024 1268 jure
1073 1192 1389 1267 apostolico
1439 1189 1812 1263 praecipimus

158 1280 412 1346 liberam
445 1304 572 1344 csse
601 1285 928 1354 ecclesiam,
960 1286 1016 1341 et
1047 1282 1245 1339 omnia
1271 1298 1395 1354 quae
1420 1281 1497 1335 ibi
1520 1279 1813 1335 continen-

173 1381 267 1433 tur
284 1376 369 1433 vel
393 1377 676 1448 adjacent,
705 1373 793 1431 vel
815 1373 1184 1445 adjicientur,
1207 1369 1390 1438 cellis,
1416 1368 1608 1436 terris,
1634 1368 1809 1440 agris,

173 1466 419 1539 pascuis,
452 1464 789 1537 paludibus,
822 1462 1003 1530 silvis,
1037 1459 1461 1523 venationibus,
1486 1457 1673 1529 aquis,
1700 1456 1811 1528 pis-

174 1552 514 1621 cationibus,
545 1552 935 1619 libertatibus,
980 1548 1231 1605 servitiis
1278 1546 1510 1612 debitis,
1543 1545 1809 1614 decimis,

173 1660 368 1709 censu,
425 1640 900 1715 capitationibus,
964 1637 1214 1710 legibus,
1263 1634 1812 1704 consuetudinibus,

176 1748 485 1789 causarum
549 1728 1037 1795 discussionibus,
1088 1725 1567 1791 correctionibus,
1616 1741 1813 1780 emen-

1927 575 2385 641 successoribus,
2410 592 2581 631 omne
2602 576 2929 631 districtum
2948 574 3211 631 omnium
3230 572 3572 631 castellano-

1928 679 2058 717 rum
2082 681 2347 731 suorum,
2378 682 2703 731 servorum,
2737 669 2910 737 atque
2948 663 3212 720 omnium
3235 678 3439 720 eorum
3470 663 3571 737 qui

1926 768 2103 824 super
2130 758 2345 809 terram
2373 771 2541 810 suam
2573 753 2850 823 resident,
2881 758 3003 809 tam
3026 752 3370 809 clericorum
3390 768 3569 825 quam

1925 841 2230 910 laicorum,
2254 843 2403 899 sicut
2423 844 2625 898 eadem
2646 842 3029 899 Ferrariensis
3055 842 3299 899 ecclesia
3317 841 3389 897 ad
3425 858 3569 914 pra:-

1925 946 2060 985 sens
2104 932 2263 1001 juste
2308 935 2503 987 tenere
2547 932 2810 997 videtur;
2858 933 3063 988 eodem
3110 928 3333 987 scilicet
3396 931 3569 987 modo

1923 1020 2341 1076 conﬁrmamus
2369 1021 2452 1075 eis
2484 1020 2712 1092 plebem
2741 1021 2938 1076 Sancti
2974 1020 3285 1092 Stephani,
3319 1036 3446 1089 quae
3478 1023 3570 1076 est

1923 1107 2035 1162 sita
2066 1107 2123 1162 in
2156 1108 2510 1171 Vicoventia,
2533 1126 2665 1164 cum
2691 1109 2932 1165 ecclesia
2963 1109 3159 1165 Sancti
3194 1108 3401 1165 Leonis
3432 1125 3568 1164 cum

1922 1196 2195 1253 omnibus
2226 1196 2350 1252 suis
2380 1197 2745 1268 pertinentiis
2770 1215 2783 1265 ;
2818 1196 3170 1253 nominative
3190 1201 3385 1254 autem
3406 1198 3574 1253 Vico‘

1920 1286 2195 1351 ventiam,
2241 1284 2583 1358 Corrigiam,
2650 1285 3103 1353 Vicumvariam,
3156 1290 3212 1341 et
3255 1286 3569 1343 dimidium

1921 1374 2107 1431 Castri
2130 1373 2392 1446 Rupinae,
2417 1378 2473 1429 et
2496 1373 2852 1430 monasteria
2886 1374 3235 1430 Sanctorum
3260 1375 3567 1431 Bartholo-

1923 1463 2073 1530 maai,
2109 1463 2405 1519 Laurentii
2437 1466 2493 1519 et
2529 1462 2796 1531 Vicentii,
2832 1480 2966 1520 cum
3012 1462 3151 1517 villa
3198 1479 3324 1534 quae
3356 1463 3571 1520 dicitur

1923 1551 2357 1621 monasteriolo,
2395 1568 2647 1624 cumque
2676 1550 2921 1609 ecclesia
2953 1552 3150 1608 Sancti
3177 1551 3387 1607 Leonis
3399 1552 3571 1622 juxta

1921 1642 2112 1698 vicum
2142 1641 2511 1712 Aventinum,
2546 1659 2679 1699 cum
2719 1641 2994 1698 omnibus
3028 1640 3192 1714 juste
3239 1640 3568 1713 acquisitis,

1915 1732 2193 1804 justeque
2218 1731 2491 1803 deinceps
2530 1730 2925 1802 acquirendis,
2954 1734 3020 1786 ut
3047 1734 3106 1786 et
3140 1728 3330 1787 clerici
3356 1733 3414 1786 et
3447 1747 3570 1786 mo-

175 1820 531 1890 dationibus,
617 1819 734 1876 sive
816 1814 1242 1884 ecclesiasticis,
1326 1815 1445 1872 sive
1520 1812 1813 1873 saeculari-

1938 1820 2093 1877 aachi
2108 1819 2294 1893 ipsius
2307 1820 2679 1892 episcopatus
2692 1820 2812 1874 sint
2825 1820 2933 1874 sub
2946 1836 3148 1875 eorum
3162 1819 3570 1893 episcoporum

175 1912 306 1979 bus,
339 1914 395 1967 et
426 1911 665 1966 omnino
696 1924 1054 1982 quaecunque
1084 1905 1317 1979 scriptis
1333 1904 1421 1961 vel
1445 1904 1813 1961 testamentis

175 2000 359 2073 ipsius
386 1999 497 2057 loci
527 1999 615 2055 vel
635 1998 970 2064 testimonio
992 1998 1277 2053 bonorum
1298 1992 1606 2051 hominum
1629 2007 1813 2048 reme-

176 2088 384 2149 morari
416 2092 685 2159 possunt,
711 2104 837 2160 qua
862 2105 895 2142 a
927 2085 1159 2160 regibus
1188 2083 1276 2140 vel
1324 2084 1397 2139 ab
1444 2080 1643 2153 aliquo
1676 2080 1816 2135 ﬁde-

175 2177 315 2235 lium
344 2176 567 2233 sanctis
598 2176 658 2232 in
692 2175 790 2232 illo
822 2174 1175 2231 monasterio
1198 2171 1408 2228 collata
1426 2170 1515 2227 vel
1542 2185 1819 2225 concessa

177 2271 327 2335 sunt,
358 2283 478 2339 quo
509 2282 680 2322 nemo
702 2282 770 2321 ex
788 2264 881 2319 his
903 2262 1243 2319 subtrahere
1263 2260 1351 2316 vel
1383 2259 1706 2315 diminuere
1719 2261 1820 2312 aut

176 2355 509 2428 diSperdere
539 2354 738 2427 aliqua
780 2352 1088 2408 occasione
1128 2350 1352 2422 judicio
1400 2348 1487 2404 vel
1539 2349 1821 2420 potestate

175 2448 510 2517 praesumat,
543 2459 647 2499 nec
678 2442 988 2515 episcopus
1022 2440 1125 2496 vel
1170 2437 1411 2509 alicujcs
1455 2437 1676 2511 ordinis
1708 2435 1821 2492 mi-

176 2532 352 2590 nister
380 2550 447 2590 se
476 2530 851 2587 intromittat.
877 2529 936 2585 Si
980 2527 1111 2599 quis
1132 2543 1265 2583 vero
1286 2525 1669 2599 malignitatis
1696 2524 1820 2596 spi-

172 2622 282 2679 ritu
299 2639 429 2679 com
439 2626 637 2677 motus
658 2620 809 2676 hanc
824 2618 1149 2674 libertatem
1175 2615 1284 2671 loci
1295 2614 1459 2687 illius
1479 2615 1819 2686 infringere,

174 2716 564 2782 nostrumque
604 2706 974 2781 privilegium
1021 2708 1393 2761 contemnere
1436 2702 1524 2761 vel
1573 2703 1821 2775 abjicere

170 2799 443 2866 voluerit,
476 2815 511 2853 a
534 2797 648 2853 Deo
679 2801 735 2852 et
763 2798 833 2853 ab
864 2794 1139 2853 omnibus
1170 2793 1389 2849 sanctis
1420 2792 1547 2861 ejus
1579 2792 1655 2846 sit
1685 2808 1820 2846 con-

171 2890 491 2945 demnatus
519 2890 576 2941 et
603 2903 637 2942 a
666 2884 833 2949 nobis
859 2885 917 2940 in
950 2887 1239 2957 quantum
1272 2881 1405 2937 licet
1424 2880 1820 2937 excommuni-

170 2981 357 3045 catus,
374 2980 437 3033 et
451 2993 485 3032 a
500 2974 787 3032 consortio
808 2973 1073 3030 omnium
1088 2971 1350 3028 ﬁdelium
1367 2974 1691 3044 separatus,
1708 2968 1821 3025 nisi

170 3065 501 3139 resipiscat.

954 3221 1020 3277 Χ.

168 3340 337 3397 Bulla
368 3341 599 3397 Victoris
630 3341 697 3407 II,
743 3355 850 3411 qua
890 3337 1130 3394 Rolando
1175 3338 1417 3410 episcopo
1453 3337 1819 3411 Ferrarz'ensi,

235 3414 466 3540 (gusqtze
514 3410 790 3479 Ecclesiae,
839 3411 1025 3468 omnia
1061 3411 1197 3481 jura
1243 3426 1306 3464 ac
1347 3410 1647 3480 privilegia
1693 3423 1820 3462 con-

280 3501 403 3540 rma
436 3525 447 3537 .

816 3596 1000 3666 (Anno
1031 3596 1214 3667 1055.)

476 3710 831 3780 [ΜυΒΑνι-οιιι,
865 3709 1045 3781 Antiq.
1078 3711 1226 3777 Ital.,
1258 3710 1354 3777 VI,
1388 3711 1538 3781 223.]

237 3864 466 3920 VICTOR
495 3860 824 3933 episcopus,
857 3875 1057 3915 servus
1087 3876 1387 3915 servorum
1418 3861 1538 3916 Dei.

239 3953 465 4010 Notum
497 3949 577 4006 sit
600 3948 878 4005 omnibus
908 3948 1143 4017 Christi,
1174 3949 1503 4022 nostrisque
1530 3948 1825 4019 ﬁdelibus,

171 4048 295 4100 tam
321 4040 544 4098 futuris
573 4055 752 4111 quam
795 4037 1200 4111 praesentibus,
1249 4037 1499 4110 qualiter
1549 4056 1656 4095 nos
1688 4056 1827 4095 con-

174 4131 547 4189 ﬁrmavimus
577 4127 877 4201 privilegio
908 4130 1119 4184 nostra:
1163 4127 1528 4185 auctoritatis
1562 4127 1826 4186 Rulando

174 4217 574 4279 Ferrariensis
595 4215 861 4273 Ecclesia
882 4216 1175 4290 episcopo,
1200 4217 1442 4289 suisque
1475 4218 1828 4275 successori-

173 4310 305 4377 bus,
342 4322 555 4366 omnes
585 4322 680 4363 res
710 4306 975 4377 ejusdem
998 4304 1253 4362 ecclesiae
1279 4306 1522 4363 mobiles
1541 4311 1598 4362 et
1625 4306 1830 4363 immo-

174 4396 342 4467 biles,
377 4396 536 4453 sicut
565 4395 739 4451 modo
789 4395 861 4451 ad
906 4411 1161 4467 praesens
1213 4395 1344 4467 ipsa
1381 4396 1630 4452 ecclesia
1669 4397 1831 4467 juste

173 4489 353 4554 tenet,
377 4483 469 4541 vel
488 4486 667 4555 queat
686 4482 743 4537 in
764 4482 1029 4538 futurum
1044 4484 1208 4555 juste
1227 4482 1490 4556 legaliter
1506 4485 1827 4557 acquirere,

178 4577 236 4629 et
277 4578 343 4629 ut
392 4571 621 4627 amissa
663 4586 1028 4643 recuperare,
1078 4576 1137 4628 et
1186 4589 1311 4644 quas
1360 4575 1518 4629 tenet
1565 4574 1829 4631 securius
1862 4584 1909 4649 Β

173 4660 363 4718 valeat
395 4659 720 4733 possidere.
758 4659 1043 4716 Omnibus
1091 4659 1530 4727 denuntiamus,
1575 4665 1640 4718 ut
1669 4662 1838 4733 quid-

175 4750 316 4823 quid
329 4748 672 4822 Gregorius,
696 4746 1015 4820 dissipator
1032 4748 1227 4821 potius
1244 4766 1422 4821 quam
1439 4754 1627 4807 rector
1647 4750 1834 4823 ipsius

176 4837 458 4906 ecclesiae,
482 4835 701 4893 chartis
732 4840 834 4892 aut
863 4837 1457 4910 superscriptionibus
1484 4839 1831 4912 composuit,

180 4927 265 4983 vel
295 4926 478 4984 scribi
512 4925 756 4999 rogavit,
792 4925 937 4980 nihil
968 4926 1029 4981 in
1062 4929 1342 4982 aeternum
1382 4926 1573 4983 valeat
1602 4947 1614 4997 ;
1650 4930 1751 4985 sed
1779 4934 1835 4985 et

178 5014 401 5088 plebes,
435 5014 815 5081 monasteria,
848 5013 1121 5087 capellas,
1170 5019 1382 5081 curtes,
1429 5015 1618 5085 villas,
1652 5017 1832 5089 ripas,

178 5103 446 5173 castella,
472 5102 737 5176 paludes,
778 5102 1077 5175 piscarias,
1131 5103 1328 5176 silvas,
1377 5108 1433 5160 et
1482 5105 1678 5162 omnia
1708 5125 1833 5178 qua:

178 5193 425 5265 praefata
471 5192 718 5248 ecclesia
773 5196 1035 5263 tempore
1097 5196 1530 5249 antccessorum
1595 5211 1836 5250 suorum

173 5283 339 5354 juste
368 5281 585 5353 tenuit,
616 5280 705 5337 vel
734 5285 929 5337 tenere
960 5279 1152 5348 debet,
1176 5281 1503 5351 ﬁrmamus,
1528 5288 1835 5355 perpetua-

180 5370 317 5428 liter
326 5370 686 5444 possidenda
701 5388 714 5440 ;
732 5374 788 5426 et
810 5368 1157 5426 annulantes
1170 5356 1487 5442 nostraque
1499 5372 1839 5428 auctoritate

183 5460 579 5527 destruentes,
611 5457 663 5518 si
694 5459 784 5517 sui
812 5459 1268 5533 praedecessores
1300 5459 1603 5529 afﬁnitate,
1628 5460 1714 5516 vel
1745 5478 1840 5533 pa-

183 5549 413 5607 rentela
465 5564 570 5605 seu
598 5547 754 5607 malo
786 5548 1041 5622 ingenio,
1065 5548 1321 5621 aliquam
1354 5548 1729 5621 scriptionem
1750 5550 1837 5606 vel

183 5638 526 5717 pactionem
558 5637 821 5698 nocivam
853 5637 1108 5697 ecclesiae
1148 5640 1571 5695 contraxerant.
1623 5638 1838 5694 Conﬁr-

1924 1910 2311 1978 ordinatione,
2345 1909 2779 1965 consecratione
2806 1914 2864 1964 et
2891 1908 3184 1965 districtu.
3216 1910 3287 1964 Et
3310 1926 3483 1965 nemo
3503 1926 3573 1966 ex

1924 1999 2039 2054 hiis
2054 2016 2115 2055 se
2128 1999 2197 2055 ad
2214 1998 2384 2069 alicuj
2394 1998 2603 2065 us,nisi
2618 1997 2929 2070 adjudicia
2941 1997 3160 2070 proprii
3174 1997 3573 2071 episcopicon-

1924 2091 2127 2144 vertat.
2145 2086 2543 2159 Adhoeigitur
2559 2088 2978 2145 conﬁrmamus
2999 2086 3285 2159 praedicta)
3315 2086 3571 2143 ecclesiae

1925 2183 2112 2234 terras
2142 2176 2297 2244 illas,
2325 2194 2452 2248 quas
2484 2176 2595 2232 sibi
2627 2176 2687 2231 in
2716 2177 2847 2232 For.
2893 2218 2906 2231 .
2953 2220 2965 2231 .
3012 2218 3025 2231 .
3070 2217 3085 2232 .
3130 2218 3143 2231 .
3190 2217 3203 2230 .
3245 2179 3303 2232 et
3322 2176 3381 2231 in
3407 2174 3573 2248 plebe

1928 2265 2125 2323 Sancti
2150 2264 2428 2337 Stephani
2456 2264 2516 2320 in
2547 2264 2768 2337 Caligo,
2802 2266 2860 2320 in
2892 2265 3059 2337 plebe
3106 2265 3303 2322 Sancti
3342 2263 3573 2338 Donati,

1930 2373 1996 2413 ac
2013 2356 2207 2411 Sancti
2229 2355 2544 2427 Georgii,et
2564 2356 2912 2411 Sanctorum
2932 2353 3191 2412 Gervasii
3225 2359 3281 2411 et
3306 2355 3572 2423 Protasii,

1926 2462 2032 2519 per
2061 2448 2429 2501 sacramenta
2458 2443 2801 2500 ministratae
2832 2448 2972 2500 sunt
3012 2447 3273 2517 tempore
3304 2443 3395 2499 sui
3428 2461 3573 2517 prie-

1930 2534 2274 2604 decessoris,
2310 2550 2444 2589 cum
2469 2533 2620 2589 villis
2652 2533 2801 2604 istis,
2833 2549 3085 2605 quarum
3127 2533 3361 2589 nomine
3396 2536 3572 2589 sunt:

1930 2624 2323 2693 Quartixiana,
2358 2622 2543 2695 Caput
2588 2623 2659 2677 de
2708 2622 2883 2691 Beda,
2930 2624 2987 2678 et
3029 2620 3485 2693 Contrapadum,
3521 2625 3579 2677 et

1930 2714 2179 2770 fundum
2213 2712 2313 2778 qui
2354 2711 2569 2767 dicitur
2596 2708 2803 2778 Carali,
2835 2713 2901 2765 ut
2931 2709 3129 2766 nullus
3152 2710 3375 2782 absque
3404 2707 3577 2783 legali

1923 2802 2145 2876 judicio
2179 2800 2507 2857 molestiam
2539 2799 2651 2856 sibi
2681 2799 2912 2856 inferat.
2948 2799 3193 2872 Insuper
3231 2798 3409 2855 etiam
3439 2815 3573 2857 con-

1930 2894 2239 2948 ﬁrmamus
2270 2888 2383 2945 sibi
2414 2889 2721 2947 duodecim
2751 2888 3019 2946 homines
3068 2886 3257 2960 ipsius
3303 2887 3575 2955 civitatis,

1931 2981 2033 3055 qui
2064 2996 2198 3036 eum
2241 2979 2391 3048 sine,
2415 2978 2599 3051 pretio
2643 2978 2888 3049 ejusque
2927 2992 3296 3034 successores
3342 2975 3575 3049 navigio

1931 3071 2168 3137 ducant,
2198 3083 2553 3140 quocunque
2584 3083 2731 3123 usus
2749 3070 3187 3122 antccessorum
3208 3064 3338 3137 ejus
3360 3064 3489 3121 fuit.
3514 3064 3575 3121 Si

1931 3159 2065 3231 quis
2080 3156 2406 3230 igiturdux,
2423 3154 2704 3225 marchio,
2724 3153 3219 3227 archiepiscopus,
3241 3153 3575 3226 episcopus,

1931 3264 2145 3314 comes,
2177 3247 2518 3312 vicecomes,
2548 3243 2634 3301 vel
2662 3243 2860 3316 aliqua
2892 3260 3108 3316 magna
3127 3259 3418 3317 parvaque
3438 3260 3574 3316 per-

1930 3354 2092 3403 sona,
2117 3340 2319 3392 contra
2357 3335 2465 3390 hoc
2501 3337 2769 3390 nostrum
2799 3333 3171 3406 privilegium
3210 3332 3397 3390 facere
3425 3349 3571 3406 prae-

1932 3424 2266 3496 sumpserit,
2300 3422 2388 3478 vel
2427 3422 2746 3493 infringere
2785 3421 3113 3488 tentaverit,
3163 3420 3277 3493 nisi
3307 3421 3578 3478 emenda-

1931 3512 2078 3570 verit
2106 3515 2162 3567 et
2189 3514 2260 3567 ad
2293 3512 2532 3583 dignam
2575 3508 3036 3565 satisfactionem
3072 3508 3317 3575 venerit,
3345 3507 3576 3565 vinculo

1935 3599 2325 3657 anathematis
2346 3598 2679 3662 innodetur,
2702 3599 2759 3651 et
2778 3613 2812 3651 a
2832 3595 3121 3652 limitibus
3152 3598 3365 3652 sanctis
3385 3594 3579 3651 Eccle-

1934 3691 2032 3748 sia:
2055 3691 2377 3761 separetur.
2393 3686 2499 3750 Qui
2514 3680 2708 3741 autem
2731 3688 2929 3740 custos
2953 3687 3010 3740 et
3038 3684 3375 3740 observator
3402 3683 3582 3756 hujus

1936 3783 2148 3836 nostrae
2196 3774 2608 3849 praeceptionis
2657 3773 2961 3843 exstiterit,
3007 3771 3386 3845 apostolicam
3414 3773 3585 3829 bene-

1934 3869 2269 3935 dictionem,
2303 3868 2359 3922 et
2388 3862 2850 3921 misericordiam
2890 3879 2925 3919 a
2954 3862 3198 3920 Domino
3231 3864 3343 3921 Deo
3375 3876 3585 3920 conse-

1935 3961 2169 4030 quatur.

2717 4130 2809 4187 XI.

1944 4255 2117 4309 Victor
2163 4253 2212 4307 II
2256 4253 2589 4315 Brunonem,
2647 4248 2902 4304 abbatem
2949 4250 3294 4319 Deruenscm,
3351 4244 3587 4305 Tebaldo

2471 4322 2657 4378 comiti
2692 4320 3049 4378 ammendat.

2210 4516 2217 4525 ,
2515 4448 2703 4519 (Anno
2736 4444 3024 4517 4055-57.)

2085 4582 2374 4653 [MABILL.,
2405 4581 2605 4637 Annal.
2648 4581 2765 4637 0rd.
2813 4580 2869 4636 S.
2910 4580 3136 4650 Bened.,
3169 4580 3267 4651 IV,
3296 4582 3447 4653 657.]

2012 4751 2231 4806 VICTOR
2259 4750 2587 4822 episcopus,
2622 4765 2825 4804 servus
2854 4763 3153 4804 servorum
3176 4748 3297 4815 Dei,
3326 4746 3592 4801 TEBALDO

1944 4838 2141 4896 comiti
2171 4838 2553 4911 apostolicam
2585 4837 3069 4893 benedictionem.

2014 4927 2382 4984 Conﬁdentes
2423 4925 2577 4997 quod
2608 4924 2794 4997 gloria
2825 4941 2887 4980 se
2932 4927 3125 4981 vestra
3164 4922 3225 4977 in
3269 4919 3592 4977 amicorum

1945 5032 2187 5074 suorum
2241 5014 2463 5070 solatiis
2526 5015 2730 5069 devota
2775 5029 3006 5085 semper
3051 5010 3341 5078 exhibeat,
3389 5024 3594 5066 eorum

1944 5105 2107 5161 vobis
2136 5121 2283 5176 quos
2304 5102 2545 5174 diligitis
2567 5118 2774 5157 causas
2804 5101 3215 5156 commendare
3244 5098 3593 5167 studemus;

1947 5210 2170 5265 nosque
2208 5193 2494 5248 bonorum
2522 5190 2789 5245 hortatur
2826 5187 3056 5245 dilectio
3085 5188 3339 5244 ﬁliorum
3374 5185 3594 5245 utilita-

1946 5282 2106 5338 tibus
2137 5297 2339 5336 eorum
2381 5277 2641 5336 studiose
2687 5292 3053 5345 concurrere,
3099 5280 3156 5332 et
3200 5276 3259 5331 in
3305 5279 3594 5350 quantum

1949 5370 2094 5425 ratio
2143 5368 2419 5442 suppetit,
2471 5385 2569 5424 eos
2623 5366 2917 5437 adjuvare.
2976 5366 3045 5422 Et
3094 5365 3222 5422 ideo
3270 5364 3597 5425 salutantes

1951 5458 2224 5531 petimus,
2260 5461 2325 5511 ut
2356 5456 2510 5512 ﬁlius
2543 5460 2739 5512 noster
2769 5456 2958 5511 Bruno
2988 5454 3139 5510 abba
3170 5471 3239 5511 ex
3260 5458 3598 5513 sanctorum

1950 5547 2347 5620 apostolorum
2382 5544 2531 5601 Petri
2553 5549 2611 5599 et
2632 5545 2791 5600 Pauli
2821 5548 2877 5600 et
2897 5545 3083 5602 sancti
3123 5544 3417 5602 Bercharii
3448 5563 3599 5604 mar-

1950 5634 2094 5711 tyris
2110 5633 2485 5697 monasterio,
2507 5632 2739 5704 qualem
2752 5650 2854 5691 vos
2867 5633 3150 5694 hactenus
3170 5634 3399 5705 habuit,
3417 5637 3599 5696 talem
