3966 6212
379 407 500 470 819
1709 406 2012 470 VICTORI

2141 404 2163 467 Ι
2207 403 2465 467 ΡΑΡΕ.
3688 410 3816 472 820

379 547 640 615 invinere
667 558 892 617 semper
920 547 1229 608 mereatur,
1263 545 1319 600 et
1340 543 1493 617 apud
1518 559 1741 609 omnes,
1767 558 2030 614 quocun-
2062 543 2118 610 Α
2147 539 2308 595 nium
2332 539 3316 614 obtulistis,dignumjudicavimus
3336 557 3602 600 annuere
3615 544 3814 615 preci-

379 652 492 708 que
514 651 747 690 necesse
771 634 960 701 fuerit,
985 635 1179 706 gloriae
1221 640 1422 688 vestrae
1457 633 1664 688 solatia
1694 648 2018 703 consequa-
2129 630 2241 686 bus
2258 631 2465 686 vestris
2480 635 2855 702 vestrumque
2883 649 2985 703 per
3006 632 3208 688 omnia
3226 631 3472 704 implere
3495 634 3808 691 affectum.

375 729 474 779 tur
493 740 558 778 ac
582 736 856 794 magnam
881 723 936 777 in
964 724 1126 778 vobis
1158 723 1615 778 consolationem
1642 721 1898 776 inveniat
1926 739 1938 786 ;
1965 723 2022 774 et
2131 720 2558 775 Conﬁrmamus
2591 721 2786 792 igitur,
2833 725 3008 792 atque
3047 723 3358 778 beatorum
3390 722 3809 795 apostolorum

376 828 448 867 ne
478 811 710 866 cuidam
743 811 959 881 injuste
998 812 1182 882 possit
1220 811 1520 865 afﬂictioni
1563 809 1647 863 vel
1699 808 2022 881 gravamini
2134 809 2280 863 Petri
2315 814 2369 862 et
2400 809 2558 864 Pauli
2607 811 2952 865 auctoritate
2997 810 3194 882 ipsum
3250 811 3690 868 monasterium
3737 813 3816 868 ita

378 902 699 971 subjacere,
724 901 1168 971 magniﬁcentiae
1191 907 1392 955 vestra:
1416 899 1700 954 celsitudo
1725 899 2017 969 disponat.
2133 897 2461 969 specialiter
2482 899 2952 966 corroboramus,
2999 903 3292 971 quatenus
3334 900 3488 956 inter
3515 901 3729 972 prima:
3763 906 3816 956 et

376 990 670 1054 Quantum
702 994 978 1060 praeterea
1009 988 1461 1044 sollicitudinem
1496 988 1647 1042 circa
1669 985 2025 1042 monasteria
2135 987 2461 1058 apostolicae
2493 989 2650 1043 sedis
2681 989 3024 1060 pontificem
3057 993 3113 1044 et
3142 988 3496 1045 venerabilis
3528 989 3641 1045 loci
3678 990 3816 1044 Vin-

378 1078 719 1148 exhibeatis,
737 1095 912 1149 super
924 1077 1209 1148 religiosis
1224 1076 1680 1148 irreligiosisque
1698 1074 2020 1138 monachis,
2134 1076 2468 1131 docincnsis
2489 1077 2756 1132 abbatem
2771 1077 2935 1133 nulla
2956 1079 3362 1149 cujuscunque
3379 1077 3693 1149 dignitatis
3717 1078 3804 1133 vel

378 1171 435 1222 et
456 1183 631 1238 quam
656 1167 1024 1237 omnipotens
1053 1173 1201 1222 Deus
1223 1167 1377 1238 apud
1403 1165 1670 1219 homines
1705 1164 1837 1218 inde
1861 1162 2024 1217 vobis
2135 1165 2355 1220 ordinis
2387 1183 2634 1237 persona
2667 1166 2760 1233 sit,
2796 1167 2989 1222 media
3020 1167 3329 1222 habeatur.
3365 1168 3530 1232 Quod
3572 1167 3625 1223 si
3661 1168 3812 1223 forte

377 1255 623 1328 gloriam
655 1256 962 1320 concessit,
1014 1260 1078 1309 ut
1119 1255 1229 1310 sub
1275 1255 1523 1309 tuitione
1572 1257 1762 1308 vestra
1791 1252 2024 1322 religio-
2135 1254 2722 1326 eontigeritlcgatum
2774 1256 3049 1311 Romanae
3099 1256 3392 1321 Ecclesiae,
3446 1255 3804 1327 praedictum

377 1345 534 1400 siora
564 1344 888 1398 consistant
917 1343 1198 1409 coenohia,
1242 1344 1394 1413 quod
1450 1343 1781 1397 misericors
1812 1342 1964 1395 Deus
1995 1358 2027 1394 a
2136 1343 2286 1398 beati
2322 1344 2466 1398 Petri
2502 1344 2692 1399 locum
2725 1345 2978 1409 visitare,
3013 1345 3090 1399 ibi
3125 1361 3258 1399 cum
3297 1344 3456 1399 omni
3511 1344 3805 1400 charitate

381 1450 496 1504 quo
519 1437 727 1488 cuncta
748 1434 900 1487 bona
922 1433 1243 1503 procedunt
1271 1431 1616 1502 multiplicat
1652 1430 1813 1486 vobis
1836 1446 2025 1501 usque

379 1523 441 1576 in
472 1523 626 1577 diem
675 1521 1098 1587 retributionis,
1150 1520 1424 1592 praedicto
1467 1520 1583 1574 filio
1633 1524 1831 1574 nostro
1879 1519 2022 1574 refe-

381 1615 564 1677 rente,
597 1611 995 1682 cognovimus.
1025 1608 1225 1664 Eidem
1257 1625 1491 1680 quoque
1524 1608 1896 1674 monasterio,
1932 1607 2022 1662 cui

379 1703 606 1770 praeest,
624 1703 909 1771 quantum
934 1699 1150 1770 profuit
1171 1702 1370 1753 vestrm
1397 1697 1624 1768 pietatis
1662 1697 2022 1767 magnitudo,

381 1789 742 1843 obsecrando
773 1793 830 1843 et
861 1787 1154 1859 arguendo
1187 1787 1413 1848 fratres,
1448 1789 1503 1840 et
1548 1785 1604 1839 in
1637 1785 1801 1840 villas
1845 1789 1900 1840 et
1929 1801 2024 1838 ec—

381 1876 586 1932 clesias
618 1893 752 1931 cum
786 1874 1158 1940 molendinis,
1189 1890 1440 1945 eumque
1468 1873 1643 1928 variis
1686 1874 1858 1928 rebus
1890 1874 2025 1927 red—

381 1965 592 2030 dendo,
625 1969 680 2018 et
711 1965 884 2019 etiam
929 1965 986 2017 in
1038 1963 1490 2018 reconstruendo
1532 1965 1737 2033 pontes
1769 1962 1840 2016 ad
1872 1962 2027 2017 idem

383 2053 710 2108 coenobium
747 2053 1120 2124 pertinentes,
1147 2068 1322 2123 super
1360 2051 1574 2123 quibus
1615 2050 1810 2120 plures
1830 2050 2025 2105 laetan-

380 2147 498 2210 tur,
519 2142 770 2197 maxime
791 2142 970 2196 maris
990 2139 1215 2197 insulas
1239 2140 1591 2206 habitantes,
1621 2138 1841 2194 scilicet
1875 2139 2028 2195 Scoti

379 2236 438 2287 et
475 2231 665 2303 Angli,
706 2235 762 2285 et
791 2229 1040 2302 qualiter
1060 2246 1158 2284 vos
1185 2228 1386 2299 injusti
1415 2232 1668 2299 arguunt
1691 2233 1754 2282 ut
1784 2227 2028 2282 desista-

378 2320 476 2386 tis,
511 2335 643 2373 cum
683 2317 1037 2388 lacrymans,
1069 2321 1195 2370 tum
1227 2316 1489 2386 gaudens
1535 2314 1700 2370 nobis
1745 2319 2026 2386 praesente

382 2407 704 2462 multorum
739 2406 1106 2460 attestatione
1147 2405 1421 2458 narravit.
1460 2403 1620 2458 Unde
1652 2404 1857 2458 uberes
1898 2421 2027 2476 gra-

381 2496 498 2551 tias
529 2495 838 2550 referentes
861 2493 1136 2564 petimus,
1171 2508 1417 2562 quceque
1449 2492 1838 2546 admonentur
1866 2493 2028 2548 vobis

383 2600 418 2639 a
447 2582 616 2638 bonis
647 2581 922 2653 operibus
963 2580 1219 2651 prazditis
1273 2579 1520 2635 libenter
1565 2581 1787 2648 audite,
1830 2582 2030 2636 devote

383 2671 556 2744 agite,
605 2671 661 2725 in
714 2670 996 2724 memoria
1045 2673 1363 2735 reservate;
1399 2669 1538 2739 quia
1577 2669 1624 2724 si
1675 2686 1776 2741 pro
1813 2671 1921 2725 Deo
1956 2671 2030 2725 lo-

380 2765 626 2832 quentes
645 2757 879 2822 auditis,
906 2774 1007 2828 pro
1030 2757 1194 2811 vobis
1214 2762 1448 2812 orantes
1470 2758 1852 2830 Omnipotens
1874 2758 2025 2814 idem

381 2848 668 2904 exaudiet.
697 2847 935 2917 Propter
953 2847 1059 2901 hoc
1083 2846 1453 2917 omnipotens
1476 2851 1626 2901 Deus
1648 2848 1830 2902 bonos
1853 2864 2028 2920 quos-

384 2953 497 3009 que
527 2936 598 2990 ad
631 2935 978 3007 populorum
1011 2933 1300 3005 regimina
1346 2936 1629 3004 perducit,
1677 2941 1739 2990 ut
1781 2953 1883 3007 per
1931 2953 2030 2991 eos

384 3023 660 3080 omnibus
683 3024 898 3096 quibus
921 3023 1138 3094 praalati
1163 3023 1398 3087 fuerint,
1423 3025 1708 3080 donasuze
1727 3025 2030 3094 potestatis

386 3113 706 3184 impendat.
731 3112 921 3167 Facite
943 3112 1094 3182 quod
1123 3111 1222 3166 Dei
1247 3115 1355 3178 est,
1397 3116 1453 3166 et
1492 3112 1644 3166 Deus
1673 3112 1841 3168 faciet
1873 3114 2027 3184 quod

382 3206 642 3256 vestrum
669 3205 776 3257 est.
811 3199 1194 3271 Omnipotens
1226 3199 1376 3254 Deus
1409 3217 1515 3254 sua
1545 3217 1645 3255 vos
1678 3201 2030 3272 protectione

2135 1432 2510 1504 suscipiatur,
2543 1437 2598 1487 et
2628 1433 2684 1486 in
2719 1438 3003 1504 quantum
3036 1432 3400 1504 possibilitas
3432 1432 3538 1487 loci
3573 1435 3802 1505 permi-

2136 1521 2295 1589 serit,
2345 1539 2470 1594 qum
2519 1521 2743 1593 corpori
2791 1526 2961 1576 erunt
3021 1521 3358 1577 necessaria
3403 1521 3454 1575 ei
3500 1522 3801 1576 submini-

2135 1615 2393 1666 strentur
2422 1629 2455 1664 a
2487 1610 2786 1666 fratribus.
2819 1610 2947 1681 Ipse
2979 1627 3112 1665 vero
3145 1609 3204 1664 in
3238 1610 3449 1664 eodem
3486 1609 3606 1664 loco
3638 1609 3798 1664 nihil

2136 1716 2238 1770 per
2266 1717 2327 1753 se
2357 1699 2440 1755 vel
2475 1700 2761 1770 corrigere
2791 1699 3021 1766 audeat,
3047 1698 3133 1754 vel
3160 1698 3466 1754 occasione
3487 1695 3801 1769 legationis

2136 1793 2417 1842 rectorem
2441 1787 2548 1842 loci
2577 1788 2695 1843 sive
2719 1787 2931 1843 fratres
2954 1786 3268 1843 molestare
3305 1787 3650 1858 praesumat.
3685 1785 3802 1840 Sed

2136 1876 2341 1947 siquid
2367 1876 2574 1932 viderit
2597 1876 3008 1948 corrigendum
3046 1892 3206 1948 papa:
3240 1874 3449 1930 litteris
3491 1874 3801 1929 notiﬁcare

2137 1964 2354 2032 licebit,
2389 1966 2445 2019 in
2479 1965 2646 2036 cujus
2679 1965 2861 2021 solius
2906 1969 3185 2037 potestate
3216 1964 3400 2034 ipsius
3445 1961 3798 2018 monasterii

2138 2054 2424 2109 ordinatio
2457 2053 2577 2109 sive
2617 2053 2896 2110 correctio
2948 2053 3214 2108 universa
3260 2049 3549 2105 consistit.
3582 2050 3800 2104 Abbas

2138 2146 2333 2198 autem
2365 2142 2466 2213 qui
2496 2142 2810 2198 alodiarius
2860 2142 3126 2197 Romana:
3175 2138 3442 2194 Ecclesiae
3493 2135 3798 2203 noscitur,

2138 2232 2208 2285 ad
2258 2231 2570 2286 concilium
2619 2236 2875 2295 coactus,
2939 2246 3044 2286 nec
3106 2228 3316 2292 veniat,
3365 2242 3472 2282 nec
3517 2229 3794 2292 vocetur,

2138 2320 2290 2391 quod
2327 2321 2398 2374 ab
2431 2321 2556 2390 ipso
2589 2320 2916 2390 apostolicae
2939 2319 3098 2375 sedis
3121 2331 3350 2373 summo
3371 2313 3647 2385 pontifice
3672 2331 3794 2368 non

2139 2407 2311 2463 fuerit
2355 2407 2731 2473 celebratum,
2780 2409 2881 2462 sed
2929 2411 3178 2461 matrem
3241 2420 3411 2458 suam
3463 2403 3793 2457 Romanam

2137 2496 2453 2552 Ecclesium
2475 2514 2576 2568 per
2597 2513 2658 2552 se
2680 2495 2765 2551 vel
2792 2513 2894 2567 per
2913 2495 3189 2550 nuntium
3216 2508 3389 2548 suum
3413 2490 3650 2546 visitare
3673 2494 3799 2545 stu-

2138 2586 2290 2654 deat,
2326 2585 2521 2658 ibique
2552 2585 2801 2658 singulis
2822 2584 2993 2640 annis
3012 2600 3280 2649 censum,
3303 2579 3611 2636 duodecim
3635 2578 3794 2634 scili-

2138 2680 2226 2729 cet
2258 2674 2474 2730 solidos
2506 2693 2622 2730 sum
2656 2678 2898 2730 moneta:
2929 2674 2997 2728 ad
3034 2669 3441 2727 concinnanda
3471 2667 3791 2722 luminaria

2139 2768 2270 2819 ante
2301 2764 2627 2818 venerabile
2659 2780 2868 2835 corpus
2912 2760 3235 2818 beatissimi
3289 2758 3440 2814 Petri
3475 2755 3788 2829 persolvat.

2140 2853 2419 2907 Praeterea
2439 2853 2755 2907 statuimus
2771 2857 2852 2920 ut,
2873 2851 3146 2906 defuncto
3163 2849 3371 2904 abbate
3385 2845 3791 2917 congregatio-

2141 2941 2230 2996 nis
2256 2940 2461 3013 ipsius,
2486 2958 2787 2997 successor
2812 2941 2860 2996 ei
2883 2940 3133 3013 eligatur
3153 2939 3223 2993 de
3245 2937 3445 2992 eadem
3471 2949 3787 3006 congrega-

2140 3029 2313 3098 tione,
2340 3031 2387 3086 si
2410 3030 2622 3102 dignus
2649 3026 3346 3103 praelationeinveniatur.
3371 3024 3534 3087 Quod
3555 3023 3604 3078 si
3628 3023 3784 3095 apud

2138 3136 2236 3174 eos
2268 3137 2384 3174 non
2413 3119 2583 3175 fuerit
2614 3119 2902 3186 inventus,
2937 3117 3090 3189 quod
3122 3115 3295 3182 absit,
3331 3131 3364 3169 a
3392 3111 3668 3167 Cluniaco
3699 3111 3789 3167 vel

2139 3226 2171 3262 a
2203 3209 2405 3278 Majori
2447 3208 2820 3275 monasterio,
2871 3205 2957 3261 vel
3003 3205 3391 3274 undecunque
3438 3199 3654 3256 melius
3685 3215 3784 3270 po-

387 3306 520 3345 cum
553 3289 688 3345 filiis
709 3293 765 3345 et
785 3289 1153 3359 omnildomo
1182 3293 1373 3342 vestra
1405 3289 1476 3344 ab
1501 3289 1656 3343 omni
1682 3290 2026 3344 adversitate
2057 3278 2099 3344 C
2139 3297 2373 3365 tuerint,
2407 3296 2673 3353 monachi
2713 3296 2824 3351 sibi
2869 3295 3087 3366 eligant
3132 3293 3401 3349 abbatem
3456 3289 3784 3345 secundum

377 3383 613 3434 tueatur
641 3382 813 3450 atque
839 3377 1150 3456 custodiat,
1181 3377 1460 3448 vobisque
1482 3381 1538 3432 et
1571 3379 1874 3448 praesentis
1895 3380 2022 3434 vitae

377 3468 823 3541 prosperitatem
857 3469 912 3522 et
941 3465 1201 3522 laetitiam
1234 3468 1440 3522 futurae
1475 3467 1771 3522 concedat.

1141 3581 1258 3637 ΧΙΙ.

372 3675 534 3730 Bulla
592 3675 814 3730 Victoris
869 3672 919 3726 II
968 3688 1070 3744 pro
1135 3671 1595 3727 Vindocinonense
1666 3674 2016 3728 monasterio.

947 3779 1130 3848 (Anno
1159 3779 1442 3850 4055-57.)

439 3889 602 3961 [GalL
639 3888 864 3955 Christ,
897 3890 1039 3942 tom.
1071 3886 1220 3954 Vlll,
1273 3886 1578 3955 Instrum.,
1629 3903 1760 3959 pag.
1796 3889 1943 3957 418.]

441 4009 654 4060 VICTOR
699 4004 1032 4075 episcopus,
1093 4019 1297 4057 servus
1341 4018 1640 4056 servorum
1692 4003 1812 4072 Dei,
1861 4004 2014 4059 GAU-

366 4110 548 4148 FREDO
594 4091 910 4148 venerabili
955 4090 1151 4144 comiti
1191 4090 1656 4159 Andegavorum,
1710 4097 1765 4145 et
1809 4093 2012 4160 Agneti

365 4181 676 4236 comitissze
705 4180 938 4249 conjugi
973 4180 1122 4247 ejus,
1156 4177 1403 4232 salutem
1437 4184 1493 4232 et
1515 4178 1893 4249 apostolicam
1922 4181 2014 4235 be-

364 4267 775 4323 nedictionem.

435 4355 722 4410 Omnibus
742 4355 890 4409 votis
913 4370 1038 4424 quae
1063 4354 1131 4407 de
1154 4369 1297 4422 puro
1320 4353 1550 4420 etjusto
1575 4353 1860 4410 desiderio
1886 4373 2010 4427 pro-

362 4444 596 4508 cedunt,
631 4458 968 4497 succurrere
993 4459 1096 4497 nos
1129 4441 1338 4496 debere
1368 4441 1495 4512 ipsa
1515 4442 1833 4514 apostolica
1865 4461 2005 4499 cen-

357 4548 500 4587 sura
538 4547 858 4586 movemur.
891 4531 1116 4594 Quanto
1147 4529 1304 4584 enim
1341 4531 1591 4602 quisque
1645 4531 1796 4588 alius
1839 4535 2006 4589 offert

2133 3386 2233 3442 Dei
2266 3385 2534 3442 timorem
2565 3391 2622 3441 et
2652 3385 2801 3441 beati
2835 3383 3125 3440 Benedicti
3157 3379 3440 3453 regulam,
3491 3381 3690 3433 tamen
3723 3374 3782 3430 in

2131 3475 2397 3547 eligendo
2429 3475 2539 3530 sibi
2572 3479 2801 3546 pastore
2831 3473 3010 3527 trium
3040 3471 3318 3526 abbatum
3342 3465 3588 3522 concilio
3615 3470 3784 3520 utan-

2130 3567 2248 3630 tur,
2281 3581 2427 3636 quos
2459 3563 2848 3635 religiosiores
2873 3562 2931 3616 in
2962 3559 3169 3615 vicinis
3204 3556 3346 3612 locis
3378 3555 3641 3609 invenire
3672 3570 3774 3624 po-

2129 3651 2367 3708 tuerint.
2425 3651 2925 3707 Consecrationem
2967 3665 3119 3714 vero,
3171 3661 3244 3701 ne
3276 3644 3474 3701 statim
3528 3643 3774 3698 Romam

2127 3740 2322 3796 venire
2354 3739 2642 3812 fatigetur,
2675 3738 2892 3794 electus
2924 3754 2957 3792 a
2985 3732 3326 3791 Carnotensi
3369 3730 3621 3804 praesule
3651 3731 3776 3784 sine

2127 3827 2287 3884 omni
2319 3828 2698 3898 subjectione,
2728 3826 2814 3880 vel
2847 3824 3107 3897 qualibet
3127 3821 3444 3888 exactione,
3470 3818 3776 3891 suscipiat,

2126 3917 2174 3972 si
2199 3915 2407 3989 przesul
2431 3917 2584 3971 idem
2608 3915 2879 3970 canonice
2905 3913 3306 3986 episcopatum
3349 3907 3694 3980 susceperit,
3722 3912 3777 3962 et

2127 4005 2173 4061 si
2207 4022 2344 4079 erga
2372 4005 2538 4060 illum
2573 4004 2723 4059 beati
2759 4002 2906 4057 Petri
2938 4001 3129 4057 locum
3162 4016 3224 4055 se
3274 3996 3625 4052 malevolum
3660 4011 3773 4050 non

2123 4093 2449 4149 exhibuerit
2478 4092 2562 4148 vel
2608 4095 2967 4162 suspectum,
3021 4087 3247 4160 aliquin
3299 4086 3370 4142 ad
3419 4102 3526 4141 nos
3575 4083 3663 4139 vel
3703 4084 3769 4138 ad

2125 4187 2355 4237 nostros
2388 4196 2754 4236 successores
2795 4183 3052 4234 recurrat
3082 4181 3136 4232 et
3169 4194 3202 4231 a
3233 4176 3369 4231 sede
3418 4173 3572 4228 beati
3601 4173 3771 4237 Petri,

2122 4271 2292 4339 cujus
2322 4274 2408 4325 est
2433 4269 2610 4338 juris,
2646 4267 2920 4324 baculum
2953 4271 3008 4321 et
3049 4263 3548 4320 consecrationem
3584 4261 3776 4316 susci-

2121 4357 2260 4429 piat.
2293 4357 2570 4412 Ordinato
2600 4373 2730 4410 vero
2765 4356 2994 4422 abbate,
3043 4352 3336 4425 quomodo
3387 4348 3473 4404 vel
3527 4348 3777 4420 qualiter

2120 4446 2295 4501 fuerit
2321 4447 2470 4500 facta
2502 4445 2791 4499 ordinatio
2825 4444 3100 4498 studeant
3155 4446 3270 4496 tam
3323 4439 3564 4494 abbates
3598 4454 3771 4508 quam

2117 4533 2289 4589 etiam
2323 4533 2594 4588 monachi
2626 4533 2890 4603 ejusdem
2913 4531 3021 4586 loci
3058 4547 3218 4602 papae
3242 4527 3452 4583 litteris
3477 4526 3773 4589 intimare,

360 4619 558 4676 oculos
591 4619 806 4675 mentis
835 4620 906 4675 ad
938 4619 1144 4674 divina:
1176 4619 1425 4691 speciem
1473 4621 2000 4692 contemplationis,
2032 4643 2079 4707 D
2115 4628 2181 4678 ut
2202 4626 2303 4678 aut
2324 4622 2612 4689 emendet,
2639 4621 2685 4676 si
2713 4637 2860 4693 Opus
2887 4620 3059 4674 fuerit
3091 4616 3551 4681 emendandum,
3593 4619 3696 4669 aut
3727 4615 3776 4669 si

355 4713 518 4765 tanto
550 4724 655 4764 nos
686 4707 814 4779 ejus
859 4707 1242 4763 intentionem
1293 4708 1616 4764 studiosius
1654 4709 1914 4765 animare
1945 4715 1999 4767 et

355 4799 608 4856 exaltare
629 4797 931 4870 debemus,
951 4797 1100 4853 utad
1122 4795 1289 4852 illum
1309 4797 1406 4868 qui
1423 4798 1747 4852 estfructus
1767 4803 1824 4852 et
1845 4815 1996 4853 mer-

353 4904 447 4944 ces
477 4903 720 4960 operum
753 4887 1040 4943 bonorum
1072 4885 1258 4958 possit
1295 4886 1594 4956 pervenire
1645 4887 1996 4942 desiderium

349 4976 592 5033 bonum.
633 4979 706 5032 At
737 4993 861 5044 vos,
887 4976 985 5030 ﬁlii
1016 4973 1371 5040 charissimi,
1395 4973 1534 5044 quia
1559 4975 1898 5032 decrevistis
1923 4978 1995 5032 ab

349 5067 690 5122 auctoritate
748 5065 904 5120 sedis
963 5066 1256 5129 Romanae,
1307 5062 1400 5117 cui
1450 5063 1564 5118 Deo
1615 5065 1996 5135 praesidemus

346 5158 601 5224 auctore,
653 5153 904 5226 supplici
955 5151 1258 5208 devotione
1309 5155 1502 5222 petere
1559 5157 1614 5206 et
1677 5154 1992 5227 postulare,

343 5247 638 5314 quatenus
686 5241 1006 5314 apostolica
1052 5241 1262 5294 virtute
1309 5239 1812 5308 confirmaremus,
1866 5247 1922 5297 et
1966 5261 1999 5299 a

346 5331 572 5386 cunctis
603 5330 911 5385 hominum
942 5329 1229 5401 personis,
1265 5327 1376 5382 nisi
1409 5345 1441 5381 a
1470 5327 1593 5383 solo
1618 5329 1816 5400 primm
1841 5333 1997 5388 sedis

343 5417 634 5488 pontifice,
657 5417 908 5472 liberum
944 5419 1272 5472 faceremus
1314 5413 1739 5472 monasterium
1768 5419 1996 5476 Sancta:

343 5505 646 5560 Trinitatis
676 5507 829 5577 apud
869 5510 1126 5560 castrum
1149 5505 1570 5560 Vindocinense
1609 5507 1810 5574 situm,
1843 5511 1996 5580 quod

347 5590 568 5644 scilicet
588 5593 658 5647 de
681 5593 885 5647 vestris
911 5594 1077 5647 bonis
1111 5595 1181 5647 de
1222 5610 1366 5646 novo
1409 5593 1717 5662 fundastis,
1753 5601 1808 5651 et
1829 5597 1995 5653 beato

347 5676 516 5731 Petro
537 5678 780 5749 ejusque
803 5681 1244 5734 successoribus
1272 5680 1331 5733 in
1357 5680 1615 5736 alodium
1641 5689 1695 5737 et
1723 5685 1996 5756 patrimo-

2112 4711 2284 4766 fuerit
2301 4711 2624 4767 secundum
2641 4713 2910 4765 nostrum
2935 4709 3233 4763 decretum
3257 4705 3408 4760 facta
3429 4702 3635 4759 electio
3654 4703 3776 4758 sive

2108 4799 2415 4864 ordinatio,
2448 4798 2600 4853 bono
2647 4796 2842 4852 studio
2892 4793 3350 4869 congratuletur.
3401 4789 3546 4845 Illud
3587 4790 3767 4844 etiam

2106 4887 2478 4959 praecipimus
2490 4891 2555 4941 ut
2569 4901 2764 4941 comes
2781 4883 3216 4957 Andegavensis
3237 4883 3306 4938 ab
3321 4877 3472 4934 omni
3496 4879 3772 4948 tempore

2106 4977 2183 5031 sit
2203 4978 2434 5046 adjutor
2455 4979 2510 5030 et
2531 4975 2798 5029 defensor
2836 4971 3286 5028 Vindocinensis
3315 4965 3660 5022 monasterii
3695 4967 3768 5022 ad

2105 5064 2387 5121 honorem
2419 5063 2750 5134 apostolicae
2784 5062 2961 5128 sedis,
2997 5062 3123 5133 ipse
3152 5066 3348 5115 tamen
3393 5053 3481 5109 vel
3514 5053 3771 5125 quilibet

2105 5169 2510 5210 successorum
2528 5168 2603 5206 nu
2615 5150 2751 5205 llam
2767 5149 3128 5205 exactionem
3143 5148 3262 5204 sive
3278 5142 3766 5201 consuetudinem

2109 5240 2464 5298 monasterio
2494 5238 2582 5294 vel
2617 5239 2955 5294 monasterii
2987 5239 3161 5294 rebus
3193 5237 3431 5300 inferat,
3466 5247 3575 5288 nec
3605 5232 3664 5287 in
3687 5233 3770 5288 eis

2107 5329 2328 5400 aliquid
2380 5327 2674 5382 vindicare
2720 5336 3056 5400 praesumat,
3112 5329 3320 5397 printer
3373 5319 3766 5394 patrocinium

2109 5417 2320 5483 solum,
2353 5415 2507 5485 quod
2539 5413 2588 5469 ei
2622 5416 2692 5470 ad
2726 5416 3006 5472 honorem
3037 5412 3365 5487 apostolicae
3417 5410 3577 5466 sedis
3609 5413 3669 5464 et
3699 5411 3766 5464 ad

2108 5505 2318 5562 animae
2348 5518 2466 5556 sua:
2499 5500 2750 5559 salutem
2783 5505 3054 5560 exhibere
3096 5503 3457 5576 permissum
3507 5503 3618 5553 est.
3652 5498 3770 5554 Hoc

2107 5595 2283 5652 etiam
2317 5589 2629 5660 adjicimus
2661 5597 2726 5646 ut
2748 5596 2866 5648 tam
2891 5593 2950 5648 in
2976 5588 3394 5647 Vindocinensi
3416 5587 3566 5652 loco,
3587 5602 3766 5657 quam

2109 5686 2167 5739 in
2189 5679 2383 5739 Sancti
2409 5677 2726 5737 Salvatoris
2738 5681 2903 5751 juxta
2923 5679 3247 5753 Andegavis
3266 5693 3471 5735 muros
3494 5674 3766 5742 ecclesia,
