3966 6212
195 380 324 446 821

1177 375 1581 440 EPISTOL/E
1624 372 1723 437 ET
1766 370 2129 436 DEGBETA
2168 373 2641 444 PONTIFICIA.

204 514 365 573 nulli
407 518 688 588 personae,
719 511 832 570 nisi
883 510 1004 569 solo
1058 511 1318 569 Romano
1355 513 1635 586 pontiﬁci,
1680 512 1850 569 liceat
1876 502 1934 573 Α
1967 511 2262 578 nentibus,
2295 513 2419 570 sine
2446 512 2679 571 licentia
2710 514 3230 575 forestariorum.Si
3258 533 3391 576 vero
3417 517 3601 576 alibas

204 608 559 678 potestatem
603 603 860 674 aliquam
910 605 1010 657 aut
1060 601 1516 657 dominationem
1570 618 1846 658 exercere.

205 697 314 750 aut
348 691 869 759 excommunicare,
905 707 1008 746 seu
1041 690 1404 756 interdicere,
1438 691 1667 745 etiamsi
1713 691 1852 744 Car-

204 781 476 836 notensis
509 784 610 835 aut
638 780 1072 851 Andegavensis
1098 779 1284 850 patria
1299 796 1398 850 pro
1411 779 1598 850 culpis
1621 779 1855 851 quibus-

201 869 353 925 libet
409 869 1012 934 excommunicentur,
1045 867 1530 923 excommunicati
1578 873 1771 924 tamen
1821 886 1855 924 a

202 958 516 1014 monachis
546 975 662 1013 non
695 957 1242 1028 suscipiantur.Nos
1277 962 1471 1012 autem
1499 956 1695 1012 omnia
1726 975 1852 1028 qua

202 1047 286 1103 ibi
322 1065 357 1102 a
383 1046 548 1102 vobis
567 1047 657 1102 vel
685 1047 758 1102 ab
791 1045 922 1101 aliis
953 1046 1258 1100 hominum
1283 1047 1546 1118 personis
1579 1063 1761 1118 usque
1794 1049 1852 1101 in

201 1137 554 1206 praesentem
617 1134 770 1190 diem
827 1133 1019 1190 oblata
1078 1138 1234 1199 sunt,
1268 1139 1466 1189 nostra
1513 1137 1853 1192 auctoritate

205 1223 614 1289 ﬁrmamus,ut
641 1222 697 1276 in
730 1226 1076 1294 perpetuum
1102 1223 1286 1278 eidem
1310 1223 1434 1276 loco
1456 1224 1580 1278 sine
1604 1223 1853 1278 diminu-

207 1311 372 1366 tione
400 1311 485 1366 vel
515 1309 824 1380 cujuslibet
853 1311 1254 1365 retractatione
1285 1311 1618 1381 persistant.
1641 1313 1695 1365 Si
1722 1312 1852 1382 quis

206 1415 347 1455 vero
383 1403 580 1454 contra
611 1399 801 1454 locum
824 1398 989 1454 illum
1023 1399 1349 1454 molestiam
1372 1400 1488 1455 litis
1517 1418 1617 1471 pro
1640 1400 1850 1472 aliqui-

207 1489 322 1542 bus
380 1488 553 1543 rebus
602 1488 812 1544 inl‘erre
858 1487 1122 1554 voluerit,
1173 1488 1507 1544 nullatenus
1556 1490 1735 1545 abbas
1767 1490 1850 1545 vel

206 1576 421 1631 fratres
447 1576 497 1631 ei
531 1578 942 1648 respondeant,
968 1582 1282 1648 antequam
1311 1578 1635 1632 Romanum
1669 1579 1855 1650 ponti-

207 1665 381 1720 ﬁcem
415 1664 890 1736 consulant,quia
921 1665 1206 1736 quidquid
1238 1665 1363 1720 sine
1395 1670 1593 1722 nostro
1613 1666 1698 1722 vel
1722 1685 1852 1722 suc-

205 1769 513 1808 cessorum
528 1753 1087 1825 nostrorumjudicio
1101 1753 1498 1809 deﬁnitumvel
1511 1754 1852 1811 distractum

1963 602 2216 673 praedicti
2248 602 2357 659 loci
2385 609 2440 660 et
2471 622 2664 661 comes
2685 607 3132 669 Vindocinensis
3152 607 3296 664 alter
3320 609 3600 666 adversus

1962 691 2320 758 alterum,vel
2353 693 2598 765 quilibet
2628 697 2802 752 homo
2831 714 3031 754 eorum
3063 697 3358 770 querelam
3388 698 3603 754 habue-

1962 780 2056 846 rit,
2090 797 2202 835 non
2235 781 2291 836 in
2334 783 2495 838 curia
2524 785 2773 854 comitis,
2809 804 2911 842 nec
2941 787 2999 842 in
3033 787 3290 858 qualibet
3319 786 3602 857 aliajudi-

1963 867 2117 922 cium
2145 870 2451 941 efﬁciatur,
2485 874 2583 927 sed
2615 873 2671 927 in
2706 875 2867 929 curia
2896 876 3125 932 abbatis
3167 892 3270 947 pro
3319 875 3601 948 dignitate

1962 954 2070 1010 loci
2121 959 2486 1028 querimonia
2539 962 2666 1031 ipsa
2722 963 2959 1018 ﬁniatur
3004 965 3086 1020 ita
3132 969 3324 1021 tamen
3383 970 3450 1022 ut
3497 966 3623 1038 pro-

1963 1062 2157 1100 amore
2181 1064 2426 1102 summae
2445 1049 2831 1117 Trinitatis,in
2854 1055 3021 1123 cujus
3049 1054 3283 1109 nomine
3307 1057 3363 1110 et
3383 1055 3604 1112 honore

1962 1136 2383 1190 monasterium
2400 1137 2593 1207 ipsum
2613 1144 3011 1196 constructum
3025 1143 3384 1209 est,dimidia
3401 1161 3603 1216 parse-

1962 1222 2042 1275 ris
2076 1222 2209 1276 facti
2229 1239 2332 1277 nec
2355 1229 2647 1294 quaeratur
2669 1226 2739 1280 ab
2762 1227 3089 1298 aliquo,nec
3111 1231 3445 1287 donetur.Si
3470 1234 3602 1304 quis

1963 1315 2155 1365 autem
2181 1312 2358 1382 hujus
2374 1313 2556 1366 nostri
2589 1315 2857 1385 praecepti
2889 1317 3139 1372 scienter
3167 1319 3409 1375 violator
3428 1322 3601 1377 exsti-

1963 1399 2115 1466 terit,
2149 1400 2234 1453 vel
2277 1403 2346 1455 de
2375 1403 2791 1474 suprascriptis
2821 1406 2996 1460 rebus
3024 1406 3440 1463 Vindocinensi
3474 1427 3602 1464 mo-

1963 1488 2216 1542 nasterio
2268 1489 2589 1560 quidquam
2639 1492 3012 1557 subtraxerit,
3056 1492 3459 1550 maledictione
3505 1497 3603 1551 Dei

1963 1577 2173 1643 Patris,
2207 1581 2261 1631 et
2294 1577 2444 1646 Filii,
2476 1582 2531 1632 et
2562 1579 2813 1650 Spiritus
2859 1579 3046 1635 sancti
3085 1581 3414 1648 damnetur,
3465 1600 3600 1638 con-

1963 1665 2262 1733 fundatur,
2299 1669 2590 1736 pereat,ad
2622 1669 2790 1738 cujus
2821 1669 3100 1723 honorem
3122 1674 3180 1724 et
3206 1685 3419 1725 nomen
3441 1670 3604 1728 locus

1963 1753 2088 1824 ipse
2119 1758 2486 1809 constructus
2532 1759 2637 1823 est,
2673 1756 2881 1810 deinde
2913 1757 3090 1812 etiam
3123 1757 3269 1813 iram
3303 1757 3401 1814 Dei
3433 1759 3602 1816 Geni-

205 1842 411 1911 fuerit,
444 1841 671 1897 irritum
702 1843 827 1898 erit.
860 1843 940 1899 Ea
966 1859 1100 1898 vero
1130 1860 1254 1916 qum
1280 1844 1351 1898 ad
1385 1845 1688 1914 przefatum
1722 1861 1855 1916 per-
1886 1873 1936 1938 B
1969 1842 2129 1895 tricis
2160 1845 2214 1896 et
2243 1842 2544 1897 beatorum
2577 1843 2972 1914 apostolorum
3004 1846 3155 1900 Petri
3186 1850 3244 1901 et
3274 1845 3435 1902 Pauli
3480 1865 3605 1902 om-

204 1931 402 1986 tinent
423 1931 925 2001 monasterium,et
953 1933 1119 1988 beato
1148 1933 1315 1988 Petro
1348 1933 1405 1986 in
1438 1933 1856 2003 patrimonium

206 2037 390 2091 super
407 2019 600 2091 ipsius
616 2021 792 2076 altare
809 2038 842 2075 a
859 2022 1146 2077 Gaufredo
1164 2020 1372 2075 comite
1389 2022 1852 2092 Andegavorum,

205 2112 263 2163 et
294 2108 366 2162 ab
395 2110 623 2179 Agnete
655 2109 957 2164 comitissa
1003 2111 1130 2179 ejus
1176 2109 1422 2180 conjuge
1472 2109 1662 2164 oblata
1695 2114 1855 2177 sunt,

203 2195 297 2250 hic
328 2195 556 2267 scripta
586 2202 910 2252 noscuntur
930 2196 999 2251 ad
1020 2196 1409 2267 cognitionem
1434 2197 1856 2252 futurorum.In

205 2299 352 2356 pago
385 2283 808 2340 Vindocinensi
841 2284 1080 2340 ecclesia
1108 2285 1300 2339 Sancti
1333 2283 1547 2339 Nicolai
1573 2285 1641 2339 de
1665 2285 1858 2340 Ferra-

203 2371 305 2426 ria.
340 2371 606 2427 Ecclesia
637 2373 707 2426 de
737 2373 1006 2438 Pruneto,
1037 2388 1169 2426 cum
1211 2372 1498 2427 universis
1543 2378 1855 2429 consuetu-

202 2460 761 2515 dinibus.Medietas
793 2460 1049 2515 ecclesiae
1078 2464 1296 2514 Sanctae
1331 2460 1522 2515 Marica
1556 2463 1708 2532 apud
1737 2462 1856 2515 Vil-

199 2547 314 2603 lam
345 2548 639 2621 episcopi.
672 2548 928 2602 Ecclesia
963 2549 1156 2602 Sancti
1205 2548 1480 2619 Stephani
1538 2550 1692 2620 apud
1742 2555 1855 2605 sta-

199 2636 693 2711 gnum.Ecclesiae
724 2640 974 2708 quatuor
995 2653 1142 2707 quas
1162 2637 1520 2692 Thedoricus
1551 2637 1858 2710 episcopus

197 2726 590 2782 Carnotcnsis
639 2726 798 2781 dedit
835 2725 1188 2780 monasterio
1219 2725 1629 2781 Vindocinensi
1664 2743 1859 2782 amore

201 2816 324 2882 Dei,
375 2819 445 2870 et
502 2813 923 2885 supplicatione
981 2813 1251 2870 Gaul‘redi
1313 2815 1566 2880 comitis,
1617 2815 1860 2896 ecclesia

207 2903 434 2959 scilicet
487 2903 685 2958 Sancti
733 2904 912 2969 Beati,
962 2902 1205 2958 ecclesia
1251 2904 1446 2958 Sancti
1499 2904 1742 2959 Joannis
1789 2905 1860 2961 de

209 2991 701 3057 Castrodunensi,
734 2991 978 3046 ecclesia
1023 2992 1094 3046 de
1147 2991 1456 3058 Balneolis,
1503 2990 1746 3047 ecclesia
1788 2993 1858 3048 de

208 3077 549 3145 Villarebla,
583 3079 828 3135 ecclesia
873 3079 1227 3135 Anscherici.
1260 3080 1322 3134 In
1371 3081 1706 3152 episcopatu
1756 3082 1857 3138 Cc-

209 3165 563 3223 nomanensi
619 3167 862 3222 ecclesia
916 3167 1109 3222 Sancti
1157 3167 1398 3223 Joannis
1456 3169 1730 3240 Baptistae
1785 3171 1856 3225 de

1965 1931 2250 2001 niumque
2280 1935 2614 1985 sanctorum
2647 1932 2927 1997 incurrat,
2959 1938 3016 1988 et
3045 1938 3244 1989 nostra
3289 1935 3609 2006 apostolica

1967 2019 2308 2074 auctoritate
2367 2019 2444 2074 sit
2497 2020 3056 2088 excommunicatus,
3103 2025 3160 2076 et
3215 2023 3606 2079 anathematis

1964 2106 2195 2161 vinculo
2227 2107 2630 2173 innodatus,ut
2660 2125 2962 2178 nunquam
2993 2123 3238 2181 regnum
3270 2110 3370 2165 Dei
3391 2110 3603 2177 videat,

1969 2197 2067 2251 sed
2126 2211 2259 2250 cum
2293 2195 2522 2250 diabolo
2571 2200 2626 2250 et
2671 2196 2821 2251 Juda
2868 2197 3167 2267 traditore,
3216 2198 3607 2271 omnibusque

1965 2282 2162 2356 impiis
2195 2283 2269 2337 sit
2300 2284 2612 2338 damnatus
2643 2284 2702 2338 in
2733 2287 3097 2352 aeternum,et
3127 2285 3187 2339 in
3214 2286 3469 2342 tenebris
3492 2303 3609 2343 ma-

1966 2375 2101 2427 neat
2145 2375 2201 2426 et
2230 2373 2440 2426 umbra
2470 2371 2694 2438 mortis,
2728 2375 2784 2426 et
2813 2372 2870 2426 in
2902 2372 3167 2428 incendio
3199 2373 3506 2441 sulfurato,
3547 2375 3607 2430 in

1968 2461 2179 2530 frigore
2209 2459 2306 2513 illo
2351 2463 2599 2514 tartareo
2646 2460 2745 2514 ubi
2794 2463 2883 2515 est
2929 2461 3097 2515 fletus
3122 2465 3177 2515 et
3207 2461 3420 2516 stridor
3467 2463 3606 2517 den-

1967 2550 2113 2603 tium
2148 2547 2356 2617 (Matth.
2388 2564 2510 2611 vm,
2547 2549 2654 2616 12),
2689 2547 2800 2603 nisi
2831 2549 2985 2618 quod
3018 2548 3206 2603 eidem
3236 2547 3362 2604 loco
3403 2551 3607 2605 abstu-

1968 2637 2034 2691 lit
2055 2637 2231 2707 digna
2256 2635 2652 2691 satisfactione
2680 2635 3081 2701 emendet.0ui
3099 2653 3229 2692 vero
3241 2643 3611 2694 conservator

1968 2731 2024 2781 et
2052 2724 2359 2780 inviolator
2387 2725 2673 2778 exstiterit
2704 2725 2882 2794 hujus
2901 2728 3109 2780 nostrae
3131 2724 3458 2797 apostolicae
3481 2744 3612 2783 con-

1970 2813 2319 2868 ﬁrmationis
2349 2817 2404 2867 et
2437 2813 2722 2881 tuitionis,
2759 2814 2868 2868 iste
2899 2813 3275 2869 benedicatur
3303 2815 3460 2870 omni
3511 2815 3608 2871 be-

1970 2900 2316 2966 nedictione,
2358 2905 2422 2955 ut
2470 2905 2693 2972 partem
2742 2901 2954 2956 habeat
3002 2901 3059 2956 in
3110 2917 3286 2974 regno
3330 2903 3430 2957 Dei
3475 2919 3610 2958 cum

1969 2990 2187 3045 sanctis
2219 2993 2273 3044 et
2304 2987 2520 3057 electis,
2555 2994 2611 3044 et
2639 2989 2890 3062 gaudeat
2919 2989 3120 3044 lzetitia
3149 2990 3507 3062 sempiterna
3550 2991 3610 3046 in

1968 3078 2066 3133 illa
2095 3079 2224 3133 luce
2254 3077 2599 3133 et'claritate
2630 3077 2909 3133 caelorum
2939 3077 3039 3133 ubi
3071 3081 3158 3133 est
3185 3093 3358 3133 omne
3388 3078 3609 3135 bonum

1969 3168 2027 3222 in
2059 3167 2272 3222 saecula
2303 3166 2669 3222 saeculorum.
2701 3169 2902 3222 Amen.
2934 3166 3182 3222 Victoris
3214 3167 3414 3238 prima:
3455 3168 3613 3224 sedis

208 3254 364 3311 Villa
394 3254 523 3320 Dei,
555 3262 609 3310 et
638 3255 775 3310 villa
806 3255 933 3326 ipsa
959 3271 1092 3310 cum
1124 3256 1295 3311 terris
1325 3259 1381 3311 et
1411 3232 1592 3325 silvis,
1627 3263 1683 3312 et
1713 3259 1859 3314 vica-
1889 3232 1932 3300 Ο
1969 3257 2225 3329 episcopi
2257 3259 2313 3312 et
2342 3255 2690 3311 universalis
2722 3272 2882 3327 papze
2916 3257 2963 3310 Il
2991 3255 3162 3311 breve
3192 3232 3448 3327 signum.

211 3343 318 3414 ria,
365 3347 423 3399 et
472 3343 1000 3399 consuetudinibus
1050 3343 1358 3399 universis.
1395 3346 1572 3400 Terra
1601 3347 1671 3401 de
1699 3349 1858 3403 Pinis

210 3436 267 3486 et
296 3449 426 3504 quae
459 3435 551 3488 est
571 3431 835 3501 ibijuxta
858 3432 1100 3488 dimidia
1120 3433 1363 3489 ecclesia
1395 3434 1616 3488 Sancta}
1642 3435 1856 3504 Marize,

209 3520 459 3577 ecclesia
487 3519 682 3574 Sancti
716 3519 1014 3576 Michaelis
1061 3523 1132 3576 de
1182 3522 1418 3587 Huseto,
1451 3526 1507 3577 et
1536 3527 1690 3578 terra
1726 3542 1860 3580 cum

211 3612 446 3679 stagno,
501 3611 558 3660 et
604 3605 956 3662 molendinis
1008 3625 1140 3662 cum
1190 3610 1403 3676 boscis,
1437 3615 1492 3665 et
1538 3611 1772 3680 vicaria,
1807 3618 1864 3667 et

211 3695 496 3752 omnibus
543 3695 1086 3762 consuetudinibus,
1140 3699 1421 3753 medietas
1481 3699 1734 3754 ecclesiae
1795 3703 1863 3756 de

212 3783 446 3839 Torcio.
482 3781 547 3836 In
578 3781 914 3854 episcopatu
945 3783 1343 3854 Andegavensi
1383 3785 1626 3840 ecclesia
1669 3788 1862 3842 Sancti

214 3869 519 3928 Saturnini
551 3874 608 3924 et
636 3870 817 3926 curtis
846 3874 988 3939 tota,
1021 3877 1078 3926 et
1101 3870 1246 3927 silva
1286 3889 1410 3942 quae
1433 3873 1647 3927 dicitur
1675 3875 1861 3942 Latez,

217 3964 273 4016 et
293 3963 452 4015 terra
468 3958 700 4028 silvaa,si
725 3959 868 4015 silva
886 3961 1058 4015 fuerit
1080 3960 1584 4033 exstirpata.Apud
1607 3967 1863 4018 castrum

217 4049 590 4105 Credonense
629 4048 874 4104 ecclesia
923 4049 1118 4104 Sancti
1168 4048 1480 4104 Clementis
1513 4055 1568 4104 et
1600 4051 1867 4107 universa

217 4138 344 4208 ejus
367 4137 925 4209 parochia,ecclesia3
947 4137 1055 4191 vici
1077 4137 1202 4192 Med
1214 4137 1425 4193 uanilis
1447 4137 1864 4204 ;ecclesiaSan-

220 4225 294 4281 cti
316 4226 564 4281 Joannis
586 4242 764 4296 super
789 4226 1127 4298 Ligerim,et
1149 4226 1346 4280 decem
1372 4232 1422 4279 et
1451 4243 1650 4282 novem
1669 4245 1867 4299 arpen-

223 4313 278 4367 ni
299 4315 606 4370 vinearum
631 4319 686 4368 et
709 4315 822 4369 duo
860 4314 1203 4381 molendini;
1229 4313 1470 4368 ecclesia
1493 4316 1684 4370 Sancti
1717 4317 1861 4371 Petri

223 4401 292 4457 de
314 4403 568 4457 Maziaco
590 4407 646 4457 et
668 4403 851 4457 curtis
875 4408 993 4458 tota
1010 4402 1271 4471 ;ecclesia
1294 4404 1490 4458 Sancti
1517 4404 1771 4458 Medardi
1798 4407 1867 4459 de

223 4487 604 4545 Caviriaco.ln
629 4490 967 4562 episcopatu
993 4491 1314 4545 Pictavensi
1335 4490 1578 4546 ecclesia
1601 4493 1671 4546 de
1692 4492 1864 4548 Olon-

2719 3361 2866 3419 XIII.

2069 3452 2230 3506 Bulla
2261 3451 2485 3505 Victoris
2510 3466 2664 3521 papze
2693 3451 2896 3575 μβῶ
2894 3450 3117 3505 ecclesia
3142 3451 3235 3505 SS.
3267 3452 3507 3507 Simonis

2661 3535 2689 3573 e
2773 3537 2788 3572 ι
2902 3560 2914 3573 .

2661 3535 2712 3573 ει
2741 3535 2914 3573 λιιαεε.

2587 3608 2778 3677 (Anno
2811 3607 2992 3676 4057.)

2154 3697 2546 3766 [llr-:mmcxus,
2581 3697 2983 3766 Antiquitatum
3009 3695 3438 3763 goslariensium

2590 3765 2690 3820 lib.
2725 3783 2763 3833 I,
2798 3783 2855 3837 p.
2884 3767 3000 3835 65.]

2045 3874 2262 3928 VICTOR
2294 3872 2832 3944 episcopus,servus
2861 3887 3162 3928 servorum
3193 3872 3322 3941 Dei,
3343 3872 3623 3930 omnibus

1976 3962 2186 4017 Christi
2223 3960 2514 4016 fidelibus.
3101 3976 3106 3980 '

2047 4051 2241 4106 Sancti
2275 4049 2553 4121 propositi
2586 4053 2784 4104 votum
2817 4067 2931 4106 non
2965 4051 3159 4108 solum
3193 4052 3387 4108 divino
3418 4054 3624 4108 effectu

1975 4138 2380 4210 impletur,sed
2411 4137 2585 4192 etiam
2610 4138 2868 4193 humano
2897 4139 3175 4212 suﬁ'ragio
3207 4140 3630 4212 adjuvatur.Sit

1977 4233 2174 4282 autem
2207 4231 2413 4281 notum
2445 4226 2721 4281 omnibus
2742 4227 2799 4281 S.
2835 4227 3103 4284 Ecclesiae
3136 4229 3296 4296 ﬁliis,
3329 4233 3452 4284 tam
3483 4247 3631 4302 pra:-

1976 4317 2239 4371 scntibus
2256 4331 2429 4385 quam
2451 4315 2997 4387 futuris,quiaﬁ1ius
3016 4318 3632 4387 nostercharissimus,

1978 4405 2270 4460 secundus
2302 4403 2604 4458 lleinricus
2637 4405 2954 4476 imperator
2981 4407 3633 4479 Augustus,quamdam

1982 4493 2310 4557 ecclesiam,
2342 4510 2375 4545 a
2405 4510 2466 4546 se
2498 4493 2763 4548 funditus
2808 4498 3225 4563 constructam,
3261 4496 3319 4550 in
3353 4495 3645 4551 honorem.

224 4594 314 4632 na.
353 4579 414 4632 In
447 4578 786 4650 episcopatu
816 4579 1162 4634 Sanctonico
1195 4578 1439 4634 ecclesia
1469 4580 1664 4634 Sancti
1695 4582 1865 4636 Geor~
1909 4603 1954 4664 ι)
1986 4583 2069 4652 [in
2098 4581 2338 4651 honore]
2372 4584 2585 4635 sanctze
2617 4580 2717 4635 Dei
2749 4583 3050 4652 genitricis
3079 4584 3323 4656 virginis
3355 4584 3549 4640 Mariae
3581 4587 3640 4638 et

226 4664 301 4737 gii
332 4670 387 4721 et
408 4667 586 4723 tertia
607 4684 740 4739 pars
766 4668 1028 4738 ejusdem
1057 4667 1260 4722 insulae
1285 4685 1418 4722 cum
1444 4671 1880 4724 consuetudini-

228 4752 336 4809 bus
369 4755 721 4811 univesis.In
748 4759 936 4811 castro
969 4756 1234 4812 Oleronis
1280 4755 1523 4810 ecclesia
1554 4757 1616 4810 B.
1652 4757 1880 4826 Mariae;

230 4843 471 4900 ecclesia
502 4844 665 4900 Podii
709 4843 970 4912 rebellis;
1031 4844 1275 4900 ecclesia
1332 4846 1402 4898 de
1463 4843 1881 4916 Blosmeriaco;

232 4931 470 4988 ecclesia
501 4933 696 4990 Sancti
752 4933 1052 4989 Saturnini
1098 4938 1155 4988 et
1203 4937 1360 4989 terra
1404 4937 1460 4988 S.
1509 4933 1716 4988 Aniani
1751 4952 1881 4990 cum

236 5017 435 5076 salinis
450 5025 506 5077 et
522 5022 1032 5094 piscationibus,et
1045 5023 1321 5077 omnibus
1334 5023 1883 5079 consuetudinibus.

242 5107 300 5161 In
350 5109 562 5166 foreste
609 5111 876 5166 \Vastina
915 5115 1099 5166 totum
1133 5111 1496 5182 pasnatieum
1533 5113 1602 5165 de
1637 5113 1886 5182 propriis

241 5198 428 5266 porcis
459 5200 726 5254 omnium
760 5201 1178 5254 monachorum
1211 5201 1436 5253 Sanctae
1477 5200 1802 5268 Trinitatis,
1833 5205 1889 5253 et

246 5287 526 5344 medietas
551 5289 621 5343 de
651 5288 951 5360 pasnatico
983 5287 1230 5343 aliorum
1254 5288 1582 5354 hominum,
1604 5292 1659 5340 ct
1692 5287 1800 5341 mel
1835 5292 1892 5342 et

247 5388 375 5430 cera
402 5377 667 5446 ejusdem
698 5377 852 5434 silvae
871 5376 1261 5432 inluminaria
1284 5375 1892 5432 monasterii.Assum-

250 5461 367 5532 ptio
397 5465 572 5522 etiam
603 5467 869 5523 omnium
893 5468 1168 5522 arborum
1193 5466 1265 5521 ab
1288 5465 1564 5520 omnibus
1588 5464 1892 5519 monachis

251 5551 862 5623 Vindocinensibus,et
875 5555 1240 5612 abuniversis
1253 5553 1591 5610 hominibus
1608 5554 1891 5624 ipsorum,

256 5640 326 5695 ad
355 5658 557 5702 omnes
573 5663 870 5705 usussuos
890 5645 950 5702 in
971 5645 1142 5703 terris
1178 5646 1248 5701 ad
1282 5643 1706 5700 monasterium
1731 5643 1897 5712 perti-

1990 4671 2292 4725 beatorum
2327 4668 2722 4740 apostolorum
2763 4671 3019 4727 Simonis
3067 4675 3123 4725 et
3167 4671 3352 4738 Judae,
3386 4671 3639 4742 positam

1995 4758 2118 4813 loco
2142 4757 2529 4826 Goslaria,ubi
2558 4757 2764 4812 fratres
2784 4763 2922 4814 sunt
2939 4762 3048 4814 sub
3066 4758 3343 4814 canonica
3362 4758 3640 4828 degentes

1995 4847 2438 4918 regula,quibus
2470 4847 2784 4916 praeposuit
2815 4847 3202 4903 Guntherium
3226 4843 3641 4900 cancellarium

1998 4952 2191 5004 suum,
2225 4940 2343 4989 tam
2370 4951 2471 5004 pro
2504 4935 2711 4988 animae
2761 4952 2879 4990 suae
2940 4950 3175 5005 suaque
3224 4931 3493 5003 conjugis
3523 4935 3642 4987 Au-

1997 5029 2178 5096 gusta}
2231 5022 2358 5076 ﬁlize
2415 5027 2623 5076 nostrae
2678 5023 2917 5093 Agnetis
2985 5020 3262 5085 remedio,
3314 5035 3492 5090 quam
3539 5035 3644 5092 pro

2000 5112 2188 5167 salute
2219 5111 2391 5164 etiam
2426 5115 2734 5180 parentum
2767 5125 3007 5164 suorum
3041 5107 3294 5163 Cunradi
3327 5110 3384 5162 et
3415 5105 3642 5173 Giselw,

2003 5201 2143 5254 diva:
2176 5198 2422 5267 [divinae]
2459 5197 2773 5261 memoriae,
2805 5199 2898 5268 pio
2939 5197 3146 5251 aﬁ'ectu
3196 5196 3408 5267 piaque
3456 5195 3645 5250 inten-

2003 5288 2158 5341 tione
2191 5290 2390 5339 sancto
2421 5284 2583 5338 l’etro
2605 5284 2654 5352 ej
2668 5302 2848 5353 usque
2873 5283 3201 5354 apostolica:
3225 5283 3348 5338 sedi
3374 5299 3472 5354 per
3503 5282 3646 5337 scri-

2003 5379 2255 5446 pturam,
2291 5371 2522 5442 propria
2553 5388 2731 5424 manu
2764 5372 3330 5443 signatam,penitus
3361 5370 3654 5427 concessit

2005 5479 2106 5534 per
2137 5477 2347 5516 manus
2373 5463 2622 5526 nostras,
2659 5458 2880 5516 scilicet
2909 5460 3134 5533 indigni
3165 5461 3364 5519 vicarii
3386 5461 3652 5531 ejusdem

2007 5550 2400 5624 apos'olorum
2428 5548 2732 5621 Principis,
2763 5553 2827 5605 ut
2853 5551 2982 5622 ipsa
3006 5550 3269 5621 ecclesia,
3304 5548 3495 5624 posita
3542 5549 3653 5604 sub

2005 5638 2321 5712 apostolico
2343 5639 2493 5709 jure,
2529 5637 2587 5694 in
2617 5645 2964 5712 perpetuum
2993 5641 3180 5699 libera
3209 5647 3267 5699 et
3296 5639 3494 5716 quieta
3525 5651 3653 5708 per-
