3966 6212
406 349 526 412 823

408 572 986 640 molestia,suamque
1019 569 1410 640 integritatem
1442 569 1661 625 habens
1693 570 1749 623 in
1772 571 2046 625 omnibus

406 664 582 718 rebus
613 665 668 716 et
698 658 1094 722 facultatibus,
1115 675 1261 730 quas
1293 659 1465 713 modo
1499 659 1670 714 habet
1693 658 1748 713 in
1774 660 2046 730 praedicto

403 750 528 804 loco
562 746 824 803 Goslaria
852 747 910 800 in
944 746 1119 818 Egeln
1152 747 1209 801 in
1240 747 1496 802 Jeresleb
1519 752 1573 802 et
1595 747 1652 801 in
1693 748 1958 812 Adesleb,
1992 752 2048 803 et

404 839 464 893 in
495 837 988 903 Summensteten,
1023 841 1077 891 et
1108 835 1165 889 in
1199 837 1548 903 Slansteten,
1575 840 1630 890 et
1662 836 1717 890 in
1752 837 2042 901 Valentro,

405 930 462 982 et
492 927 549 982 in
581 925 905 992 Aldendoll‘,
931 928 987 978 et
1019 924 1076 978 in
1111 924 1607 994 Dingelstetein,ct
1633 925 1686 979 in
1713 926 2043 992 Borestorll‘,

403 1020 460 1072 et
487 1015 546 1070 in
578 1013 972 1086 Ogtkersleve,
1003 1017 1059 1068 et
1091 1014 1146 1067 in
1179 1013 1432 1080 Balbria,
1455 1017 1509 1068 et
1542 1014 1598 1067 in
1631 1013 2042 1080 Walchesleve,

404 1110 461 1162 et
490 1106 547 1160 in
582 1104 991 1175 Herlingerode
1021 1102 1151 1157 aliis
1199 1102 1488 1173 [aliisquei
1541 1120 1772 1173 quoque
1818 1102 1960 1158 locis
1991 1107 2046 1158 et

402 1193 576 1264 villis,
609 1197 665 1248 et
694 1206 1054 1263 quaecunque
1086 1190 1140 1244 in
1179 1197 1518 1261 perpetuum
1552 1190 1824 1245 habitura
1853 1192 2046 1259 est,si-

403 1299 470 1338 ve
501 1282 620 1338 sint
653 1279 894 1337 mobilia
925 1279 1042 1333 sive
1075 1277 1418 1332 immobilia.

476 1370 638 1434 Quod
671 1369 889 1424 donum
911 1368 981 1421 de
1003 1366 1275 1421 manibus
1299 1367 1553 1437 praedicti
1587 1366 1917 1423 charissimi
1944 1365 2042 1420 ﬁlii

405 1461 588 1518 nostri
635 1458 884 1530 Augusti
935 1455 1315 1526 suscipientes
1359 1455 1739 1521 decrevimus,
1790 1473 1891 1527 per
1938 1456 2045 1510 hoc

405 1553 616 1606 nostra:
653 1545 982 1620 apostolicrc
1018 1543 1395 1614 :auctoritatis
1453 1544 1839 1616 privilegium,
1873 1561 2043 1599 omne

404 1637 728 1702 munimen,
749 1651 920 1691 omne
952 1633 1129 1687 robur
1157 1633 1541 1703 apostolicum
1573 1633 1759 1688 eidem
1791 1633 2042 1688 ecclesiae

399 1730 619 1782 Sanctae
652 1725 840 1780 Marias
871 1727 929 1778 et
959 1726 1297 1777 sanctorum
1346 1721 1742 1792 apostolorum
1786 1720 2043 1777 Simonis

401 1817 458 1870 et
487 1812 652 1870 Judae
692 1811 1060 1867 contribuere
1107 1813 1164 1865 et
1212 1810 1558 1902 condonare,
1593 1809 1936 1902 ut,_integra
1982 1809 2096 1902 inB

402 1902 527 1959 suis
558 1902 732 1958 rebus
761 1900 1002 1970 suisque
1033 1897 1505 1970 possessionibus
1536 1900 1833 1965 constans,
1853 1897 1909 1951 in
1943 1914 2042 1954 sas-

401 1991 532 2048 cula
560 1989 789 2045 nullum
823 1991 1045 2044 metuat
1075 1988 1146 2042 ab
1178 1987 1548 2058 imperatore,
1581 1986 1669 2040 vel
1703 2003 1736 2041 a
1765 2003 1918 2057 rege,
1951 1988 2036 2041 vel

401 2079 701 2150 abZaliqua
732 2093 979 2149 persona
1011 2074 1247 2147 publica
1276 2075 1361 2129 vel
1394 2075 1636 2146 privataf
1668 2075 2037 2146 dispendium

398 2167 484 2223 vel
516 2166 950 2222 detrimentum.
986 2163 1241 2235 Dignum
1291 2167 1485 2218 tamen
1536 2163 1812 2218 duximus
1850 2163 2037 2218 eidem

397 2255 746 2313 charissimo
778 2254 896 2308 filio
926 2257 1126 2308 nostro
1159 2257 1407 2322 augusto
1439 2253 1681 2322 ejusque
1736 2269 2039 2306 successo-

398 2345 562 2401 ribus
595 2341 1251 2412 advocationcmlipsius
1283 2341 1433 2396 sacri
1463 2341 1574 2396 loci
1605 2357 1672 2396 ea
1703 2341 1921 2395 ratione
1952 2357 2038 2394 re-

397 2433 688 2502 linquere,
713 2434 777 2484 ut
797 2445 1027 2500 semper
1048 2429 1105 2482 in
1129 2432 1407 2500 potestate
1430 2429 1681 2483 habeant
1711 2428 1786 2484 ibi
1821 2446 2038 2500 praepo-

397 2520 543 2576 sitos
573 2518 894 2574 secundum
917 2518 1103 2572 Deum
1135 2517 1545 2582 ordinare,non
1568 2521 1761 2572 autem
1785 2533 1851 2572 ex
1872 2518 2041 2574 bonis

398 2607 544 2680 ipsis
566 2606 748 2662 alicus
779 2605 1046 2676 [aliquid]
1081 2606 1139 2659 in
1163 2604 1462 2676 proprium
1485 2605 1748 2671 dare,seu
1775 2605 1829 2658 in
1866 2607 2038 2660 bene-

400 2697 600 2753 ﬁcium
620 2695 969 2761 tribuere.At
992 2695 1038 2749 si
1073 2698 1274 2749 contra
1305 2693 1754 2765 prohibitionem
1780 2699 2037 2750 nostram

398 2786 714 2858 quisquam
741 2799 941 2838 eorum
974 2782 1275 2838 tentaverit
1297 2782 1740 2853 agere,liberum
1759 2783 2040 2854 jubcmus

399 2888 528 2929 esse
559 2870 867 2943 prmposito
914 2876 969 2926 et
1017 2870 1333 2937 canonicis,
1361 2871 1458 2941 qui
1507 2871 1584 2924 ibi
1638 2887 1737 2942 pro
1781 2874 2040 2942 tempore

398 2959 726 3023 fuerint,sic
751 2959 1085 3015 omnimodo
1107 2960 1176 3014 ad
1198 2959 1519 3014 Romanam
1545 2959 1860 3013 Ecclesiam
1884 2957 2039 3012 dein-

398 3064 533 3121 ceps
555 3047 931 3120 respicere,ut
953 3047 1099 3102 nihil
1121 3046 1762 3118 metuantdeimperiali
1782 3046 1864 3101 vel
1884 3062 2040 3116 rega-

397 3137 436 3193 li
459 3137 1132 3209 conditione.Episcopus
1152 3141 1345 3192 autem
1365 3137 1421 3190 in
1437 3137 1605 3206 cujus
1617 3135 1848 3190 dioecesi
1867 3134 2037 3190 istius

1728 347 2086 407 VICTORIS
2129 344 2182 408 ΙΙ
2231 348 2325 408 ΡΑ
2340 348 2482 408 PE.

409 482 581 539 sistat
606 482 676 538 ab
707 481 865 537 omni
889 482 1022 550 jure
1054 483 1108 534 et
1138 479 1415 545 dominio,
1437 481 1508 536 ab
1539 481 1697 534 omni
1730 480 1961 536 lmsione
1993 486 2048 535 et
2075 481 2128 546 Α

3697 361 3816 422 824

2242 569 2606 639 Privilegium
2641 571 2863 626 Victoris
2891 571 2942 625 II
2965 588 3065 642 pro
3096 577 3424 633 monasterio
3455 577 3738 636 Fuldensz'.

2786 660 2968 728 (Anno
3005 661 3184 733 1057.)

2430 746 2708 815 [Οηοκκε.
2743 747 2867 803 Cod.
2904 748 3135 820 Diplom.
3167 751 3348 819 Fuld.,
3377 753 3529 826 364.]

2226 834 2439 888 νισι-οη
2469 834 3011 907 cpiscopus,servus
3034 855 3336 896 servorum
3361 842 3483 906 Dei,
3503 844 3811 902 Eoum-mro

2158 921 2251 992 pio
2281 927 2337 975 et
2368 921 2635 992 religioso
2655 923 2847 978 abbati
2872 927 3211 982 monasterii
3229 929 3550 988 Salvatoris
3572 935 3811 991 Domini

2161 1010 2342 1064 nostri
2372 1014 2510 1066 Jesu
2539 1011 2768 1080 Christi,
2803 1016 2859 1067 et
2887 1014 3080 1069 Sancti
3115 1017 3414 1086 Bonifacii,
3439 1024 3598 1092 quod
3628 1024 3811 1080 situm

2155 1102 2243 1154 est
2270 1098 2328 1152 in
2355 1099 2476 1154 loco
2501 1101 2597 1170 qui
2621 1104 2857 1155 vocatur
2880 1103 3191 1171 Bochonia,
3213 1107 3384 1176 juxta
3406 1109 3596 1180 ripam
3619 1112 3813 1168 ﬂumi-

2158 1186 2247 1240 nis
2281 1188 2431 1257 quod
2462 1193 2699 1242 vocatur
2729 1188 2934 1259 Fulda,
2967 1194 3021 1244 et
3047 1208 3149 1262 per
3195 1197 3251 1250 te
3301 1195 3456 1253 idem
3485 1201 3808 1256 venerabili

2156 1275 2508 1330 monasterio
2535 1277 2774 1346 suisque
2806 1279 3263 1347 successoribus,
3298 1284 3357 1338 in
3390 1292 3762 1358 perpetuum.

2223 1363 2501 1418 Convenit
2557 1365 2874 1435 apostolico
2933 1369 3319 1424 moderamini
3370 1373 3468 1443 pia
3526 1375 3809 1448 religione

2154 1450 2508 1522 pollentibus
2531 1453 2807 1508 benevola
2827 1457 3238 1526 compassione
3261 1476 3596 1518 succurrere
3617 1469 3673 1518 et
3695 1481 3807 1535 po-

2153 1539 2452 1595 scentibus
2475 1541 2637 1610 juste
2667 1545 2723 1596 et
2755 1541 3018 1614 religiose
3049 1543 3228 1600 alacri
3261 1547 3554 1605 devotione
3592 1568 3802 1608 assen-

2154 1645 2286 1682 sum
2318 1628 2623 1700 impertiri.
2644 1630 2725 1684 Ex
2757 1629 2862 1686 hoc
2893 1631 3051 1687 enim
3083 1631 3230 1688 lucri
3251 1636 3622 1706 potissimum
3650 1657 3802 1710 prae-

2153 1716 2337 1772 mium
2370 1735 2403 1771 a
2433 1718 2730 1775 conditore
2759 1720 3047 1789 omnium,
3082 1721 3429 1795 Deo,procul
3461 1726 3638 1782 dubio
3668 1745 3802 1799 pro-

2154 1807 2523 1874 meremur,si
2548 1808 2904 1864 venerabilia
2933 1809 3060 1865 loca
3091 1817 3418 1882 opportune
3438 1815 3711 1872 ordinata
3732 1818 3804 1872 ad

2151 1893 2450 1950 meliorem
2465 1895 2679 1951 fuerint
2699 1897 2823 1952 sine
2841 1897 3019 1953 dubio
3043 1903 3260 1955 statum
3288 1903 3802 1977 perducta.Igitur,

2153 1983 2290 2054 quia
2319 1985 2662 2054 postulastis
2695 2003 2728 2040 a
2758 1985 2947 2050 nobis,
2971 1987 3329 2044 decrevimus
3351 1995 3551 2047 nostra
3569 1998 3806 2064 aposto-

2151 2070 2263 2127 lica
2291 2073 2672 2143 praeceptione
2702 2076 3076 2130 reconcedere
3120 2093 3186 2131 ac
3208 2078 3620 2134 reconﬁrmare
3663 2097 3804 2151 per-

2151 2161 2457 2232 petualiter
2485 2161 2646 2216 vobis
2659 2162 2982 2234 vestrisque
2995 2165 3422 2222 successoribus
3445 2167 3804 2238 praedictum

2151 2250 2573 2304 monasterium
2595 2250 2910 2306 Salvatoris
2929 2247 3366 2309 Dominilnostri
3387 2255 3528 2310 Jesu
3551 2255 3800 2325 Christi,

2151 2341 2206 2391 et
2236 2339 2428 2392 Sancti
2463 2339 2949 2407 Bonifacii,situm
2973 2341 3034 2396 in
3054 2341 3179 2396 loco
3200 2343 3300 2413 qui
3320 2347 3559 2398 vocatur
3580 2345 3803 2401 Boche-

2153 2425 2267 2493 nia,
2304 2427 2465 2495 juxta
2495 2427 2681 2498 ripam
2717 2428 2974 2484 fluminis
3007 2430 3163 2501 quod
3193 2431 3405 2486 dicitur
3433 2431 3636 2499 Fulda,
3662 2449 3798 2488 cum

2153 2513 2426 2570 omnibus
2458 2515 2632 2571 rebus
2664 2516 2982 2571 mobilibus
3001 2521 3058 2572 et
3079 2517 3483 2574 immobilibus
3515 2520 3627 2576 sibi
3669 2537 3796 2592 per-

2153 2601 2646 2673 tinentibus,quas
2671 2621 2824 2660 nunc
2846 2605 3023 2662 habet
3052 2611 3110 2662 et
3137 2607 3194 2661 in
3228 2607 3445 2673 futuro,
3478 2608 3593 2664 Deo
3634 2609 3795 2664 auxi-

2152 2689 2349 2757 liante,
2381 2691 2636 2746 habebit.
2665 2693 3046 2749 Concedimus
3075 2696 3251 2751 etiam
3284 2700 3460 2767 atque
3505 2697 3797 2754 donamus

2149 2779 2331 2846 vobis,
2366 2780 2711 2836 charissima
2758 2799 2823 2837 ac
2879 2783 3258 2839 dilectissime
3319 2783 3421 2852 ﬁli,
3468 2785 3797 2857 vestrisque

2152 2868 2556 2924 sucessoribus
2585 2870 2900 2925 abbatibus
2932 2871 2988 2926 in
3024 2877 3394 2942 perpetuum,
3426 2889 3530 2944 pro
3580 2890 3795 2946 magno

2151 2959 2351 3010 nostro
2384 2973 2577 3012 amore
2609 2957 2906 3030 nimiaque
2953 2958 3258 3015 dilectione
3291 2977 3468 3032 quam
3511 2961 3668 3018 circa
3697 2980 3796 3019 vos

2150 3043 2437 3100 habemus
2459 3049 2515 3100 et
2541 3045 2753 3100 habere
2773 3047 3047 3119 deinceps
3069 3049 3794 3120 cupimus,monasterium

2147 3132 2340 3186 Sancti
2387 3133 2626 3187 Andreae
2659 3133 2926 3205 apostoli,
2965 3137 3118 3206 quod
3168 3142 3408 3192 vocatur
3461 3139 3792 3207 Exaiulum,

403 3227 656 3284 ecclesia
705 3201 1102 3283 constructum
1125 3230 1212 3281 est
1234 3201 1652 3280 monasterium
1696 3223 1842 3278 nihil
1887 3224 1944 3277 in
1977 3238 2043 3278 eo
2071 3201 2114 3268 (ἶ
2151 3220 2329 3276 situm
2362 3221 2554 3278 Romm
2578 3221 2746 3291 juxta
2786 3222 3092 3279 ecclesiam
3123 3226 3346 3280 Sanctae
3369 3225 3470 3282 Dei
3492 3228 3793 3299 genitricis

401 3315 614 3372 habeat
633 3316 788 3387 juris
835 3320 935 3370 aut
982 3315 1285 3386 potestatis
1334 3318 1537 3385 praeter
1582 3311 2039 3367 ecclesiasticum

403 3405 682 3478 regimen,
705 3409 763 3460 et
789 3405 1109 3459 secundum
1141 3403 1420 3459 canonica
1451 3402 1718 3456 instituta
1748 3401 2041 3471 episcopa-

398 3493 513 3549 lem
546 3496 912 3566 potestatem.
947 3492 1273 3547 Statuimus
1321 3491 1500 3563 igitur
1547 3489 1867 3561 apostolica
1904 3505 2034 3543 cen-

395 3598 555 3650 sura,
588 3582 697 3637 sub
727 3581 904 3636 divini
929 3580 1138 3650 judicii
1170 3578 1573 3646 obtestatione,
1615 3583 1680 3632 ut
1722 3577 1883 3632 nulla
1935 3595 2033 3648 po-

392 3675 572 3728 testas
603 3670 926 3743 imperialis
955 3669 1043 3725 vel
1073 3669 1234 3742 regia
1262 3667 1678 3734 ecclesiastica,
1711 3667 1799 3722 vel
1849 3683 2030 3722 saecu-

390 3759 551 3826 laris,
581 3759 669 3814 vel
723 3759 995 3830 quzelibet
1044 3757 1351 3813 hominum
1405 3773 1652 3828 persona
1700 3772 1914 3828 magna
1941 3755 2029 3810 vel

386 3864 584 3920 parva,
613 3849 1017 3920 cujuscunque
1049 3847 1123 3902 sit
1155 3863 1326 3901 sexus
1358 3845 1445 3900 vel
1476 3845 1895 3909 aztatis,contra
1920 3843 2026 3899 hoc

385 3940 596 3992 nostrze
618 3936 944 4008 apostolicae
974 3936 1140 4005 [abest
1163 3932 1513 4006 apostolicae]
1537 3932 2024 3988 corroborationis

382 4024 751 4097 privilegium
799 4023 996 4079 venire
1052 4027 1355 4093 pertentet.
1389 4021 1664 4092 Quisquis
1703 4037 1834 4076 vero
1868 4037 2022 4091 quas-

379 4113 762 4184 quaave,quod
777 4111 958 4167 absit!
988 4111 1369 4181 fuerit,usque
1391 4110 1460 4163 ad
1486 4109 1833 4179 condignam
1856 4109 2022 4164 satis-

377 4200 712 4266 factionem,
767 4199 950 4254 nostri
993 4198 1290 4268 apostolici
1343 4197 1735 4253 anathematis
1784 4197 2020 4252 vulnere

375 4287 615 4344 saucius
645 4286 872 4342 existat.
906 4287 1012 4352 Qui
1039 4303 1170 4341 vero
1203 4287 1272 4342 ab
1304 4286 1396 4341 his
1445 4286 1756 4358 prohibitis
1787 4303 1848 4342 se
1877 4303 2014 4342 cus-

373 4373 627 4441 todierit,
662 4378 718 4428 et
749 4374 1034 4446 quidquid
1067 4373 1160 4430 hic
1192 4375 1400 4446 legitur
1433 4375 1650 4430 illibate
1681 4375 2014 4431 observave-

371 4463 445 4518 rit
475 4460 708 4534 pleuam
740 4479 774 4518 a
803 4463 972 4518 nobis
1003 4462 1212 4519 habeat
1241 4464 1724 4530 benedictionem,
1749 4467 1804 4519 et
1834 4481 1866 4519 a
1895 4464 2009 4520 Deo

368 4550 790 4621 sempiternam
822 4551 1091 4608 salutem.

436 4639 649 4695 Datum
678 4657 713 4695 v
744 4641 826 4695 Id.
858 4641 1012 4710 Jan.,
1045 4659 1146 4713 per
1185 4659 1395 4698 manus
1444 4641 1712 4697 Aribonis
1742 4642 1863 4698 vice
1891 4644 2005 4697 An-

362 4728 533 4786 nonis
575 4729 1089 4800 archicancellarii,
1125 4732 1397 4787 Romamn
1421 4724 1712 4787 Ecclesiae.
1737 4734 1793 4786 et
1839 4731 2003 4787 Colo-

360 4819 581 4877 niensis
609 4821 1054 4894 archiepiscopi,
1090 4838 1242 4876 anno
1296 4837 1428 4875 vero
1463 4821 1769 4889 [secundo)
1800 4820 2000 4876 domni

355 4925 516 4981 papae
548 4909 794 4968 Victoris
825 4913 895 4977 II,
929 4909 1132 4966 indict.
1168 4926 1200 4962 x
1237 4909 1332 4980 (3).

414 5256 774 5339 (3‘Appensa
801 5261 890 5339 est
917 5256 1391 5339 huicndiplomati
1423 5257 1660 5339 rarioris
1693 5261 1837 5313 notae
1869 5259 1998 5314 bul-

341 5325 741 5410 la;pluu‘ibea,
819 5329 999 5384 altera
1047 5325 1192 5384 facie
1240 5329 1549 5401 exhibens,
1575 5330 1820 5386 Romam
1861 5347 1994 5387 cum

341 5397 660 5470 epigraphe
695 5417 707 5453 :

411 5537 470 5553 η.
749 5539 758 5549 .
815 5539 849 5553 ,,
918 5471 1160 5553 ᾼυίῑβΑ
1198 5472 1418 5553 Itonia.

410 5537 1207 5617 Circumscriptisninp‘rbem
1230 5543 1451 5617 verbis.

787 5614 815 5675 ῒ
857 5609 1188 5670 VICTORIS
1227 5613 1431 5672 ΡΑΡίΕ
1473 5611 1540 5666 ΙΙ.

2152 3309 2343 3365 Mariae
2374 3325 2606 3381 semper
2633 3311 2896 3383 virginis,
2930 3328 3054 3383 quae
3085 3319 3324 3370 vocatur
3367 3317 3452 3370 Ad
3508 3321 3790 3389 Praesepe,

2149 3415 2282 3452 cum
2315 3399 2589 3454 omnibus
2611 3400 3038 3470 mansionibus,
3057 3402 3389 3468 caminatis,
3422 3403 3608 3472 cellis,
3633 3407 3791 3463 vina-

2146 3486 2331 3553 riis,et
2351 3489 2761 3559 coquina,cum
2785 3489 3204 3558 vineis,hortis,
3223 3491 3589 3564 diversisque
3620 3510 3788 3566 gene-

2146 3575 2307 3630 ribus
2358 3593 2684 3648 pomorum,
2730 3594 2861 3632 cum
2913 3583 3073 3634 curte
3119 3583 3176 3634 et
3223 3583 3395 3650 puteo
3444 3586 3499 3637 et
3548 3583 3788 3639 introitu

2141 3680 2243 3736 per
2272 3670 2500 3736 portam
2533 3666 2813 3736 majorem
2846 3682 2879 3721 a
2907 3666 2998 3721 via
3028 3665 3281 3738 publica,
3315 3671 3372 3723 et
3410 3686 3545 3724 cum
3597 3671 3788 3728 omni-

2139 3753 2249 3808 bus
2296 3754 2366 3807 ad
2418 3753 2573 3808 idem
2623 3753 3045 3810 monasterium
3096 3755 3449 3826 generaliter
3499 3761 3788 3830 pertinen-

2138 3842 2318 3909 tibus,
2349 3845 2468 3897 tam
2501 3842 2654 3897 intra
2701 3861 2876 3914 quam
2927 3848 3087 3900 extra
3138 3846 3343 3901 urbem
3384 3847 3540 3914 sitis,
3573 3865 3704 3920 quae
3736 3851 3784 3905 ei

2126 3931 2286 3999 juste
2311 3948 2376 3986 ac
2408 3935 2559 3986 recte
2593 3931 2878 4002 pertinere
2911 3933 3356 4004 dignoscuntur.
3395 3935 3783 3993 Prohibemus

2132 4023 2325 4074 autem
2359 4036 2594 4074 omnem
2628 4019 2944 4090 cujuslibet
2991 4021 3256 4078 Ecclesiae
3313 4025 3682 4080 sacerdotem
3725 4027 3778 4080 in

2131 4107 2284 4161 idem
2327 4112 2583 4162 vestrum
2631 4107 2916 4164 Fuldense
2972 4111 3395 4166 monasterium
3453 4114 3780 4183 quamlibet

2129 4194 2404 4251 ditionem
2438 4197 2669 4262 habere,
2703 4196 2786 4251 vel
2819 4198 3242 4264 auctoritatem,
3276 4204 3484 4272 praeter
3516 4208 3776 4258 nostram

2126 4284 2502 4354 apostolicam
2534 4284 2753 4349 sedem,
2787 4285 3117 4357 specialiter
3147 4287 3488 4360 episcopum
3523 4289 3584 4345 in
3609 4292 3778 4361 cujus

2123 4371 2354 4427 dioecesi
2405 4376 2806 4430 constructum
2863 4391 2990 4430 esse
3035 4375 3283 4442 videtur,
3319 4376 3398 4432 ita
3431 4383 3519 4444 ut,
3551 4379 3670 4434 nisi
3705 4380 3776 4435 ab

2120 4461 2328 4518 abbate
2361 4462 2697 4516 monasterii
2745 4463 2920 4518 fuerit
2967 4463 3264 4530 invitatus,
3298 4481 3401 4520 nec
3453 4466 3773 4523 missarum

2043 4568 2090 4632 Β
2117 4549 2402 4604 solemnia
2435 4549 2648 4604 ibidem
2683 4550 2969 4607 celebrare
3000 4556 3337 4624 praesumat.
3373 4553 3535 4609 Dona
3556 4561 3776 4622 vero,et

2118 4637 2440 4694 oblationes
2473 4639 2848 4712 decimasque
2877 4639 3397 4713 ﬁdelium,absque
3431 4642 3610 4700 ullius
3641 4661 3774 4714 per-

2112 4743 2264 4783 sona:
2296 4727 2723 4796 contrarietate,
2759 4728 3039 4785 ﬁrmitate
3070 4734 3351 4801 perpetua
3380 4729 3488 4802 ipsi
3524 4747 3767 4789 monas-

2111 4816 2253 4872 terio
2284 4821 2496 4884 vestro,
2530 4818 2856 4872 secundum
2889 4819 3382 4889 praedecessorum
3422 4823 3764 4877 nostrorum

2110 4905 2432 4978 privilegia,
2455 4907 2871 4963 conﬁrmamus
2900 4910 2954 4962 et
2984 4910 3446 4966 corroboramus.
3480 4907 3764 4965 Decerni-

2109 5010 2242 5049 mus
2276 4995 2451 5050 etiam
2483 5012 2553 5050 nc
2567 4995 2740 5051 alicui
2758 5012 3015 5068 persona
3031 5015 3254 5070 magnae
3275 4996 3357 5054 vel
3376 5013 3565 5069 parva)
3586 4995 3767 5056 liceat

2110 5082 2366 5153 aliquam
2399 5083 2516 5138 vim
2545 5083 2633 5139 vel
2663 5085 3117 5140 controversiam
3160 5087 3372 5142 inferre
3408 5085 3600 5142 eidem
3634 5104 3760 5144 mo-

2180 5259 2368 5334 Altera
2397 5276 2609 5331 papam
2638 5261 2943 5334 mitratum
2975 5278 3272 5334 manuque
3302 5262 3524 5321 clavem
3554 5279 3586 5320 θ
3616 5267 3759 5323 coelo

2106 5331 2550 5402 protendentem
2583 5332 2778 5389 addito
2811 5333 2980 5388 titulo
3015 5351 3028 5388 :

2205 5487 2278 5526 TU
2320 5486 2428 5525 PRO
2469 5487 2548 5524 ME
2586 5488 2777 5530 NAVEM
2818 5491 3082 5544 LIQUISTI,
3125 5492 3362 5534 SUSCIPE
3400 5494 3646 5536 CLAVEM.
