3966 6212
158 325 278 393 885

165 561 427 619 unquam
458 544 598 600 illuc
620 542 846 616 ingredi
875 546 1210 614 praesumat,
1238 550 1439 602 nostra
1486 545 1806 617 apostolica

164 633 568 693 interdicimus
587 631 955 697 auctoritate,
974 636 1029 688 et
1046 648 1123 687 ne
1142 633 1273 704 quis
1295 637 1491 689 autem
1523 632 1802 704 placitum

164 725 245 781 ibi
275 725 486 779 habeat
525 722 613 779 vel
640 721 699 776 in
738 720 961 778 caeteris
991 721 1120 791 ejus
1142 719 1304 791 locis,
1339 737 1443 777 nec
1472 738 1669 778 servos
1701 737 1805 777 nec

164 812 398 870 colonos
429 812 501 867 ad
534 810 773 883 aliquod
803 809 1104 865 servitium
1143 811 1524 883 constringat,
1567 810 1680 865 nisi
1711 810 1803 866 cui
1891 852 1894 857 .

165 902 342 957 abbas
374 901 445 955 ad
465 899 781 956 utilitatem
806 915 923 954 81183
952 900 1316 955 necessitatis
1337 916 1645 955 assensum
1666 917 1805 971 prae-

165 989 371 1046 buerit.
404 987 670 1060 Eligendi
693 1004 926 1060 quoque
948 988 1217 1045 abbatem
1239 987 1371 1054 sibi,
1397 989 1633 1059 quando
1655 1004 1804 1059 opus

165 1077 354 1145 fuerit,
378 1078 587 1133 fratres
608 1077 761 1132 inter
781 1094 842 1132 se
854 1079 1198 1148 potestatem
1216 1076 1468 1132 habeant
1479 1077 1804 1132 secundum

166 1165 431 1237 regulam
454 1165 639 1222 sancti
662 1164 975 1231 Benedicti,
998 1164 1125 1223 sine
1142 1164 1318 1222 ullius
1346 1165 1806 1221 contradictione

169 1271 445 1328 personis.

238 1342 522 1398 Caeterum
570 1357 703 1396 vero
734 1341 840 1396 hoc
882 1341 1269 1397 deliberantes
1306 1342 1677 1397 decernimus
1718 1346 1800 1410 ut,

169 1430 441 1503 congruis
464 1431 847 1502 temporibus,
882 1433 1091 1486 nostrae
1120 1430 1500 1486 sollicitudini
1531 1430 1805 1488 ecclesia-

166 1519 320 1576 διὶοω
352 1519 660 1574 intimetur
690 1518 939 1590 qualiter
967 1518 1167 1590 religio
1202 1519 1524 1575 monastica
1553 1518 1805 1591 regulari

166 1607 369 1665 habitu
412 1607 706 1679 dirigatur
757 1606 1182 1678 concordiaque
1231 1607 1591 1663 convenienti
1626 1607 1805 1663 eccle-

169 1697 406 1754 siastico
428 1688 1023 1768 studiomancipetur,
1038 1712 1110 1753 ne
1124 1696 1289 1763 forte,
1313 1696 1467 1768 quod
1489 1694 1664 1751 absit!
1694 1696 1804 1750 sub

1138 319 1541 409 EPISTOLJE
1582 321 1684 385 ET
1727 319 2089 407 DECRETA
2133 322 2598 389 PONTIFICIA.

166 455 416 515 nasterio
458 453 520 511 in
567 453 743 510 rebus
789 468 856 510 ac
894 450 1147 511 familias
1192 455 1359 525 ejus;
1392 432 1449 510 et
1477 472 1549 512 ne
1591 453 1893 521 feminaiA
1966 497 1969 501 .

3449 324 3567 389 896

2679 456 2794 513 XV.

2018 545 2240 601 Victoris
2270 547 2321 601 ΙΙ
2349 548 2715 618 privilegium
2736 561 2840 619 pro
2872 545 3108 602 Ecclesia
3144 546 3465 603 Trevirensz‘.

2547 637 2733 707 (Anno
2762 636 2943 707 1057.)

1987 722 2307 793 [Genuam
2343 723 2520 779 Codex:
2548 726 2771 796 diplom.
2809 722 2978 779 Rhen.
3012 725 3223 791 510561.,
3255 741 3310 796 p.
3344 723 3497 797 434.]

1982 809 2198 866 VICTOR
2245 812 2574 884 episcopus,
2611 829 2811 867 servus
2846 828 3144 867 servorum
3175 812 3298 880 Dei,
3340 813 3444 867 tibi
3476 812 3568 868 di-

1914 899 2059 953 lecto
2087 901 2361 955 confratri
2394 918 2458 957 ac
2498 906 2709 957 sanctae
2754 902 3113 956 Trovirensis
3156 902 3425 958 Ecclesiae
3474 920 3569 958 ar-

1915 987 2282 1060 chiepiscopo
2316 989 2549 1061 tuisque
2579 990 3018 1045 successoribus
3050 990 3107 1048 in
3137 996 3507 1062 perpetuum.

1984 1076 2168 1131 Justis
2200 1094 2264 1131 ac
2285 1077 2528 1132 Domino
2552 1078 2780 1148 placitis
2810 1078 3188 1148 petitionibus
3212 1081 3565 1137 alfectuosus

1916 1166 2157 1219 debetur
2187 1167 2444 1221 ell‘ectus.
2481 1166 2627 1232 Quid
2660 1166 2817 1222 enim
2849 1167 2907 1221 in
2941 1169 3385 1238 prmsentiarum
3446 1174 3566 1225 tam

1908 1255 2162 1325 justum,
2177 1258 2294 1309 tam
2312 1254 2427 1310 Deo
2442 1254 2740 1326 placitum,
2759 1271 2935 1326 quam
2954 1260 3004 1309 ct
3027 1258 3354 1314 revercndis
3370 1276 3434 1313 ac
3455 1259 3569 1330 piis

1913 1342 2141 1400 locisad
2155 1342 2389 1399 laudem
2407 1342 2719 1415 et'gloriam
2742 1344 2999 1399 nominis
3022 1344 3207 1413 ipsius
3223 1346 3414 1401 debila
3430 1364 3564 1402 anc—

1918 1428 2141 1497 toritas,
2175 1433 2497 1489 reverentia
2538 1431 2736 1497 simul,
2771 1450 2837 1487 ac
2884 1431 3128 1497 utilitas,
3161 1434 3485 1488 vindicetur
3514 1440 3570 1489 et

1917 1520 2331 1576 conservetur?
2373 1522 2735 1593 Quapropter
2783 1520 2887 1591 pim
2948 1519 3329 1575 sollicitudini
3356 1525 3467 1576 tuae
3506 1522 3567 1576 in

1917 1608 2319 1664 confirmando
2350 1625 2414 1664 ac
2438 1609 2854 1681 perpetualitcr
2883 1609 3190 1665 retinendo
3224 1610 3328 1679 jus
3360 1614 3571 1665 sanctae

1892 1696 2274 1753 -Trevirensis
2303 1696 2568 1753 Ecclesia:
2591 1698 2695 1753 tibi
2738 1697 3143 1769 temporalitor
3200 1699 3571 1754 commisisse

169 1786 352 1856 hujus
372 1784 1183 1857 privilegiiobtentu,animus
1199 1800 1551 1857 gressusque
1569 1784 1806 1840 rectitu-
1840 1818 1891 1883 B
1921 1784 2241 1857 plurimum
2291 1786 2787 1857 congratulamur,
2837 1786 3164 1841 clarissime
3208 1787 3376 1843 nobis
3416 1804 3480 1843 ac
3512 1787 3572 1843 in

169 1873 326 1930 dinis
341 1876 544 1929 vestrae
556 1889 589 1929 a
604 1889 804 1931 norma
817 1873 1047 1943 iustitiae
1063 1873 1817 1946 aliquomodoretorquatur

170 1961 557 2018 Concedimus
578 1961 753 2017 etiam
766 1960 891 2028 tibi,
913 1977 1090 2032 quem
1109 1962 1254 2017 bene
1272 1963 1566 2018 eruditum
1589 1967 1645 2019 et
1665 1964 1812 2018 bene

170 2049 537 2121 eloquentem
583 2048 771 2105 virum
818 2066 945 2106 esse
995 2050 1284 2117 novimus,
1335 2051 1677 2107 dulcissime
1708 2051 1810 2117 ﬁli,

170 2137 482 2211 praedicare
502 2137 743 2193 verbum
766 2137 866 2194 Dei
886 2138 1245 2205 auctoritate,
1269 2139 1455 2194 sancti
1472 2139 1625 2196 Petri
1642 2157 1811 2213 apos-

171 2226 271 2283 toli
298 2225 424 2294 Dei,
458 2228 515 2282 et
542 2230 742 2283 nostra
770 2226 901 2297 ejus
934 2226 1178 2298 indigne
1224 2227 1445 2299 vicarii,
1484 2233 1541 2284 et
1573 2233 1656 2294 ut,
1691 2233 1812 2284 tam

170 2332 266 2370 vos
312 2330 494 2387 quam
519 2330 902 2371 successores
952 2316 1150 2384 vestri,
1204 2319 1336 2372 ante
1365 2316 1531 2384 falios
1570 2317 1811 2374 abbates

168 2402 362 2460 Gallia
386 2418 488 2459 seu
504 2402 827 2459 Germaniae
851 2402 1169 2474 primatum
1187 2406 1426 2462 sedendi
1444 2405 1502 2462 in
1522 2406 1681 2462 omni
1701 2406 1812 2462 loci

170 2495 575 2564 conventuque
595 2494 796 2548 nostra
817 2491 1135 2563 apostolica
1148 2493 1489 2551 auctoritate
1503 2494 1811 2551 obtineatis

164 2582 362 2637 Abbas
391 2596 546 2646 vero,
581 2598 699 2636 non
732 2580 843 2636 nisi
868 2597 902 2636 a
922 2586 1121 2637 nostra
1142 2581 1459 2654 apostolica
1474 2583 1617 2639 sede
1638 2583 1811 2639 bene-

165 2670 415 2738 dicatur,
450 2687 485 2726 a
515 2686 629 2741 qua
649 2667 940 2727 benedicti
971 2670 1162 2737 debet,
1182 2674 1272 2739 et,
1306 2671 1449 2728 siin
1481 2671 1815 2742 aliquocri-

163 2758 324 2815 mine
355 2762 666 2815 accusatus
699 2750 896 2827 fuerit,
927 2760 1232 2817 deeadem
1264 2763 1465 2816 nostra
1494 2759 1814 2832 apostolica

162 2847 304 2903 sede
334 2849 566 2905 tantum
588 2846 1219 2919 judiciumexspectet.
1242 2847 1422 2907 Usum
1441 2864 1674 2920 quoque
1695 2848 1814 2905 dal-

163 2933 396 2991 maticae
419 2938 475 2989 et
498 2933 919 3003 sandaliorum,
942 2936 1265 2993 secundum
1286 2937 1438 3009 quod
1467 2937 1538 2993 ab
1555 2941 1810 2993 anteces-

162 3022 403 3080 soribus
429 3024 645 3081 nostris
668 3023 831 3080 vobis
853 3040 1197 3087 concessum
1220 3029 1327 3091 est,
1351 3026 1727 3085 concedimus
1750 3031 1815 3085 et

162 3114 608 3195 confirmamus.
636 3113 817 3186 Igitur
832 3114 1184 3187 generaliter
1203 3115 1535 3172 addendum
1564 3115 1811 3188 dignum

1924 1873 2153 1929 Christo
2165 1874 2778 1930 reverendeconfrater
2795 1891 2858 1930 ac
2873 1875 3571 1947 coepiscochberbarde,

1886 1998 1892 2002 τ
1915 1964 2087 2034 juxta
2103 1966 2267 2019 tuam
2300 1963 2740 2035 suggestionem
2771 1981 2837 2018 ac
2862 1962 3161 2034 privilegia
3179 1966 3571 2035 praedecesso-

1920 2068 2054 2107 rum
2087 2056 2419 2107 nostrorum
2449 2052 2695 2107 Joannis
2726 2051 2992 2107 videlicet
3023 2052 3119 2107 XII
3151 2069 3334 2124 papae,
3368 2070 3432 2107 ac
3464 2059 3566 2108 Be-

1922 2140 2136 2196 nedicti
2181 2141 2305 2206 VII,
2368 2141 2545 2196 beatae
2605 2156 2838 2211 quoque
2896 2140 3189 2195 memorize
3240 2141 3444 2197 Leonis
3502 2142 3571 2196 IX

1924 2245 2026 2301 per
2045 2229 2226 2299 hujus
2254 2228 2440 2284 nostri
2468 2227 2748 2300 privilegii
2775 2228 3179 2284 auctoritatem
3201 2229 3572 2285 decernimus

1923 2335 1988 2375 ac
2018 2318 2438 2374 conﬁrmamus
2469 2316 2572 2372 tibi
2608 2316 2841 2388 tuisque
2874 2321 3002 2388 post
3035 2321 3090 2372 te
3132 2318 3571 2374 successoribus

1924 2406 2244 2479 primatum
2295 2404 2490 2461 Galliae
2520 2405 2777 2477 Belgicae,
2814 2406 2920 2460 hoc
2965 2406 3157 2473 modo,
3191 2411 3274 2473 ut,
3309 2408 3570 2477 quando-

1922 2512 2152 2567 cunque
2184 2513 2217 2551 a
2246 2500 2446 2550 nostra
2476 2494 2783 2567 principali
2805 2511 2869 2550 ac
2893 2493 3213 2565 apostolica
3242 2496 3380 2550 sede
3411 2511 3571 2565 pres-

1920 2584 2086 2654 byter
2114 2583 2202 2639 vel
2235 2584 2517 2639 diaconus
2548 2583 2635 2638 vel
2660 2583 3079 2650 subdiaconus,
3105 2582 3190 2638 vel
3215 2582 3459 2653 quilibet
3481 2602 3571 2638 or-

1922 2672 2186 2728 dinarius
2226 2672 2457 2746 legatus
2490 2688 2593 2744 pro
2625 2671 3027 2728 ecclesiasticae
3058 2671 3329 2727 utilitatis
3374 2690 3570 2742 causa,

1922 2777 2025 2817 seu
2074 2762 2409 2833 peragenda
2457 2761 2678 2833 synodo
2728 2760 2786 2815 in
2836 2759 3083 2817 Galliam
3132 2760 3573 2818 Germaniamve

1925 2850 2186 2906 directus
2218 2850 2412 2917 fuerit,
2438 2852 2503 2905 tu
2526 2849 2733 2921 tuique
2754 2866 3123 2905 successores
3149 2853 3281 2922 post
3301 2850 3572 2906 eumdem

1921 2938 2307 3010 apostolicum
2340 2938 2596 3011 legatum
2630 2937 2886 3010 primum
2909 2938 3063 2994 inter
3091 2937 3237 2993 alios
3269 2938 3573 3010 pontiﬁces

1920 3027 2112 3083 locum
2135 3026 2466 3093 obtineatis,
2491 3029 2549 3082 et
2571 3026 2619 3082 si
2642 3027 2860 3082 missus
2885 3028 3159 3083 Romanae
3182 3026 3452 3082 Ecclesiae
3474 3028 3574 3083 de-

1914 3115 2120 3183 fuerit,
2155 3115 2428 3172 similiter
2467 3119 2598 3188 post
2640 3117 3055 3188 imperatorem
3098 3115 3216 3171 sive
3247 3131 3442 3188 regem
3476 3133 3571 3172 se-

162 3185 446 3257 duximus
494 3206 577 3270 ut,
620 3180 927 3274 quidquid,
977 3203 1323 3261 auctoritate
1372 3180 1889 3271 antecess‘orum’iC
1928 3180 2599 3275 dendisententiamque
2620 3180 2960 3270 dicendi,ac
2980 3203 3257 3275 synodale
3279 3180 3570 3274 judicium

161 3290 564 3363 quorumlibet
582 3294 918 3348 nostrorum
938 3307 1144 3365 regum
1165 3296 1221 3349 et
1238 3292 1681 3365 imperatorum,
1699 3294 1813 3366 ipsi

158 3383 353 3436 vestro
397 3378 674 3435 Fuldensi
720 3380 1072 3437 monasterio
1105 3386 1334 3439 constat
1360 3382 1544 3439 fuisse
1575 3399 1809 3441 conces-

158 3484 313 3537 sum,
350 3468 432 3523 sit
451 3466 627 3524 etiam
658 3472 857 3524 nostra
877 3469 1199 3542 apostolica
1218 3471 1564 3527 auctoritate
1584 3488 1685 3544 per
1702 3471 1811 3528 hoc

156 3561 433 3613 nostrum
451 3555 819 3627 privilegium
843 3559 1251 3615 confirmatum
1274 3563 1450 3632 atque
1481 3560 1813 3621 corrobora-

155 3648 309 3712 tum,
347 3645 673 3698 statuentes
716 3645 1032 3715 apostolica
1062 3663 1330 3714 censura,
1363 3650 1472 3705 sub
1504 3648 1682 3705 divini
1708 3649 1809 3719 ju-

155 3730 299 3789 dicii
326 3730 736 3801 obtestatione,
771 3749 843 3788 ne
875 3734 1006 3806 quis
1037 3751 1297 3806 unquam
1320 3740 1655 3792 nostrorum
1678 3742 1810 3808 post

159 3823 542 3878 decessorum
554 3820 1044 3893 pontiﬁcumRom
1054 3839 1553 3896 anorum,regum,
1569 3825 1805 3894 ducum,

161 3908 600 3978 marchionum,
634 3909 935 3979 comitum,
969 3914 1026 3967 et
1055 3915 1329 3983 praeterea
1357 3912 1811 3985 archiepiscopo-

164 4013 317 4065 rum,
353 3994 762 4069 episcoporum
785 4001 888 4054 aut
908 3997 1225 4070 cujuslibet
1244 3999 1546 4071 dignitatis
1568 4000 1653 4055 vel
1680 4018 1810 4061 con-

160 4084 405 4142 ditionis
435 4084 764 4154 hominum,
789 4091 990 4143 contra
1019 4088 1127 4144 hoc
1149 4091 1417 4144 nostrum
1440 4088 1807 4163 privilegium

162 4175 489 4248 quidquam
504 4175 715 4231 audeat
737 4179 1043 4233 attentare.
1069 4177 1232 4242 Quod
1254 4176 1305 4233 si
1330 4178 1462 4250 quis
1482 4195 1807 4252 praesump-

159 4263 320 4329 serit,
355 4261 501 4321 sciat
529 4280 591 4319 se
621 4262 806 4320 nostri
838 4263 1228 4321 anathematis
1256 4265 1487 4322 vinculo
1513 4283 1701 4339 usque
1732 4270 1805 4324 ad

160 4350 396 4424 dignam
424 4350 1285 4410 satisfactioneminsolubiliter
1303 4354 1668 4413 innodatum.
1693 4357 1802 4421 Qui

158 4443 351 4495 autem
386 4440 480 4513 pio
503 4438 719 4521 intuitu
747 4458 807 4497 se
838 4442 1202 4510 custodierit,
1234 4446 1289 4498 et
1321 4444 1473 4521 nein
1493 4444 1689 4518 aliquo
1711 4445 1801 4505 in-

1924 3293 2200 3349 canonice
2246 3291 2667 3364 promulgandi,
2699 3292 3020 3363 primatum
3053 3292 3341 3360 habeatis,
3374 3296 3574 3364 utpote

1917 3381 1982 3438 in
2014 3381 2131 3437 illis
2153 3381 2417 3452 partibus
2442 3379 2639 3435 vicarii
2665 3384 2873 3434 nostrae
2899 3380 3054 3435 sedis
3087 3380 3417 3451 apostolicae
3450 3397 3571 3436 me-

1923 3470 2031 3525 rito
2061 3469 2383 3525 constituti.
2415 3469 2612 3538 Neque
2644 3467 2889 3537 dignum
2911 3472 3001 3522 est
3032 3470 3095 3521 ut
3127 3467 3283 3535 illius
3306 3467 3572 3524 Ecclesim

1922 3557 2135 3630 praesul
2168 3556 2362 3628 aliquo
2382 3560 2644 3627 tempore
2674 3554 2905 3610 caeteris
2922 3572 3038 3611 non
3060 3554 3347 3611 habeatur
3370 3555 3572 3626 praela-

1921 3649 2039 3711 tus,
2070 3646 2238 3715 cujus
2267 3645 2453 3700 honor
2482 3644 2541 3697 in
2573 3643 2692 3699 illis
2722 3644 2989 3716 partibus
3019 3644 3146 3715 {sub
3178 3644 3304 3716 ipso
3338 3649 3570 3717 aposto-

1920 3733 2108 3790 lorum
2133 3732 2394 3806 principe
2424 3731 2611 3787 extitit
2642 3731 2995 3802 primitivus.
3025 3733 3092 3786 Et
3123 3749 3256 3787 cum
3306 3733 3570 3803 ejusdem

1920 3821 2191 3881 Ecclesiae
2219 3819 2693 3892 archipraesulem
2727 3821 2963 3877 beatum
2998 3820 3374 3889 Eucherium,
3409 3821 3571 3876 scili-

1922 3915 2010 3967 cet
2053 3928 2088 3966 a
2131 3910 2296 3966 beato
2330 3909 2495 3963 Petro
2542 3908 2936 3980 apostolorum
2986 3909 3247 3981 principe
3300 3908 3572 3965 novimus

1920 3998 2333 4066 ordinandum,
2372 3998 2524 4053 sicut
2554 4000 2608 4053 et
2640 3998 2872 4052 beatum
2909 3997 3303 4070 Apollinarem
3347 3999 3568 4054 Raven-

1921 4105 2005 4145 na:
2037 4088 2310 4153 civitatis,
2344 4086 2565 4158 placuit
2608 4087 2776 4142 nobis
2808 4087 2911 4143 tibi
2952 4087 3113 4143 fratri
3148 4092 3346 4143 nostro
3392 4087 3573 4143 Eber—

1918 4176 2099 4232 hardo
2139 4180 2352 4232 sancta:
2387 4174 2747 4231 Trevirensis
2790 4175 3055 4232 Ecclesiae
3106 4176 3571 4248 archiepiscopo,

1918 4266 2262 4338 cunctisque
2294 4270 2427 4337 post
2456 4268 2510 4321 te
2565 4265 3005 4320 successoribus
3035 4265 3151 4321 tuis
3209 4265 3569 4337 permittere,

1918 4358 2207 4429 quatenus
2239 4352 2465 4410 sicutin
2488 4354 2661 4408 unius
2695 4353 2845 4409 beati
2878 4354 3026 4409 Petri
3078 4353 3295 4410 scilicet
3320 4352 3569 4426 apostoli

1915 4442 2299 4511 ordinatione,
2328 4442 2757 4509 benedictione,
2791 4442 3128 4511 directione,
3174 4443 3451 4513 gentibus
3495 4446 3567 4498 ad

158 4526 447 4600 fringatur
476 4546 510 4584 a
538 4546 602 4586 se
633 4512 1041 4601 observaverit,
1081 4516 1503 4590 benedictionis
1552 4512 1881 4616 gratiaml)
1914 4532 2354 4607 praedicandum
2414 4530 2627 4587 Christi
2688 4531 3063 4604 Evangelium
3127 4532 3376 4587 aliarum
3430 4531 3568 4587 civi-

156 4620 212 4672 et
233 4622 607 4689 peccatorum
639 4637 881 4677 suorum
925 4621 1351 4681 absolutionem
1393 4640 1428 4678 a
1456 4623 1843 4681 retributore"

156 4707 421 4764 omnium
450 4708 740 4765 bonorum
763 4710 880 4768 Deo
902 4712 1181 4786 consequi
1198 4716 1490 4770 mereatur
1519 4717 1583 4769 ut
1601 4713 1660 4769 in
1692 4730 1801 4770 coe-

156 4792 284 4851 lesti
315 4797 454 4853 sede
484 4797 787 4871 glorietur.

368 4886 448 4958 (s.
478 4903 538 4959 p.
575 4888 647 4959 Β.)
898 4889 961 4946 Β.
993 4890 1060 4947 v.

224 4976 405 5031 Datus
442 4992 478 5031 v
510 4976 647 5032 Idus
681 4977 870 5049 Febr.,
921 4995 1025 5052 per
1071 4979 1624 5051 manusnAribonis,
1675 4971 1801 5036 vice

150 5061 436 5132 Anuonis,
465 5069 676 5121 sanctae
701 5066 974 5124 Romana:
995 5072 1055 5125 et
1070 5068 1399 5141 apostolicae
1421 5070 1579 5127 sedis
1610 5069 1800 5126 archi-

151 5152 498 5222 cancellarii,
544 5157 600 5209 et
645 5154 1004 5213 Coloniensis
1050 5158 1489 5232 archiepiscopi,
1563 5176 1714 5217 anno
1757 5176 1796 5213 ιι

150 5254 309 5313 papa
340 5240 589 5300 Victoris
622 5244 691 5311 II,
727 5243 1044 5303 indictione
1074 5265 1124 5302 χ.

1913 4626 2101 4679 tatum
2131 4620 2540 4694 praedicatores
2590 4620 2844 4691 aequales
2885 4622 3249 4689 exstiterunt,
3295 4620 3375 4675 ita
3421 4620 3477 4673 et
3507 4621 3567 4674 in

1882 4713 2230 4778 _missarum
2289 4709 2592 4767 solemniis
2673 4708 3038 4765 celebrandis
3102 4711 3160 4763 in
3231 4706 3568 4779 aequitando

1914 4819 2047 4859 cum
2079 4817 2254 4857 nacco
2286 4816 2388 4872 per
2436 4799 2719 4855 stationes
2753 4816 2816 4854 ac
2849 4798 3007 4853 omni
3043 4797 3262 4853 honore
3312 4794 3568 4865 aequales

1909 4891 2183 4948 existant.
2244 4889 2394 4943 Crux
2452 4889 2586 4941 ante
2652 4889 2709 4941 te
2769 4885 2923 4940 sicut
2980 4889 3113 4940 ante
3169 4884 3566 4938 Ravennatem

1909 4981 2085 5038 etiam
2168 4974 2663 5048 archipraesulem,
2734 4974 2831 5028 ubi
2906 4977 3161 5045 geratur,
3234 4969 3567 5026 cardinales

1909 5084 2138 5142 quoque
2171 5063 2513 5139 presbyterii
2546 5062 2627 5116 tui
2662 5067 2716 5117 te
2748 5062 2923 5117 fratre
2957 5064 3153 5116 nostro
3188 5058 3434 5113 missam
3469 5077 3563 5115 ce-

1906 5158 2168 5214 lebrante
2190 5152 2520 5208 dalmaticis
2542 5167 2608 5205 ac
2630 5149 2856 5203 diaconi
2882 5166 2996 5203 una
3018 5147 3181 5203 cum‘
3204 5146 3567 5219 presbyteris

1909 5242 2166 5303 sandalis
2199 5244 2464 5296 utantur.
2498 5238 2610 5292 Sed
2642 5240 2698 5291 et
2727 5241 2790 5291 tu
2814 5237 3019 5307 tuique
3042 5251 3411 5293 successores
3444 5238 3566 5293 Ro-

1909 5351 2084 5392 mana
2115 5331 2290 5387 mitra
2337 5328 2409 5383 ob
2449 5325 2680 5398 insigne
2713 5325 3003 5396 primatus
3042 5325 3102 5381 in
3147 5323 3570 5382 ecclesiasticis

1908 5423 2118 5481 officiis
2140 5421 2401 5477 Romano
2424 5431 2584 5472 more
2598 5413 2867 5481 utamini,
2892 5430 3238 5488 semperque
3259 5431 3360 5470 vos
3383 5415 3573 5474 disci~

1910 5511 2082 5586 pulos
2112 5511 2389 5567 Romanae
2439 5505 2594 5562 sedis
2643 5502 3137 5574 reminiscamini;
3180 5522 3244 5563 eo
3292 5505 3572 5563 videlicet

1911 5607 2075 5675 pacto
2106 5602 2265 5672 ut.tu
2296 5597 2499 5670 tuique
2536 5609 2902 5653 successores
2934 5595 3185 5669 singulis
3218 5597 3411 5668 annis,
3445 5590 3567 5654 nisi
