3966 6212
441 387 558 450 827

438 620 550 674 lica
578 615 739 671 vobis
768 610 1022 676 venerit;
1057 608 1278 679 legatos
1311 610 1531 661 vestros
1577 606 1649 660 ad
1680 622 1786 659 nos
1817 608 2078 660 nostros-

438 722 549 777 que
597 716 967 758 successores
1018 696 1198 753 semel
1249 695 1518 759 mittatis,
1569 711 1670 765 per
1720 710 1866 765 quos
1914 693 2078 748 vobis

435 795 507 848 de
561 791 778 847 nostris
833 787 1189 843 utilitatibus
1245 783 1486 855 agendis
1546 781 1662 838 illis
1713 783 1768 836 in
1812 783 2076 853 partibus

433 882 867 944 remandemus,
903 895 968 930 ac
1011 890 1244 946 semper
1289 873 1460 926 tertio
1509 889 1660 926 anno
1706 875 1964 942 excepta,
2015 875 2080 926 ut

435 971 651 1026 dictum
703 972 809 1034 est,
861 964 1141 1020 canonica
1182 960 1502 1024 vocatione,
1537 977 1638 1014 vos
1687 959 1798 1030 ipsi
1833 959 2076 1014 Romam

434 1057 784 1115 visitationis
816 1055 1004 1126 gratia
1044 1053 1264 1122 absque
1313 1048 1632 1103 inevitabili
1677 1064 1854 1102 causa
1889 1048 2079 1103 venia-

432 1149 529 1204 tis.
586 1146 713 1202 Pari
756 1159 1011 1214 namque
1041 1141 1212 1195 modo
1246 1137 1545 1194 sancimus
1575 1153 1778 1191 omnes
1808 1137 1866 1191 in
1905 1154 2076 1208 paro-

434 1237 582 1292 cbiis
613 1235 730 1290 tuis
768 1235 1042 1303 degentes
1074 1229 1192 1284 sive
1224 1226 1585 1283 ordinatione
1616 1243 1682 1281 ac
1716 1226 2077 1296 promotione

434 1325 747 1395 cujuslibet
795 1319 1170 1376 ecclesiastici
1213 1317 1428 1390 gradus
1479 1334 1510 1370 a
1556 1314 1720 1369 vobis
1754 1314 2074 1387 percipien-

434 1419 523 1469 tcs
554 1413 742 1468 eidem
793 1407 1019 1463 matrici
1051 1405 1313 1461 Ecclesia:
1345 1405 1586 1475 ejusque
1640 1403 2074 1474 archiepiscopo

434 1502 642 1556 debere
689 1498 962 1553 canonice
1012 1494 1255 1566 placere,
1287 1493 1526 1564 obsequi
1562 1508 1626 1546 ac
1651 1493 1786 1561 jure
1819 1491 2070 1545 obedire.

434 1588 733 1660 Siquidem
785 1586 1010 1639 decreto
1077 1581 1228 1636 beati
1297 1579 1607 1635 Clementis
1669 1596 1828 1650 papa:
1901 1596 2076 1650 super

435 1677 544 1731 hoc
575 1676 656 1730 ita
686 1678 920 1730 cautum
942 1673 1186 1726 videtur.
1221 1669 1281 1726 Si
1312 1686 1441 1724 vero
1473 1667 1759 1739 episcopis
1793 1685 1905 1722 non
1938 1668 2072 1723 obe-

435 1765 649 1820 dierint
675 1779 876 1817 omnes
910 1757 1249 1832 presbyteri,
1274 1757 1524 1824 diaconi,
1559 1773 1623 1810 ac
1648 1756 1856 1827 reliqui
1879 1755 2071 1810 clerici

1763 371 2123 440 VICTORIS
2165 370 2221 435 II
2263 371 2514 440 ΡΑΡιΕ.

441 533 587 587 forte
637 527 867 599 propter
905 518 1013 575 hoc
1045 515 1322 575 canonica
1357 514 1580 572 vocatio
1612 532 1645 572 a
1674 515 1810 571 sede
1839 518 2077 588 aposto-
2109 506 2161 572 Α

3732 381 3860 448 828

2933 510 3076 571 XVI.

2191 599 2648 676 Victorz'ngapx
2699 603 2748 676 Il
2806 603 3024 671 littere,
3085 603 3284 676 quibus
3341 605 3606 665 Ecclesiae
3674 607 3855 668 Silva

2256 672 2849 814 Spr’tidiqze’privilegia
2898 672 3191 732 Humbérti
3232 679 3470 751 episcopi
3506 681 3700 750 gratia
3732 700 3850 737 am-

2323 761 2338 797 ι
2385 760 2447 798 ca
2478 787 2489 798 .

2811 835 2996 905 (Anno
3029 836 3216 908 1057.)

2708 939 2920 1010 [ΜΑΝεῐ
2965 941 3110 1008 XIX,
3157 943 3308 1015 335.]

2257 1047 2474 1100 VICTOR
2511 1046 2842 1120 episcopus,
2889 1063 3094 1105 servus
3135 1066 3436 1107 servorum
3469 1052 3594 1116 Dei,
3631 1054 3845 1111 dilecto

2186 1130 2346 1186 fratri
2380 1136 2436 1186 et
2465 1133 2803 1206 coepiscopo
2831 1134 3172 1204 HUMBERTO,
3206 1142 3264 1192 et
3286 1155 3388 1210 per
3407 1155 3542 1196 eum
3563 1141 3843 1198 Ecclesia:

2186 1226 2521 1277 sanctarum
2567 1222 2860 1295 virginum
2907 1229 2964 1280 et
3013 1230 3335 1298 martyrum
3382 1229 3607 1286 Rufina:
3637 1233 3709 1285 et
3741 1232 3840 1286 Se-

2186 1311 2410 1378 cundae,
2445 1327 2570 1381 quae
2619 1312 2956 1368 nominatur
2998 1313 3154 1370 Silva
3193 1314 3472 1383 Candida,
3519 1318 3578 1372 in
3631 1335 3840 1391 perpe-

2183 1401 2373 1454 tuum.

2255 1487 2440 1541 Officii
2463 1487 2644 1543 nostri
2667 1503 2795 1544 esse
2812 1488 3197 1561 dignoscitur,
3217 1495 3284 1546 ut
3304 1508 3373 1548 ex
3397 1493 3554 1565 apice
3577 1511 3838 1552 summa:

2183 1576 2509 1647 apostolicae
2541 1576 2719 1644 sedis,
2742 1577 2833 1632 cui
2857 1577 2971 1633 Deo
2994 1583 3232 1636 auctore
3256 1583 3652 1653 praesidemus,
3689 1585 3837 1640 uni-

2183 1663 2442 1719 versitati
2457 1663 2580 1719 Eccl
2588 1665 2842 1721 esiarum
2854 1670 3136 1738 tanquam
3150 1669 3368 1726 nostris
3385 1669 3622 1742 reliquis
3636 1688 3833 1728 mem-

2183 1751 2304 1807 bris
2335 1752 2733 1810 consulamus.
2759 1755 2822 1809 In
2849 1771 2965 1826 qua
2987 1755 3212 1828 utique,
3237 1757 3285 1814 si
3308 1759 3407 1831 pia
3421 1763 3478 1815 et
3499 1763 3837 1818 necessaria

435 1853 649 1919 cuncti,
691 1865 1009 1920 omnesque
1059 1847 1349 1918 principes
1393 1850 1511 1900 tam
1573 1843 1810 1915 majoris
1850 1844 2073 1900 ordinis
2104 1872 2153 1938 B
2186 1839 2576 1896 sollicitudine
2607 1843 2887 1899 debemus
2921 1860 3159 1916 operam
3189 1851 3451 1904 nostram
3494 1849 3672 1905 etiam
3702 1850 3834 1906 lon-

436 1958 611 2015 quam
643 1938 933 1995 inferioris
977 1941 1151 2006 atque
1185 1934 1390 2006 reliqui
1422 1934 1619 2006 populi
1647 1933 1836 1988 tribus
1878 1937 1935 1989 et
1963 1933 2076 1988 lin-

432 2047 556 2101 gum
605 2046 715 2081 non
768 2024 1249 2097 nbtempaverint,
1293 2040 1325 2076 a
1382 2022 1685 2077 liminibus
1717 2027 1927 2077 sancta:
1974 2022 2075 2078 Dei

430 2119 696 2174 Ecclesiae
747 2115 918 2171 alieni
977 2117 1182 2178 erunt;
1234 2111 1464 2166 dicente
1505 2111 1751 2166 Domino
1785 2127 1796 2164 :
1835 2112 1940 2179 Qui
1985 2128 2076 2166 vos

428 2207 581 2262 audit
616 2222 704 2260 me
750 2205 925 2271 audit,
962 2206 1010 2257 ct
1041 2203 1136 2272 qui
1165 2217 1252 2256 vos
1284 2203 1491 2271 spernit
1530 2217 1617 2254 me
1661 2202 1885 2271 spernit.
1922 2200 2076 2256 Inter

428 2297 548 2351 hinc
579 2311 811 2367 quoque
858 2292 1056 2348 omnia
1085 2307 1212 2361 quae
1245 2290 1315 2344 ad
1350 2288 1721 2360 saepedictam
1753 2290 2073 2344 Treveren-

428 2402 551 2441 sem
601 2382 919 2438 Ecclesiam
960 2380 1112 2433 intra
1158 2382 1213 2433 et
1242 2382 1402 2432 extra
1441 2377 1727 2431 civitatem
1786 2377 2074 2448 pertinere

426 2474 736 2528 videntur:
773 2471 829 2523 id
863 2472 951 2524 est
981 2466 1257 2523 ecclesias
1280 2482 1412 2520 cum
1436 2465 1725 2519 universis
1757 2466 1929 2520 rebus
1960 2465 2072 2520 sibi

429 2560 835 2623 attinentibus,
899 2573 1002 2610 seu
1060 2553 1412 2609 monasteria
1468 2559 1589 2608 tam
1650 2554 2070 2609 monachorum

428 2665 605 2720 quam
629 2647 918 2718 virginum
941 2645 1011 2698 de
1039 2643 1254 2714 quibus
1275 2659 1342 2696 ex
1367 2642 1668 2713 praeceptis
1691 2643 1807 2697 sive
1837 2642 2070 2714 scriptis

428 2754 630 2810 regum
649 2754 750 2791 seu
778 2736 1195 2804 imperatorum
1209 2732 1325 2785 sive
1340 2730 1675 2784 eorumdem
1693 2731 2068 2786 fundatorum

428 2826 770 2882 auctoritate
803 2823 871 2878 ad
905 2839 964 2877 se
997 2820 1288 2892 pertinent
1319 2834 1383 2873 ac
1414 2818 1698 2890 pertinere
1738 2819 1968 2888 debent,
2004 2836 2069 2874 ac

427 2913 711 2986 quidquid
763 2909 1000 2966 omnino
1034 2908 1134 2965 illa
1165 2908 1291 2979 ipsa
1334 2907 1577 2962 ecclesia
1609 2908 1707 2962 ubi
1749 2912 1804 2963 et
1834 2925 2068 2980 quoquo

429 3002 633 3059 merito
660 3001 914 3073 possidet
933 3016 999 3054 ac
1023 2997 1318 3070 possidere
1346 2997 1516 3051 debet
1540 3013 1553 3052 :
1587 2997 1726 3067 quia
1747 2997 1826 3052 ita
1847 2997 2070 3053 inveni-

428 3109 561 3148 mus
593 3092 650 3146 in
683 3089 998 3162 privilegiis
1030 3087 1522 3160 praedecessorum
1572 3090 1938 3154 nostrorum;
1981 3088 2068 3141 id-

426 3183 578 3237 circo
605 3181 791 3235 eidem
822 3177 1085 3232 Ecclesiae
1109 3177 1227 3232 haec
1259 3176 1453 3232 omnia
1481 3193 1613 3231 cum
1637 3175 1912 3231 omnibus
1942 3176 2071 3230 atti-

2185 1928 2441 2000 ginquis,
2475 1933 2666 1986 etnon
2691 1931 3087 2003 quaerentibus
3117 1933 3264 1990 ultro
3286 1936 3608 2010 porrigere;
3644 1938 3834 1993 multo

2187 2017 2376 2089 magis
2418 2019 2765 2090 propinquis
2815 2019 3069 2091 sequela,
3120 2022 3322 2078 merito
3369 2039 3497 2080 eam
3538 2027 3838 2082 debemus

2185 2105 2550 2177 exigentibus
2572 2122 2883 2179 prorogare
2906 2125 2919 2163 ε
2947 2109 3079 2180 quia
3099 2109 3237 2164 dum
3256 2113 3483 2183 tempus
3505 2111 3839 2184 habemus,

2185 2195 2257 2248 ad
2290 2210 2494 2250 omnes
2516 2196 2795 2252 debemus
2824 2198 3042 2254 bonum
3063 2197 3306 2270 operari,
3339 2199 3591 2256 maxime
3623 2204 3838 2257 autem

2184 2283 2254 2336 ad
2270 2282 2618 2340 domesticos
2635 2285 2769 2340 fidei
2791 2285 2989 2356 (Galat.
3011 2303 3088 2353 vr,
3104 2286 3214 2354 10),
3228 2287 3396 2357 juxta
3412 2287 3837 2360 magisterium

2183 2369 2297 2425 divi
2321 2370 2569 2444 apestoli
2591 2371 2775 2427 Pauli.
2795 2372 2870 2428 Ut
2885 2373 3042 2430 enim
3063 2373 3189 2446 ipse
3211 2378 3537 2444 attestatur,
3562 2377 3662 2448 qui
3694 2394 3837 2433 suo-

2182 2476 2313 2514 rum
2344 2463 2400 2514 et
2429 2460 2679 2516 maxime
2701 2462 3151 2519 domesticorum
3173 2480 3374 2520 curam
3393 2481 3509 2520 non
3530 2465 3729 2534 habet,
3756 2467 3836 2521 fi-

2180 2548 2312 2603 dem
2344 2549 2594 2621 negavit,
2615 2553 2672 2604 et
2687 2553 2776 2606 est
2795 2551 3017 2606 inﬁdeli
3039 2551 3292 2608 deterior
3315 2554 3360 2624 (I
3384 2555 3517 2609 Tim.
3551 2572 3603 2619 v,
3624 2557 3700 2625 8).
3737 2557 3831 2610 Ad

2181 2638 2368 2694 instar
2397 2638 2688 2710 siquidem
2726 2639 2975 2696 visibilis
3015 2640 3190 2714 ignis,
3231 2641 3542 2698 invisibilis
3575 2643 3834 2700 Charitas

2178 2727 2380 2800 paucis
2402 2729 2468 2799 [ί.
2490 2727 2700 2800 spatia]
2727 2727 3006 2784 viciniora
3034 2728 3146 2785 sibi
3173 2730 3430 2802 corripit,
3453 2734 3511 2787 et
3537 2732 3671 2788 inde
3693 2747 3833 2806 gra-

2179 2817 2361 2873 datim
2423 2819 2492 2873 ad
2545 2815 2956 2890 longinquiora
3006 2835 3068 2874 se
3122 2819 3398 2875 extendit.
3463 2821 3833 2894 Quapropter

2180 2907 2504 2963 secundum
2565 2905 2999 2980 suggestionem
3057 2910 3244 2975 tuam,
3313 2912 3512 2964 noster
3567 2926 3832 2966 reveren-

2180 2996 2422 3052 dissime
2447 2996 2736 3052 confrater
2763 2998 2821 3051 et
2837 2994 3176 3068 coepiscope
3202 2996 3539 3066 Humberte,
3577 2999 3596 3020 ‘
3626 2999 3697 3053 ad
3722 2999 3828 3055 ali-

2179 3103 2357 3158 quam
2396 3083 2779 3157 temporalem
2823 3083 3116 3140 memoriaa
3163 3084 3454 3141 decessori
3499 3091 3700 3143 nostro
3732 3089 3831 3144 do-

2181 3177 2341 3232 mino
2369 3174 2570 3241 Leoni,
2593 3177 2651 3228 et
2674 3172 2894 3244 jugiter
2914 3172 2973 3226 in
2996 3176 3197 3228 sancta
3230 3173 3493 3230 Romana
3513 3179 3572 3230 et
3600 3181 3833 3248 apostoo

428 3235 703 3326 nentibus
757 3266 1102 3340 generaliter
1158 3283 1223 3320 ac
1278 3265 1608 3337 specialiter
1661 3256 2064 3334 Concedimus;
2098 3235 2143 3306 α
2180 3265 2293 3321 lica
2313 3265 2467 3330 sede,
2491 3235 2876 3333 etiam'su'pra
2903 3261 3056 3317 vires
3075 3265 3209 3318 tuas
3229 3266 3286 3318 et
3306 3263 3616 3321 facultates
3637 3235 3831 3322 hacte-

426 3359 1038 3427 Reconlirmamusque
1079 3355 1185 3410 tibi
1216 3355 1376 3409 fratri
1409 3371 1474 3408 ac
1505 3353 1843 3426 coepiscopo
1875 3359 2071 3409 nostro

423 3449 658 3519 tuisque
690 3444 1130 3502 successoribus
1162 3444 1232 3499 ad
1259 3447 1597 3515 perpetuam
1631 3446 1842 3496 sancta:
1874 3442 2068 3497 Trevi-

423 3535 608 3592 rensis
657 3534 922 3590 Ecclesiae
991 3533 1364 3588 donationem
1415 3537 1589 3602 atque
1639 3531 1920 3586 ditionem
1970 3547 2072 3601 per

421 3626 570 3681 hanc
604 3629 811 3680 nostra:
836 3622 1162 3695 apostolica:
1191 3621 1593 3693 praeceptionis
1614 3619 1824 3674 seriem
1856 3636 1890 3675 a
1920 3636 2070 3691 prae-

421 3715 570 3770 senti
611 3713 838 3769 decima
870 3711 1184 3766 indictione
1217 3715 1272 3765 et
1304 3725 1492 3781 usque
1543 3710 1614 3764 ad
1651 3709 1822 3764 tinem
1871 3709 2068 3764 sazculi

419 3803 749 3858 valituram.
779 3802 992 3856 Contra
1024 3816 1199 3871 quam
1234 3797 1282 3853 si
1316 3797 1448 3869 quis
1479 3797 1785 3852 hominum
1811 3797 2070 3869 quolibet

419 3893 776 3962 modofagere
794 3887 1251 3962 praesumpserit,
1269 3904 1333 3941 ac
1352 3887 1504 3958 quod
1524 3887 1682 3957 juste
1705 3903 1769 3942 ac
1792 3885 2068 3942 canonice

419 3996 453 4035 a
485 3979 649 4034 nobis
683 3980 981 4032 decretum
1024 3981 1112 4030 est
1142 3975 1200 4029 in
1232 3975 1429 4045 aliquo
1462 3973 1776 4046 infringere
1817 3978 2064 4029 attenta-

417 4069 583 4134 verit,
619 4068 766 4124 sciat
798 4083 856 4120 se
888 4081 954 4120 ex
974 4065 1070 4118 Dei
1106 4063 1523 4134 omnipotentis
1555 4079 1619 4116 ac
1643 4062 1903 4134 praedicti
1931 4063 2063 4117 bea-

418 4156 630 4211 tissimi
665 4153 1065 4226 apostolorum
1101 4151 1382 4222 principis
1423 4151 1805 4222 omniumque
1835 4155 2064 4205 sancto-

418 4261 572 4308 rum,
606 4259 670 4296 ac
701 4242 912 4296 deinde
955 4245 1153 4294 nostra
1192 4240 1532 4295 auctoritate
1564 4241 1965 4296 damnandum
2000 4257 2065 4295 ac

419 4329 1034 4385 anathematizandum
1071 4344 1134 4382 ac
1158 4345 1290 4382 cum
1323 4329 1597 4383 omnibus
1621 4328 1819 4400 impiis
1851 4331 2064 4384 aeterno

419 4418 707 4490 supplicio
760 4417 1182 4488 deputandum.
1229 4417 1335 4481 Qui
1368 4433 1500 4472 vero
1532 4417 1642 4471 hoc
1690 4415 1885 4487 ipsum
1937 4433 2064 4472 nos-

418 4512 576 4562 trum
609 4504 973 4578 privilegium
1017 4507 1344 4573 observare,
1391 4505 1701 4571 custodire,
1748 4504 2065 4576 adimplere

2181 3371 2293 3410 nus
2324 3351 2662 3419 exhibuisti,
2695 3366 2797 3422 per
2825 3349 3005 3421 hujus
3035 3351 3218 3406 nostri
3250 3350 3540 3424 privilegii
3567 3355 3824 3411 sanctio-

2179 3459 2313 3499 nem
2339 3442 2717 3498 decernentes
2747 3438 3144 3508 concedimus,
3179 3444 3235 3494 et
3263 3441 3687 3497 confirmamus
3713 3443 3819 3498 tibi

2179 3536 2236 3588 et
2264 3546 2368 3605 per
2395 3535 2451 3586 te
2481 3533 2658 3602 atque
2677 3530 2913 3600 propter
2933 3530 2988 3582 te
3008 3527 3067 3582 in
3101 3533 3470 3600 perpetuum,
3500 3532 3826 3588 reverendae

2179 3619 2432 3677 ecclesia;
2463 3621 2800 3675 sanctarum
2821 3616 3117 3688 virginum
3139 3621 3197 3673 et
3222 3622 3569 3690 martyrum,
3603 3620 3827 3677 Rufina

2179 3725 2242 3764 ac
2275 3708 2573 3772 Secunde,
2607 3723 2736 3778 quae
2759 3705 3098 3760 nominatur
3116 3703 3286 3778 Sylva
3305 3707 3584 3774 Candida,
3617 3708 3678 3763 in
3702 3709 3827 3772 fun-

2177 3800 2250 3854 do
2280 3798 2379 3870 qui
2405 3798 2644 3853 vocatur
2670 3795 2910 3862 Boscus,
2935 3793 3220 3866 quidquid
3253 3795 3403 3866 auri,
3428 3797 3677 3868 argenti,
3711 3797 3830 3870 pal-

2177 3887 2260 3956 lii,
2294 3903 2396 3942 seu
2420 3881 2687 3952 cerae,vel
2713 3899 3199 3955 quarumcunque
3221 3899 3418 3940 rerum
3440 3885 3682 3941 omnino
3699 3886 3825 3957 jac-

2174 3979 2364 4032 tatum
2393 3972 2482 4029 vel
2513 3973 2771 4045 positum
2797 3971 2995 4038 fuerit,
3025 3970 3112 4027 vel
3132 3971 3392 4028 oblatum
3426 3973 3485 4028 in
3505 3976 3626 4029 toto
3658 3973 3824 4030 altari

2177 4063 2383 4136 majori
2414 4060 2803 4133 sancti_Petri,
2837 4059 2958 4116 sive
2987 4060 3046 4115 in
3080 4061 3207 4131 ejus
3237 4061 3558 4118 venerabili
3595 4064 3824 4120 confes-

2177 4155 2359 4220 sione,
2381 4155 2481 4207 aut
2503 4153 2656 4206 certe
2689 4149 2798 4204 sibi
2831 4149 3073 4221 suisque
3095 4151 3534 4208 successoribus
3565 4151 3824 4208 oblatum

2175 4242 2248 4296 ab
2270 4239 2639 4294 inchoatione
2670 4237 3095 4293 matutinorum
3123 4237 3340 4308 quintae
3371 4238 3527 4294 feriae
3563 4240 3622 4295 in
3655 4243 3829 4296 C(Bna

2178 4328 2405 4384 Domini
2440 4342 2627 4397 usque
2657 4326 2800 4380 dum
2843 4325 3286 4396 completorium
3323 4331 3626 4398 peractum
3661 4329 3833 4385 fuerit

2174 4415 2348 4472 veluti
2385 4415 2443 4470 in
2462 4414 2716 4470 Sabbato
2743 4416 2944 4468 sancto
2962 4414 3033 4469 ab
3055 4413 3200 4470 hora
3227 4415 3397 4470 tertia
3422 4433 3526 4488 per
3548 4421 3729 4472 totam
3751 4418 3835 4490 ip-

2175 4521 2300 4561 sam
2329 4503 2506 4570 diem,
2529 4502 2802 4574 deinceps
2833 4517 3019 4573 usque
3043 4506 3176 4575 post
3203 4503 3494 4576 expletam
3527 4505 3586 4560 in
3623 4507 3832 4562 crasti-

419 4593 668 4650 ﬁdeliter
698 4593 1008 4659 studuerit,
1054 4593 1471 4650 benedictionis
1510 4593 1758 4664 gratiam
1809 4600 1861 4647 et
1889 4592 2062 4648 mise-
2093 4606 2144 4672 D
2177 4610 2319 4649 num
2336 4589 3836 4665 missam,qualescunquevelquantascunqueobla-

417 4682 678 4739 ricordiaa
719 4683 1146 4755 plenitudinem
1192 4683 1252 4737 in
1287 4681 1621 4737 coelestibus
1661 4679 1867 4736 castris
1915 4681 2069 4736 inter

415 4773 733 4830 electorum
767 4790 1080 4828 numerum
1110 4771 1422 4828 efficaciter
1451 4788 1484 4824 a
1521 4769 1761 4825 Domino
1794 4769 1907 4826 Deo
1939 4787 2071 4825 con-

414 4863 581 4934 sequi
617 4867 930 4919 mereatur.

484 4953 780 5024 Scriptum
813 4968 915 5024 per
947 4966 1190 5005 manum
1223 4947 1479 5020 Gregorii
1509 4947 1719 5004 notarii
1751 4964 1816 5004 ac
1848 4949 2068 5004 scrina-

411 5041 482 5096 rii
517 5046 731 5096 sanctae
767 5041 1040 5095 Romana
1071 5037 1338 5093 Ecclesiae
1358 5037 1416 5092 in
1448 5054 1649 5094 mense
1679 5037 1847 5110 aprili
1879 5037 2067 5094 indic-

409 5131 571 5202 tione
603 5128 943 5201 przescripta
967 5129 1058 5181 die
1085 5145 1210 5181 xxv.

483 5221 695 5274 Datum
717 5217 938 5273 vuKal.
965 5217 1119 5287 Maii,
1146 5233 1246 5290 per
1268 5233 1510 5271 manum
1532 5215 1816 5270 Arebonis
1838 5215 2066 5271 diaconi

409 5307 531 5363 vice
566 5307 831 5361 Annonis
880 5312 1090 5362 sancta:
1126 5307 1398 5361 Romanae
1431 5309 1486 5360 et
1529 5303 1861 5376 apostolicae
1911 5305 2069 5361 sedis

412 5392 971 5462 archichancellarii,
996 5399 1210 5450 sanctae
1224 5393 1584 5451 Coloniensis
1597 5393 1864 5449 Ecclesiae
1878 5393 2068 5448 archi-

412 5482 876 5553 episcolii,:1nno
933 5502 992 5537 ιιι
1044 5483 1245 5539 domni
1289 5481 1540 5538 Victoris
1590 5483 1639 5537 Il
1680 5500 1861 5555 papae,
1915 5481 2068 5536 indi-

417 5571 604 5622 ctione
639 5587 670 5621 Χ
706 5583 907 5622 mense
939 5571 1139 5644 Aprili,
1176 5572 1265 5626 die
1296 5571 1571 5627 vicesimo
1605 5573 1828 5642 quinto.

2177 4684 2367 4739 tiones
2398 4679 2619 4753 praelati
2641 4678 2841 4735 altaris
2872 4683 2928 4734 et
2949 4680 3335 4736 confessionis
3357 4683 3506 4752 ejus,
3531 4698 3638 4753 per
3657 4683 3836 4754 privi-

2177 4771 2328 4844 legia
2357 4767 2705 4825 venerabilis
2749 4767 2934 4840 Sergii
2965 4772 3025 4824 et
3047 4769 3370 4825 multorum
3392 4773 3839 4827 antecessorum

2178 4864 2538 4929 nostrorum,
2564 4859 2689 4929 jam
2713 4857 2868 4912 dicta
2887 4856 3135 4914 ecclesia
3157 4862 3482 4914 sanctarum
3506 4856 3738 4912 Ruﬁna:
3772 4878 3842 4916 ac

2179 4949 2459 5006 Secundae
2482 4945 2828 5020 promeruit,
2847 4945 3111 5014 retinuit,
3136 4947 3357 5012 retinet,
3387 4944 3565 5000 etiam
3582 4945 3843 5003 retineat

2179 5040 2250 5096 ad
2266 5041 2607 5112 perpetuam
2631 5035 2840 5092 anima:
2857 5038 3065 5090 nostra:
3079 5036 3428 5106 mercedem,
3452 5034 3841 5108 nominisque

2182 5128 2366 5185 nostri
2396 5136 2450 5184 et
2479 5125 2700 5183 servitii
2731 5125 2823 5180 sui
2845 5123 2903 5179 in
2927 5129 3132 5181 sancta
3150 5126 3415 5181 Romana
3432 5123 3701 5181 Ecclesia
3722 5143 3842 5181 me-

2180 5219 2428 5274 moriam
2462 5216 2699 5272 illarum
2731 5212 3116 5284 oblationum,
3141 5232 3288 5286 quas
3311 5215 3504 5271 eidem
3537 5232 3843 5272 sacrosan-

2179 5312 2281 5363 ctzs
2295 5305 2547 5362 ecclesiae
2570 5322 2672 5378 per
2697 5305 2806 5359 hoc
2827 5307 3095 5360 nostrum
3115 5303 3489 5378 privilegium
3511 5304 3839 5377 adjiciendo

2179 5396 2574 5460 concedimus,
2602 5397 2660 5449 et
2676 5392 3118 5464 conﬁrmamus,
3144 5393 3294 5450 sicut
3318 5394 3594 5466 superius
3616 5395 3838 5450 dictum

2180 5489 2268 5542 est
2313 5503 2326 5540 :
2364 5481 2586 5540 scilicet
2632 5482 2703 5538 ab
2745 5481 3116 5540 inchoatione
3158 5485 3593 5542 matutinorum
3623 5483 3842 5557 quintae

2181 5574 2332 5629 ferize
2363 5574 2422 5629 in
2455 5572 2632 5628 Coena
2668 5570 2920 5639 Domini,
2962 5589 3148 5645 usque
3178 5577 3310 5646 post
3368 5573 3844 5646 completorium,

2180 5662 2340 5722 salva
2387 5661 2499 5721 sibi
2561 5677 2664 5734 per
2712 5660 2932 5732 omnia,
2987 5666 3045 5720 et
3099 5660 3207 5721 hoc
3269 5667 3471 5722 nostro
3533 5663 3843 5736 privilegio
