3966 6212
148 384 274 452 829

1134 386 1538 453 EPISTOLE
1580 389 1681 455 ET
1724 389 2086 457 DECRETA
2130 391 2600 459 PONTIFICIA.

3442 402 3562 467 830

150 521 350 579 eidem
378 520 440 578 in
472 522 818 596 perpetuum
851 524 1161 589 reservata,
1189 526 1246 578 et
1295 524 1639 582 conﬁrmata
1668 544 1803 583 con-
1834 529 1885 597 Α
1918 526 2202 600 singulari
2265 529 2565 604 privilegio
2634 528 2910 587 omnibus
2977 530 3443 604 preasminemus,
3476 534 3559 591 ita

151 611 421 669 cessione
450 616 507 668 et
523 610 962 669 conﬁrmatione
984 610 1247 668 omnium
1269 613 1629 671 oblationum
1657 632 1803 687 quas

145 717 255 773 per
299 700 604 773 privilegia
651 704 1090 758 antecessorum
1129 705 1464 757 nostrorum
1520 703 1804 760 hactenus

144 790 408 861 accipere
438 794 496 846 et
548 789 663 847 sibi
711 790 926 846 habere
977 794 1388 847 conservetur:
1443 792 1710 849 videlicet
1740 793 1800 848 in

145 878 243 935 die
273 877 633 946 Palmarum,
665 879 725 934 in
757 879 931 935 Coena
958 879 1191 935 Domini
1217 881 1350 935 etin
1374 882 1705 949 Parascevc,
1740 883 1799 937 in

144 968 401 1023 Sabbato
432 971 634 1024 sancto
667 971 723 1024 et
752 968 845 1023 die
875 968 1195 1023 Dominica.
1228 968 1427 1039 Neque
1454 968 1610 1024 enim
1640 971 1799 1025 istud

145 1059 416 1111 nostrum
449 1055 532 1111 ita
561 1055 899 1127 adjicimus,
928 1060 995 1110 ut
1023 1055 1168 1111 illud
1200 1059 1633 1113 antecessorum
1665 1075 1799 1114 nos-

144 1147 376 1199 trorum
409 1145 629 1200 donum
660 1144 719 1200 in
754 1143 952 1215 aliquo
985 1145 1341 1201 minuemus.
1376 1150 1440 1200 In
1465 1162 1578 1217 qua
1598 1146 1799 1218 utique

146 1233 527 1289 concessione
556 1237 611 1289 et
639 1233 1080 1290 conﬁrmatione
1123 1233 1203 1288 nil
1251 1233 1523 1289 novitatis
1555 1235 1799 1290 arbitra-

145 1338 288 1378 mur
315 1322 546 1395 egisse;
600 1321 819 1378 scilicet
868 1322 1134 1395 exemplo
1177 1323 1796 1379 reverendissimorum

147 1412 644 1483 praedecessorum
677 1415 1032 1481 nostrorum,
1066 1416 1122 1467 et
1152 1412 1317 1485 copia
1342 1416 1554 1467 sanctae
1587 1413 1797 1467 Roma-

146 1518 233 1556 ne
263 1500 553 1567 Ecclesiae,
585 1500 845 1573 inopiam
872 1499 1131 1557 lateralis
1156 1504 1212 1556 et
1237 1502 1489 1556 maxime
1520 1501 1797 1558 domesti-

147 1605 230 1645 ca
258 1588 414 1657 ﬁliae,
446 1587 731 1645 laudabili
761 1588 1108 1645 liberalitate
1158 1590 1480 1645 secundum
1523 1589 1797 1662 apostoli-

146 1692 282 1734 cam
310 1675 741 1733 institutionem
774 1676 1065 1749 supplere.
1087 1677 1449 1733 Venerabilis
1467 1679 1796 1750 apostolicae

146 1765 313 1822 sedis
344 1781 591 1821 censura
636 1766 744 1821 sub
794 1765 969 1820 divini
1023 1766 1440 1822 contestatione
1479 1766 1710 1837 judicii,
1743 1771 1798 1821 et

146 1853 547 1911 anathematis
571 1853 1004 1926 interpositione
1037 1857 1359 1910 statuentes
1390 1854 1796 1911 interdicimus

145 1944 218 1999 ut
249 1942 452 1998 nullus
483 1958 741 2014 unquam
769 1959 1171 1999 successorum
1203 1948 1536 2000 nostrorum
1564 1943 1795 2017 pontiﬁ-

147 2047 310 2100 cum,
335 2030 422 2085 vel
453 2030 699 2102 quilibet
727 2031 1092 2103 publicarum
1116 2032 1412 2087 actionum
1434 2024 1802 2087 administra-

148 2123 264 2190 tor,
297 2134 399 2174 seu
432 2117 547 2175 alia
575 2117 847 2190 quaelibet
878 2123 934 2175 et
965 2119 1399 2192 quantumlibet
1430 2136 1645 2192 magna
1675 2137 1801 2192 par-

147 2224 341 2280 vaque
371 2224 640 2280 persona,
677 2209 890 2264 audeat
912 2208 999 2264 vel
1032 2212 1367 2281 praesumat,
1400 2213 1601 2265 contra
1622 2209 1800 2281 hujus

151 2299 369 2351 nostras
417 2294 751 2351 donationis
809 2295 1179 2369 privilegium
1225 2313 1428 2369 cogere
1489 2301 1590 2352 aut
1637 2297 1803 2352 aliter

150 2384 479 2457 quidquam
514 2383 787 2447 alienare,
821 2385 1049 2441 auferre
1083 2390 1182 2441 aut
1212 2386 1512 2454 minuere;
1563 2387 1664 2442 sed
1694 2403 1801 2458 po-

145 2473 274 2529 tius
303 2472 539 2529 ﬁrmum
571 2476 628 2528 et
659 2472 867 2528 stabile
898 2472 957 2528 in
991 2478 1361 2546 perpetuum,
1392 2475 1543 2530 sicut
1573 2490 1802 2530 conces-

149 2578 288 2619 sum
319 2566 375 2618 et
405 2562 818 2619 conﬁrmatum
851 2565 963 2631 est,
1013 2566 1371 2635 permaneat.
1425 2563 1484 2619 Si
1538 2563 1669 2635 quis
1699 2579 1802 2617 au-

152 2655 302 2718 tem,
334 2652 487 2722 quod
520 2668 637 2707 non
669 2654 963 2723 optamus,
988 2652 1298 2707 temerario
1329 2668 1476 2706 ausu
1528 2651 1636 2707 hoc
1667 2668 1803 2706 nos-

148 2742 315 2795 trum
345 2738 676 2811 apostolicae
708 2739 865 2795 sedis
911 2743 1219 2807 statutum,
1269 2739 1327 2794 in
1378 2755 1675 2811 quoquam
1714 2738 1804 2793 in-

150 2827 413 2899 fringere
444 2828 882 2900 praesumpserit
911 2832 967 2885 et
1023 2829 1328 2899 coadjutor
1351 2827 1804 2899 illiusinjaliquo

152 2914 468 2984 exstiterit,
504 2917 844 2973 auctoritate
877 2921 1092 2973 sanctaa
1125 2921 1182 2973 et
1210 2916 1523 2972 individuas
1552 2916 1805 2972 Trinita-

158 3003 238 3059 tis
268 3006 326 3059 et
356 3004 754 3076 apostolorum
786 3006 1068 3079 principis
1099 3005 1271 3073 Petri,
1303 3006 1494 3076 cujus,
1552 3004 1687 3061 licet
1716 3004 1807 3058 in-

156 3090 347 3164 digni,
397 3092 733 3165 dignatione
780 3094 979 3149 divina
1023 3094 1147 3151 vice
1204 3093 1524 3166 fungimur,
1577 3092 1805 3148 vinculo

156 3179 553 3238 anathematis
583 3181 659 3237 sit
687 3182 1076 3254 mancipatus,
1113 3187 1169 3239 et
1197 3200 1231 3239 a
1264 3198 1440 3255 regno
1479 3182 1581 3238 Dei
1614 3198 1807 3255 segre-

153 3271 352 3340 gatus,
382 3272 438 3324 et
464 3269 717 3337 diabolo,
750 3274 807 3327 et
836 3271 1060 3343 angelis
1109 3273 1260 3343 ejus,
1313 3271 1427 3325 nisi
1475 3271 1620 3326 forte
1658 3269 1801 3325 resi-

153 3356 390 3429 piscens
422 3357 765 3425 satisfaciat,
788 3358 1275 3416 indissolubiliter
1297 3362 1665 3432 aggregetur.
1695 3357 1801 3424 Qui

148 3459 286 3500 vero
317 3445 414 3517 pio
427 3449 692 3519 respectu
711 3450 1079 3502 conservator
1092 3452 1150 3502 et
1178 3447 1449 3503 defensor
1467 3447 1647 3518 hujus
1673 3463 1803 3503 con-

149 3533 437 3588 cessionis
459 3538 516 3589 et
533 3534 996 3590 confirmationis
1018 3535 1318 3603 exstiterit,
1345 3538 1628 3607 potestate
1649 3533 1800 3589 beati

149 3621 309 3677 Petri
343 3620 740 3690 apostolorum
773 3621 1052 3693 principis
1078 3627 1136 3678 et
1164 3616 1433 3695 precibus
1466 3626 1800 3679 sanctarum

143 3708 451 3781 virginum
481 3723 547 3763 ac
567 3708 776 3764 Christi
805 3713 1151 3782 martyrum,
1174 3710 1397 3765 Ruﬁna:
1418 3714 1474 3766 et
1495 3711 1797 3778 Secundae,

146 3796 406 3854 cmlestis
439 3796 603 3869 regni
634 3796 962 3864 introitum,
993 3802 1051 3853 et
1079 3798 1328 3871 gratiam
1351 3802 1525 3870 atque
1555 3798 1800 3871 gloriam

148 3903 186 3941 a
209 3887 376 3957 justo
397 3885 600 3957 judice
630 3883 876 3941 Domino
907 3886 1022 3941 Deo
1051 3889 1271 3954 nostro,
1304 3886 1600 3957 vitamque
1638 3890 1799 3941 aeter-

147 3990 287 4031 nam
304 3974 599 4046 percipere
614 3977 907 4030 mereatur
919 3975 977 4030 in
993 3974 1208 4031 saecula
1219 3974 1563 4031 saeculorum
1575 3976 1775 4030 .Amen
1790 4018 1798 4027 .

219 4063 513 4135 Scriptum
530 4079 632 4135 per
661 4079 873 4119 manus
903 4063 1163 4137 Gregorii
1196 4063 1403 4119 notarii
1437 4066 1493 4118 et
1514 4062 1801 4118 scriniarii

150 4153 209 4208 S.
248 4151 519 4208 Romanae
545 4150 813 4208 Ecclesim
846 4153 904 4207 in
936 4169 1136 4208 mense
1168 4151 1325 4217 Maii,
1361 4151 1561 4207 indict.
1607 4169 1662 4217 x,
1697 4152 1800 4206 Be-

151 4258 223 4297 ne
252 4240 456 4297 valete.

221 4333 429 4386 Datum
478 4333 677 4386 octavo
724 4331 863 4386 Idus
912 4330 1070 4396 Maii,
1122 4344 1226 4402 per
1276 4345 1487 4386 manus
1527 4328 1801 4386 Aribonis

146 4417 396 4489 diaconi,
430 4435 581 4474 anno
610 4420 644 4474 3
674 4418 895 4474 domini
926 4436 1087 4493 papae
1118 4418 1375 4474 Victoris
1403 4418 1471 4486 ΙΙ,
1508 4418 1708 4475 indict.
1741 4436 1797 4473 Χ.

147 4506 527 4564 Decernimus
554 4522 710 4579 ergo,
746 4511 809 4563 ut
838 4508 982 4564 nulli
1007 4509 1246 4564 omnino
1267 4506 1578 4563 hominum
1603 4507 1795 4575 liceat,

1914 617 2315 674 universarum
2348 619 2725 676 ecclesiarum
2744 621 2844 676 Dei
2869 619 3322 677 sollicitudinem
3348 621 3558 680 habea-

1913 721 2065 771 mus,
2100 722 2166 759 ac
2193 706 2444 778 singulis
2477 708 2809 781 quibusque
2839 709 3109 766 ﬁdelibus
3141 714 3315 782 atque
3336 710 3450 783 piis
3482 711 3559 767 lo-

1911 793 1994 849 cis
2024 799 2350 865 opportuna
2400 798 2678 869 suffragia
2735 798 3122 854 conferamus.
3175 801 3555 871 Quapropter,

1910 880 2170 937 inclinati
2193 884 2459 955 precibus
2484 885 2623 953 tuis,
2647 886 2990 942 charissime
3013 904 3078 942 ac
3100 886 3368 960 religiose
3384 888 3557 957 abba,

1911 970 2081 1035 Bovo,
2117 988 2217 1042 per
2247 971 2397 1026 hanc
2429 977 2638 1027 nostra:
2671 975 3036 1031 auctoritatis
3085 992 3392 1032 censuram
3421 994 3557 1033 con-

1908 1059 2216 1113 ﬁrmamus
2247 1077 2311 1115 ac
2343 1062 2809 1127 corroboramus,
2843 1063 2949 1116 tibi
2980 1063 3215 1135 tuisque
3254 1082 3559 1121 successo-

1908 1147 2095 1214 ribus,
2129 1148 2470 1219 regulariter
2482 1151 2911 1220 promovendis,
2929 1151 3217 1207 Silhiense
3231 1154 3557 1209 coenobium

1908 1234 1967 1290 in
1999 1240 2367 1307 perpetuum,
2402 1238 2555 1308 quod
2591 1238 2646 1292 in
2692 1239 2986 1310 episcopio
3038 1241 3440 1297 'I‘aruannensi
3471 1248 3561 1298 est

1909 1323 2291 1379 constitutum
2340 1326 2399 1379 in
2449 1325 2668 1381 honore
2722 1327 2907 1381 sancti
2959 1328 3131 1395 Petri,
3185 1347 3249 1383 ac
3294 1331 3557 1385 omnium

1908 1411 2331 1484 apostolorum,
2367 1413 2465 1468 ubi
2490 1414 2665 1469 etiam
2691 1415 3001 1486 praeclarus
3024 1415 3234 1469 Christi
3261 1420 3560 1472 confossor

1909 1500 2200 1567 Bertinus,
2246 1501 2431 1573 ipsius
2480 1501 2591 1557 loci
2640 1503 2867 1577 primus
2916 1504 3192 1558 fundator
3240 1521 3305 1559 ac
3356 1506 3554 1572 abbas,

1909 1604 2041 1643 cum
2073 1588 2358 1661 Folquino
2389 1608 2452 1646 ac
2485 1590 2739 1662 Sylvino,
2776 1592 2961 1647 beatis
2985 1591 3419 1648 confessoribus
3442 1609 3561 1648 cor-

1908 1694 2046 1750 pore
2078 1678 2347 1749 quiescit.

1979 1767 2206 1821 Pariter
2237 1783 2468 1838 quoque
2500 1770 2918 1824 conﬁrmamus
2948 1768 3053 1823 tibi
3075 1770 3311 1841 tuisque
3334 1786 3560 1826 succes-

1909 1853 2161 1919 soribus,
2195 1853 2347 1908 sicut
2378 1854 2597 1909 dictum
2643 1863 2749 1920 est,
2819 1856 2876 1909 in
2941 1860 3308 1927 perpetuum,
3350 1861 3560 1912 cuncta

1910 1941 2098 1996 eidem
2131 1942 2391 1998 cmnobio
2409 1943 2573 2013 juste
2604 1943 2972 2015 pertinentia,
2996 1947 3114 1997 tam
3135 1960 3202 1998 ea
3223 1960 3348 2015 quae
3370 1944 3560 1999 hacte«

1911 2046 2023 2086 nus
2073 2030 2371 2086 devotione
2420 2031 2679 2086 ﬁdelium
2724 2031 2943 2086 Christi
2982 2030 3101 2086 illic
3149 2031 3363 2089 collata
3422 2036 3560 2087 sunt

1911 2134 2088 2191 quam
2121 2136 2245 2190 quae
2277 2120 2550 2192 deinceps
2573 2122 2735 2190 juste
2756 2120 3107 2175 conferenda
3127 2120 3357 2186 sunt,in
3383 2120 3558 2189 arvis,

1910 2206 2156 2278 campis,
2192 2207 2394 2279 pratis,
2446 2207 2702 2278 pascuis,
2751 2208 2935 2275 silvis,
2985 2208 3154 2279 aquis
3204 2225 3559 2280 aquarumve

1910 2296 2203 2362 cursibus,
2262 2294 2636 2364 molendinis,
2697 2296 2985 2367 piscariis,
3048 2296 3223 2365 villis,
3274 2296 3555 2367 ecclesiis,

1910 2384 2306 2450 comitatibus,
2336 2382 2595 2448 familiis,
2628 2384 2835 2448 vineis,
2871 2384 3172 2455 pomeriis,
3218 2385 3559 2456 cunctisque

1912 2472 2035 2528 suis
2068 2472 2386 2528 mobilibus
2416 2470 2505 2527 vel
2537 2470 2967 2537 immobilibus,
2998 2471 3172 2527 cultis
3191 2472 3279 2527 vel
3303 2472 3557 2539 incultis,

1914 2565 1978 2616 ut
2006 2560 2293 2631 quidquid
2316 2559 2472 2626 inde,
2498 2561 2820 2616 secundum
2847 2560 2945 2614 Dei
2968 2560 3259 2625 timorem,
3279 2561 3349 2615 ad
3376 2560 3561 2631 ipsius

1911 2648 2154 2704 coenobii
2200 2648 2512 2705 utilitatem
2570 2647 2916 2720 regulariter
2962 2648 3335 2719 disposuistis
3368 2664 3557 2720 agere,

1912 2737 2157 2792 liberam
2189 2736 2247 2791 in
2277 2738 2555 2793 omnibus
2587 2737 2853 2793 habeatis
2899 2737 3148 2792 faciendi
3190 2740 3558 2808 potestatem,

1914 2842 2018 2898 per
2048 2825 2245 2881 omnia
2271 2826 2436 2881 vobis
2468 2826 2627 2881 salva
2658 2830 2715 2881 et
2745 2826 2851 2881 hoc
2884 2825 3183 2898 privilegio
3216 2830 3413 2881 nostro
3439 2842 3563 2898 per-

1915 2913 2225 2987 petualiter
2252 2914 2595 2970 conﬁrmata
2626 2914 2996 2969 immunitate
3020 2913 3117 2968 illa
3139 2929 3239 2968 seu
3274 2913 3559 2981 libertate,

1916 3019 2095 3075 quam
2117 3005 2321 3059 beatus
2352 3003 2744 3071 Audomarus,
2774 3002 3212 3059 Taruannensis
3238 3003 3473 3074 prazsul,
3499 3003 3561 3058 in

1918 3092 2154 3163 praefato
2238 3093 2404 3147 beato
2448 3092 2683 3147 Bertino
2739 3091 2933 3147 eidem
2998 3092 3268 3147 coenobio
3329 3092 3559 3165 proprio

1918 3181 2030 3236 seri
2038 3184 2137 3252 pto
2159 3180 2407 3235 indulsit
2428 3184 2602 3251 atque
2620 3179 3002 3245 conﬁrmavit,
3029 3196 3145 3252 qua
3167 3180 3449 3236 hactenus
3469 3197 3558 3236 se-

1914 3269 2063 3324 cund
2075 3287 2106 3324 u
2117 3286 2173 3323 m
2195 3269 2345 3325 beati
2360 3268 2619 3339 Gregorii
2635 3286 2794 3341 papae
2811 3268 3104 3323 luminoso
3118 3269 3313 3323 abbati
3325 3284 3559 3326 conces-

1913 3375 1997 3425 sa,
2021 3358 2271 3413 obeunte
2296 3357 2505 3412 abbate
2533 3356 2869 3427 monasterii.
2892 3356 3100 3428 ipsius,
3124 3356 3323 3412 nullus
3345 3357 3561 3429 episeo-

1912 3462 2121 3517 porum
2152 3446 2211 3501 in
2240 3444 2639 3501 describendis
2663 3444 3165 3516 praevidendisque
3196 3462 3261 3499 ac
3292 3446 3560 3517 quaesitis

1912 3534 2309 3604 quaerendisve
2334 3535 2509 3588 rebus
2539 3532 2794 3589 ecclesiae
2826 3533 3025 3603 hujus,
3060 3532 3257 3604 aliqua
3288 3549 3350 3587 se
3389 3551 3558 3590 occa-

1911 3621 2093 3688 sione,
2128 3621 2475 3693 permisceat
2499 3642 2512 3691 ;
2548 3621 2820 3676 abbatem
2841 3637 2972 3675 vero
2995 3620 3183 3675 eidem
3207 3622 3559 3677 monasterio

1911 3725 2026 3764 non
2043 3708 2243 3777 alium,
2267 3710 2366 3764 sed
2390 3726 2563 3780 quem
2588 3709 2832 3780 dignum
2861 3709 3126 3764 moribus
3150 3713 3326 3780 atque
3350 3713 3556 3780 aptum

1908 3796 2233 3869 disciplinae
2265 3797 2598 3852 monasticae
2629 3798 2925 3852 communi
2965 3814 3276 3867 consensu,
3320 3814 3557 3869 congre-

1910 3884 2064 3957 gatio
2094 3887 2217 3940 tota
2244 3886 2353 3950 vel,
2388 3885 2655 3956 quamvis
2685 3902 2878 3957 parva,
2915 3902 3049 3957 pars
3090 3885 3558 3958 congregationis

1910 3974 2125 4029 saniori
2140 3973 2735 4039 consilio,secundum
2760 3974 3027 4029 timorem
3047 3975 3146 4029 Dei
3165 3975 3554 4047 proposuerit,

1909 4061 2158 4118 ordinet.
2193 4062 2482 4118 Stationes
2515 4067 2711 4118 autem
2746 4062 2862 4117 illic
2893 4062 3156 4135 publicas
3188 4080 3290 4135 per
3334 4064 3555 4135 episco-

1911 4167 2054 4223 pum
2090 4150 2213 4207 ﬁeri
2247 4151 2486 4207 omnino
2519 4151 2919 4225 prohibemus,
2954 4170 3024 4208 ne
3056 4152 3114 4208 in
3131 4169 3427 4208 servorum
3454 4152 3556 4208 Dei

1910 4240 2258 4308 recessibus,
2280 4240 2660 4312 popularibus
2684 4241 2909 4296 occasio
2932 4243 3257 4315 praebeatur
3278 4241 3398 4297 ulla
3419 4259 3555 4298 con-

1909 4328 2202 4397 ventibus,
2224 4346 2288 4385 ac
2306 4328 2691 4401 simpliciores
2714 4346 2781 4385 ex
2803 4330 2912 4385 hoc
2937 4330 3163 4386 animas
3187 4330 3555 4403 plerumque,

1909 4418 2061 4490 quod
2097 4418 2249 4473 absit
2273 4419 2285 4472 l
2311 4418 2369 4472 in
2389 4416 2961 4474 scandalumtrahat.
2997 4420 3380 4492 Frequentior
3408 4436 3557 4493 quo-

1909 4522 2022 4578 que
2051 4506 2355 4562 muliebris
2384 4506 2680 4575 introitus,
2718 4508 2827 4563 nisi
2863 4508 3028 4576 forte,
3063 4510 3389 4565 secundum
3435 4510 3561 4564 dic—

146 4599 257 4651 etc.
287 4595 346 4652 Si
378 4613 505 4668 quas
534 4595 716 4669 igitur
742 4596 803 4653 in
836 4597 1124 4665 futurum,
1156 4600 1263 4653 etc.
1291 4596 1531 4653 Cunctis
1578 4600 1795 4666 autem,
1828 4616 1877 4681 D
1908 4600 2036 4651 tum
2065 4594 2282 4651 Nicolai
2314 4612 2496 4669 papae,
2550 4598 2622 4652 ab
2673 4597 2881 4653 abbate
2928 4598 3271 4654 monasterii
3321 4597 3409 4653 vel
3444 4598 3559 4653 fra-

149 4687 262 4740 etc.

882 4792 1051 4849 XVII.

140 4879 251 4935 Pro
305 4881 636 4937 monasterio
682 4880 874 4938 Sancti
919 4883 1153 4961 limini,
1212 4880 1443 4940 Victoris
1490 4881 1541 4937 II
1562 4882 1815 4961 privile-x

880 4955 1050 5025 gium.

776 5039 962 5112 (Anno
993 5039 1177 5112 1057.)

145 5124 470 5195 [GUE'RARm
497 5126 789 5183 Collection
816 5127 907 5183 des
927 5130 1274 5194 cartulaires,
1293 5128 1505 5201 abbaye
1525 5128 1597 5185 de
1617 5129 1799 5184 Saint-

539 5201 749 5267 Bertz'n,
783 5203 923 5254 tom.
960 5200 1059 5267 ΙΙΙ,
1092 5215 1223 5271 pag.
1261 5200 1406 5271 180.]

210 5305 435 5359 VICTOR
476 5304 808 5376 episcopus,
855 5321 1057 5361 servus
1100 5320 1402 5361 servorum
1457 5305 1555 5361 Dei
1586 5305 1798 5362 dilecto

141 5392 261 5448 ﬁlio
292 5393 533 5463 Bovom,
567 5391 840 5465 religioso
872 5392 1091 5461 abbati,
1125 5393 1471 5467 cunctisque
1497 5402 1798 5452 Successo-

138 5480 303 5538 ribus
334 5484 486 5553 ejus,
511 5482 569 5535 in
603 5481 883 5539 Sithiensi
913 5481 1175 5539 ccsnobio
1198 5482 1543 5553 regulariter
1571 5500 1800 5556 promo-

139 5571 369 5638 vendis,
398 5571 459 5626 in
492 5578 863 5644 perpetuum.

202 5660 492 5718 Convenit
522 5661 842 5733 apostolico
875 5659 1264 5719 moderamini
1299 5664 1611 5733 quatenus,
1647 5661 1801 5718 sicut

134 5749 424 5823 dignitate
435 5767 503 5808 ac
520 5749 864 5809 auctoritate
875 5751 1049 5824 Petri,
1069 5750 1355 5823 principis
1378 5749 1797 5823 apostolorum,

1909 4684 2117 4752 tribus,
2150 4684 2514 4741 necessitatis
2545 4703 2723 4741 causa
2752 4686 2839 4741 vel
2872 4685 3203 4743 dilectionis
3223 4686 3436 4758 gratia,
3464 4701 3561 4740 vo-

1910 4779 2077 4830 catus
2102 4774 2421 4841 advenerit,
2448 4791 2517 4829 ne
2536 4774 2978 4847 importunitate
3001 4775 3091 4830 sui
3119 4774 3560 4828 ministrorum-

1909 4880 2023 4936 que
2053 4880 2295 4918 suorum
2331 4863 2734 4934 inquetudine,
2767 4863 2976 4918 fratres
3025 4861 3112 4917 vel
3158 4862 3339 4916 abbas
3378 4859 3559 4915 susti-

1908 4956 2087 5008 neant
2115 4950 2295 5006 ullam
2330 4952 2682 5017 molestiam,
2715 4956 2773 5006 et
2824 4951 2908 5005 sic
2959 4951 3010 5004 ei
3059 4952 3269 5005 cuncta
3300 4946 3561 5003 lzesionis

1907 5038 2174 5094 funditus
2205 5037 2397 5093 ablata
2427 5042 2732 5109 potestate,
2769 5036 3103 5093 nullatenus
3134 5034 3450 5107 aliquando
3494 5034 3559 5088 in

1905 5131 2096 5182 vestro
2126 5130 2388 5181 versetur
2413 5126 2769 5197 gravamine.

1979 5216 2161 5280 Unde,
2197 5213 2526 5286 apostolicae
2560 5214 2716 5268 sedis
2741 5229 3008 5278 censura,
3032 5213 3142 5268 sub
3175 5210 3371 5268 divina
3417 5229 3559 5269 con-

1906 5304 2213 5360 testatione
2232 5300 2463 5374 judicii,
2484 5299 2873 5356 anathematis
2896 5299 3270 5372 impositione
3292 5304 3558 5356 statuen-

1906 5399 2020 5462 tes,
2049 5390 2455 5447 interdicimus
2486 5395 2550 5446 ut
2580 5389 2778 5446 nullus
2811 5405 3073 5461 unquam
3122 5390 3557 5463 epiSCOporum,

1908 5498 2011 5537 seu
2044 5478 2358 5550 cujuslibet
2391 5480 2617 5535 ordinis
2647 5480 3014 5544 clericorum,
3038 5478 3126 5535 vel
3172 5477 3418 5551 quilibet
3450 5497 3559 5553 pu-

1908 5570 2195 5627 blicarum
2213 5566 2507 5623 actionum
2533 5569 2990 5637 administrator,
3007 5586 3104 5625 seu
3125 5569 3240 5624 alia
3257 5569 3553 5640 quazlibet,

1909 5663 2009 5718 aut
2039 5653 2471 5729 quantumlibet
2495 5673 2709 5731 magna
2728 5675 3019 5733 parvaque
3040 5675 3309 5733 persona,
3343 5661 3559 5717 audeat

1906 5749 1995 5808 vel
2009 5750 2328 5821 praesumat
2347 5751 2548 5808 contra
2568 5750 2678 5809 hoc
2695 5755 2962 5810 nostrum
2978 5752 3350 5825 priviiegium
3363 5765 3556 5825 agere:
