3966 6212
394 348 509 412 831

1722 345 2080 411 VICTORIS
2124 346 2179 412 ΙΙ
2220 346 2473 413 ΡΑΡιἘ.

3691 356 3816 420 832

398 488 498 541 aut
527 485 661 540 inde
686 483 1006 555 quidquam
1039 476 1309 545 alienare,
1343 478 1589 547 auferre,
1622 483 1724 536 aut
1774 480 2039 538 minuere
2067 481 2122 549 Α
2149 486 2255 539 rat.
2287 484 2407 539 Piis
2434 499 2570 557 ergo
2602 482 2745 542 locis
2766 485 2823 542 et
2842 481 3041 543 divina
3060 482 3345 561 religione
3363 488 3813 571 venerabilibus

394 575 483 631 vel
515 569 839 643 transgredi
865 588 876 636 ;
911 569 1010 624 sed
1033 568 1227 640 potius
1250 567 1487 625 ﬁrmum
1514 586 1580 625 ac
1601 568 1808 626 stabile
1829 570 1888 625 in
1905 587 2034 642 per-

398 668 655 737 petuum,
689 660 844 716 sicut
875 676 908 713 a
937 658 1103 713 nobis
1137 674 1479 714 concessum
1529 663 1585 715 et
1622 659 2035 714 conﬁrmatum

395 756 481 808 est
510 752 848 823 permaneat
874 767 886 815 ;
920 748 1205 819 liceatque
1235 747 1431 803 abbati
1462 746 1549 804 vel
1599 748 1876 804 fratribus
1908 766 2037 804 mo-

394 840 627 897 nasterii
663 838 848 909 ipsius
880 835 1251 908 apostolicam
1288 836 1486 891 sedem
1518 835 1807 908 appellare
1837 841 2039 893 contra

393 928 785 1001 quorumlibet
816 927 1122 981 hominum
1154 925 1455 996 injuriam,
1489 925 1536 980 si
1567 942 1670 996 per
1698 924 2036 997 episcopum

390 1020 864 1076 Taruannensem
895 1019 995 1071 aut
1025 1013 1526 1086 archiepiscopum
1570 1015 1911 1069 Remensem
1945 1032 2036 1070 sa-

390 1108 657 1163 tisfacere
685 1106 957 1179 pradicto
991 1104 1346 1159 monasterio
1377 1104 1762 1173 ejusdemque
1796 1103 2035 1158 rectori-

389 1199 500 1253 bus
530 1195 1003 1267 contempserint.
1036 1193 1093 1247 Si
1128 1192 1260 1263 quis
1292 1196 1508 1261 autem,
1542 1192 1696 1262 quod
1728 1209 1842 1247 non
1874 1195 2033 1263 opta-

393 1306 546 1357 mus,
582 1286 889 1342 temerario
922 1301 1093 1351 ausu,
1123 1286 1283 1337 cotra
1314 1300 1428 1337 non
1464 1281 1572 1337 hoc
1605 1285 1793 1337 strum
1816 1285 2039 1354 aposto-

390 1379 509 1433 lica
534 1377 690 1433 sedis
715 1378 1004 1429 statutum
1052 1372 1109 1425 in
1139 1387 1436 1443 quoquam
1457 1374 1760 1440 temerare,
1781 1370 1867 1426 vel
1894 1387 2033 1426 con-

389 1467 639 1536 fringcre
670 1461 1131 1535 prasumpserit,
1156 1464 1211 1515 et
1241 1459 1637 1515 contradictor
1678 1458 1836 1514 illius
1859 1460 2032 1514 exsti-

390 1556 501 1610 erit
533 1555 591 1609 in
623 1552 839 1624 aliquo,
874 1550 1215 1606 auctoritate
1245 1552 1456 1604 sancta
1488 1553 1543 1603 et
1574 1547 1883 1603 individua
1914 1547 2035 1603 Tri-

390 1643 593 1699 nitatis
621 1646 677 1698 et
705 1640 1100 1712 apostolorum
1133 1637 1413 1710 principis
1455 1637 1627 1704 Petri,
1678 1637 1869 1707 cujus,
1902 1637 2036 1693 licet

390 1732 615 1805 indigni
648 1730 1006 1803 dignatione,
1050 1732 1245 1782 tamen
1284 1726 1508 1781 vicibus
1554 1726 1875 1797 fungimur,
1907 1725 2031 1781 vin-

387 1821 518 1877 culo
549 1817 940 1876 anathematis
971 1815 1357 1887 mancipatus,
1386 1832 1421 1869 a
1465 1831 1641 1886 regno
1687 1813 1787 1869 Dei
1842 1830 2033 1887 segre—
2064 1850 2111 1915 Β

389 1915 582 1983 gatus,
669 1906 900 1963 diabolo
957 1908 1014 1959 et
1078 1902 1303 1976 angelis
1376 1902 1524 1974 ejus,
1601 1901 1713 1956 nisi
1774 1903 2028 1975 resipis-

389 2017 525 2056 cens
584 1994 923 2060 satisfaciat,
976 1990 1465 2047 indissolubiliter
1521 1995 1885 2063 aggregetur.
1921 1992 2030 2059 Qui

386 2105 517 2143 vero
550 2086 642 2158 pio
678 2086 939 2155 respectu
972 2080 1381 2147 observaverit,
1442 2096 1507 2135 ac
1552 2080 1823 2135 defensor
1851 2079 2029 2151 hujus

388 2172 847 2231 conﬁrmationis
874 2174 931 2225 et
979 2168 1370 2224 concessionis
1411 2169 1714 2238 exstiterit,
1746 2171 2029 2240 potestate

386 2264 541 2321 beati
588 2262 757 2329 Petri,
811 2258 1209 2330 apostolorum
1260 2256 1540 2330 principis
1585 2273 1652 2312 ac
1691 2260 2027 2312 sanctorum

385 2350 735 2409 confessoris
764 2346 1080 2403 Audomari
1112 2349 1287 2415 atque
1318 2344 1556 2412 Bertini,
1590 2344 1842 2402 caelestis
1864 2346 2028 2418 regni

384 2439 688 2495 introitum
721 2439 777 2491 et
807 2434 1054 2505 gratiam
1086 2437 1263 2503 atque
1292 2432 1557 2502 gloriam,
1587 2449 1621 2487 a
1643 2434 1806 2504 justo
1829 2433 2027 2504 judice

386 2526 653 2590 Domino,
687 2525 801 2579 Deo
834 2526 1052 2588 nostro,
1087 2522 1384 2592 vitamque
1413 2524 1689 2577 aeternam
1735 2521 2028 2594 percipere

387 2618 698 2680 mereatur,
730 2613 791 2665 in
822 2609 1032 2665 sacula
1062 2609 1427 2664 saculorum.
1461 2612 1667 2663 Amen.

456 2704 753 2777 Scriptum
820 2718 921 2771 per
985 2714 1196 2754 manus
1262 2698 1521 2769 Gregorii
1600 2698 1808 2755 notarii
1874 2717 2025 2756 anno

386 2793 700 2850 Dominica
767 2787 1086 2844 nativitatis
1155 2786 1464 2841 millesimo
1540 2787 2024 2860 quinquagesimo

386 2882 655 2955 septimo.

455 2974 574 3044 Ego
634 2968 1011 3031 Humbertus,
1065 2964 1255 3020 dictus
1309 2963 1613 3037 episcopus
1667 2970 1880 3022 sanetae
1931 2984 2023 3023 ec-

386 3062 573 3119 clesia
624 3057 807 3131 Sylva
854 3054 1145 3121 Candida,
1196 3053 1433 3110 interfui
1482 3058 1539 3110 et
1581 3055 1816 3128 propria
1844 3072 2023 3113 manu

386 3147 729 3220 subscripsi.

2146 571 2350 629 debitae
2363 572 2779 630 consolationis
2790 578 2848 630 et
2859 574 3215 635 defensionis
3227 579 3553 649 porrecturi
3566 597 3809 651 manus,

2145 659 2314 717 illum
2346 662 2568 719 cateris
2594 662 3020 735 praeferendum
3052 682 3170 721 non
3200 667 3809 743 ambigimus,quem

2146 750 2481 807 monastica
2515 767 2730 807 norma
2763 755 2991 809 constat
3014 768 3144 810 esse
3187 755 3513 830 principale
3552 775 3809 833 gymna-

2147 838 2323 908 sium,
2358 842 2415 895 et
2444 845 2658 896 sancta
2688 840 2967 897 Romana
2990 845 3047 898 et
3077 844 3412 916 apostolica
3459 848 3587 903 sedi
3618 851 3809 906 conti-

2145 943 2352 1001 guum,
2381 945 2557 1001 quem
2579 929 2730 986 cives
2752 930 3067 999 Romanni,
3090 936 3290 1005 patres
3315 935 3585 992 videlicet
3606 938 3807 995 eximii

2146 1016 2512 1088 Benedictus,
2546 1019 2785 1075 Maurus
2806 1022 2864 1076 et
2885 1019 3158 1077 Placidus
3183 1038 3319 1079 cum
3343 1026 3651 1083 nonnullis
3672 1027 3805 1084 aliis

2145 1106 2486 1175 fundarunt,
2512 1123 2802 1180 quemque
2819 1123 2853 1163 a
2872 1108 3147 1181 gentibus
3168 1111 3536 1169 destructum
3551 1115 3802 1172 Romani

2145 1195 2449 1267 pontiﬁces
2481 1195 2866 1253 nihilominus
2884 1213 2991 1253 sua
3007 1199 3350 1256 auctoritate
3374 1205 3799 1271 restruxerunt,

2145 1287 2201 1339 et
2229 1284 2545 1356 privilegiis
2577 1278 2907 1357 apostolicae
2938 1286 3098 1343 sedis
3128 1287 3336 1344 merito
3360 1291 3585 1355 cateris
3606 1309 3802 1350 eano-

2145 1371 2257 1428 biis
2289 1372 2689 1444 praetulerunt,
2722 1377 2897 1446 atque
2917 1378 3119 1431 contra
3142 1366 3542 1448 quorumlibet
3561 1385 3801 1455 suspec-
3850 1426 3859 1433 .

2144 1465 2235 1518 tas
2249 1461 2496 1533 injurias
2508 1462 2820 1518 efﬁcaciter
2834 1461 3202 1523 munierunt:
3223 1482 3475 1538 quorum
3489 1485 3593 1525 nos
3610 1487 3797 1535 sacra

2145 1550 2657 1607 auctoritatisicut
2685 1555 2946 1623 tempore
2993 1556 3051 1608 et
3095 1552 3222 1609 loco
3275 1557 3656 1626 succedimus,
3698 1560 3794 1614 sic

2143 1655 2344 1695 eorum
2374 1640 2660 1712 exemplo,
2693 1642 2759 1696 ut
2779 1644 3026 1713 oportet,
3051 1640 3388 1712 innitimur,
3406 1648 3463 1701 et
3483 1660 3581 1717 per
3602 1645 3795 1718 hujus

2143 1731 2355 1785 nostra
2381 1728 2687 1789 decretalis
2716 1729 2941 1802 pagina
2973 1732 3235 1791 tenorem
3257 1732 3386 1804 tibi,
3408 1733 3794 1793 dilectissime

2142 1814 2225 1871 ﬁli
2256 1820 2313 1872 et
2341 1817 2491 1872 abba
2519 1816 2825 1889 Friderice,
2855 1816 3201 1875 electionem
3224 1820 3296 1876 ad
3317 1821 3580 1895 reginem
3601 1839 3793 1887 coeno-

2140 1905 2219 1960 bii
2251 1906 2472 1978 pratati
2495 1904 2713 1962 saniori
2734 1906 2977 1963 consilio
3000 1908 3265 1964 omnium
3290 1909 3541 1969 fratrum
3566 1911 3627 1971 in
3651 1930 3796 1986 pra-

2139 1994 2327 2050 sentia
2347 1994 2701 2067 responsalis
2722 1996 2907 2052 nostri
2924 2012 2957 2052 a
2968 1996 3135 2052 Petro
3149 1998 3429 2055 monacho
3445 1999 3795 2072 aliquorum

2138 2099 2450 2155 pravorum
2463 2083 3083 2156 conspirationeelecto
3120 2084 3178 2140 in
3203 2088 3256 2141 te
3274 2085 3624 2145 translatam
3654 2089 3800 2145 col-

2135 2170 2445 2227 laudantes
2477 2172 2914 2229 conﬁrmamus.
2941 2172 3100 2229 Unde
3119 2177 3175 2228 et
3194 2175 3516 2230 secundum
3540 2175 3795 2247 privile-

2136 2259 2233 2332 gia
2253 2260 2593 2316 eorumdem
2613 2264 3051 2318 antecessorum
3073 2264 3425 2331 nostrorum,
3448 2266 3630 2335 atque
3651 2281 3794 2321 con-

2137 2348 2509 2419 suetudinem
2530 2348 2656 2416 tibi,
2679 2365 2855 2421 quem
2876 2351 3148 2407 abbatem
3169 2349 3553 2419 sacravimus,
3579 2369 3792 2411 mona-

2137 2436 2381 2491 sterium
2414 2435 2552 2491 almi
2574 2437 2760 2493 Patris
2792 2437 3084 2496 Benedicti
3120 2439 3301 2495 situm
3332 2438 3531 2497 Monte
3559 2440 3790 2498 Casini-

2135 2524 2332 2591 castri,
2381 2529 2768 2598 cunctamque
2814 2526 3002 2600 ipsius
3060 2527 3401 2585 monasterii
3461 2529 3786 2602 abbatiam,

2133 2613 2359 2686 integre
2388 2630 2518 2669 cum
2553 2613 2714 2671 cellis
2743 2615 2892 2685 suis,
2924 2616 3198 2686 castellis,
3222 2616 3477 2688 praediis,
3501 2623 3559 2674 et
3587 2619 3787 2675 omnia

2135 2719 2243 2760 sua
2270 2701 2622 2773 pertinentia
2653 2704 3046 2773 concedimus,
3096 2710 3154 2762 et
3206 2708 3410 2763 nostra
3440 2708 3787 2765 auctoritate

2134 2790 2504 2848 decernimus
2518 2791 2713 2848 tamin
2738 2792 2956 2850 ﬁnibus
2976 2793 3538 2863 Beneventanorum,
3564 2795 3785 2868 Apulo-

2133 2886 2265 2936 rum
2296 2882 2354 2936 et
2376 2879 2775 2951 Calabrorum,
2808 2897 2988 2954 quam
3018 2882 3200 2939 etiam
3224 2881 3284 2939 in
3317 2881 3537 2940 ﬁnibus
3554 2883 3789 2941 Marso-

2132 2985 2265 3025 rum
2298 2971 2355 3024 et
2382 2968 2443 3025 in
2475 2968 2771 3037 Marchiis,
2804 2970 2923 3027 sive
2951 2969 3286 3043 ubicunque
3315 2969 3488 3044 longe
3516 2975 3576 3028 et
3604 2989 3788 3045 prope

2132 3057 2415 3114 hactenus
2438 3058 2574 3129 jure
2602 3058 2707 3114 tibi
2738 3059 3008 3132 pertinet,
3060 3059 3281 3132 aliquid
3331 3059 3452 3116 sive
3492 3060 3787 3134 quidquid

2132 3146 2405 3220 deinceps
2434 3146 2625 3204 ubivis
2647 3148 2811 3221 juste
2835 3147 3193 3221 acquisierit.
3215 3149 3301 3205 Ad
3323 3148 3446 3205 hac
3458 3149 3784 3220 justitiam.

457 3240 571 3311 Ego
602 3218 969 3300 Benedictus,
1002 3236 1212 3289 sancta
1238 3232 1598 3290 Bellitrensis
1618 3233 1871 3289 ecclesia
1902 3236 2022 3290 dic-
2056 3218 2100 3287 C
2136 3234 2225 3291 vel
2255 3218 2556 3307 quodlibet
2583 3218 2868 3305 debitum,
2902 3218 3057 3307 quod
3088 3236 3364 3294 ofﬁciales
3413 3218 3600 3294 nostri
3631 3238 3785 3295 sacri

382 3333 479 3386 tus
511 3327 837 3399 episcopus,
858 3324 1116 3395 cognovi,
1146 3326 1201 3378 et
1217 3323 1451 3395 propria
1472 3340 1652 3379 manu
1674 3323 2017 3397 subscripsi.

452 3418 570 3489 Ego
600 3412 952 3479 Bonifacius,
974 3417 1184 3468 sancta
1196 3411 1544 3468 Albanensis
1556 3411 1813 3468 ecclesia
1825 3413 2020 3470 dictus

382 3506 711 3579 episcopus,
744 3501 1002 3575 cognovi,
1037 3505 1093 3557 et
1123 3500 1327 3573 propia
1354 3517 1531 3557 manu
1567 3501 1910 3574 subscripsi.
2036 3499 2043 3505 ’

450 3596 565 3666 Ego
598 3597 824 3662 Petrus,
856 3589 1301 3647 archidiaconus
1351 3593 1567 3646 sancta
1619 3590 1892 3646 Romana
1923 3590 2022 3646 Ec-

378 3682 587 3751 clesia,
619 3681 859 3755 cognovi
889 3684 947 3736 et
975 3679 1210 3752 propria
1240 3695 1417 3734 manu
1442 3679 1786 3752 subscripsi.

448 3773 565 3844 Ego
596 3770 1047 3837 Hildebrandus,
1083 3771 1296 3824 sancta
1330 3767 1600 3823 Romana
1632 3768 1894 3825 Ecclesia
1927 3788 2019 3827 ar-

378 3861 776 3924 chidiaconus,
808 3858 1070 3931 cognovi,
1104 3861 1159 3913 et
1182 3856 1414 3930 propria
1457 3874 1639 3913 manu
1674 3859 2017 3932 subscripsi.

447 3951 564 4021 Ego
597 3948 956 4015 Fredericus,
991 3946 1271 4001 diaconus
1299 3946 1643 4018 subscripsi.

447 4042 657 4093 Datum
704 4035 869 4091 tertio
922 4036 1059 4090 Idus
1104 4034 1259 4101 Maii,
1321 4051 1424 4105 per
1471 4052 1682 4091 manus
1719 4036 2015 4107 Aribonis,

376 4125 623 4192 diaconi,
648 4140 801 4178 anno
832 4121 999 4176 tertio
1032 4121 1408 4192 pontiﬁcatus
1442 4123 1661 4178 domini
1688 4141 1850 4197 papa
1889 4125 2018 4181 Vic-

376 4214 540 4279 toris,
593 4226 791 4266 mense
845 4210 1010 4277 Maio,
1064 4209 1379 4264 indictione
1428 4210 1672 4279 decima,
1727 4213 1821 4270 die
1848 4214 2017 4270 tertio

375 4301 622 4356 decimo.

1086 4386 1278 4442 XVIII.

552 4477 784 4531 Victoris
816 4478 866 4530 II
897 4475 1047 4531 bulla
1072 4492 1174 4548 pro
1213 4480 1538 4534 monasterio
1569 4479 1855 4535 Casinensi

942 4566 1127 4634 (Anno
1160 4564 1448 4639 1055-57.)

536 4653 821 4724 [MABILL.,
854 4654 1051 4709 Annal.
1086 4654 1206 4710 0rd.
1240 4656 1295 4710 S.
1325 4654 1547 4723 Bcncd.,
1581 4654 1672 4720 IV,
1702 4656 1852 4726 7H,]

367 4743 417 4797 V
442 4759 586 4797 eros
618 4742 947 4816 episcopus,
982 4759 1183 4799 servus
1210 4759 1512 4799 servorum
1544 4743 1665 4812 Dei,
1702 4744 2015 4801 FRIDERICO

368 4832 578 4888 dilecto
606 4831 724 4888 ﬁlio
756 4832 952 4889 abbati
982 4831 1330 4887 venerabilis
1369 4831 1616 4886 ccenobii
1646 4832 1786 4888 almi
1829 4833 2015 4891 Patris

365 4921 682 4993 Benedicti,
717 4923 870 4993 quod
924 4924 1295 4992 nuncupatur
1340 4920 1807 4990 Mons-Casinus,
1844 4939 2015 4979 cunc-

363 5011 558 5083 tisque
588 5009 1026 5067 successoribus
1057 5010 1185 5079 ejus
1216 5008 1335 5064 illic
1356 5010 1634 5066 canonice
1655 5011 1729 5067 ad
1752 5012 2014 5085 regimen

365 5099 776 5171 promovendis
809 5099 864 5152 in
900 5102 1265 5170 perpetuum.

438 5187 748 5244 Pastoralis
781 5185 1195 5241 sollicitudinis
1252 5189 1458 5240 nostra
1506 5189 1725 5244 bonum
1762 5190 1810 5245 si
1843 5191 2013 5248 debet

362 5275 692 5348 prospicere
722 5280 779 5331 et
807 5278 1084 5347 prolicere
1116 5275 1394 5332 omnibus
1426 5264 1603 5332 etiam
1635 5280 1924 5336 extraneis
1955 5285 2012 5337 et

361 5362 725 5436 longinquis,
754 5364 938 5420 multo
970 5364 1159 5437 magis
1192 5364 1530 5420 domesticis
1561 5371 1619 5422 et
1639 5369 2006 5441 propinquis.

362 5451 511 5521 Ipsis
541 5451 756 5522 quippe
788 5455 1042 5509 secundo
1072 5454 1258 5527 gradu
1290 5457 1422 5525 post
1442 5458 1626 5511 Deum
1647 5458 2011 5516 admovenda

361 5542 447 5593 est
476 5537 721 5593 visibilis
744 5541 1018 5611 charitas,
1055 5546 1115 5597 ut
1147 5557 1248 5613 per
1278 5557 1378 5596 eos
1399 5542 1558 5598 velut
1577 5546 1844 5615 quadam
1869 5547 2008 5605 visi-

360 5623 497 5680 bilis
511 5624 747 5682 ilamma
760 5630 1048 5701 gradatim
1065 5632 1134 5687 ad
1152 5628 1493 5688 remotiores
1507 5648 1773 5709 quosque
1789 5636 2010 5697 discur-

2130 3323 2330 3396 palatii
2360 3323 2599 3397 exigunt
2619 3341 2654 3380 a
2681 3324 2928 3383 navibus
2957 3326 3030 3381 ad
3061 3324 3392 3384 Romanum
3422 3330 3661 3400 portum
3687 3343 3788 3401 ap-

2130 3412 2502 3485 plicantibus,
2530 3413 2708 3470 vestri
2736 3414 2983 3479 coenobii
3011 3413 3144 3471 navi
3171 3413 3451 3485 peculiari
3480 3419 3787 3489 gratanter

2129 3501 2459 3558 relaxamus
2484 3520 2497 3571 ;
2530 3505 2589 3558 et
2617 3502 3082 3575 quotiescunque
3110 3502 3357 3560 Romam
3383 3505 3456 3577 ad
3474 3504 3783 3563 servitium

2129 3594 2344 3647 sancta
2377 3590 2648 3647 Romana
2677 3589 2947 3648 Ecclesia
2976 3591 3274 3661 veneritis,
3307 3592 3369 3648 in
3400 3597 3605 3651 sancta
3648 3593 3782 3652 Hie-

2129 3679 2385 3737 rusalem
2415 3678 2616 3752 palatii
2646 3679 2983 3738 Susurriani
3012 3680 3339 3754 hospitium
3370 3681 3643 3739 habeatis
3669 3700 3685 3752 ;
3727 3685 3785 3738 et

2129 3768 2400 3825 defuncto
2430 3768 2659 3837 abbate,
2692 3769 2909 3826 ibidem
2937 3771 3132 3827 vestra
3159 3769 3247 3825 vel
3277 3774 3608 3833 vestrorum
3647 3787 3782 3829 suc-

2129 3872 2430 3914 cessorum
2459 3856 2741 3914 electione
2771 3857 2953 3914 abbas
3001 3857 3395 3916 constituatur
3441 3877 3477 3916 a
3515 3859 3782 3918 Romano

2129 3947 2401 4019 pontiﬁce
2421 3947 2873 4005 consecrandus.
2899 3946 3248 4006 Gonservato
3268 3947 3434 4004 vobis
3447 3949 3782 4023 vestrisque

2129 4024 2567 4094 successoribus
2594 4035 2918 4110 privilegio,
2947 4040 3070 4097 tam
3102 4037 3256 4111 quod
3288 4053 3357 4093 ex
3381 4038 3514 4095 navi
3560 4042 3776 4113 vestra,

2128 4140 2306 4197 quam
2338 4127 2492 4198 quod
2521 4141 2590 4182 ex
2623 4125 2754 4199 ipsa
2802 4126 3098 4182 destructa
3148 4124 3417 4197 ecclesia,
3464 4130 3532 4183 ut
3575 4127 3666 4185 vel
3699 4128 3783 4185 sic

2127 4218 2471 4283 restruetur,
2506 4214 2806 4287 proximus
2836 4214 3108 4271 decessor
3146 4218 3344 4271 noster
3392 4220 3637 4273 sanctus
3670 4218 3784 4273 Leo

2127 4303 2381 4360 ﬁrmavit
2410 4303 2608 4359 abbati
2640 4302 2931 4360 Ricberio.
2982 4302 3166 4361 Usum
3214 4319 3449 4377 quoque
3479 4304 3783 4362 sandalio-

2127 4409 2259 4448 rum
2281 4395 2339 4448 et
2359 4391 2705 4462 dalmatica,
2720 4450 2721 4453 η
2739 4391 3008 4465 quamvis
3019 4392 3158 4467 jure
3174 4392 3575 4450 cardinalatus
3598 4394 3682 4450 tui
3706 4396 3783 4450 ab

2127 4480 2446 4553 apostolica
2466 4482 2604 4539 sede
2624 4481 2972 4556 perceperis,
3006 4481 3224 4553 anobis
3249 4485 3446 4538 tamen
3470 4481 3599 4555 tibi,
3623 4487 3682 4539 et
3702 4482 3785 4539 lo-

2048 4591 2097 4656 D
2128 4586 2194 4627 co
2233 4570 2509 4644 deinceps
2538 4574 2595 4627 et
2625 4570 3050 4643 principalibus
3069 4572 3300 4627 tantum
3324 4570 3490 4627 festis
3510 4571 3784 4629 concedi-

2128 4676 2262 4716 mus
2282 4660 2353 4715 ad
2373 4657 2881 4717 honoriﬁcentiam
2905 4663 3027 4717 tam
3047 4659 3396 4716 venerabilis
3419 4659 3698 4729 canobii,
3724 4664 3787 4717 et

2124 4749 2197 4805 ob
2218 4746 2589 4805 dilectionem
2608 4748 2716 4817 tui,
2740 4748 3067 4804 secundum
3092 4749 3249 4821 quod
3271 4748 3544 4821 prafatus
3572 4748 3785 4805 deces-

2125 4855 2223 4895 sor
2241 4840 2439 4894 noster
2456 4840 2556 4898 tuo
2568 4836 2806 4909 prafato
2820 4837 3128 4895 concessit.
3144 4837 3420 4893 Praterea
3429 4835 3788 4893 corrobora-

2125 4941 2259 4982 mus
2287 4924 2396 4982 tibi
2426 4925 2662 4999 tuisque
2691 4926 3135 4984 successoribus
3182 4926 3244 4982 in
3291 4922 3446 4981 omni
3476 4927 3787 4982 conventu

2123 5015 2536 5089 episcoporum
2552 5018 2609 5072 et
2619 5014 2956 5088 principum
2996 5014 3354 5089 superiorem
3378 5011 3665 5070 omnibus
3678 5014 3783 5071 ab-

2124 5104 2361 5161 batibus
2390 5105 2614 5173 sedem,
2643 5107 2701 5160 et
2746 5103 2808 5159 in
2856 5102 3121 5167 conciliis
3166 5106 3224 5158 et
3244 5101 3486 5175 judiciis
3517 5102 3787 5175 priorem

2119 5193 2213 5251 sui
2243 5192 2467 5250 ordinis
2507 5192 2851 5250 hominibus
2894 5190 3247 5249 sententiam
3298 5208 3405 5267 pro
3452 5192 3787 5250 reverentia

2117 5281 2266 5339 tanti
2296 5280 2429 5349 loci,
2463 5282 2563 5355 qui
2592 5280 2854 5356 primum
2885 5285 2943 5338 et
2971 5297 3278 5339 summum
3309 5280 3657 5337 monastica
3700 5280 3786 5339 le-

2116 5370 2456 5447 gislatorem
2483 5370 2683 5428 vivum
2715 5375 2774 5427 et
2803 5373 3106 5430 mortuum
3136 5370 3394 5428 retinere
3425 5370 3783 5443 promeruit,

2117 5459 2338 5533 quique
2367 5455 2557 5527 ipsius
2585 5457 3277 5533 legislationemscripto,
3304 5459 3482 5516 verbo
3509 5462 3569 5515 et
3590 5474 3787 5517 exem-

2116 5547 2214 5622 plo
2255 5543 2575 5604 coenobiale
2633 5548 2999 5620 propositum
3057 5547 3478 5624 appetentibus
3535 5548 3602 5605 in
3658 5553 3787 5608 toto

2119 5636 2342 5699 mundo
2359 5632 2482 5693 sole
2493 5635 2709 5698 clarius
2719 5636 3014 5700 evibravit.
3028 5638 3313 5699 Defuncto
3326 5641 3525 5699 autem
3538 5638 3784 5711 abbate,
