3966 6212
186 394 311 455 833

1156 390 1561 453 EPISTOLE
1603 390 1703 453 ET
1744 391 2111 453 DECRETA
2155 391 2631 462 PONTlFlCIA.

3481 410 3601 467 834

186 540 259 581 ex
274 536 407 581 sese
424 520 940 595 ipsecongregatio
960 522 1285 580 secundum
1309 522 1510 580 sanius
1533 524 1843 580 consilium
1873 528 1929 594 Α
1958 524 2173 581 Bantra
2202 527 2550 598 Monacisca,
2581 529 2614 586 J
2623 534 2887 599 unctura,
2921 535 2976 608 Sp.
3010 534 3239 605 Angoli,
3273 539 3596 608 Turudum,

189 613 533 687 sapientum
553 616 610 670 et
630 611 930 669 seniorum
953 612 1204 668 fratrum
1227 611 1339 668 sibi
1363 613 1633 669 abbatem
1651 613 1846 686 eligat,

189 707 252 760 et
279 702 611 776 apostolicis
643 701 803 759 sedis
832 701 1097 775 pontifici
1142 702 1499 757 firmandum
1549 708 1605 758 et
1646 717 1848 759 conse-

189 793 476 848 crandum
498 789 773 847 exhibeat
799 807 812 847 :
837 807 945 847 nec
966 789 1134 846 aliter
1154 789 1232 846 ibi
1256 789 1441 846 abbas
1460 788 1851 846 constituatur

189 884 294 937 aut
323 879 561 936 aliunde
586 879 730 937 illuc
759 878 1207 948 intromittatur,
1238 878 1353 935 nisi
1382 879 1529 934 forte
1556 896 1625 934 ex
1654 895 1717 935 se
1737 878 1848 936 ali-

190 984 366 1042 quem
391 973 555 1026 tanto
579 968 855 1042 regimini
895 969 1173 1025 idoneum
1195 984 1312 1024 non
1333 967 1663 1036 habuerint,
1686 971 1743 1024 et
1773 967 1847 1023 ob

191 1059 250 1115 id
281 1058 499 1115 saniori
541 1057 790 1114 consilio
822 1061 1162 1114 extraneum
1195 1056 1309 1113 sibi
1337 1056 1637 1129 elegerint.
1671 1057 1846 1112 Porro

192 1150 405 1219 praeter
422 1162 724 1203 summum
737 1145 1073 1219 apostolica:
1086 1145 1242 1203 sedis
1258 1144 1565 1218 prtesulem
1575 1185 1588 1211 ,
1603 1145 1695 1216 cuj
1704 1144 1848 1201 usli-

191 1237 291 1292 bet
312 1235 584 1292 Ecclesia:
605 1235 969 1308 episcOpum,
1004 1234 1092 1291 vel
1124 1234 1505 1303 sacerdotem,
1530 1234 1586 1289 in
1612 1234 1846 1306 praefato

195 1324 576 1395 monasterio,
598 1324 683 1378 vel
703 1324 765 1378 in
786 1323 948 1380 cellis
971 1323 1179 1396 ipsius,
1213 1322 1494 1379 ditionem
1525 1322 1848 1393 quamlibet

194 1413 306 1469 sibi
328 1429 678 1484 praesumere
699 1412 807 1469 hac
829 1415 1031 1469 nostra
1051 1411 1457 1468 interdicimus
1477 1411 1844 1479 auctoritate,

195 1502 277 1557 ita
302 1505 389 1568 ut,
414 1502 529 1558 nisi
550 1503 624 1558 ab
646 1501 857 1558 abbate
878 1502 1055 1558 fuerit
1074 1501 1374 1567 invitatus,
1400 1516 1503 1557 nec
1526 1500 1836 1558 missarum

194 1591 481 1648 solemnia
496 1591 876 1648 inibiaudeat
904 1589 1231 1659 celebrare;
1256 1590 1359 1646 sed
1389 1594 1611 1646 remota
1630 1593 1687 1645 et
1707 1605 1844 1661 pro-

196 1679 427 1753 pulsata
456 1680 719 1752 qualibet
747 1677 1124 1753 oppressione
1170 1678 1718 1746 ecclesiasticarum,
1751 1676 1841 1733 vel

196 1768 568 1825 saecularium
599 1785 1003 1842 personarum,
1035 1768 1191 1824 sicut
1218 1767 1502 1833 hactenus
1536 1767 1773 1832 mansit,
1806 1784 1841 1822 a

197 1858 473 1931 praesenti
495 1857 720 1916 decima
739 1857 1074 1926 indictione,
1096 1856 1209 1913 hoc
1236 1859 1434 1913 nostro
1456 1854 1755 1928 privilegio
1776 1855 1836 1911 in

198 1950 550 2020 perpetuum
572 1948 854 2020 quietum,
870 1950 926 2003 et
944 1946 1195 2003 liberum
1206 1947 1281 2003 ad
1303 1945 1626 2013 servitium,
1651 1948 1707 2001 et
1727 1944 1848 2019 glo-

198 2037 351 2090 riam
366 2036 471 2093 Dei
494 2040 727 2093 maneat
750 2037 860 2092 sub
882 2034 1219 2092 defensione
1241 2039 1298 2091 et
1322 2035 1458 2107 jure
1499 2037 1716 2090 sanctae
1739 2034 1850 2089 Ro-

199 2141 382 2181 manae
408 2128 471 2181 et
501 2124 830 2197 apostolicae
869 2125 1047 2194 sedis,
1100 2141 1234 2180 cum
1278 2124 1404 2180 suis
1451 2123 1750 2192 omnibus,
1782 2139 1851 2179 ex

201 2213 408 2286 quibus
429 2214 780 2271 summatim
793 2217 851 2271 et
874 2212 1222 2287 generaliter
1233 2211 1509 2269 omnibus
1528 2211 1638 2267 hac
1660 2211 1849 2267 nomi-

202 2301 398 2372 natim,
421 2306 486 2359 et
503 2301 839 2375 specialiter
858 2306 1091 2360 tantum
1116 2301 1249 2359 istic
1284 2301 1668 2374 digessimus:
1693 2299 1851 2356 Cella

199 2389 501 2463 Albaneta,
534 2390 808 2459 Ciconia;
835 2391 983 2449 cella
1009 2390 1196 2447 sancti
1229 2389 1492 2463 Gregorii
1510 2389 1572 2445 in
1592 2389 1846 2461 Aquino,

200 2480 256 2537 S.
280 2479 533 2549 Nazarii,
565 2482 624 2536 S.
660 2479 954 2537 Benedicti
987 2479 1049 2535 in
1079 2478 1222 2549 Clia,
1250 2482 1307 2534 8.
1340 2478 1633 2535 Benedicti
1666 2478 1725 2532 in
1758 2478 1848 2533 In-

199 2568 342 2638 sula,
370 2570 427 2625 S.
465 2568 752 2637 Silvestri,
782 2570 840 2625 8.
876 2567 1111 2636 Urbani,
1145 2569 1204 2625 S.
1239 2567 1422 2635 Pauli,
1453 2572 1509 2623 8.
1557 2566 1761 2639 Angeli
1790 2566 1850 2623 in

199 2656 353 2714 Valle
382 2659 588 2725 Lucis,
620 2660 678 2715 S.
712 2657 1038 2726 Michaelis,
1084 2660 1298 2715 sancta
1346 2657 1540 2714 Mariae
1590 2657 1651 2713 in
1682 2656 1853 2713 terris

197 2746 374 2816 Albis,
406 2751 629 2805 sanctae
651 2748 835 2804 Luciae
866 2748 1021 2820 apud
1050 2748 1306 2816 Fractas,
1330 2750 1385 2802 8.
1421 2745 1630 2819 Angeli
1664 2746 1724 2802 in
1746 2746 1850 2803 Ca-

201 2836 391 2906 nuoio,
417 2841 484 2893 8.
516 2836 794 2909 Stephani
822 2838 884 2893 in
913 2836 1244 2904 Terracina,
1289 2836 1348 2894 8.
1391 2835 1761 2893 Scholasticis
1791 2835 1851 2890 in

198 2923 413 2994 Caieta,
435 2925 665 2981 Sanctae
684 2926 876 2981 Maria
898 2925 957 2981 in
979 2924 1208 2993 Berula,
1245 2924 1305 2982 8.
1338 2922 1559 2981 Nicolai
1606 2924 1665 2980 in
1696 2924 1850 2991 Pica,

208 3013 267 3070 S.
290 3012 567 3069 Mauricii
605 3013 663 3068 in
686 3014 930 3083 Limata,
967 3015 1026 3071 S.
1068 3014 1221 3070 Petri
1261 3014 1321 3069 in
1362 3011 1649 3083 Esculelo,
1672 3015 1729 3070 S.
1753 3014 1854 3069 Be-

199 3101 410 3159 nedicti
440 3103 512 3158 in
542 3103 733 3172 Sessa,
776 3105 835 3161 S.
885 3103 1180 3160 Benedicti
1211 3103 1270 3159 in
1317 3104 1511 3160 Teano
1561 3120 1694 3159 cum
1727 3103 1852 3159 suis

196 3190 379 3262 cellis,
408 3193 479 3249 8.
512 3192 807 3249 Benedicti
836 3193 897 3250 in
928 3193 1145 3266 Capua,
1179 3209 1314 3249 cum
1364 3191 1547 3260 cellis,
1594 3196 1652 3248 et
1680 3192 1853 3248 terris

1959 616 2013 667 8.
2048 613 2317 683 Victoris,
2358 620 2413 671 8.
2466 617 2614 673 Petri
2666 620 2724 674 in
2770 620 2912 687 Clia,
2965 624 3227 692 Cervara,
3275 625 3600 683 Vallis-Ro-

1956 702 2159 769 tunda,
2208 707 2264 759 S.
2333 704 2488 773 Eliae,
2542 709 2991 779 Saraciniscum,
3050 712 3260 779 Conca,
3309 715 3600 787 Capriata,

1958 789 2317 859 Francilone,
2364 796 2418 846 S.
2468 795 2736 864 Joannis,
2790 802 2845 855 S.
2896 800 3192 856 Benedicti
3241 803 3504 860 minoris.
3542 807 3599 861 S.

1956 878 2200 935 Joannis
2222 880 2280 935 in
2303 881 2519 953 Capua.
2544 885 2799 947 Quorum
2827 887 3026 958 aliqua
3048 889 3188 945 olim
3215 892 3374 948 fuere
3400 910 3602 950 mona-

1958 967 2155 1032 steria,
2189 970 2289 1024 sed
2320 985 2356 1025 a
2386 974 2718 1027 Sarracenis
2751 975 3065 1044 destructa,
3118 983 3496 1050 postmodum
3532 983 3601 1038 ad

1956 1054 2265 1112 tuitionem
2296 1058 2493 1129 patriai
2517 1064 2844 1118 necessario
2886 1064 3039 1120 faeta
3070 1068 3340 1125 castella:
3367 1070 3607 1143 insuper

1956 1143 2365 1201 Lastinianum
2406 1150 2463 1202 et
2513 1148 2630 1203 alia
2677 1150 2788 1205 tria
2838 1153 3100 1222 castella,
3152 1157 3317 1213 Mons
3363 1159 3602 1229 Albrici,

1958 1231 2200 1300 Muccla,
2245 1238 2299 1286 S.
2333 1235 2549 1297 Quirici
2591 1254 2720 1292 cum
2768 1244 2936 1309 portu
2963 1243 3161 1297 decem
3187 1247 3442 1315 navium,
3478 1265 3605 1320 quae

1955 1321 2071 1375 duo
2096 1324 2543 1379 Transmundus
2573 1342 2765 1381 comes
2792 1328 2945 1383 illius
2967 1332 3203 1387 Actonis
3234 1334 3400 1390 beato
3422 1336 3607 1392 Bene—

1955 1409 2108 1463 dicto
2133 1411 2191 1465 in
2232 1411 2425 1466 Monte
2470 1413 2676 1468 Casino
2709 1416 2876 1482 legali
2910 1419 3243 1488 donatione,
3279 1427 3335 1477 et
3373 1425 3606 1481 charta-

1953 1514 2083 1553 rum
2107 1500 2492 1557 munimentis
2515 1504 2757 1557 contulit
2787 1523 2798 1568 ;
2828 1506 3062 1561 tertium
3078 1512 3275 1564 autem
3293 1512 3607 1568 Castellum

1953 1587 2135 1656 Frisa,
2157 1589 2311 1659 quod
2332 1591 2555 1660 praefati
2575 1595 2969 1648 Transmundi
2994 1610 3140 1652 uxor
3162 1614 3263 1668 pro
3288 1598 3611 1657 animasua

1950 1674 2151 1743 simili,
2172 1680 2237 1731 ut
2257 1694 2365 1733 sua
2378 1680 2648 1745 maritus,
2672 1682 2841 1736 modo
2857 1683 3236 1753 eontradidit,
3262 1687 3417 1757 quod
3434 1688 3609 1744 etiam

1950 1768 2081 1835 post
2114 1770 2360 1821 mortem
2392 1769 2588 1823 uxoris
2620 1770 2895 1841 prmfntus
2924 1789 3118 1828 comes
3145 1790 3261 1829 non
3283 1775 3485 1831 timuit
3520 1776 3612 1832 in-

1954 1854 2182 1921 vadere,
2218 1855 2319 1911 sed
2354 1858 2617 1912 Laterani
2656 1858 2711 1911 in
2748 1861 3010 1931 cappella
3058 1862 3244 1919 sancti
3288 1864 3608 1933 Laurentii,

1960 1947 2242 2013 praesente
2292 1944 2612 2001 Humberto
2662 1947 2828 2001 Silva:
2880 1949 3136 2004 candidae
3207 1951 3504 2025 episcopo,
3555 1958 3610 2010 te

1960 2046 2191 2102 quoque
2220 2031 2335 2087 filio
2368 2038 2567 2088 nostro
2599 2034 2886 2091 Friderieo
2930 2038 3192 2093 nondum
3246 2040 3317 2095 ad
3351 2041 3610 2112 regimen

1958 2117 2547 2186 electo,admonitusa
2563 2123 2729 2177 nobis
2746 2124 2801 2177 in
2818 2123 2943 2194 ipsa
2957 2124 3321 2182 confessione
3343 2131 3611 2184 reatuum

1959 2224 2202 2264 suorum
2224 2209 2527 2267 Dominica
2548 2217 2754 2282 quarta
2780 2216 2909 2282 post
2926 2213 3150 2269 Pascha
3171 2217 3376 2286 sponte
3398 2215 3611 2272 refuta-

1956 2299 2056 2354 vit.
2094 2297 2278 2369 Igitur
2306 2298 2421 2368 bis,
2468 2304 2525 2354 et
2569 2300 2844 2356 omnibus
2893 2318 3020 2372 qua:
3071 2302 3308 2374 praefato
3352 2303 3612 2361 coenobio

1951 2387 2111 2458 juste
2141 2387 2433 2459 pertinent
2456 2405 2632 2457 nunc,
2658 2393 2856 2460 etquze
2886 2390 2944 2445 in
2970 2390 3165 2445 futuro
3183 2393 3346 2463 juste
3368 2394 3615 2464 pertine-

1958 2476 2127 2544 bunt,
2159 2476 2269 2532 sub
2302 2476 2485 2533 tutela
2515 2482 2570 2533 et
2601 2482 2863 2534 Romana
2888 2478 3155 2534 libertate
3185 2479 3291 2535 hoc
3316 2482 3613 2555 privilegio

1961 2565 2377 2638 perpetualiter
2404 2567 2475 2622 ad
2496 2567 2877 2639 temporalem
2897 2585 3198 2625 servorum
3221 2570 3341 2640 Dei,
3366 2589 3615 2643 praesen-

1961 2653 2106 2709 tium
2124 2652 2345 2710 scilicet
2358 2660 2535 2727 atque
2550 2656 2883 2712 futurorum
2900 2657 3422 2729 quietem,statutis
3439 2664 3614 2732 atque

1961 2743 2324 2800 confirmatis
2353 2744 2674 2816 apostolica
2702 2762 2971 2814 censura,
3020 2747 3129 2802 sub
3169 2747 3612 2820 interpositione

1962 2831 2211 2887 districti
2242 2832 2634 2890 anathematis
2660 2837 2717 2889 et
2747 2834 2926 2889 divini
2957 2836 3381 2893 contestatione
3393 2836 3605 2907 judicii

1960 2919 2414 2976 interminamus
2431 2922 2703 2977 omnibus
2718 2926 2837 2977 tam
2861 2925 3246 2995 praesentibus
3260 2942 3438 2997 quam
3462 2926 3587 2981 futu
3599 2956 3616 2969 -

1962 3008 2065 3077 ris,
2090 3024 2160 3064 ne
2182 3008 2337 3065 ullus
2350 3009 2656 3066 hominum
2675 3012 3081 3085 cujuscunque
3094 3013 3337 3077 ordinis,
3362 3015 3612 3087 dignita-

1962 3097 2058 3165 tis,
2082 3097 2431 3154 conditionis
2451 3099 2537 3154 vel
2562 3100 3294 3173 cujuscunqueofficii,seu
3308 3103 3603 3175 quaelibet,

1962 3186 2050 3242 vel
2075 3187 2507 3259 quantumlibet
2528 3204 2743 3260 magna
2765 3194 2866 3245 aut
2886 3208 3064 3262 parva
3084 3209 3351 3263 persona,
3378 3192 3616 3264 quibus-

201 3280 419 3338 eireum
448 3282 646 3349 circa;
681 3280 858 3338 simul
887 3286 944 3340 et
974 3263 1033 3339 in
1078 3280 1305 3354 Apulia,
1356 3281 1414 3338 8.
1467 3280 1761 3339 Benedicti
1791 3281 1851 3337 in
1882 3263 1926 3331 (ἶ-
1964 3292 2195 3349 cunque
2211 3276 2386 3332 rebus
2417 3276 2792 3349 velpersonis
2814 3280 3051 3351 praefato
3082 3263 3434 3337 monasterio
3453 3282 3613 3352 juste

203 3369 431 3438 Martia,
460 3374 520 3427 8.
555 3370 909 3429 Liberatoris
937 3371 998 3427 in
1028 3370 1154 3426 Teti
1185 3386 1317 3426 cum
1349 3369 1513 3427 cellis
1542 3371 1668 3427 suis
1688 3387 1849 3428 sexa-

202 3457 383 3530 ginta,
416 3463 475 3516 et
494 3458 672 3516 terris
702 3459 897 3528 cultis,
929 3464 987 3516 et
1016 3458 1273 3527 incultis,
1303 3463 1362 3515 et
1380 3459 1656 3517 omnibus
1685 3460 1809 3516 suis
1834 3477 1847 3529 ;

200 3551 413 3603 sanctis
432 3546 805 3604 Scholasticis
836 3548 896 3604 in
928 3546 1136 3619 Pinna,
1167 3551 1379 3604 sanctis
1409 3547 1601 3604 Mariae
1631 3547 1691 3603 in
1722 3548 1850 3603 Mu-

202 3652 363 3707 rena,
394 3637 457 3691 S.
489 3636 730 3692 Martini
762 3637 823 3692 in
868 3636 1102 3692 Salinis.
1138 3636 1198 3692 8.
1246 3635 1464 3692 Nicolai
1511 3637 1572 3692 in
1621 3636 1848 3707 Esculo,

201 3724 347 3779 cella
374 3726 591 3780 sanctae
616 3724 817 3792 Justaa,
840 3724 899 3780 S.
924 3724 1220 3780 Benedicti
1244 3723 1305 3781 in
1325 3725 1564 3792 Trunto,
1589 3727 1647 3781 S.
1674 3728 1851 3782 Bene-

202 3810 343 3867 dicti
374 3811 435 3867 in
467 3810 691 3879 Trinio,
738 3815 955 3868 sancta;
987 3811 1184 3868 Mariae
1231 3813 1304 3868 ad
1353 3813 1850 3887 Casales-planos,

204 3900 260 3956 S.
292 3899 570 3967 Eustatii,
604 3916 781 3972 quam
814 3901 976 3958 dedit
995 3899 1246 3958 Alferius
1269 3901 1574 3970 Pantasiae,
1600 3902 1658 3959 S.
1683 3903 1856 3961 Bene-

205 3985 341 4046 dicti
370 3988 432 4045 in
479 3988 736 4059 Alarino,
783 3991 838 4047 S.
891 3989 1189 4047 Benedicti
1232 3990 1293 4047 in
1339 3990 1670 4060 Pectinari;
1715 3993 1854 4050 item

207 4082 419 4134 sanctis
449 4078 645 4136 Maria:
693 4080 767 4136 ad
816 4078 1319 4152 Casales-planos,
1351 4081 1410 4138 S.
1461 4080 1767 4141 Trinitatis
1794 4082 1854 4138 in

206 4165 515 4235 Termulis,
549 4168 609 4224 8.
642 4168 939 4225 Benedicti
970 4167 1032 4224 in
1057 4168 1296 4236 Asculo,
1326 4173 1382 4225 8.
1400 4169 1627 4227 Focatis
1650 4170 1709 4226 in
1725 4170 1855 4227 Ale-

208 4253 353 4323 sino,
384 4273 521 4312 cum
552 4257 822 4314 faucibus
841 4260 900 4314 et
918 4257 1169 4329 piscaria
1192 4278 1206 4329 ;
1230 4261 1286 4313 8.
1311 4257 1565 4315 Eustasii
1600 4259 1659 4315 in
1681 4260 1854 4332 Arcu,

208 4342 264 4399 S.
285 4345 490 4418 Angeli
514 4346 575 4402 in
607 4347 842 4403 Barreio
873 4362 1007 4403 cum
1029 4346 1195 4404 cellis
1216 4351 1272 4404 et
1310 4347 1585 4417 castellis,
1611 4353 1667 4405 et
1684 4349 1857 4406 terris

209 4430 440 4505 multis;
481 4438 695 4491 sanetae
738 4433 932 4491 Mariae
962 4434 1023 4490 in
1054 4436 1390 4504 Barretano,
1428 4436 1484 4494 S.
1538 4436 1767 4510 Georgii
1796 4438 1855 4493 in

206 4517 355 4577 Luca
384 4538 567 4596 prope
601 4522 962 4580 Posterulam
993 4523 1375 4591 Virivualam,
1426 4541 1606 4597 quam
1658 4531 1858 4583 sancto

208 4606 509 4668 Benedicto
524 4611 899 4701 contulerunt
911 4612 1238 4701 Heinr-iens,
1258 4617 1315 4670 et
1330 4612 1629 4671 Rolandus
1650 4615 1857 4672 fratres
1889 4636 1936 4701 D

210 4701 414 4754 sanctae
442 4700 902 4757 conversationis
951 4700 1220 4758 habitum
1266 4704 1610 4775 quaerentes,
1643 4719 1711 4759 ex
1743 4720 1859 4777 qua

210 4784 378 4843 etiam
408 4806 514 4862 pro
544 4788 799 4846 novitate
814 4789 949 4846 facti
970 4790 1341 4864 privilegium
1363 4796 1463 4847 tuo
1490 4796 1696 4864 rogatu
1718 4793 1854 4849 feci-

211 4887 379 4945 mus;
427 4877 626 4934 Sancti
668 4878 960 4935 Valentini
1002 4879 1064 4934 in
1112 4879 1378 4950 Gemino,
1427 4881 1486 4936 8.
1540 4880 1856 4938 Salvatoris

212 4958 374 5032 inibi,
401 4966 460 5022 8.
494 4967 790 5023 Benedicti
821 4968 882 5023 in
913 4968 1198 5036 Venafro;
1240 4966 1457 5025 ibidem
1490 4973 1703 5026 sanctae
1732 4971 1853 5026 Ma-

212 5047 325 5119 ria,
354 5051 497 5111 item
528 5056 587 5112 8.
622 5055 869 5125 Nazarii,
905 5060 1121 5113 cortem
1174 5057 1231 5112 S.
1286 5057 1512 5125 Felicis,
1564 5058 1620 5114 S.
1673 5059 1852 5115 Bene-

212 5135 347 5195 dicti
376 5141 434 5197 in
467 5145 730 5213 Cesamo,
764 5146 823 5202 S.
876 5144 1284 5203 Bartholomaei
1329 5146 1390 5202 in
1442 5146 1721 5204 Miniano.
1749 5147 1851 5203 Ca-

212 5226 382 5285 stella
428 5235 625 5290 autem
673 5233 835 5303 haec;
887 5234 1184 5306 imprimis
1231 5235 1303 5291 ad
1369 5235 1577 5308 pedem
1640 5235 1858 5292 montis

215 5312 271 5368 8.
303 5316 638 5392 Salvatoris,
673 5323 829 5396 quod
847 5326 936 5379 est
955 5323 1013 5378 S.
1040 5323 1337 5392 Germani,
1364 5322 1425 5379 S.
1459 5322 1610 5381 Petri
1646 5325 1858 5397 Pigne-

217 5403 341 5487 tari,
367 5407 759 5481 Plumbarola,
793 5410 1182 5485 S..Stephani,
1216 5412 1274 5469 8.
1302 5410 1555 5486 Georgii,
1590 5414 1649 5470 8.
1690 5412 1861 5487 Apol-

214 5485 431 5564 linaris,
474 5497 913 5573 Vallis-frigida,
945 5504 1000 5556 s.
1024 5500 1287 5570 Andreas,
1313 5485 1857 5570 BantraComitalis,

249 5596 355 5679 "(4)
386 5600 927 5679 Suinctorepapa
946 5606 995 5660 ΙΙ
1015 5605 1352 5679 Romanum
1387 5607 1683 5679 quoddam
1716 5624 1858 5679 con-

249 5662 262 5678 .
282 5622 355 5679 γι)
387 5622 504 5658 ouo
536 5622 754 5662 VICLOI‘B
816 5622 927 5679 apa
946 5622 995 5660 ll
1021 5622 1352 5665 nomanum
1387 5622 1681 5679 quondam
1722 5624 1858 5663 con-

218 5664 406 5728 cilium
426 5688 494 5731 ex
515 5673 723 5738 litteris
747 5622 1030 5753 Sgepbani
1052 5693 1219 5759 papa
1242 5677 1317 5738 IX
1336 5681 1569 5739 erutum
1591 5678 1858 5738 Labbeus

1961 3366 2410 3439 pertinentibus,
2454 3366 2713 3439 aliquam
2749 3367 3084 3425 violentiam
3133 3370 3346 3426 inferat
3382 3375 3483 3426 aut
3513 3387 3610 3425 ca-

1962 3455 2295 3511 lumniosus
2321 3454 2551 3519 existat,
2577 3455 2665 3512 vel
2688 3456 3008 3512 incumbat.
3034 3459 3089 3512 Si
3118 3459 3252 3529 quis
3272 3476 3423 3526 vero,
3458 3460 3613 3531 quod

1963 3561 2081 3601 non
2125 3546 2416 3615 optamus,
2467 3543 2648 3614 hujus
2698 3544 2882 3599 nostri
2930 3545 3214 3617 privilegii
3264 3547 3611 3603 decretalem

1963 3633 2239 3705 paginam
2260 3632 2568 3689 temerario
2601 3649 2747 3689 ausu
2778 3633 2836 3687 in
2870 3633 3065 3705 aliquo
3088 3634 3403 3706 infringere
3426 3639 3613 3690 tenta-

1960 3721 2125 3789 verit,
2159 3725 2382 3776 aeternae
2423 3720 2848 3776 maledictionis
2880 3721 3127 3777 vinculis
3165 3722 3510 3778 innodatum
3554 3741 3617 3780 se

1962 3809 2205 3877 noverit,
2239 3813 2295 3865 et
2312 3812 2589 3881 perpetua
2610 3809 2900 3881 supplicia
2918 3809 3202 3867 luiturum
3225 3828 3358 3866 cum
3382 3812 3615 3869 diabolo

1962 3898 2254 3970 etangelis
2275 3898 2423 3969 ejus,
2448 3898 2561 3954 nisi
2585 3898 2729 3954 forte
2747 3899 2910 3970 prius
2934 3900 3286 3971 resipiscens
3304 3900 3612 3957 satisfece-

1964 3988 2074 4055 rit;
2099 3991 2157 4043 at
2181 3987 2281 4058 qui
2299 3986 2531 4058 pietatis
2552 3986 2772 4042 intuitu
2807 3988 3053 4044 devotus
3076 3989 3412 4045 observator
3432 3991 3615 4046 exsti-

1964 4075 2118 4143 terit,
2152 4075 2339 4148 ipsius
2369 4076 2694 4131 interventu
2732 4075 2877 4131 almi
2915 4077 3098 4132 Patris
3140 4078 3457 4146 Benedicti,
3485 4094 3613 4149 pcr-

1966 4165 2364 4236 fectorumque
2395 4165 2762 4236 sequacium,
2797 4166 3208 4238 sociorumque
3239 4168 3366 4236 ejus
3398 4169 3614 4239 sempi-

1966 4258 2143 4311 terna:
2172 4253 2595 4310 benedictionis
2647 4254 2960 4327 particeps,
3014 4260 3071 4311 et
3119 4256 3375 4328 paradisi
3406 4257 3617 4314 beatus

1966 4359 2269 4415 possessor
2296 4342 2604 4399 efficiatur.
2641 4348 2849 4400 Amen.

2040 4436 2067 4498 τι
2100 4432 2457 4488 Humbertus
2489 4432 2681 4489 dictus
2712 4432 3028 4490 cardinalis
3061 4435 3370 4508 episcopus
3401 4440 3615 4493 sancta:

1968 4520 2230 4577 Ecclesia:
2262 4520 2428 4577 Silvae
2459 4521 2730 4577 Candida
2769 4524 3072 4595 cognitum
3122 4525 3345 4598 relegit,
3396 4530 3453 4581 et
3482 4528 3619 4582 sub-

1968 4609 2223 4682 scripsit.
3481 4626 3490 4636 ~

2038 4705 2066 4767 ’r
2102 4699 2535 4756 Heldibrandus
2586 4701 2899 4757 cardinalis
2952 4704 3350 4759 subdiaconus
3390 4709 3614 4785 sanctae

1966 4793 2236 4845 Romanae
2290 4788 2556 4846 Ecclesiae
2620 4790 2814 4846 dando
2873 4792 3189 4858 consensit,
3253 4796 3310 4847 et
3356 4792 3615 4847 subscri—

1965 4878 2102 4951 psit.
2804 4948 2809 4951 _

2728 4967 2868 5022 XIX.

1966 5056 2325 5127 Privz’legium
2392 5056 2617 5127 Viclorfz's
2678 5058 2746 5119 ΙΙ,
2810 5057 3157 5110 ll'z'm‘mmmo
3215 5053 3615 5126 archiepiscopo

2386 5126 2763 5182 Ebredunensi
2784 5142 3090 5182 concessum
3121 5126 3221 5195 (Ii).

2584 5215 2773 5285 (Anno
2807 5215 2992 5282 1057.)

2508 5302 2720 5371 [ΜΑΝει
2752 5300 2895 5372 ΧΙΧ,
2922 5304 3073 5366 858.]

2038 5413 2257 5465 VICTOR
2285 5406 2616 5480 episcopus,
2651 5423 2855 5462 servus
2894 5423 3193 5463 servorum
3235 5405 3357 5473 Dei,
3406 5406 3613 5465 dilecto

1968 5498 2241 5556 confratri
2264 5501 2319 5553 et
2338 5495 2608 5569 episcopo
2630 5500 3008 5565 WINIMANNO,
3043 5501 3100 5552 et
3119 5512 3223 5569 per
3243 5511 3377 5552 eum
3401 5502 3611 5554 sanctze

1966 5606 2406 5689 commemorat,
2431 5604 2531 5687 sed
2552 5602 2646 5659 vix
2667 5603 2992 5689 quidquam
3011 5603 3167 5689 aliud
3191 5603 3381 5689 tangit
3407 5609 3613 5678 praeter

1967 5692 2182 5736 nomen
2203 5677 2552 5735 etindicium
2572 5677 2866 5752 conjuncti
2879 5677 3249 5753 episcopatus
3266 5677 3610 5748 Marsorum,
