3966 6212
415 303 532 365 835

951 298 1315 362 VICTORIS
1364 296 1417 357 Il
1464 295 1693 356 ΡΑΡᾹΞ
1739 290 2145 353 EPISTOL/E
2189 290 2289 351 ET
2332 289 2789 352 DlPLOMATA
2831 287 3305 351 PONTIFICIA.

3726 294 3835 357 836

424 444 435 489 Ι
468 434 816 490 ΙιιιοίΙυῐιεῐιεί
842 432 1103 487 Ecclesiae
1130 436 1185 486 et
1221 429 1655 485 successoribus
1681 428 1861 498 ipsius
1886 443 2053 476 cann-
2086 426 2135 489 Α
2172 421 3835 495 i-linatiprecibustuispraasentisannidecimaindictione

420 532 545 581 uice
578 520 985 596 promovendis
1016 519 1073 573 in
1108 523 1473 589 perpetuum.

488 614 709 668 Sanctae
746 610 1017 662 Romanas
1063 610 1118 661 et
1153 606 1479 678 apostolicae
1508 606 1664 661 sedis
1686 605 1911 675 apicem
1935 602 2061 656 ideo

416 717 591 773 super
607 701 807 770 gentes
824 701 880 750 et
905 711 1080 766 super
1103 711 1281 767 regna
1304 695 1359 749 in
1384 694 1644 766 principe
1666 689 2060 763 apostolorum

416 804 680 852 suorum,
702 787 891 851 Petro,
916 784 1219 839 constituit
1240 783 1635 837 universitatis
1666 780 1967 842 Dominus,
2000 780 2065 832 ut

413 877 638 941 evellat,
662 878 718 931 et
738 876 1019 941 destruat,
1046 876 1102 927 et
1123 872 1367 945 plantat,
1400 876 1455 926 et
1489 870 1732 925 aediﬁcet
1754 870 1880 940 (Jer.
1910 884 1948 933 ι,
1974 866 2060 935 10)

414 969 469 1021 in
504 964 741 1021 nomine
773 963 980 1034 ipsius.
1017 961 1315 1032 Siquidem
1350 960 1533 1015 donec
1574 962 1775 1014 sancta
1807 958 1934 1027 ejus
1959 958 2061 1009 Ec-

414 1055 610 1118 clesia,
642 1052 702 1107 in
738 1055 856 1105 toto
879 1055 1164 1105 terrarum
1188 1049 1327 1103 orbe
1349 1048 1581 1113 diffusa,
1613 1042 2061 1117 temporalitatis

414 1140 787 1199 mutabilitati
813 1136 1339 1209 subjacebit,variis
1352 1140 1405 1191 et
1427 1134 2060 1191 continuisdefectuum

413 1237 470 1289 et
500 1231 863 1303 profcctuum
912 1243 1156 1282 suorum
1179 1224 1716 1287 vicissitudinibus,
1738 1221 1896 1277 velut
1927 1220 2064 1275 luna

412 1322 538 1378 suis
570 1318 907 1378 menstruis,
942 1315 1347 1384 alternabitur,
1379 1318 1443 1368 ut
1472 1313 1598 1367 sine
1626 1309 2061 1366 intermissione

412 1408 884 1480 deprehendatur
916 1405 972 1458 in
1016 1420 1082 1459 ea
1132 1404 1286 1475 quod
1335 1400 1664 1456 industrius
1711 1398 2060 1454 hortulanus

412 1499 618 1554 debeat
646 1494 908 1560 evellere,
940 1492 1025 1547 vel
1055 1491 1337 1563 plantare,
1363 1494 1417 1545 et
1438 1487 1850 1560 quod_'sapiens
1872 1484 2059 1540 archi-

412 1589 599 1642 tectus
633 1586 677 1654 (ι
709 1584 827 1638 Cor.
864 1599 947 1646 III,
982 1582 1068 1651 10)
1102 1581 1398 1634 destruere
1429 1576 1518 1633 vel
1559 1576 1861 1632 aedificare.
1897 1574 2061 1629 Unde

413 1692 543 1742 nos,
577 1672 737 1728 nullo
770 1674 966 1725 nostro
997 1669 1227 1733 merito,
1261 1668 1358 1721 sed
1392 1665 1516 1722 solo
1560 1662 1882 1720 divinitatis
1911 1666 2059 1717 nutu

2175 512 2281 566 hac
2303 516 2504 567 nostra
2524 510 2797 565 deeretali
2823 510 3037 582 pagina
3053 511 3435 567 concedimus
3451 518 3509 568 et
3529 514 3836 570 confirma-

2144 618 2308 657 -mus
2335 600 2439 656 tibi
2466 600 2942 655 Ebredunensem
2973 598 3274 657 dioecesim
3310 601 3643 675 inintegro,
3686 607 3747 658 et
3769 604 3832 660 ad
3886 629 3899 637 ο

2175 688 2726 761 archiepiscopalem
2760 688 2958 743 sedem
2991 687 3295 745 basilicam
3320 690 3580 746 Dominae
3603 696 3830 759 nostris,

2172 781 2272 837 Dei
2307 778 2630 852 genitricis,
2663 792 3014 848 semperque
3043 776 3288 849 virginis
3317 778 3514 836 Mariae
3541 781 3830 853 principa-

2172 868 2309 937 lem,
2336 884 2469 923 cum
2493 866 2650 922 omni
2678 882 2787 921 sua
2808 865 3049 937 antiqua
3079 870 3137 921 et
3162 866 3329 937 justa
3361 869 3745 939 pertinentia,
3776 870 3829 927 in

2173 959 2425 1031 baptism
2436 955 2628 1011 alibus
2640 953 2923 1022 ecclesiis,
2939 953 3199 1025 capellis,
3215 957 3616 1026 monasteriis,
3628 975 3831 1015 cmme-

2174 1047 2360 1114 teriis,
2376 1043 2873 1119 possessionibus,
2886 1042 3060 1110 villis,
3073 1044 3350 1115 castellis,
3363 1048 3626 1119 pascuis,
3646 1049 3823 1121 agris,

2169 1137 2376 1201 vineis,
2409 1133 2591 1201 silvis,
2633 1132 2822 1204 aquis,
2874 1150 3233 1204 aquarumve
3280 1135 3652 1204 decursibus,
3697 1137 3821 1209 pis-

2172 1226 2365 1291 cariis,
2416 1222 2711 1286 domibus,
2761 1220 3092 1292 mancipiis,
3142 1223 3387 1291 colonis,
3446 1225 3716 1296 peculiis,
3765 1230 3822 1281 et

2170 1331 2304 1370 cum
2331 1312 2607 1368 omnibus
2627 1309 2865 1365 omnino
2889 1310 3085 1376 rebus,
3111 1311 3449 1381 mobilibus,
3472 1318 3530 1370 et
3549 1313 3820 1370 immobi-

2171 1404 2347 1471 libus,
2378 1400 2462 1456 vel
2495 1415 2556 1455 se
2586 1397 2975 1465 moventibus,
3022 1398 3133 1453 sibi
3170 1401 3333 1471 juste
3362 1402 3815 1473 pertinentibus,

2169 1496 2287 1547 tam
2320 1507 2418 1546 eas
2461 1505 2608 1560 quas
2658 1487 2830 1542 modo
2879 1486 3073 1557 quiete
3117 1492 3174 1542 et
3220 1488 3484 1562 legaliter
3527 1491 3817 1563 possidet,

2170 1597 2347 1653 quam
2376 1578 2510 1633 illas
2536 1594 2683 1649 quas
2722 1576 2995 1648 deinceps
3032 1575 3344 1635 collatione
3394 1579 3665 1647 fidelium,
3698 1596 3819 1636 seu

2170 1668 2490 1726 redditione
2518 1666 2604 1721 vel
2654 1666 2967 1737 emptione,
3018 1670 3119 1720 aut
3163 1666 3426 1738 qualibet
3466 1668 3683 1724 ratione
3714 1684 3817 1724 ac-

411 1765 470 1819 in
505 1765 718 1819 sanctas
750 1763 807 1814 et
836 1757 1185 1813 universalis
1235 1753 1497 1810 Ecclesiae
1546 1752 1780 1823 specula
1826 1750 2057 1823 praecel-
2086 1791 2135 1857 B
2169 1758 2396 1831 quirere
2427 1755 2657 1829 poterit.
2689 1753 3119 1810 Conﬁrmamus
3149 1771 3383 1828 quoque
3416 1757 3518 1813 tibi
3546 1756 3813 1813 omnium

411 1852 617 1916 lentes,
650 1854 707 1905 et
729 1848 918 1903 varios
944 1846 1071 1915 ejus
1094 1860 1402 1899 successus
1424 1844 1880 1913 prospectantes,
1906 1840 2056 1894 inter

410 1941 523 1995 alia
544 1939 729 2010 ipsius
753 1934 1095 1990 discrimina
1119 1932 1662 1997 animadvertimus,
1688 1931 2057 1984 Ebredunen-

409 2045 531 2083 sem
564 2025 903 2088 Ecclesiam,
936 2022 1124 2094 primo
1165 2020 1399 2092 quidem
1452 2019 1805 2081 incursione,
1839 2024 1893 2072 et
1922 2035 2055 2089 per-

405 2116 638 2172 vasione
657 2116 1129 2175 Sarracenorum,
1156 2111 1410 2165 secundo
1432 2114 1625 2163 autem
1650 2108 1976 2178 receptione
1998 2109 2056 2159 et

408 2203 776 2278 possessione
835 2201 1274 2270 transfugarum
1340 2202 1397 2252 et
1443 2196 2053 2268 indisciplinatorum;

406 2294 615 2349 deinde
662 2292 835 2363 longa
884 2288 1262 2360 oppressione
1310 2290 1613 2358 pastorum
1664 2301 1902 2357 suorum
1937 2284 2054 2338 imo

405 2380 761 2438 mercenario
771 2397 829 2431 ru
841 2394 894 2431 m
908 2376 1162 2447 ,et,quod
1181 2376 1348 2445 pejus
1361 2378 1469 2443 est,
1488 2374 1816 2429 Simoniaca
1829 2372 2051 2429 hreresi.

405 2476 463 2525 et
494 2474 699 2523 mutua
728 2466 1015 2522 occisione
1048 2463 1533 2517 debacchantium
1557 2465 1906 2534 prostratam
1947 2460 2055 2515 mi-

408 2555 741 2613 serabiliter
789 2558 845 2608 et
893 2556 1251 2622 corruptam,
1312 2551 1607 2622 quondam
1669 2549 1944 2621 religione
1999 2553 2057 2605 et

406 2646 619 2718 opibus
649 2640 997 2697 mirabiliter
1024 2644 1299 2703 evectam,
1327 2643 1384 2693 et
1415 2640 1723 2710 integram,
1747 2639 1917 2707 cujus
1938 2653 2057 2692 om-

406 2733 652 2789 nimodae
710 2728 1053 2785 desolationi
1108 2733 1165 2782 et
1231 2728 1538 2783 defectioni
1604 2728 2057 2799 przecordialiter

406 2821 847 2894 compatientes,
880 2824 933 2872 te
965 2817 1309 2873 charissime
1339 2818 1626 2873 confraler
1644 2822 1701 2873 et
1718 2817 2054 2891 coepiscopo

404 2911 801 2971 Winimaune,
835 2908 1103 2979 prtefataz,
1145 2905 1410 2960 Ecclesia}
1457 2905 1966 2977 archiepiscopum
1998 2913 2054 2963 et

406 3005 687 3055 rectorem
717 3014 819 3069 pro
852 2996 979 3049 vita:
1012 2994 1217 3049 merito
1258 3000 1313 3048 et
1348 2993 1643 3065 sapientiae
1667 2994 1930 3049 doctrina
1959 3012 2050 3050 or-

406 3087 738 3144 dinavimus
768 3089 823 3140 et
852 3083 1323 3139 consecravimus
1353 3083 1676 3138 secundum
1706 3082 2045 3139 electionem

2165 1846 2541 1902 ecclesiarum
2567 1843 2749 1898 totius
2769 1846 2881 1896 tua:
2909 1841 3174 1899 diceces‘is
3194 1844 3473 1913 decimas,
3498 1844 3811 1918 primitias,

2164 1935 2509 2000 oblationes,
2532 1936 2652 1988 tam
2666 1932 2926 1986 vivorum
2941 1947 3117 2002 quam
3131 1932 3474 1989 defunctoru
3485 1951 3565 2002 m,
3578 1934 3815 2006 judicia

2163 2024 2525 2091 clericorum,
2574 2025 2629 2075 et
2676 2024 2886 2075 cuncta
2938 2018 3319 2076 ecclesiastica
3363 2022 3575 2090 officia,
3629 2027 3697 2078 ut
3747 2039 3819 2079 ex

2164 2112 2541 2185 dispositione
2572 2114 2673 2163 tua
2704 2108 3027 2163 secundum
3058 2110 3387 2165 canonicam
3432 2110 3817 2167 sanctionem

2165 2202 2478 2273 pendeant.
2504 2197 2726 2253 Pariter
2755 2212 2985 2268 quoque
3028 2196 3525 2269 suti‘raganeorum
3558 2202 3814 2254 tuorum

2166 2288 2683 2351 consecrationem,
2711 2286 2968 2341 debitam
2992 2286 3436 2357 subjectionem,
3465 2291 3527 2342 et
3544 2303 3814 2343 reveren-

2162 2380 2303 2434 tiam
2317 2394 2417 2433 seu
2433 2375 2822 2433 obedientiam
2834 2391 2955 2441 ,nec
2970 2391 3084 2430 non
3099 2375 3171 2438 ad
3188 2374 3502 2431 concilium
3513 2377 3811 2449 agendum

2163 2465 2632 2523 convocationem
2656 2469 2713 2519 et
2732 2464 3158 2531 auctoritatem,
3178 2464 3503 2521 secundum
3525 2466 3813 2536 omnejus

2164 2556 2318 2627 quod
2350 2552 2819 2626 metropolitanis
2848 2553 2972 2608 suis
3002 2552 3355 2626 sutfraganei
3399 2553 3679 2610 canonice
3707 2555 3810 2611 de-

2164 2646 2321 2712 bent,
2346 2642 2506 2699 salva
2544 2642 2602 2696 in
2635 2641 2910 2697 omnibus
2954 2646 3167 2696 sanctae
3206 2646 3480 2698 Romanis
3501 2646 3559 2697 et
3578 2647 3809 2715 aposto-

2162 2732 2284 2788 lica:
2334 2732 2510 2797 sedis,
2563 2735 2627 2785 ut
2672 2730 2917 2802 dignum
2962 2734 3072 2797 est,
3120 2730 3490 2787 auctoritate.
3524 2735 3813 2788 Prmterea

2162 2820 2503 2893 hujusmodi
2538 2819 2718 2875 nostri
2763 2817 3051 2890 privilegii
3098 2822 3299 2874 tenore
3346 2819 3725 2876 concedimus
3753 2826 3812 2877 et

2162 2911 2580 2966 conﬁrmamus
2602 2908 2702 2963 tibi
2729 2923 2902 2962 usum
2932 2906 3079 2962 sacri
3107 2906 3267 2979 pallii
3300 2909 3628 2966 secundum
3658 2911 3813 2967 anti-

2161 3016 2333 3072 quam
2368 2996 2847 3053 consuetudinem
2879 2995 3373 3068 praedecessorum
3403 3002 3667 3067 tuorum,
3693 3016 3816 3072 qua

2160 3090 2582 3143 consueverunt
2630 3102 2697 3141 eo
2728 3084 2812 3139 uti
2844 3085 2902 3139 in
2935 3085 3287 3157 subscriptis
3333 3085 3813 3146 solemnitatibus

405 3176 540 3232 cleri
573 3180 629 3231 et
676 3174 897 3247 populi,
932 3173 1001 3227 ad
1029 3171 1364 3243 petitionem
1385 3188 1614 3243 quoque
1638 3170 2043 3242 religiosorum
2076 3153 2118 3219 (ἶ
2150 3174 2628 3248 juxtaprivilegia
2644 3153 3558 3231 nostrorumantecessorumillis
3577 3176 3814 3234 indulta

403 3266 731 3339 principum
766 3268 821 3318 et
841 3263 909 3318 ad
933 3261 1366 3333 suggestionem
1395 3260 1812 3316 venerabilium
1841 3262 2053 3333 prima-

399 3359 570 3410 tuum
602 3350 1137 3423 circumjacentium
1164 3349 1608 3421 provinciarum.
1628 3351 1880 3413 Quorum
1907 3368 2050 3407 una-

401 3444 577 3499 nimis
600 3441 885 3498 sententia
905 3439 1145 3504 exstitit,
1171 3443 1235 3493 ut
1268 3439 1314 3493 si
1354 3438 1747 3493 Ebredunensi
1784 3438 2049 3494 Ecclesia:

401 3530 760 3604 recuperatio
783 3530 980 3600 aliqua
997 3531 1370 3600 quaereretur,
1397 3526 1581 3581 abilla
1604 3532 1808 3589 matre,
1834 3528 2053 3582 scilicet

400 3620 653 3676 Ecclesia
702 3619 985 3683 Romana,
1036 3634 1163 3688 qua:
1215 3616 1378 3687 prius
1409 3615 1507 3669 illo
1540 3616 1600 3669 B.
1649 3615 2049 3670 Marcellinum

402 3710 837 3782 praedicatorem
861 3710 917 3762 et
940 3706 1273 3779 pontificem
1297 3704 1604 3769 direxerat,
1635 3704 1976 3775 prmdicatnr
1996 3708 2053 3760 et

399 3798 657 3870 pontifex
687 3799 1106 3868 reposceretur.

472 3888 694 3958 Itaque,
728 3884 1051 3940 secundum
1084 3884 1237 3954 quod
1285 3886 1388 3937 tua
1434 3882 1663 3937 devotio
1714 3881 2047 3953 postulavit,

399 3975 510 4032 sibi
542 3973 907 4049 privilegium
943 3975 1153 4027 nostra:
1198 3970 1528 4043 apostolicis
1579 3970 1946 4027 auctoritatis
1975 3973 2047 4025 ad

399 4062 930 4121 corroborationem
949 4060 1039 4115 sui
1064 4060 1621 4130 archiepiscopatus,
1647 4059 1707 4112 in
1730 4059 1860 4113 rudi
1888 4059 2047 4114 etin-

399 4152 772 4224 disciplinata
791 4149 1057 4215 ecclesia,
1080 4149 1175 4203 vix
1198 4163 1409 4203 nomen
1432 4148 1628 4218 ipsum
1652 4149 1874 4203 nudum
1902 4165 2048 4220 pene

399 4242 685 4296 retinente
714 4242 771 4292 et
801 4237 1117 4307 parietinas
1144 4253 1283 4290 suas
1309 4236 1433 4305 jam
1466 4236 1924 4304 demonstrante,
1958 4239 2046 4294 in-

443 4368 575 4407 uem
626 4351 1079 4422 praedecessores
1130 4348 1220 4422 sui
1271 4347 1410 4403 olim
1461 4349 1752 4406 sciderant
1802 4352 1856 4406 in
1907 4354 2041 4409 duo.

443 4371 575 4407 uem
626 4371 1079 4422 prwuecessores
1130 4371 1220 4403 δυι
1271 4371 1410 4403 011m
1461 4371 1752 4406 50106Γᾶοι
1802 4371 1856 4406 ΙΙ]
1907 4371 2041 4409 (luo.

397 4371 604 4478 gescio
635 4439 708 4477 an
733 4421 875 4476 mihi
904 4419 1284 4476 faustioribus
1304 4421 1507 4477 avidus
1538 4424 1855 4478 occurrerit
1886 4424 2046 4479 bulla

2160 3265 2507 3336 antiquitus,
2540 3262 2760 3318 scilicet
2787 3261 2845 3316 in
2873 3263 2967 3317 die
2997 3267 3199 3319 sancto
3230 3264 3489 3332 Paschaa,
3513 3264 3574 3319 in
3597 3266 3692 3322 die
3711 3283 3809 3323 as-

2160 3353 2449 3409 censionis
2470 3350 2716 3417 Domini,
2731 3352 2789 3407 in
2804 3351 2896 3407 die
2910 3355 3110 3408 sancto
3123 3352 3578 3420 Pentecostes,in
3593 3355 3810 3412 Nativi-

2158 3448 2275 3498 tate
2301 3441 2526 3497 Domini
2543 3440 2878 3496 uostriJesu
2890 3440 3193 3509 Christi,in
3209 3442 3533 3513 Epiphania
3544 3443 3777 3499 Domini
3789 3487 3803 3513 ,

2160 3532 2220 3586 in
2243 3536 2415 3586 Coena
2432 3530 2685 3596 Domini,
2704 3529 2763 3583 in
2780 3530 3195 3601 Assumptione
3215 3530 3395 3586 beatae
3432 3532 3630 3589 Maria:
3652 3549 3810 3590 sem-

2160 3638 2261 3693 per
2279 3620 2541 3691 virginis,
2565 3618 2623 3673 in
2660 3617 2957 3674 Natalitiis
2991 3619 3257 3674 omnium
3292 3621 3719 3691 apostolorum,
3750 3622 3811 3678 in

2162 3712 2306 3765 festo
2328 3708 2604 3763 Omnium
2626 3708 2994 3775 Sanctorum,
3026 3708 3085 3763 in
3116 3708 3428 3765 festivitate
3464 3714 3520 3764 S.
3569 3711 3816 3768 Marcel-

2155 3798 2255 3851 lini
2290 3798 2535 3869 praefata:
2560 3795 2805 3853 civitatis
2819 3797 3251 3853 Ebredunensis
3280 3797 3725 3871 archiepiscopi,
3755 3799 3820 3855 in

2159 3885 2529 3941 Dedicatione
2560 3883 2899 3956 principalis
2927 3883 3180 3941 basilicae
3228 3886 3289 3940 Β.
3342 3884 3535 3942 Maria:
3584 3902 3822 3959 semper

2156 3975 2422 4047 virginis,
2454 3974 2513 4029 in
2547 3972 2980 4029 consecratione
3013 3972 3443 4045 episcoporum,
3477 3974 3537 4030 in
3569 3976 3818 4031 ordina-

2154 4064 2311 4119 tione
2341 4062 2815 4135 presbyterorum
2850 4064 2908 4116 et
2937 4059 3340 4118 diaconorum.
3371 4063 3813 4136 Sabbatisjeju-

2156 4154 2387 4207 nierum
2408 4155 2468 4207 et
2485 4154 2737 4223 quatuor
2754 4154 3106 4222 temporum,
3120 4155 3177 4205 et
3190 4151 3249 4206 in
3262 4152 3814 4210 consecrationibus

2155 4255 2434 4294 novarum
2466 4242 2523 4293 et
2553 4236 2966 4309 principalium
3007 4238 3408 4295 basilicarum.

2153 4354 2382 4436 Yictore
2414 4370 2583 4436 papa,
2609 4357 2667 4436 et
2691 4352 3063 4436 impetratam
3088 4355 3169 4436 “ab
3190 4371 3258 4436 eo
3280 4355 3647 4436 pontiﬁcium
3678 4356 3810 4436 bul-

2154 4426 2270 4481 lam
2301 4425 2567 4497 agnbscit
2587 4425 2891 4497 etexcipit.
2911 4425 3054 4497 Huic
3070 4425 3323 4495 decreto,
3344 4445 3460 4483 non
3481 4445 3617 4485 vero
3633 4427 3811 4484 bullas

398 4493 880 4587 yiclpris-ll‘,
905 4492 1285 4587 Etim—marino.
1310 4494 1751 4587 arpliiepiscpvpol
1789 4497 2045 4587 Ebredu-
2076 4522 2123 4587 D
2156 4492 2433 4587 convenit.
2454 4497 2591 4587 data
2619 4495 2722 4579 illa
2742 4492 3237 4587 te'mporisnllicnas
3272 4492 3442 4587 {alia}
3474 4516 3621 4587 artae
3647 4502 3815 4557 tertio

399 4564 588 4631 nensi,
620 4580 793 4636 quem
819 4564 877 4638 in
903 4581 1010 4638 sua
1032 4564 1327 4638 provincia
1348 4564 1589 4638 cloelia“.
1634 4567 1827 4621 Victor
1854 4567 2043 4638 ponti-

399 4635 1042 4710 fex__eou8ecravit,gjura
1063 4635 1646 4710 omniaepiscopatus
1672 4637 1759 4691 sui
1783 4635 2047 4710 expedita

395 4707 952 4764 bullaconﬁrmavit.
978 4708 1151 4763 Porro
1170 4707 1391 4763 bullam
1422 4707 1569 4763 hanc
1614 4710 1809 4763 datam
1843 4707 2044 4779 judico

398 4781 454 4835 in
479 4781 739 4836 Romano
762 4779 871 4835 hoc
893 4779 1136 4851 concilio
1159 4781 1476 4851 anni71057.
1503 4781 1695 4851 Ουλυε
1724 4781 1805 4835 rei
1832 4779 2043 4837 indicio

394 4852 540 4907 mihi
571 4857 709 4908 sunt
742 4852 980 4923 nomina
1012 4850 1269 4923 plurium
1301 4850 2041 4923 Italorumepiscoporum,

394 4941 523 4996 quea
553 4923 850 4996 pontificis
882 4922 1041 4996 illius
1074 4922 1623 4996 litterissubjuncla
1655 4939 1723 4976 ex
1753 4923 2043 4979 chartario

393 4992 794 5051 Ebredunensi
826 4995 1129 5065 proferunt
1166 4992 1359 5048 Gallia}
1403 4993 1744 5048 Christianae
1776 4998 2042 5051 auctores

395 5066 712 5123 novissime
744 5070 885 5121 tom.
926 5067 1018 5130 ΙΙΙ,
1054 5082 1183 5136 pag.
1224 5068 1339 5129 178,
1368 5066 1615 5134 append.
1643 5072 1847 5136 Annus
1868 5065 2041 5120 docu-

394 5142 590 5194 mento
621 5138 758 5193 huic
789 5134 1090 5207 subjectus
1121 5134 1254 5190 cum
1288 5136 1537 5206 ascripta
1570 5134 1880 5191 indiclione
1912 5153 2041 5191 con-

393 5209 526 5282 cilio
566 5206 914 5282 congruunt;
970 5207 1188 5282 Mensis
1238 5206 1582 5282 discrepat__;_
1624 5223 1759 5261 nam
1810 5207 1901 5261 hic
1951 5213 2041 5263 est

391 5280 586 5336 Julius
619 5276 873 5347 ménsis;
908 5278 1220 5335 concilium
1253 5294 1386 5333 vero
1406 5276 1585 5347 Aprili
1610 5294 1809 5333 mense
1839 5294 2041 5334 conve-

392 5295 586 5336 Julius
619 5296 873 5347 mensm;
908 5295 1220 5335 concuium
1253 5295 1450 5333 veroa
1497 5295 1585 5332 r111
1610 5295 1809 5333 mense
1839 5295 2039 5334 conve-

392 5350 694 5434 nit.Eacile
709 5355 942 5434 “tamen.
961 5350 1251 5434 opposiht‘io
1271 5295 1630 5434 conciliatur
1653 5366 1686 5434 ξ.
1701 5366 1837 5434 pum
1864 5349 2039 5434 docu-

393 5425 657 5477 mentum
706 5421 848 5477 illud
905 5418 1101 5477 Galliae
1148 5421 1489 5477 Christiana:
1530 5418 1837 5492 pontificio;
1867 5419 2043 5492 bullae

392 5493 595 5565 eadem
629 5492 930 5565 scripturae
952 5493 1115 5565 serie
1136 5492 1338 5565 jungit
1366 5490 1663 5565 decretum
1694 5490 1832 5546 cleri
1864 5490 2042 5546 Ebre-

396 5562 700 5633 dunensis,
734 5562 849 5638 duo
871 5562 1213 5640 episcopum
1236 5562 1413 5623 suum
1432 5563 1558 5636 jam
1585 5565 1989 5624 consecratum
2008 5578 2044 5624 α

2150 4570 2501 4641 pontiﬁcatus
2532 4567 2759 4641 ﬂamini
2808 4567 2973 4641 papa?
3026 4570 3250 4641 Victoris
3289 4572 3357 4636 II,
3406 4571 3709 4627 indictione
3752 4588 3814 4626 χ.

2154 4638 2662 4716 Τυω-ευοοεςίιιηῐ
2692 4638 2930 4716 nomina
2957 4638 3235 4716 Italorum
3268 4642 3681 4716 episcoporum
3716 4644 3821 4716 qui

2155 4713 2541 4785 interfuerunt,
2574 4717 2623 4764 et
2651 4710 3137 4785 corroboraverth
3164 4710 3558 4785 haaci'scripta,
3598 4710 3821 4785 nenipe

2152 4780 2374 4837 bullam
2400 4800 2419 4855 ί
2439 4796 2627 4851 neque
2644 4780 2809 4855 enim
2825 4782 3155 4855 verosimile
3175 4788 3264 4840 est
3290 4780 3462 4839 Italos
3483 4780 3824 4855 hosce‘epi-

2153 4870 2359 4925 scopos
2390 4849 2685 4907 decretum
2717 4849 2863 4906 illud
2895 4852 3418 4922 Ebredunensium,
3461 4869 3589 4925 quo
3609 4849 3823 4925 Wini-

2153 4923 2435 4998 manuum
2470 4926 2875 4998 consecratum
2918 4924 3043 4993 jam
3094 4942 3128 4980 a
3175 4926 3439 4998 pontifice
3469 4923 3819 4996 excipiunt,

2152 4995 2494 5069 auctoritate
2512 5010 2619 5048 sua
2633 4993 3033 5069 confirmasse.
3052 5000 3139 5052 Ita
3160 4993 3295 5069 ergo
3317 5012 3438 5051 rem
3455 4993 3647 5069 totam
3669 5013 3819 5053 con-

2151 5066 2321 5138 cipio.
2374 5064 2683 5138 Electusa
2738 5062 2890 5119 clero
2950 5062 3352 5138 Ebredunénsi
3384 5067 3820 5124 Winimanuus

2150 5133 2383 5213 Roman.
2394 5134 2578 5213 petiit,
2597 5133 2795 5213 ibique
2818 5151 2852 5213 a
2872 5137 3143 5213 pontifice
3162 5145 3539 5213 consecratus
3560 5139 3817 5213 concilio

2149 5206 2434 5271 interfuit,
2459 5209 2640 5285 atque
2652 5206 2710 5285 in
2731 5220 2798 5260 eo
2832 5206 3059 5285 bullam
3085 5208 3420 5285 impetravit
3452 5211 3814 5285 agpontifice,

2149 5296 2327 5351 quam
2354 5274 2585 5351 concilii
2604 5279 2803 5329 Patres
2834 5274 3266 5351 subscriptione
3288 5299 3396 5337 sua
3419 5274 3817 5349 reb-oramus;

2149 5346 2469 5426 statimque
2482 5346 2713 5426 adusuos
2733 5347 3039 5426 restitutus
3059 5346 3283 5426 litteras
3304 5352 3436 5426 illas
3475 5370 3613 5426 cum
3645 5346 3818 5410 caete4

2153 5421 2236 5477 ris
2268 5418 2731 5492 consecrationis
2765 5432 2883 5492 suae
2924 5420 3291 5480 documentis
3317 5424 3473 5482 clero
3522 5425 3819 5492 exhibuit,

2152 5508 2187 5549 a
2218 5507 2334 5564 quo
2368 5501 2516 5544 novo
2549 5486 2775 5543 decreto
2807 5485 2929 5546 haec
2959 5492 3158 5553 omnia
3186 5495 3453 5555 admissa
3480 5501 3645 5555 sunt.
