3966 6212
137 331 263 394 83⁸7
363 326 928 396 BERENGARIUS
959 322 1399 391 VICECOMES
1431 318 2355 394 NARBON.—QUEllIMONIA
2396 322 2575 385 ADV.
2604 325 3067 389 GUIIFREDUM
3102 326 3334 389 ARCH.

3433 326 3550 388 838

219 466 370 530 Quin
384 464 566 523 etiam
583 462 658 521 ad
670 461 1148 535 supplementum
1164 458 1554 515 beneﬁcentiae
1572 458 1798 529 aposto-
1827 458 1880 522 Α
1981 453 2192 509 Civitas
2223 456 2684 512 Samasiensium
2710 459 2791 513 vel
2813 457 3220 514 Saniciecium.

142 554 275 610 lices
307 558 484 627 atque
503 551 935 625 archiepiscopo
965 549 1215 623 insigne,
1248 548 1461 618 crucis,
1483 546 1795 603 Dominicce

138 642 448 712 vexillum,
483 643 818 713 ubicunque
835 639 938 711 jus
977 639 1037 694 in
1067 637 1342 711 parochia
1372 640 1493 706 tua,
1525 639 1582 691 et
1612 636 1671 690 in
1703 650 1800 706 pa-

143 732 370 790 rochiis
398 732 903 804 suﬂ'raganeorum
922 731 1181 793 tuorum,
1206 725 1581 783 concedimus
1594 726 1651 778 et
1669 739 1799 779 san-

143 821 362 890 cimus,
397 819 732 893 apostolica:
764 815 1130 874 auctoritatis
1180 813 1503 888 privilegio,
1549 810 1797 883 baiulari

144 914 287 967 ante
322 913 399 965 te.
433 909 612 965 Porro
659 906 840 980 pallio
870 922 1035 962 sacro
1092 904 1174 960 ita
1202 907 1260 959 te
1303 902 1387 958 uti
1432 901 1703 958 volumus
1734 903 1800 954 ut

148 998 466 1070 diligenter
485 1000 662 1070 atque
688 994 999 1068 vigilanter
1027 993 1353 1066 perpendes
1375 990 1529 1063 quod
1550 994 1661 1045 tuae
1685 989 1798 1045 fra-

145 1086 414 1144 ternitati
443 1086 753 1141 immineat
783 1083 1112 1156 agendum;
1170 1097 1318 1136 usus
1372 1078 1532 1135 illius
1580 1077 1801 1133 scilicet

145 1175 308 1231 inter
328 1174 466 1240 alia,
484 1178 553 1229 ut
575 1189 810 1229 carnem
830 1176 995 1227 tuam
1018 1168 1408 1241 cruciﬁgendo
1428 1183 1562 1223 cum
1577 1166 1733 1222 vitiis
1747 1168 1803 1222 et

149 1262 645 1335 concupiscentiis
663 1257 1416 1334 (Gal.v,21l),stigmataJesu
1434 1255 1648 1311 Christi
1666 1271 1801 1310 cum

150 1352 339 1408 Paulo
369 1350 631 1424 apostolo
662 1350 721 1405 in
752 1364 992 1422 corpore
1021 1352 1123 1404 tuo
1152 1349 1348 1419 portes
1379 1345 1521 1419 (Gal.
1551 1362 1627 1409 v1,
1691 1344 1800 1415 17),

152 1445 217 1497 et
246 1455 479 1511 semper
509 1437 1016 1495 mortificationem
1045 1434 1206 1491 illius
1233 1434 1295 1492 in
1326 1438 1556 1506 pectore
1579 1436 1638 1489 et
1676 1449 1804 1488 sca-

152 1526 317 1600 pulis
347 1526 728 1583 circumferas
776 1525 843 1597 (II
866 1528 991 1583 Cor.
1025 1539 1105 1594 IV,
1141 1523 1227 1595 10)
1253 1540 1267 1592 ;
1299 1539 1415 1578 non
1445 1522 1519 1577 ad
1570 1520 1805 1593 aliquod

151 1615 569 1672 ostentationis
588 1618 701 1670 tum
723 1617 780 1670 et
794 1612 1111 1686 singularis
1124 1609 1474 1668 excellentiae
1494 1608 1779 1665 indicium
1790 1651 1803 1677 ,

152 1705 264 1761 sed
299 1705 373 1760 ad
403 1702 929 1760 demonstrandum
958 1718 1135 1758 causa
1164 1697 1736 1757 commemorationis
1753 1702 1809 1754 et

1976 542 2188 596 Civitas
2220 542 2590 600 Glannatina.

1976 639 2187 695 Civitas
2217 641 2733 709 Semelenentium,
2765 641 2822 697 id
2857 647 2946 699 est
2962 643 3319 699 Nicentium.

1978 726 2191 783 Civitas
2218 727 2592 785 Veciencium
2625 731 2745 800 [al.,
2788 731 3234 799 Vensiontium].

1979 815 2245 872 Civivitas
2271 818 2580 889 Antipolis,
2612 817 2667 872 id
2702 822 2791 874 est
2820 818 3180 876 Grassensis.

1977 904 2234 976 Antiqua
2291 906 2633 961 auctoritate
2673 912 3010 963 sanctorum
3062 909 3556 980 praedecessorum

1909 992 2463 1059 nostrorum,clerus
2476 1000 2529 1049 et
2549 994 2800 1065 populus
2815 996 3244 1052 Ebredunensis
3263 996 3557 1069 eligimus,

1908 1079 2222 1136 laudamus
2253 1084 2310 1136 et
2329 1082 2774 1137 corroboramus
2795 1083 3243 1140 Winimannum
3272 1085 3558 1158 archiepi-

1911 1184 2155 1239 scopum
2187 1169 2244 1222 in
2265 1170 2402 1224 sede
2433 1169 3560 1245 archiepiscopaliEbredunensi,przeci-

1911 1257 2106 1328 piente
2138 1273 2374 1312 summo
2408 1258 2681 1329 pontiﬁce
2707 1263 2763 1313 et
2788 1259 3099 1315 universali
3137 1279 3288 1333 papa
3307 1262 3560 1330 Victore,

1912 1345 2295 1400 conﬁrmante
2328 1345 2643 1413 Willelmo,
2678 1347 2997 1403 Bcrtrando
3028 1353 3085 1404 et
3116 1350 3424 1420 Gaut‘redo,
3458 1368 3560 1406 seu

1912 1433 2116 1489 Pontio
2148 1433 2345 1488 Diensi
2379 1434 2613 1502 comite,
2646 1434 2725 1489 ita
2758 1440 2820 1489 ut
2852 1437 3158 1507 praesideat
3187 1442 3241 1493 et
3262 1444 3423 1511 regat
3443 1455 3563 1493 om-

1915 1538 2020 1578 nes
2050 1521 2327 1579 ecclesias
2350 1522 2696 1594 supradictaz
2720 1524 3153 1593 civitatis,sicut
3173 1526 3457 1597 scriptum
3477 1530 3564 1581 est

1916 1611 1974 1666 in
1999 1610 2482 1684 privilegio,quod
2501 1611 2777 1667 dominus
2801 1629 2949 1684 papa
2972 1614 3168 1669 Victor
3188 1612 3347 1669 illius
3369 1630 3567 1670 conse-

1917 1702 2109 1755 crator
2147 1700 2492 1756 auctoritate
2524 1700 2784 1755 Romana
2819 1700 2929 1756 sibi
2964 1701 3227 1770 contulit,
3263 1719 3397 1759 cum
3412 1702 3567 1758 deci-

150 1792 517 1848 imitationis
546 1792 750 1847 ovibus
775 1789 883 1846 tibi
917 1789 1253 1846 commissis
1280 1787 1595 1845 Salvatoris
1624 1787 1806 1843 nostri
1836 1823 1885 1887 B
1920 1788 2032 1843 mis
2063 1791 2118 1842 et
2149 1787 2442 1859 primitiis,
2478 1788 2631 1844 sicut
2658 1791 2889 1861 expedit
2911 1790 3347 1864 archiepiscopo
3371 1795 3567 1847 tenere

152 1879 497 1937 venerabile
522 1879 779 1953 signum,
794 1878 891 1952 qui
907 1877 1187 1934 ineffabili
1208 1877 1421 1950 pietate
1438 1893 1602 1932 ovem
1620 1879 1807 1932 cente-

156 1969 381 2025 simam
414 1968 473 2025 in
504 1967 766 2024 humeris
792 1967 914 2023 suis
944 1965 1275 2039 reportavit.
1333 1965 1581 2021 Demum
1631 1963 1811 2037 igitur

156 2058 443 2114 omnibus
463 2054 1233 2130 suprascriptis,apostolicae
1261 2053 1419 2110 sedis
1443 2053 1805 2122 auctoritate,

160 2163 271 2220 per
290 2147 399 2202 hoc
431 2149 698 2202 nostrum
732 2143 1102 2217 privilegium
1133 2147 1248 2199 tua;
1270 2141 1562 2198 dilectioni
1581 2159 1812 2198 conces-

162 2236 335 2307 sis,et
349 2234 938 2302 conﬁrmatis,eadem
952 2231 1269 2305 apostolica
1281 2230 1623 2287 auctoritate
1640 2232 1757 2287 inte
1765 2249 1811 2287 r-

163 2324 421 2380 dieimus
450 2340 522 2380 ne
554 2327 773 2379 temere
801 2320 1011 2390 obviet,
1045 2324 1146 2377 aut
1174 2318 1531 2377 contradicat
1573 2319 1809 2391 aliquis.

159 2412 383 2486 Siquis
415 2416 634 2477 autem,
681 2411 839 2483 quod
869 2427 986 2466 non
1044 2414 1339 2482 optamus,
1385 2407 1605 2464 nefario
1664 2425 1812 2465 ausu

161 2501 607 2574 praesumpserit
621 2499 760 2555 huic
783 2502 982 2555 nostro
1003 2499 1231 2554 decreto
1256 2497 1313 2552 in
1338 2496 1535 2569 aliquo
1557 2498 1815 2553 contrai-

162 2607 232 2646 re
256 2590 348 2645 vel
367 2587 669 2662 refragari,
703 2588 822 2644 sive
852 2586 929 2643 sit
957 2584 1408 2654 ecclesiasticus,
1441 2584 1685 2641 clericus
1716 2591 1817 2641 aut

166 2676 381 2749 laicus,
398 2694 622 2746 servus,
657 2680 758 2733 aut
786 2675 953 2744 liber,
978 2690 1194 2747 magna
1221 2673 1310 2729 vel
1338 2691 1515 2746 parva
1544 2691 1814 2746 persona,

158 2766 319 2823 sciat
338 2783 400 2823 se
426 2765 813 2822 anathematis
830 2762 1440 2829 vinculoinnodatum,
1464 2766 1521 2818 et
1541 2778 1676 2818 cum
1693 2761 1817 2819 dia-

159 2855 308 2911 bolo
325 2856 571 2927 ejusque
591 2852 973 2910 atrocissimis
995 2851 1301 2919 ministris,
1322 2854 1495 2922 atque
1517 2867 1651 2906 cum
1667 2851 1699 2906 J
1703 2851 1819 2907 uda

157 2941 599 3010 traditore,nisi
612 2942 760 2998 forte
777 2941 940 3015 prius
960 2940 1521 3013 resipuerit,aeternae
1540 2940 1817 3013 gehennae

157 3030 485 3103 suppliciis
507 3030 1008 3103 deputandum.At
1021 3044 1153 3085 vero
1182 3027 1456 3099 quisquis
1477 3027 1572 3100 pio
1603 3028 1816 3085 intuitu

158 3121 512 3176 observator
535 3119 594 3174 in
618 3119 891 3175 omnibus
938 3116 1224 3173 exstiterit
1244 3116 1424 3188 hujus
1444 3116 1628 3173 nostri
1651 3133 1815 3189 apos-

1917 1880 1973 1931 et
2002 1875 2396 1947 disponere.Si
2424 1876 2555 1948 quis
2578 1884 2768 1931 autem
2796 1879 2902 1931 hoc
2932 1880 3226 1935 decretum
3246 1880 3567 1953 infregerit,

1918 1965 2031 2019 nisi
2057 1965 2129 2019 ad
2153 1964 2613 2020 satisfactionem
2639 1968 2879 2033 venerit,
2907 1969 3052 2022 sciat
3068 1984 3130 2023 se
3152 1969 3496 2024 damnatum
3512 1973 3570 2025 et

1918 2053 2498 2109 anathematizatum.
2520 2054 2665 2124 Fiat,
2694 2055 2813 2110 fiat.
2844 2059 3048 2111 Amen.
3074 2057 3355 2114 Datum...
3373 2059 3570 2114 Nonas

1918 2141 2057 2197 Julii
2086 2158 2191 2214 per
2219 2158 2432 2198 manus
2464 2143 2695 2198 Araboli
2731 2144 2978 2214 diaconi,
3014 2163 3167 2202 anno
3190 2147 3356 2203 tertio
3378 2148 3568 2220 ponti-

1922 2232 2130 2286 ﬁcatus
2158 2231 2382 2286 domini
2405 2247 2566 2304 papae
2591 2232 2841 2289 Victoris
2865 2236 3124 2304 secundi,
3148 2235 3465 2292 indictione
3480 2237 3573 2292 de-

1922 2320 2093 2376 cima.
2157 2319 2484 2375 Fridericus
2542 2321 2858 2377 cardinalis
2916 2324 3111 2379 Sancti
3189 2324 3567 2397 Chrysogoni.

1924 2408 2248 2464 Ludovicus
2269 2407 2596 2464 Nucerinus
2616 2409 3294 2482 episcopus.Ermannus
3313 2413 3572 2470 Joannes

1922 2496 2199 2553 Senensis
2227 2496 2557 2569 episcopus.
2591 2497 2907 2571 Gregorius
2957 2499 3144 2554 Guido
3192 2500 3574 2573 Egebinensis

1923 2585 2269 2657 episc0pus,;
2332 2601 2467 2641 cum
2517 2585 2734 2657 quibus
2793 2586 3168 2644 Pistoriensis
3238 2588 3571 2661 episcopus,

1925 2690 2130 2730 omnes
2186 2672 2245 2728 hi
2306 2673 2694 2730 interfuerunt
2731 2679 2787 2730 et
2814 2676 3170 2732 Humbertus
3200 2678 3391 2732 dictus
3448 2695 3573 2732 car-

1927 2762 2140 2818 dinalis
2171 2763 2480 2835 episcopus
2511 2768 2724 2820 sanctae
2755 2764 3023 2821 Ecclesia:
3055 2765 3221 2821 Silvae
3279 2766 3570 2822 Candidae.

1926 2850 2219 2907 Arnoldus
2251 2851 2521 2906 Aretinus
2553 2853 2883 2925 episcopus.
2910 2853 3182 2910 Giraldus
3204 2853 3575 2910 Florentinus

1927 2939 2256 3012 episcopus.
2291 2940 2663 2997 Castellensis
2693 2942 3023 3015 episcopus.
3058 2942 3354 3016 Litgrinus
3403 2944 3574 3016 Popi—

1928 3026 2131 3082 liensis
2153 3028 2870 3101 episcopus.Vercellensis
2888 3032 3577 3104 episcopus.Cimibertus

1928 3116 2307 3173 Taurincnsis
2337 3118 2664 3191 episc0pus.
2690 3118 3030 3176 Velitrensis
3052 3121 3379 3193 episcopus.
3401 3121 3575 3176 Fesu-

156 3206 333 3265 tolici
362 3207 687 3274 constituti,
720 3205 1143 3263 benedictionis
1171 3206 1420 3278 gratiam
1440 3206 1819 3262 amisericor-
1850 3182 1894 3250 C
1931 3206 2100 3262 lanus
2118 3200 2702 3279 episcopus,Pisanus
2723 3182 3579 3281 episcopus,chrroboraverunt

156 3297 420 3353 dissimo
441 3296 687 3353 Domino
712 3300 913 3351 nostro
927 3292 1330 3367 multipliciter
1345 3298 1822 3369 consequatur,et

156 3386 303 3442 vita:
325 3390 550 3442 aeternas
580 3401 887 3458 possessor
915 3383 1220 3440 efﬁciatur.
1244 3385 1450 3440 Amen.

234 3475 459 3531 Civitas
486 3472 996 3531 Ebredunensium
1027 3471 1387 3545 metropolis.

230 3562 458 3619 Civitas
489 3561 896 3634 Dignensium.

228 3651 460 3707 Civitas
489 3647 918 3720 Soliugensium
955 3648 1076 3718 [al.,
1096 3647 1531 3721 Solinensium).

228 3737 469 3793 Civitus
498 3734 1037 3808 Rigomagensium.

1928 3295 2049 3351 haec
2081 3312 2261 3367 supra
2288 3294 2526 3368 scripta.
2559 3296 2676 3352 Deo
2718 3297 2959 3367 gratias.
2995 3300 3201 3354 Amen.

2696 3405 2818 3457 XX.

1999 3492 2238 3563 Epistola
2276 3490 2332 3546 S.
2365 3491 2518 3546 Petri
2571 3492 2831 3545 Damiam'
2860 3490 2912 3543 S.
2947 3493 3004 3543 Γ.
3058 3496 3123 3546 R.
3157 3491 3464 3548 cardinum
3515 3490 3585 3545 ad

2448 3562 2713 3617 Victorem
2742 3563 2792 3614 II
2814 3578 3036 3632 papam.

1930 3667 2097 3739 (Vide
2128 3669 2187 3723 in
2216 3668 2278 3723 B.
2299 3668 2466 3724 Petro
2493 3667 2783 3791 DAMIAnq,
2802 3666 2997 3807 δέξω.
3018 3668 3173 3736 1702,
3200 3671 3346 3739 Opp.
3374 3671 3514 3720 tom.
3542 3666 3583 3733 Ι,

2614 3753 2741 3807 epis
2775 3779 2787 3791 .
2869 3780 2878 3792 .

2614 3753 2787 3808 epism
2826 3753 2878 3792 ε).

157 3874 3591 3919 W

1450 4011 1615 4051 CIRCA
1652 4010 1861 4052 ANNUM
1900 4012 2107 4052 DOMINI
2146 4013 2322 4052 MLVII.

1173 4138 2579 4270 BERENGAIEIUS

1398 4336 1801 4394 VICECOMES
1839 4336 2356 4394 NARBONENSIS.

1055 4468 2711 4649 QUEBIMONIA—SEBENGARII

148 4687 510 4797 Ad'versas
529 4688 957 4797 ,ϐἕὶίνθᾴαῃξ
987 4688 1553 4797 archiepiscopum
1593 4692 2114 4797 “Nar-donemem,
2126 4692 2587 4797 propesftacin
2626 4692 2902 4797 σᾳηοέζξο
2922 4695 3111 4797 apud
3142 4694 3446 4797 Tolosam
3472 4695 3594 4763 Ιια-

246 4777 400 4880 ρἱο
432 4777 556 4880 sub
587 4777 1427 4880 Βαὺηρἱᾳίιζονᾼζςζρτᾳῃεί,
1480 4794 1541 4847 et
1581 4780 1818 4848 Pontio
1848 4777 2164 4872 Aqumsi,
2200 4777 2737 4872 archiepiscopis,
2783 4777 3058 4851 Victoris
3089 4780 3367 4850 sectmdi
3388 4803 3593 4874 papae

246 4867 528 4957 legatis,
572 4890 748 4935 anno
777 4867 1029 4935 Christi
1057 4868 1228 4935 1056
1268 4872 1358 4953 (l)
1915 4867 1939 4872 “
2018 4897 2025 4905 ~

785 5000 977 5074 (Apud
1007 5000 1201 5058 MANSI
1229 4999 1443 5058 Consi].
1477 5004 1622 5058 tom.
1654 5001 1798 5071 XIX,
1831 5002 1939 5059 col.
1972 5005 2097 5069 850,
2130 5019 2199 5059 ex
2228 5003 2446 5069 Baluz.,
2479 5002 2650 5057 Conc.
2685 5002 2962 5075 Narbon.)

2946 5104 2957 5111 ο

245 5221 482 5279 Sanctaa
514 5218 651 5277 huic
680 5219 1198 5294 conglomerationi
1218 5220 1570 5276 vicariorum
1598 5220 1720 5289 Dei,
1750 5220 1830 5277 le-
1861 5224 1908 5289 D
1939 5222 2133 5278 nentis
2164 5221 2319 5277 beati
2351 5220 2501 5276 Petri
2535 5218 2935 5291 apostolorum
2990 5222 3293 5296 principis,
3343 5225 3589 5301 eiusque

177 5312 336 5383 gatis
368 5304 592 5365 scilicet
620 5310 839 5367 summi
870 5308 1166 5382 pontificis
1196 5308 1465 5379 Romani,
1485 5309 1670 5365 vicem
1691 5310 1836 5366 obti-
1940 5312 2066 5368 vice
2096 5309 2500 5383 fungentibus,
2534 5307 2989 5383 archiepiscopis
3043 5310 3309 5368 videlicet
3353 5318 3409 5369 et
3464 5318 3588 5390 epi-

249 5435 332 5515 (1)
355 5430 448 5515 Pe
464 5432 743 5515 tempore
762 5449 878 5506 quo
900 5430 1267 5515 querimonia
1298 5429 1510 5515 isthch
1523 5432 1833 5515 proposita

179 5500 290 5569 est,
310 5500 485 5558 video
506 5500 626 5559 non
646 5500 825 5563 unafn
854 5500 986 5562 esse
1005 5501 1278 5559 omnium
1289 5500 1669 5560 sententiam?
1694 5520 1831 5560 nam

179 5572 371 5650 aliqui
398 5574 613 5644 putant
642 5580 841 5636 actum
868 5576 927 5634 id
958 5590 1088 5635 esse
1108 5589 1261 5634 anno
1293 5573 1452 5650 1059,
1484 5578 1542 5632 et
1590 5575 1829 5651 quidem

1940 5436 2002 5491 in
2025 5433 2270 5514 concilio
2302 5434 2457 5505 apud
2489 5433 2818 5514 Narbonem
2840 5434 3074 5514 habito,
3087 5437 3335 5514 decepti,
3359 5440 3586 5511 opinor,

1942 5504 2286 5576 auctoritate
2303 5504 2696 5576 quorumdam
2715 5509 2980 5563 actorum
2995 5506 3153 5564 illius
3167 5504 3591 5576 an—ni,quorum

1943 5575 2160 5634 mentio
2181 5575 2406 5633 exastat
2433 5577 2588 5651 apud
2618 5576 2904 5661 Catellum
2926 5579 2986 5638 in
3008 5581 3254 5658 pag.582
3281 5585 3340 5641 et
3353 5575 3453 5644 784
3469 5627 3484 5657 ,
3500 5602 3594 5644 ea-
