3966 6212
157 266 268 324 841

932 266 1420 339 ΟΠΕΗῘΜΟΝΙΑ
1472 269 1801 330 ADVERSl

1931 271 2386 333 GUIFREDUM
2435 273 2796 334 ARCHIEP.

3441 275 3559 335 842

158 399 445 456 sacrificia
462 400 865 467 sumebantur,
895 401 951 455 in
968 401 1240 456 manibus
1263 401 1807 456 auriﬁcumJudzeo-
1833 401 1885 467 Α
1987 403 2269 459 Przeterea
2299 410 2664 460 sacramenta
2685 423 2810 477 qua:
2829 405 2972 460 mihi
2995 422 3168 478 super
3188 410 3389 461 sancta
3416 405 3563 461 alta-

161 507 294 545 rum
322 488 483 546 misit
515 490 588 545 ad
617 491 1060 556 destruendum,
1081 490 1814 561 etHispaniamvenundari

159 594 263 648 pro
305 577 430 648 ipso
483 578 841 648 episcopatu.
877 577 1115 632 Codices
1150 583 1369 643 autem,
1403 578 1503 648 qui
1538 578 1626 660 ibi.
1648 581 1814 633 erant

159 665 331 722 variis
379 665 722 738 generibus,
775 683 892 721 non
944 665 1216 722 meliores
1267 665 1523 738 reliquit.
1572 667 1682 721 Sed
1733 667 1814 720 ita

158 754 309 810 male
337 769 508 809 suam
541 753 848 810 ecclesiam
880 753 1188 826 dissipavit
1220 761 1284 810 ut
1317 756 1492 810 etiam
1523 760 1580 810 et
1618 754 1810 810 clerici

158 845 387 912 desunt,
407 849 476 899 .et
506 843 606 915 qui
629 844 775 898 inibi
798 848 937 899 sunt
965 844 1170 916 inopes
1195 848 1251 899 et
1281 845 1557 912 mendici,
1591 849 1648 900 et
1677 845 1810 901 nul-

155 933 248 990 lus
260 931 505 1005 pulcher
521 933 580 987 in
604 949 673 989 ea
695 938 954 1005 apparet.
981 934 1104 988 Non
1121 932 1480 1006 chlamydes,
1508 951 1693 1005 neque
1715 952 1808 990 ca-

158 1039 262 1093 pas
298 1021 635 1094 polemitas,
670 1039 787 1077 non
819 1021 1105 1094 cyclades,
1140 1039 1254 1077 non
1291 1022 1656 1088 dalmaticas,
1693 1040 1808 1078 non

159 1109 462 1178 cureballi,
487 1128 602 1166 non
620 1109 848 1182 lignum
878 1110 1272 1166 Dominicum.
1304 1111 1511 1165 Omnia
1531 1111 1650 1165 hzec
1681 1130 1808 1183 qua)

161 1218 194 1256 a
215 1199 546 1257 conditione
577 1198 656 1253 ibi
688 1199 858 1270 plura
896 1204 1249 1271 congregata
1277 1204 1461 1264 erant,
1496 1201 1595 1255 sed
1629 1200 1807 1256 dissi-

160 1289 314 1361 pavit
343 1307 434 1357 ea,
474 1288 750 1359 deditque
771 1305 874 1359 pro
905 1288 1244 1359 episcopatu
1271 1288 1467 1343 fratris
1497 1288 1608 1342 sui.
1643 1293 1806 1344 Insu-

161 1397 278 1451 per,
309 1379 464 1451 quod
498 1379 666 1450 pejus
703 1381 791 1432 est
833 1381 890 1432 et
931 1376 1328 1443 inhonestum,
1379 1378 1809 1433 commendavit

159 1485 219 1523 se
248 1467 522 1524 manibus
544 1467 618 1521 ad
650 1465 1014 1521 comitissam
1048 1464 1283 1536 Urgelli.
1310 1465 1418 1520 Pro
1451 1482 1567 1536 qua
1598 1483 1658 1521 re
1691 1483 1805 1522 non

159 1556 348 1613 solum
381 1555 546 1622 mihi,
572 1555 674 1610 sed
695 1554 870 1609 etiam
893 1553 1118 1608 cunctis
1137 1559 1348 1608 nostra:
1379 1553 1577 1624 patria:
1602 1555 1806 1610 nobili-

157 1645 292 1711 bus,
323 1643 387 1699 in
417 1661 696 1715 magnum
722 1643 837 1698 ruit
855 1642 1077 1697 odium.
1100 1643 1222 1705 Quo
1245 1647 1496 1714 peracto,
1523 1659 1805 1715 aggregau

163 1733 244 1788 vit
261 1732 574 1788 concilium
599 1749 713 1786 non
736 1731 1028 1786 modicum
1047 1731 1218 1801 juxta
1237 1730 1473 1802 praefata
1501 1732 1644 1785 urbe
1665 1735 1804 1786 Nar-
1835 1759 1882 1826 Β

157 1823 314 1877 bona
335 1820 655 1878 multorum
677 1820 767 1876 sui
789 1820 1018 1874 dioecesi
1044 1819 1499 1891 episcoporum,i
1509 1824 1636 1874 nter
1657 1836 1804 1891 quos

164 1909 272 1966 fuit
310 1910 407 1965 hic
463 1908 840 1966 Raimbaldus
890 1906 1250 1963 Arelatensis
1299 1907 1800 1980 archiepiscopus,

157 2004 211 2054 et
266 1999 325 2054 in
379 2015 581 2054 eorum
639 2002 814 2068 atque
867 2000 1202 2052 nostrorum
1242 1997 1509 2051 omnium
1553 2013 1802 2068 praesen-

159 2088 295 2144 tiam
334 2086 577 2158 reliquit
620 2089 862 2141 cunctas
894 2102 1088 2140 armas
1119 2084 1428 2139 militarias
1459 2089 1518 2139 et
1568 2102 1802 2142 omnem

158 2175 350 2230 sazculi
385 2174 683 2243 militiam,
715 2179 889 2245 atque
910 2173 1470 2229 excommunicando
1501 2175 1664 2229 misit
1691 2177 1805 2229 sub

159 2263 470 2319 anathema
512 2268 634 2318 tam
674 2262 1058 2333 semetipsum
1091 2279 1207 2332 qua
1232 2279 1268 2316 n
1302 2279 1504 2317 omnes
1539 2263 1630 2317 sui
1662 2263 1802 2318 diae-

154 2351 294 2408 cesis
325 2352 655 2425 episcOpos,
685 2351 785 2422 qui
809 2350 880 2406 ab
904 2349 1004 2404 illa
1023 2350 1114 2405 die
1135 2349 1406 2421 deinceps
1431 2351 1609 2406 armis
1641 2356 1806 2407 erant

153 2442 471 2513 sumpturi.
518 2441 627 2507 Qui
675 2456 790 2495 non
834 2438 1018 2494 multo
1057 2443 1209 2510 post,
1244 2439 1494 2510 acceptis
1531 2441 1710 2495 armis
1744 2445 1808 2495 ut

151 2529 348 2599 miles,
380 2547 494 2585 non
525 2527 774 2601 corrigia
805 2527 1107 2583 succintus
1145 2527 1384 2596 lumbis,
1417 2529 1516 2584 sed
1549 2530 1721 2598 ferro,
1749 2534 1807 2585 et

153 2618 466 2675 debellavit
492 2634 744 2673 mecum.
779 2618 845 2672 Et
875 2622 1017 2688 quot
1045 2618 1281 2682 mortui,
1325 2623 1468 2688 quot
1495 2617 1802 2686 vulnerati,

152 2711 294 2779 quot
337 2707 690 2775 detruncati,
755 2711 1104 2778 quantaeque
1162 2707 1381 2762 adustee
1441 2705 1692 2762 ecclesiae
1752 2711 1809 2762 et

152 2814 373 2853 exarsze
405 2796 686 2868 reliquiae,
715 2796 762 2852 si
807 2813 910 2868 per
951 2795 1186 2869 singula
1232 2813 1502 2852 enarrare
1549 2796 1804 2864 voluero,

149 2886 401 2942 fortasse
450 2890 506 2940 et
556 2884 714 2940 vobis
755 2885 901 2940 foret
949 2885 1272 2951 fastidium,
1317 2889 1372 2940 et
1404 2883 1633 2940 facilius
1674 2886 1799 2942 dies

156 2993 334 3048 quam
367 2975 538 3048 copia
559 2974 791 3032 deserit.

219 3064 442 3121 Deinde
488 3068 771 3120 venerunt
826 3063 1084 3135 episcopi
1134 3063 1192 3118 in
1239 3079 1430 3118 meam
1480 3067 1714 3129 terram,
1742 3068 1800 3120 et

153 3169 384 3209 mecum
419 3169 536 3209 una
564 3169 700 3208 cum
732 3152 934 3207 eodem
967 3152 1403 3223 archiepiscopo
1424 3151 1801 3208 firmaverunt
1831 3129 1872 3196 C

153 3249 424 3315 treguam
457 3241 558 3297 Dei
589 3240 984 3298 inviolabilem
1027 3246 1222 3298 tenere
1252 3241 1311 3295 in
1343 3257 1577 3296 omnem
1609 3257 1801 3298 meam

153 3334 394 3398 terram,
444 3334 619 3402 atque
668 3347 736 3384 ex
784 3331 986 3386 eadem
1031 3333 1401 3401 corruptores
1441 3329 1801 3385 teterrimam

139 3418 446 3488 justitiam
478 3419 686 3474 facere.
720 3418 882 3473 Unde
912 3419 1068 3472 idem
1100 3417 1573 3490 archiepiscopus
1605 3423 1662 3472 et
1696 3434 1800 3490 ego

148 3507 297 3563 hanc
350 3507 598 3562 fecimus
643 3506 1126 3572 convenientiam,
1169 3510 1234 3561 ut
1285 3506 1355 3560 de
1405 3506 1631 3562 cunctis
1673 3523 1800 3578 quae

146 3595 461 3657 emendata
509 3593 759 3648 fuissent
807 3610 909 3664 per
960 3593 1148 3663 ipsius
1188 3598 1402 3663 treguaa
1437 3594 1800 3662 fractioncm,

146 3702 262 3741 una
294 3681 588 3738 medietas
620 3680 829 3736 fuisset
866 3682 1117 3753 praefatae
1150 3680 1425 3751 ecclesiae,
1461 3682 1593 3749 alia,
1647 3699 1797 3751 mea,

146 3790 244 3844 pro
275 3771 604 3828 exercenda
625 3769 876 3839 justitia.
920 3771 1036 3842 Ego
1070 3775 1262 3824 autem
1311 3770 1576 3824 consensi
1608 3769 1797 3842 ipsam

144 3877 336 3916 meam
392 3857 764 3914 medietatem
822 3857 1239 3913 condirectioni
1292 3857 1479 3929 ipsius
1520 3858 1794 3915 ecclesiae.

142 3948 251 4003 Sed
276 3947 377 4003 ille
415 3963 531 4001 non
562 3946 622 4000 in
651 3946 778 4016 ejus
812 3945 1324 4013 condirectionem,
1359 3947 1460 4002 sed
1485 3947 1545 4002 in
1577 3947 1800 4003 destru-

143 4036 395 4091 ctioncm
430 4035 612 4105 misit,
649 4035 788 4107 quia
816 4040 872 4090 et
897 4035 968 4090 ab
997 4033 1241 4090 ecclesia
1279 4051 1408 4091 eam
1449 4035 1712 4101 abstulit,
1745 4041 1800 4091 et

140 4124 438 4181 militibus
470 4141 571 4195 per
601 4123 880 4180 solidatas
913 4123 1121 4178 tribuit
1161 4124 1358 4195 potius
1388 4141 1566 4196 quam
1598 4125 1797 4180 decem

146 4213 331 4269 millia
364 4212 607 4268 solidos.
642 4214 766 4277 Qua
786 4213 922 4269 data
945 4212 1060 4268 Deo
1083 4217 1139 4268 et
1160 4213 1384 4268 fortiter
1413 4213 1664 4281 ﬁrmata,
1697 4215 1798 4285 qui

148 4301 318 4371 primi
353 4317 486 4358 eam
521 4306 820 4373 tregerunt
849 4300 907 4356 in
938 4305 1153 4372 .nostra
1184 4301 1393 4373 patria,
1431 4303 1522 4358 sui
1555 4301 1795 4369 milites,

147 4406 211 4444 cx
241 4408 350 4447 suo
385 4389 644 4446 exientes
674 4388 934 4460 castello,
959 4390 1300 4445 occiderunt
1332 4407 1514 4446 unum
1549 4390 1796 4446 militem

1922 491 2008 546 ria
2039 492 2311 548 manibus
2334 495 2570 564 juratus
2603 499 2691 548 est
2720 493 2926 560 multa,
2963 511 3222 566 unquam
3271 511 3386 548 non
3418 493 3564 549 mihi

1919 581 2130 647 tenuit,
2169 582 2269 636 sed
2292 583 2488 636 omnia
2517 582 2706 654 fregit.
2738 584 2822 637 Ad
2856 582 3132 638 ultimum
3165 600 3296 638 vere
3343 584 3563 639 bonum

1920 685 2068 738 opus
2097 675 2366 740 operatus
2398 677 2506 736 est,
2531 671 2673 725 satis
2709 671 2824 726 Deo
2856 674 2912 726 et
2937 671 3216 727 universa:
3246 672 3402 744 plebi
3420 671 3562 729 Nar-

1920 758 2198 814 bonensis
2213 758 2496 830 placibile.
2531 761 2694 816 Unde
2714 761 2868 817 mala
2899 762 3016 817 haec
3046 762 3244 818 omnia
3267 761 3566 818 oblivisce-

1920 862 2143 911 ramus,
2167 848 2215 901 si
2239 847 2406 902 nobis
2425 847 2482 902 in
2506 849 2725 902 bonum
2742 849 3013 906 venisset.
3038 851 3290 922 Corpora
3311 867 3564 923 namque

1919 940 2254 990 sanctorum
2300 937 2452 990 Justi
2503 941 2558 991 et
2605 937 2882 1004 Pastoris,
2916 955 3042 1008 quas
3083 944 3562 1011 praememoratus

1918 1039 2016 1076 rex
2047 1022 2282 1078 Carolus
2312 1025 2382 1077 ab
2413 1023 2694 1096 Hispania
2723 1026 3010 1093 deferens,
3045 1033 3218 1098 atque
3251 1029 3308 1083 in
3339 1029 3432 1084 via
3462 1046 3555 1085 ca-

1917 1129 2051 1167 rens
2083 1112 2138 1166 in
2175 1112 2410 1183 praefata
2442 1113 2500 1166 in
2531 1130 2731 1168 eorum
2765 1114 2984 1171 honore
3007 1117 3287 1173 mdiﬁcata
3315 1119 3561 1174 ecclesia

1917 1201 2198 1256 collocare
2229 1205 2542 1272 optaverat,
2577 1220 2706 1274 qua:
2739 1205 2906 1260 nobis
2939 1208 3272 1278 nostrisque
3295 1209 3561 1280 patribus

1919 1290 2172 1344 multum
2203 1295 2369 1344 erant
2398 1294 2614 1361 optata,
2639 1292 2710 1346 ab
2735 1292 2885 1347 idem
2921 1293 3355 1366 archiepiscopo
3374 1296 3564 1368 explo-

1915 1383 2042 1432 rata
2073 1383 2337 1449 etcapta,
2367 1380 2436 1433 ad
2474 1396 2639 1434 suam
2674 1398 2862 1451 usque
2882 1399 3014 1436 cum
3049 1381 3267 1437 honore
3298 1388 3560 1454 asporta-

1913 1466 1995 1520 vit
2019 1467 2348 1532 ecclesiam,
2383 1473 2558 1538 atque
2590 1468 2903 1524 honoriﬁce
2924 1469 3243 1525 collocavit.
3264 1471 3426 1526 Unde
3448 1487 3563 1528 non

1915 1555 2106 1609 solum
2157 1572 2190 1609 a
2219 1571 2332 1621 me,
2390 1557 2489 1611 sed
2549 1558 2725 1612 etiam
2770 1576 2804 1612 a
2861 1559 2986 1613 suis
3032 1559 3256 1614 civibus
3289 1558 3562 1615 laudatus

1915 1647 2087 1714 atque
2117 1642 2364 1699 dilectus
2417 1650 2558 1698 erat.
2592 1647 2698 1708 Qui
2732 1665 2845 1701 non
2880 1647 3062 1701 multo
3093 1653 3244 1719 post,
3297 1649 3562 1720 litigante

1914 1748 1979 1786 eo
2026 1748 2159 1786 cum
2209 1749 2314 1786 suo
2355 1733 2782 1800 archidiacono,
2825 1735 3007 1790 voluit
3048 1736 3279 1791 trahere
3310 1738 3552 1808 praedic-

1909 1824 2102 1874 torum
2152 1837 2393 1892 corpora
2440 1827 2776 1878 sanctorum
2828 1824 2901 1877 ab
2947 1823 3193 1880 ecclesia
3230 1841 3453 1881 eorum.
3487 1827 3556 1882 Et

1911 1923 2014 1980 ego
2054 1908 2247 1980 rogavi
2295 1925 2430 1964 eum
2480 1926 2550 1963 ne
2598 1909 2704 1964 hoc
2738 1911 2987 1978 fecisset,
3027 1919 3084 1966 et
3123 1912 3277 1968 volui
3330 1915 3379 1968 ei
3413 1915 3553 1970 dare

1910 1996 2146 2052 obsides
2168 2013 2270 2067 per
2289 1997 2482 2052 decem
2509 1997 2692 2053 millia
2716 1997 2953 2066 solidos,
2990 2003 3073 2063 ut,
3107 2000 3155 2054 si
3190 2000 3346 2056 ullus
3377 2001 3552 2058 homo

1911 2085 1997 2140 vel
2029 2085 2246 2140 femina
2275 2085 2456 2140 ullam
2478 2087 2592 2140 vim
2611 2087 2659 2141 ei
2677 2087 2892 2142 faceret
2914 2087 2983 2143 de
3007 2089 3267 2160 ipsorum
3298 2092 3558 2162 corpori-

1910 2173 2022 2228 bus
2053 2179 2416 2242 sanctorum,
2459 2179 2560 2229 aut
2589 2176 2660 2229 de
2688 2175 2805 2230 ullo
2838 2192 3079 2232 munere
3117 2178 3201 2233 eis
3231 2178 3424 2234 oblato
3471 2180 3560 2238 vel

1912 2268 2284 2333 prmscntato,
2322 2280 2426 2335 ego
2458 2265 2526 2318 de
2557 2263 2656 2318 illo
2685 2263 2773 2318 vel
2806 2264 2921 2319 illis
2952 2264 3059 2320 hoc
3093 2266 3438 2322 facientibus
3461 2270 3562 2324 ad-

1904 2352 2068 2421 jutor
2091 2368 2278 2406 essem
2305 2352 2578 2423 praedicto
2603 2353 2860 2423 pontifici
2886 2369 2988 2424 per
3011 2355 3184 2409 fidem
3208 2372 3323 2410 non
3346 2356 3561 2412 ﬁctam.

1918 2440 2074 2494 Idem
2107 2455 2240 2494 vero
2269 2439 2605 2495 archivclita
2633 2440 2813 2496 voluit
2843 2441 2928 2495 eis
2960 2442 3294 2499 satisfacere
3317 2443 3375 2498 in
3401 2445 3560 2515 judi-

1914 2528 2000 2582 cio
2052 2529 2306 2599 episcopi
2353 2528 2607 2584 Arelate.
2649 2529 2754 2594 Qui
2803 2531 3034 2598 renuit;
3078 2532 3177 2586 sed
3228 2532 3563 2590 substracta

1914 2618 1984 2670 ab
2007 2617 2208 2672 eadem
2242 2617 2378 2671 sede
2408 2621 2708 2673 tantorum
2751 2635 2994 2691 corpora
3024 2625 3360 2676 sanctorum
3391 2621 3560 2678 duxit

1913 2709 1968 2760 et
2001 2704 2302 2761 inhoneste
2335 2705 2638 2761 collocavit
2668 2706 2725 2761 in
2766 2709 3085 2778 quamdam
3132 2708 3410 2765 villanam
3458 2727 3556 2766 ec-

1914 2793 2170 2850 clcsiam.
2211 2795 2292 2863 Ibi
2340 2812 2506 2849 suam
2540 2795 2878 2851 cathedram
2923 2797 3242 2864 fabricavit,
3286 2798 3366 2853 ibi
3398 2801 3555 2855 ordi-

1915 2899 2049 2938 nem
2082 2899 2255 2937 suum
2280 2883 2430 2945 fecit.
2452 2883 2529 2938 ibi
2563 2901 2699 2940 suas
2720 2886 2973 2957 synodos
2994 2886 3202 2954 tenuit,
3227 2887 3307 2943 ibi
3330 2889 3554 2946 codices

1915 2976 1971 3026 et
2000 2988 2202 3026 cruces
2231 2976 2286 3027 et
2317 2971 2539 3042 lignum
2562 2973 2930 3030 Dominicum
2954 2976 3291 3047 asportavit,
3324 2977 3406 3032 ibi
3435 2978 3558 3035 cle-

1916 3059 2064 3114 ricos
2094 3060 2293 3132 prima:
2311 3060 2488 3126 sedis,
2513 3078 2659 3133 quos
2680 3061 2948 3118 meliores
2971 3064 3213 3137 invenit,
3230 3067 3556 3139 constituit,

1910 3153 1966 3204 et
1997 3149 2079 3203 ita
2103 3149 2321 3220 eligens
2344 3151 2696 3215 membrum,
2730 3157 2906 3222 caput
2921 3152 3158 3224 reliquit
3186 3156 3353 3225 quasi
3384 3160 3557 3229 tugu-

1912 3239 2086 3293 rium.
2115 3238 2356 3309 lnsupcr
2377 3238 2570 3292 cuncti
2599 3243 2808 3293 nostras
2826 3240 3024 3310 patriae
3048 3241 3294 3310 nobiles,
3313 3248 3369 3298 et
3390 3244 3556 3317 plebs

1912 3331 2140 3393 cuncta,
2175 3326 2272 3397 qui
2307 3326 2458 3381 soliti
2490 3331 2630 3381 sunt
2660 3343 2930 3384 occurerc
2960 3329 3030 3383 ad
3068 3331 3362 3387 civitatem
3391 3338 3448 3389 et
3477 3336 3551 3391 ad

1910 3416 2110 3470 sedem
2151 3431 2342 3482 suam,
2377 3420 2434 3469 et
2465 3414 2809 3486 pmnitcntcs
2845 3433 2954 3471 sua
2987 3434 3234 3474 munera
3265 3421 3336 3474 ad
3383 3439 3554 3479 suam

1911 3503 2106 3558 sedem
2131 3503 2269 3558 dare
2286 3507 2461 3573 atque
2480 3507 2826 3572 praesentare
2853 3502 3198 3570 solentibus,
3223 3506 3556 3580 multosque

1909 3591 2231 3659 adjutorios
2262 3590 2330 3644 ad
2361 3607 2594 3660 operam
2631 3607 2747 3644 sum
2767 3591 3019 3646 ecclesia:
3053 3593 3422 3661 facientibus,
3452 3597 3554 3651 ab-

1910 3679 2092 3745 stulit,
2138 3683 2194 3733 et
2242 3694 2488 3732 munera
2525 3677 2627 3732 illa
2655 3678 2781 3733 suis
2815 3679 3102 3736 militibus
3135 3697 3237 3752 per
3273 3681 3554 3740 solidatas

1911 3767 2134 3834 tribuit,
2169 3770 2225 3822 et
2256 3783 2424 3822 suam
2456 3766 2759 3822 ecclesiam
2793 3768 3083 3824 desertam
3115 3773 3172 3824 et
3198 3769 3326 3824 sine
3364 3772 3553 3844 capite

1909 3854 2244 3926 dereliquit.

1979 3944 2218 3999 Interim
2250 3961 2382 3999 vero
2404 3943 2556 3998 idem
2590 3944 3064 4017 archiepiscopus
3084 3946 3292 4002 habuit
3322 3964 3552 4004 mecum

1907 4033 2210 4104 placitum,
2238 4039 2295 4089 ct
2318 4033 2665 4088 constrinxit
2687 4051 2778 4088 me
2807 4035 2856 4089 ei
2890 4035 2958 4089 ad
2993 4051 3167 4090 suum
3200 4035 3434 4091 libitum
3466 4053 3556 4092 sa-

1907 4122 2198 4188 tisfacere,
2231 4128 2286 4178 et
2304 4116 2448 4177 diiit
2471 4121 2610 4176 mihi
2633 4139 2807 4177 suum
2833 4123 3055 4178 dictum
3077 4128 3133 4178 et
3154 4124 3351 4190 fidem,
3375 4141 3554 4196 quam

1907 4210 2207 4267 meliorem
2238 4212 2289 4266 ei
2324 4211 2616 4281 requirere
2647 4212 2828 4282 potui,
2856 4215 2919 4266 ut
2943 4217 3000 4266 et
3029 4212 3099 4266 ad
3141 4213 3338 4268 sedem
3382 4230 3553 4268 suam

1907 4300 2120 4355 rediret
2174 4305 2231 4355 et
2287 4316 2530 4371 corpora
2584 4303 2787 4354 sancta
2840 4299 2898 4354 in
2941 4316 3008 4354 ea
3056 4301 3406 4357 restitueret.
3445 4301 3554 4366 Qui

1908 4387 2190 4444 mentitus
2221 4392 2309 4443 cst
2335 4387 2499 4456 mihi,
2527 4388 2649 4454 sed,
2685 4392 2749 4442 ut
2773 4388 2916 4442 mihi
2940 4388 3048 4444 fuit
3070 4393 3340 4459 testatus,
3365 4391 3555 4446 facere

147 4495 342 4536 meum
377 4479 437 4533 in
469 4483 734 4550 treguam
777 4479 896 4545 Dei,
931 4484 988 4534 et
1023 4479 1236 4534 retinui
1278 4479 1601 4536 homicidas
1641 4480 1794 4549 illos,
1827 4495 1873 4558 D
1905 4477 2114 4544 noluit,
2148 4481 2205 4532 et
2234 4480 2322 4532 est
2348 4477 2490 4531 mihi
2524 4477 2804 4532 mentitus
2827 4494 2998 4532 suum
3031 4479 3254 4535 dictum
3290 4484 3348 4535 et
3377 4497 3548 4537 suam

148 4570 202 4622 et
231 4567 463 4624 nullam
492 4567 650 4638 quivi
681 4568 752 4622 ab
783 4584 850 4622 eo
887 4567 1200 4638 impetrare
1233 4568 1545 4639 justitiam.
1578 4569 1797 4624 Deinde

146 4654 350 4712 Petrus
379 4655 698 4711 Raimundi
742 4656 1159 4713 Biterrensium
1193 4673 1388 4713 comes
1431 4657 1488 4712 in
1527 4663 1795 4729 treguam

148 4742 246 4798 Dei
293 4743 538 4800 violavit
585 4743 893 4800 ecclesiam
945 4745 1168 4800 Sanctae
1218 4746 1430 4814 Mariae,
1465 4747 1796 4802 coenobium

151 4830 259 4888 loci
292 4832 486 4900 electi,
522 4833 620 4888 ubi
653 4832 970 4888 mirificum
1004 4834 1251 4891 habetur
1279 4835 1505 4907 lignum
1543 4836 1797 4891 Domini-

147 4936 302 4988 cum,
335 4927 394 4977 et
425 4921 670 4975 extraxit
691 4922 764 4977 ab
798 4923 930 4976 inde
962 4923 1110 4977 duos
1137 4922 1354 4978 milites
1375 4923 1684 4979 inclinatos
1714 4929 1800 4980 at-

151 5025 262 5079 que
294 5009 585 5076 innoxios,
619 5013 677 5065 et
708 5028 892 5065 unum
923 5027 990 5066 ex
1030 5012 1136 5077 eis,
1170 5013 1270 5082 qui
1304 5017 1429 5067 erat
1453 5012 1803 5084 consangui-

151 5113 298 5153 neus
343 5113 536 5165 meus,
580 5100 857 5170 pependit
901 5100 962 5154 in
1008 5099 1187 5172 ligno,
1249 5105 1306 5155 et
1356 5100 1561 5156 occisit
1618 5105 1806 5156 morte

155 5184 603 5257 crudeli,-quasi
634 5185 905 5258 cleptem.
940 5187 1102 5244 Unde
1134 5189 1290 5244 idem
1331 5189 1808 5261 archiepiscOpus

154 5273 287 5330 talis
318 5274 672 5348 suffragator
704 5277 925 5332 exstitit
971 5281 1034 5332 ut
1065 5277 1240 5332 etiam
1282 5277 1594 5349 sacrilegos
1616 5283 1673 5333 et
1701 5277 1808 5332 ho-

158 5361 406 5418 micidas
433 5363 564 5420 illos
593 5364 654 5420 in
687 5383 796 5421 sua
828 5381 890 5420 se
925 5365 1221 5421 mittenles
1245 5370 1528 5437 potestate
1559 5366 1808 5438 patroci-

161 5450 338 5521 navit,
373 5452 840 5528 suﬂ‘ragatorque
871 5472 1072 5511 eorum
1107 5455 1329 5512 exstitit
1357 5459 1413 5511 et
1442 5454 1500 5512 in
1532 5471 1598 5513 eo
1631 5453 1810 5512 ullam

164 5556 280 5598 non
312 5538 470 5598 valui
496 5541 756 5599 invenire
777 5543 1092 5614 justitiam.

485 5670 747 5736 ΡΑτιιοῐ..
794 5671 1052 5738 CXLIII.

1907 4567 2104 4622 ﬁdem.
2139 4565 2352 4621 Deinde
2376 4567 2585 4635 conjux
2608 4582 2736 4620 mea
2755 4565 2956 4621 videns
2979 4583 3113 4622 eum
3138 4568 3361 4640 rogavit
3382 4568 3549 4624 resti-

1905 4659 2065 4710 tuere
2079 4671 2320 4726 corpora
2341 4658 2563 4724 sancta,
2579 4661 2636 4709 et
2651 4655 2941 4721 idemipse
2955 4656 3023 4710 ad
3045 4657 3360 4712 Ecclesium
3380 4673 3549 4712 suam

1905 4745 2116 4805 redire.
2131 4744 2534 4814 directumque
2551 4753 2811 4798 nostrum
2827 4761 3006 4815 supra
3018 4745 3251 4800 modum
3267 4745 3549 4815 accipere,

1909 4848 2098 4904 neque
2123 4833 2324 4886 audire
2347 4831 2557 4898 voluit;
2586 4833 2688 4887 sed
2705 4836 2946 4887 testatus
2963 4835 3051 4886 est
3067 4832 3116 4886 ei
3137 4832 3554 4888 Altitonantem

1912 4925 2120 4978 ducere
2151 4923 2280 4994 ipsa
2310 4925 2514 4976 sancta
2547 4938 2788 4993 corpora
2819 4922 2876 4974 in
2909 4920 3098 4976 aliena
3127 4921 3333 4992 patria,
3366 4925 3423 4977 et
3460 4938 3556 4976 us-

1914 5029 2026 5083 que
2057 5012 2114 5065 in
2149 5014 2429 5064 aeternum
2464 5009 2631 5064 nobis
2664 5025 2776 5063 non
2807 5023 2934 5062 esse
2973 5009 3385 5079 recuperanda.
3422 5009 3557 5072 Quae

1915 5099 2182 5165 audiens,
2217 5103 2502 5161 metuens,
2539 5113 2608 5151 ne
2640 5097 3278 5167 subito,sicutjuratus
3307 5102 3415 5166 est,
3451 5098 3560 5154 hoc

1916 5189 2128 5242 faceret
2181 5201 2272 5239 me
2303 5185 2543 5238 absente
2575 5189 2629 5239 et
2660 5185 2982 5254 ignorante,
3015 5185 3124 5237 fuit
3155 5186 3226 5240 ad
3256 5185 3561 5258 praefatam

1915 5274 2065 5331 villae
2097 5271 2423 5338 ecclesiam,
2457 5287 2570 5325 non
2613 5271 2803 5325 adhuc
2833 5277 3254 5341 consecratam,
3303 5278 3359 5328 et
3388 5273 3566 5330 traxit

1920 5362 2126 5419 exinde
2157 5377 2399 5432 corpora
2431 5364 2654 5427 sancta,
2689 5359 3059 5430 restituitque
3089 5365 3145 5415 et
3173 5361 3436 5419 condidit
3465 5363 3567 5420 ho-

1921 5450 2159 5508 noriﬁce
2189 5450 2248 5506 in
2279 5450 2477 5506 sedem
2512 5466 2702 5506 suam.
2744 5446 2962 5505 Deinde
2993 5450 3204 5521 conjux
3244 5467 3395 5521 mea,
3429 5470 3568 5527 pro-

1925 5543 2108 5598 strata
2125 5555 2322 5596 coram
2337 5555 2422 5612 eo,
2440 5555 2615 5596 suum
2630 5536 2944 5615 postulavit
2966 5539 3083 5598 acci
3092 5556 3224 5614 perc
3248 5540 3536 5602 directum
3553 5557 3567 5616 ί

3175 5667 3249 5741 2⁸1
