  <div class='ocr_page' id='page_1' title='image "/cluster/home/n/w/nwhite01/storage/ocr_20150623/143/uva.x000829790/435.png"; bbox 0 0 3966 6212; ppageno 0'>
   <div class='ocr_carea' id='block_1_1' title="bbox 395 306 513 370">
    <p class='ocr_par' dir='ltr' id='par_1_1' title="bbox 395 306 513 370">
     <span class='ocr_line' id='line_1_1' title="bbox 395 306 513 370; baseline 0.025 -3"><span class='ocrx_word' id='word_1_1' title='bbox 395 306 513 370; x_wconf 74' lang='grc'>843</span> 
     </span>
    </p>
   </div>
   <div class='ocr_carea' id='block_1_2' title="bbox 940 287 3235 363">
    <p class='ocr_par' dir='ltr' id='par_1_2' title="bbox 940 287 3235 363">
     <span class='ocr_line' id='line_1_2' title="bbox 940 287 3235 363; baseline -0.004 0"><span class='ocrx_word' id='word_1_2' title='bbox 940 300 1250 363; x_wconf 89' lang='lat' dir='ltr'>THEUZO</span> <span class='ocrx_word' id='word_1_3' title='bbox 1292 296 1647 358; x_wconf 81' lang='lat' dir='ltr'>EREMITA</span> <span class='ocrx_word' id='word_1_4' title='bbox 1692 295 1789 354; x_wconf 83' lang='lat' dir='ltr'>ET</span> <span class='ocrx_word' id='word_1_5' title='bbox 1833 289 2286 353; x_wconf 82' lang='lat' dir='ltr'>MONACHUS.</span> <span class='ocrx_word' id='word_1_6' title='bbox 2318 322 2397 335; x_wconf 90' lang='lat'>—-</span> <span class='ocrx_word' id='word_1_7' title='bbox 2426 289 2746 352; x_wconf 84' lang='lat' dir='ltr'>NOTITIA</span> <span class='ocrx_word' id='word_1_8' title='bbox 2789 287 3235 354; x_wconf 82' lang='lat' dir='ltr'>HISTORICA.</span> 
     </span>
    </p>
   </div>
   <div class='ocr_carea' id='block_1_3' title="bbox 3687 297 3823 359">
    <p class='ocr_par' dir='ltr' id='par_1_3' title="bbox 3687 297 3823 359">
     <span class='ocr_line' id='line_1_3' title="bbox 3687 297 3823 359; baseline 0 0"><span class='ocrx_word' id='word_1_9' title='bbox 3687 297 3823 359; x_wconf 69' lang='lat' dir='ltr'><strong>8M</strong></span> 
     </span>
    </p>
   </div>
   <div class='ocr_carea' id='block_1_4' title="bbox 396 422 3821 513">
    <p class='ocr_par' dir='ltr' id='par_1_4' title="bbox 396 422 3821 513">
     <span class='ocr_line' id='line_1_4' title="bbox 396 422 3821 513; baseline -0.002 -19"><span class='ocrx_word' id='word_1_10' title='bbox 396 442 496 513; x_wconf 99' lang='lat' dir='ltr'>qui</span> <span class='ocrx_word' id='word_1_11' title='bbox 526 438 735 495; x_wconf 87' lang='lat' dir='ltr'>renuit.</span> <span class='ocrx_word' id='word_1_12' title='bbox 765 436 882 507; x_wconf 83' lang='lat' dir='ltr'>Ego</span> <span class='ocrx_word' id='word_1_13' title='bbox 912 437 1106 489; x_wconf 87' lang='lat' dir='ltr'>autem</span> <span class='ocrx_word' id='word_1_14' title='bbox 1139 429 1445 486; x_wconf 86' lang='lat' dir='ltr'>confestim</span> <span class='ocrx_word' id='word_1_15' title='bbox 1484 432 1549 483; x_wconf 91' lang='lat' dir='ltr'>ut</span> <span class='ocrx_word' id='word_1_16' title='bbox 1576 428 1684 483; x_wconf 78' lang='lat' dir='ltr'>hoc</span> <span class='ocrx_word' id='word_1_17' title='bbox 1729 425 1880 493; x_wconf 76' lang='lat' dir='ltr'>novi,</span> <span class='ocrx_word' id='word_1_18' title='bbox 1912 423 2031 478; x_wconf 89' lang='lat' dir='ltr'>vidi</span> <span class='ocrx_word' id='word_1_19' title='bbox 2061 423 2117 489; x_wconf 74' lang='grc' dir='ltr'><strong>Α</strong></span> <span class='ocrx_word' id='word_1_20' title='bbox 2146 424 2489 490; x_wconf 78' lang='lat' dir='ltr'>stiticeutur,</span> <span class='ocrx_word' id='word_1_21' title='bbox 2524 422 2623 493; x_wconf 84' lang='lat' dir='ltr'>qui</span> <span class='ocrx_word' id='word_1_22' title='bbox 2646 424 2717 478; x_wconf 89' lang='lat' dir='ltr'>ab</span> <span class='ocrx_word' id='word_1_23' title='bbox 2746 438 2812 479; x_wconf 91' lang='lat' dir='ltr'>eo</span> <span class='ocrx_word' id='word_1_24' title='bbox 2835 427 2975 479; x_wconf 89' lang='lat' dir='ltr'>sunt</span> <span class='ocrx_word' id='word_1_25' title='bbox 2990 423 3264 480; x_wconf 78' lang='lat' dir='ltr'>ordinati.</span> <span class='ocrx_word' id='word_1_26' title='bbox 3288 424 3489 498; x_wconf 83' lang='lat' dir='ltr'>Neque</span> <span class='ocrx_word' id='word_1_27' title='bbox 3520 427 3821 486; x_wconf 78' lang='lat' dir='ltr'>ecclesias</span> 
     </span>
    </p>
   </div>
   <div class='ocr_carea' id='block_1_5' title="bbox 398 512 2037 602">
    <p class='ocr_par' dir='ltr' id='par_1_5' title="bbox 398 512 2037 602">
     <span class='ocr_line' id='line_1_5' title="bbox 398 512 2037 602; baseline -0.011 -18"><span class='ocrx_word' id='word_1_28' title='bbox 398 530 700 602; x_wconf 67' lang='lat' dir='ltr'>prmtatum</span> <span class='ocrx_word' id='word_1_29' title='bbox 731 521 1254 593; x_wconf 83' lang='lat' dir='ltr'>archiepiscopum,</span> <span class='ocrx_word' id='word_1_30' title='bbox 1271 517 1539 588; x_wconf 87' lang='lat' dir='ltr'>voluiquc</span> <span class='ocrx_word' id='word_1_31' title='bbox 1562 516 1610 571; x_wconf 92' lang='lat' dir='ltr'>ci</span> <span class='ocrx_word' id='word_1_32' title='bbox 1637 516 1927 569; x_wconf 75' lang='lat' dir='ltr'>afﬁrmare</span> <span class='ocrx_word' id='word_1_33' title='bbox 1952 512 2037 568; x_wconf 89' lang='lat' dir='ltr'>di-</span> 
     </span>
    </p>
   </div>
   <div class='ocr_carea' id='block_1_6' title="bbox 399 604 2039 679">
    <p class='ocr_par' dir='ltr' id='par_1_6' title="bbox 399 604 2039 679">
     <span class='ocr_line' id='line_1_6' title="bbox 399 604 2039 679; baseline -0.009 -7"><span class='ocrx_word' id='word_1_34' title='bbox 399 621 621 672; x_wconf 88' lang='lat' dir='ltr'>rectum</span> <span class='ocrx_word' id='word_1_35' title='bbox 651 617 707 669; x_wconf 90' lang='lat' dir='ltr'>et</span> <span class='ocrx_word' id='word_1_36' title='bbox 736 612 805 666; x_wconf 90' lang='lat' dir='ltr'>de</span> <span class='ocrx_word' id='word_1_37' title='bbox 837 626 929 665; x_wconf 92' lang='lat' dir='ltr'>me</span> <span class='ocrx_word' id='word_1_38' title='bbox 962 613 1017 664; x_wconf 89' lang='lat' dir='ltr'>et</span> <span class='ocrx_word' id='word_1_39' title='bbox 1046 609 1117 663; x_wconf 89' lang='lat' dir='ltr'>de</span> <span class='ocrx_word' id='word_1_40' title='bbox 1147 608 1394 679; x_wconf 82' lang='lat' dir='ltr'>conjuge</span> <span class='ocrx_word' id='word_1_41' title='bbox 1426 624 1554 661; x_wconf 90' lang='lat' dir='ltr'>mea</span> <span class='ocrx_word' id='word_1_42' title='bbox 1582 610 1637 660; x_wconf 89' lang='lat' dir='ltr'>et</span> <span class='ocrx_word' id='word_1_43' title='bbox 1667 606 1736 659; x_wconf 91' lang='lat' dir='ltr'>de</span> <span class='ocrx_word' id='word_1_44' title='bbox 1764 604 2039 659; x_wconf 84' lang='lat' dir='ltr'>omnibus</span> 
     </span>
    </p>
   </div>
   <div class='ocr_carea' id='block_1_7' title="bbox 400 692 2040 773">
    <p class='ocr_par' dir='ltr' id='par_1_7' title="bbox 400 692 2040 773">
     <span class='ocr_line' id='line_1_7' title="bbox 400 692 2040 773; baseline -0.009 -13"><span class='ocrx_word' id='word_1_45' title='bbox 400 704 547 760; x_wconf 91' lang='lat' dir='ltr'>meis</span> <span class='ocrx_word' id='word_1_46' title='bbox 579 698 879 773; x_wconf 91' lang='lat' dir='ltr'>injudicio</span> <span class='ocrx_word' id='word_1_47' title='bbox 901 698 991 754; x_wconf 91' lang='lat' dir='ltr'>sui</span> <span class='ocrx_word' id='word_1_48' title='bbox 1014 697 1243 753; x_wconf 74' lang='lat' dir='ltr'>dioecesi</span> <span class='ocrx_word' id='word_1_49' title='bbox 1267 697 1671 769; x_wconf 85' lang='lat' dir='ltr'>episcoporum</span> <span class='ocrx_word' id='word_1_50' title='bbox 1703 698 1757 749; x_wconf 93' lang='lat' dir='ltr'>et</span> <span class='ocrx_word' id='word_1_51' title='bbox 1786 692 2040 765; x_wconf 84' lang='lat' dir='ltr'>episcopi</span> 
     </span>
    </p>
   </div>
   <div class='ocr_carea' id='block_1_8' title="bbox 398 782 2041 864">
    <p class='ocr_par' dir='ltr' id='par_1_8' title="bbox 398 782 2041 864">
     <span class='ocr_line' id='line_1_8' title="bbox 398 782 2041 864; baseline -0.009 -16"><span class='ocrx_word' id='word_1_52' title='bbox 398 791 632 847; x_wconf 81' lang='lat' dir='ltr'>Arelate</span> <span class='ocrx_word' id='word_1_53' title='bbox 654 806 756 864; x_wconf 91' lang='lat' dir='ltr'>per</span> <span class='ocrx_word' id='word_1_54' title='bbox 776 788 975 844; x_wconf 86' lang='lat' dir='ltr'>decem</span> <span class='ocrx_word' id='word_1_55' title='bbox 997 786 1182 842; x_wconf 83' lang='lat' dir='ltr'>millia</span> <span class='ocrx_word' id='word_1_56' title='bbox 1205 785 1442 852; x_wconf 89' lang='lat' dir='ltr'>solidos;</span> <span class='ocrx_word' id='word_1_57' title='bbox 1470 784 1569 856; x_wconf 85' lang='lat' dir='ltr'>qui</span> <span class='ocrx_word' id='word_1_58' title='bbox 1594 782 1806 838; x_wconf 88' lang='lat' dir='ltr'>renuit.</span> <span class='ocrx_word' id='word_1_59' title='bbox 1825 782 2041 837; x_wconf 80' lang='lat' dir='ltr'>Deinde</span> 
     </span>
    </p>
   </div>
   <div class='ocr_carea' id='block_1_9' title="bbox 399 870 2038 953">
    <p class='ocr_par' dir='ltr' id='par_1_9' title="bbox 399 870 2038 953">
     <span class='ocr_line' id='line_1_9' title="bbox 399 870 2038 953; baseline -0.009 -15"><span class='ocrx_word' id='word_1_60' title='bbox 399 881 459 938; x_wconf 89' lang='lat' dir='ltr'>in</span> <span class='ocrx_word' id='word_1_61' title='bbox 482 879 706 953; x_wconf 92' lang='lat' dir='ltr'>judicio</span> <span class='ocrx_word' id='word_1_62' title='bbox 736 877 912 952; x_wconf 83' lang='lat' dir='ltr'>legati</span> <span class='ocrx_word' id='word_1_63' title='bbox 942 875 1243 948; x_wconf 78' lang='lat' dir='ltr'>apostolici</span> <span class='ocrx_word' id='word_1_64' title='bbox 1277 878 1334 930; x_wconf 89' lang='lat' dir='ltr'>et</span> <span class='ocrx_word' id='word_1_65' title='bbox 1363 874 1541 943; x_wconf 83' lang='lat' dir='ltr'>hujus</span> <span class='ocrx_word' id='word_1_66' title='bbox 1568 877 1779 926; x_wconf 68' lang='lat' dir='ltr'>sanctae</span> <span class='ocrx_word' id='word_1_67' title='bbox 1813 870 2038 943; x_wconf 76' lang='lat' dir='ltr'>synodi;</span> 
     </span>
    </p>
   </div>
   <div class='ocr_carea' id='block_1_10' title="bbox 398 960 2040 1041">
    <p class='ocr_par' dir='ltr' id='par_1_10' title="bbox 398 960 2040 1041">
     <span class='ocr_line' id='line_1_10' title="bbox 398 960 2040 1041; baseline -0.009 -14"><span class='ocrx_word' id='word_1_68' title='bbox 398 975 455 1027; x_wconf 92' lang='lat' dir='ltr'>et</span> <span class='ocrx_word' id='word_1_69' title='bbox 477 967 880 1041; x_wconf 88' lang='lat' dir='ltr'>huncsprevit.</span> <span class='ocrx_word' id='word_1_70' title='bbox 898 966 981 1021; x_wconf 84' lang='lat' dir='ltr'>Ad</span> <span class='ocrx_word' id='word_1_71' title='bbox 1004 964 1277 1020; x_wconf 86' lang='lat' dir='ltr'>ultimum</span> <span class='ocrx_word' id='word_1_72' title='bbox 1293 980 1425 1018; x_wconf 90' lang='lat' dir='ltr'>vero</span> <span class='ocrx_word' id='word_1_73' title='bbox 1438 960 1753 1016; x_wconf 78' lang='lat' dir='ltr'>exclamavi</span> <span class='ocrx_word' id='word_1_74' title='bbox 1776 965 2040 1016; x_wconf 88' lang='lat' dir='ltr'>sanctum</span> 
     </span>
    </p>
   </div>
   <div class='ocr_carea' id='block_1_11' title="bbox 400 1050 2043 1128">
    <p class='ocr_par' dir='ltr' id='par_1_11' title="bbox 400 1050 2043 1128">
     <span class='ocr_line' id='line_1_11' title="bbox 400 1050 2043 1128; baseline -0.007 -13"><span class='ocrx_word' id='word_1_75' title='bbox 400 1060 636 1117; x_wconf 87' lang='lat' dir='ltr'>Petrum</span> <span class='ocrx_word' id='word_1_76' title='bbox 668 1056 1030 1128; x_wconf 88' lang='lat' dir='ltr'>etjudicium</span> <span class='ocrx_word' id='word_1_77' title='bbox 1054 1053 1253 1107; x_wconf 91' lang='lat' dir='ltr'>domui</span> <span class='ocrx_word' id='word_1_78' title='bbox 1279 1051 1577 1124; x_wconf 84' lang='lat' dir='ltr'>apostolici</span> <span class='ocrx_word' id='word_1_79' title='bbox 1601 1055 1665 1105; x_wconf 89' lang='lat' dir='ltr'>ut</span> <span class='ocrx_word' id='word_1_80' title='bbox 1682 1050 1825 1106; x_wconf 92' lang='lat' dir='ltr'>irem</span> <span class='ocrx_word' id='word_1_81' title='bbox 1850 1067 2043 1105; x_wconf 90' lang='lat' dir='ltr'>coram</span> 
     </span>
    </p>
   </div>
   <div class='ocr_carea' id='block_1_12' title="bbox 403 1132 2045 1216">
    <p class='ocr_par' dir='ltr' id='par_1_12' title="bbox 403 1132 2045 1216">
     <span class='ocr_line' id='line_1_12' title="bbox 403 1132 2045 1216; baseline -0.009 -12"><span class='ocrx_word' id='word_1_82' title='bbox 403 1165 492 1213; x_wconf 89' lang='lat' dir='ltr'>eo,</span> <span class='ocrx_word' id='word_1_83' title='bbox 523 1147 657 1203; x_wconf 90' lang='lat' dir='ltr'>etin</span> <span class='ocrx_word' id='word_1_84' title='bbox 687 1146 815 1216; x_wconf 86' lang='lat' dir='ltr'>ejus</span> <span class='ocrx_word' id='word_1_85' title='bbox 847 1161 1021 1199; x_wconf 88' lang='lat' dir='ltr'>manu</span> <span class='ocrx_word' id='word_1_86' title='bbox 1055 1142 1105 1196; x_wconf 88' lang='lat' dir='ltr'>ei</span> <span class='ocrx_word' id='word_1_87' title='bbox 1140 1132 1494 1195; x_wconf 69' lang='lat' dir='ltr'>afﬁrma’rem</span> <span class='ocrx_word' id='word_1_88' title='bbox 1536 1140 1841 1193; x_wconf 86' lang='lat' dir='ltr'>directum.</span> <span class='ocrx_word' id='word_1_89' title='bbox 1882 1138 2045 1191; x_wconf 89' lang='lat' dir='ltr'>Ilunc</span> 
     </span>
    </p>
   </div>
   <div class='ocr_carea' id='block_1_13' title="bbox 406 1220 2048 1308">
    <p class='ocr_par' dir='ltr' id='par_1_13' title="bbox 406 1220 2048 1308">
     <span class='ocr_line' id='line_1_13' title="bbox 406 1220 2048 1308; baseline -0.009 -15"><span class='ocrx_word' id='word_1_90' title='bbox 406 1236 591 1293; x_wconf 91' lang='lat' dir='ltr'>multo</span> <span class='ocrx_word' id='word_1_91' title='bbox 614 1231 1116 1308; x_wconf 88' lang='lat' dir='ltr'>parvipendit;sed</span> <span class='ocrx_word' id='word_1_92' title='bbox 1134 1220 2048 1285; x_wconf 76' lang='lat' dir='ltr'>excommunicavitinclementer</span> 
     </span>
    </p>
   </div>
   <div class='ocr_carea' id='block_1_14' title="bbox 408 1316 2045 1397">
    <p class='ocr_par' dir='ltr' id='par_1_14' title="bbox 408 1316 2045 1397">
     <span class='ocr_line' id='line_1_14' title="bbox 408 1316 2045 1397; baseline -0.008 -15"><span class='ocrx_word' id='word_1_93' title='bbox 408 1330 581 1397; x_wconf 87' lang='lat' dir='ltr'>atque</span> <span class='ocrx_word' id='word_1_94' title='bbox 609 1323 831 1395; x_wconf 86' lang='lat' dir='ltr'>injuste</span> <span class='ocrx_word' id='word_1_95' title='bbox 861 1337 955 1376; x_wconf 91' lang='lat' dir='ltr'>me</span> <span class='ocrx_word' id='word_1_96' title='bbox 979 1324 1035 1375; x_wconf 87' lang='lat' dir='ltr'>et</span> <span class='ocrx_word' id='word_1_97' title='bbox 1068 1334 1257 1374; x_wconf 90' lang='lat' dir='ltr'>meam</span> <span class='ocrx_word' id='word_1_98' title='bbox 1280 1333 1539 1384; x_wconf 87' lang='lat' dir='ltr'>uxorem,</span> <span class='ocrx_word' id='word_1_99' title='bbox 1559 1333 1836 1387; x_wconf 88' lang='lat' dir='ltr'>meosque</span> <span class='ocrx_word' id='word_1_100' title='bbox 1859 1316 2045 1370; x_wconf 86' lang='lat' dir='ltr'>infau-</span> 
     </span>
    </p>
   </div>
   <div class='ocr_carea' id='block_1_15' title="bbox 407 1403 2049 1482">
    <p class='ocr_par' dir='ltr' id='par_1_15' title="bbox 407 1403 2049 1482">
     <span class='ocr_line' id='line_1_15' title="bbox 407 1403 2049 1482; baseline -0.005 -13"><span class='ocrx_word' id='word_1_101' title='bbox 407 1418 516 1482; x_wconf 89' lang='lat' dir='ltr'>tes,</span> <span class='ocrx_word' id='word_1_102' title='bbox 549 1417 606 1469; x_wconf 91' lang='lat' dir='ltr'>et</span> <span class='ocrx_word' id='word_1_103' title='bbox 624 1428 859 1468; x_wconf 89' lang='lat' dir='ltr'>omnem</span> <span class='ocrx_word' id='word_1_104' title='bbox 892 1412 1148 1465; x_wconf 91' lang='lat' dir='ltr'>nostram</span> <span class='ocrx_word' id='word_1_105' title='bbox 1182 1410 1420 1470; x_wconf 87' lang='lat' dir='ltr'>terram,</span> <span class='ocrx_word' id='word_1_106' title='bbox 1452 1409 1571 1459; x_wconf 86' lang='lat' dir='ltr'>tam</span> <span class='ocrx_word' id='word_1_107' title='bbox 1605 1403 1935 1471; x_wconf 78' lang='lat' dir='ltr'>crudeliter,</span> <span class='ocrx_word' id='word_1_108' title='bbox 1969 1405 2049 1460; x_wconf 89' lang='lat' dir='ltr'>ita</span> 
     </span>
    </p>
   </div>
   <div class='ocr_carea' id='block_1_16' title="bbox 409 1492 2049 1570">
    <p class='ocr_par' dir='ltr' id='par_1_16' title="bbox 409 1492 2049 1570">
     <span class='ocr_line' id='line_1_16' title="bbox 409 1492 2049 1570; baseline -0.006 -12"><span class='ocrx_word' id='word_1_109' title='bbox 409 1507 476 1558; x_wconf 86' lang='lat' dir='ltr'>ut</span> <span class='ocrx_word' id='word_1_110' title='bbox 502 1500 701 1556; x_wconf 90' lang='lat' dir='ltr'>nullus</span> <span class='ocrx_word' id='word_1_111' title='bbox 735 1498 816 1555; x_wconf 91' lang='lat' dir='ltr'>ibi</span> <span class='ocrx_word' id='word_1_112' title='bbox 839 1497 1164 1570; x_wconf 88' lang='lat' dir='ltr'>baptizetur</span> <span class='ocrx_word' id='word_1_113' title='bbox 1193 1494 1291 1567; x_wconf 82' lang='lat'>(3),</span> <span class='ocrx_word' id='word_1_114' title='bbox 1316 1511 1419 1549; x_wconf 91' lang='lat' dir='ltr'>nec</span> <span class='ocrx_word' id='word_1_115' title='bbox 1441 1492 1921 1560; x_wconf 89' lang='lat' dir='ltr'>communicetur,</span> <span class='ocrx_word' id='word_1_116' title='bbox 1946 1511 2049 1548; x_wconf 89' lang='lat' dir='ltr'>nec</span> 
     </span>
    </p>
   </div>
   <div class='ocr_carea' id='block_1_17' title="bbox 410 1582 2047 1663">
    <p class='ocr_par' dir='ltr' id='par_1_17' title="bbox 410 1582 2047 1663">
     <span class='ocr_line' id='line_1_17' title="bbox 410 1582 2047 1663; baseline -0.007 -17"><span class='ocrx_word' id='word_1_117' title='bbox 410 1590 747 1663; x_wconf 88' lang='lat' dir='ltr'>sepeliatur.</span> <span class='ocrx_word' id='word_1_118' title='bbox 795 1588 911 1643; x_wconf 87' lang='lat' dir='ltr'>Nos</span> <span class='ocrx_word' id='word_1_119' title='bbox 941 1589 1157 1651; x_wconf 88' lang='lat' dir='ltr'>autem,</span> <span class='ocrx_word' id='word_1_120' title='bbox 1190 1583 1301 1639; x_wconf 92' lang='lat' dir='ltr'>nisi</span> <span class='ocrx_word' id='word_1_121' title='bbox 1332 1583 1507 1638; x_wconf 89' lang='lat' dir='ltr'>timor</span> <span class='ocrx_word' id='word_1_122' title='bbox 1548 1582 1647 1637; x_wconf 90' lang='lat' dir='ltr'>Dei</span> <span class='ocrx_word' id='word_1_123' title='bbox 1684 1587 1854 1650; x_wconf 83' lang='lat' dir='ltr'>esset,</span> <span class='ocrx_word' id='word_1_124' title='bbox 1890 1584 2047 1653; x_wconf 87' lang='lat' dir='ltr'>parvi</span> 
     </span>
    </p>
   </div>
   <div class='ocr_carea' id='block_1_18' title="bbox 412 1671 2051 1755">
    <p class='ocr_par' dir='ltr' id='par_1_18' title="bbox 412 1671 2051 1755">
     <span class='ocr_line' id='line_1_18' title="bbox 412 1671 2051 1755; baseline -0.006 -17"><span class='ocrx_word' id='word_1_125' title='bbox 412 1682 801 1755; x_wconf 83' lang='lat' dir='ltr'>ponderemus</span> <span class='ocrx_word' id='word_1_126' title='bbox 832 1693 999 1733; x_wconf 90' lang='lat' dir='ltr'>suam</span> <span class='ocrx_word' id='word_1_127' title='bbox 1040 1671 1723 1739; x_wconf 83' lang='lat' dir='ltr'>excommunicationem,</span> <span class='ocrx_word' id='word_1_128' title='bbox 1759 1687 1932 1743; x_wconf 89' lang='lat' dir='ltr'>quem</span> <span class='ocrx_word' id='word_1_129' title='bbox 1968 1677 2051 1728; x_wconf 90' lang='lat' dir='ltr'>tot</span> 
     </span>
    </p>
   </div>
   <div class='ocr_carea' id='block_1_19' title="bbox 2150 512 3820 582">
    <p class='ocr_par' dir='ltr' id='par_1_19' title="bbox 2150 512 3820 582">
     <span class='ocr_line' id='line_1_19' title="bbox 2150 512 3820 582; baseline 0.005 -16"><span class='ocrx_word' id='word_1_130' title='bbox 2150 529 2287 566; x_wconf 68' lang='lat' dir='ltr'>meae</span> <span class='ocrx_word' id='word_1_131' title='bbox 2319 516 2481 566; x_wconf 66' lang='lat' dir='ltr'>terra:</span> <span class='ocrx_word' id='word_1_132' title='bbox 2513 527 2852 567; x_wconf 90' lang='lat' dir='ltr'>consecrare</span> <span class='ocrx_word' id='word_1_133' title='bbox 2881 512 3082 582; x_wconf 90' lang='lat' dir='ltr'>voluit,</span> <span class='ocrx_word' id='word_1_134' title='bbox 3126 512 3311 570; x_wconf 90' lang='lat' dir='ltr'>donec</span> <span class='ocrx_word' id='word_1_135' title='bbox 3340 516 3545 573; x_wconf 89' lang='lat' dir='ltr'>datum</span> <span class='ocrx_word' id='word_1_136' title='bbox 3594 534 3820 575; x_wconf 86' lang='lat' dir='ltr'>earum</span> 
     </span>
    </p>
   </div>
   <div class='ocr_carea' id='block_1_20' title="bbox 2150 600 3821 673">
    <p class='ocr_par' dir='ltr' id='par_1_20' title="bbox 2150 600 3821 673">
     <span class='ocr_line' id='line_1_20' title="bbox 2150 600 3821 673; baseline 0.005 -17"><span class='ocrx_word' id='word_1_137' title='bbox 2150 601 2354 657; x_wconf 89' lang='lat' dir='ltr'>tenuit.</span> <span class='ocrx_word' id='word_1_138' title='bbox 2380 600 2575 673; x_wconf 88' lang='lat' dir='ltr'>Nuper</span> <span class='ocrx_word' id='word_1_139' title='bbox 2596 604 2790 656; x_wconf 90' lang='lat' dir='ltr'>autem</span> <span class='ocrx_word' id='word_1_140' title='bbox 2816 602 2962 657; x_wconf 89' lang='lat' dir='ltr'>duos</span> <span class='ocrx_word' id='word_1_141' title='bbox 2985 618 3148 659; x_wconf 90' lang='lat' dir='ltr'>meos</span> <span class='ocrx_word' id='word_1_142' title='bbox 3170 603 3387 662; x_wconf 88' lang='lat' dir='ltr'>milites</span> <span class='ocrx_word' id='word_1_143' title='bbox 3406 607 3722 664; x_wconf 85' lang='lat' dir='ltr'>venientes</span> <span class='ocrx_word' id='word_1_144' title='bbox 3746 624 3821 665; x_wconf 82' lang='lat' dir='ltr'>ex</span> 
     </span>
    </p>
   </div>
   <div class='ocr_carea' id='block_1_21' title="bbox 2148 690 3819 769">
    <p class='ocr_par' dir='ltr' id='par_1_21' title="bbox 2148 690 3819 769">
     <span class='ocr_line' id='line_1_21' title="bbox 2148 690 3819 769; baseline 0.005 -24"><span class='ocrx_word' id='word_1_145' title='bbox 2148 690 2344 763; x_wconf 83' lang='lat' dir='ltr'>vigilia</span> <span class='ocrx_word' id='word_1_146' title='bbox 2372 696 2585 746; x_wconf 67' lang='lat' dir='ltr'>sanctae</span> <span class='ocrx_word' id='word_1_147' title='bbox 2618 690 2932 748; x_wconf 88' lang='lat' dir='ltr'>Salvatoris</span> <span class='ocrx_word' id='word_1_148' title='bbox 2951 692 3207 761; x_wconf 70' lang='lat' dir='ltr'>Anianaa,</span> <span class='ocrx_word' id='word_1_149' title='bbox 3232 694 3327 750; x_wconf 91' lang='lat' dir='ltr'>die</span> <span class='ocrx_word' id='word_1_150' title='bbox 3347 695 3721 769; x_wconf 61' lang='lat' dir='ltr'>Epiphania,</span> <span class='ocrx_word' id='word_1_151' title='bbox 3748 713 3819 753; x_wconf 86' lang='lat' dir='ltr'>eo</span> 
     </span>
    </p>
   </div>
   <div class='ocr_carea' id='block_1_22' title="bbox 2143 781 3819 856">
    <p class='ocr_par' dir='ltr' id='par_1_22' title="bbox 2143 781 3819 856">
     <span class='ocr_line' id='line_1_22' title="bbox 2143 781 3819 856; baseline 0.005 -21"><span class='ocrx_word' id='word_1_152' title='bbox 2143 783 2390 852; x_wconf 85' lang='lat' dir='ltr'>jubente</span> <span class='ocrx_word' id='word_1_153' title='bbox 2421 786 2594 852; x_wconf 88' lang='lat' dir='ltr'>atque</span> <span class='ocrx_word' id='word_1_154' title='bbox 2611 781 2989 854; x_wconf 69' lang='lat' dir='ltr'>suffragante,</span> <span class='ocrx_word' id='word_1_155' title='bbox 3008 786 3149 837; x_wconf 91' lang='lat' dir='ltr'>sunt</span> <span class='ocrx_word' id='word_1_156' title='bbox 3169 784 3322 856; x_wconf 89' lang='lat' dir='ltr'>capti</span> <span class='ocrx_word' id='word_1_157' title='bbox 3353 790 3410 841; x_wconf 89' lang='lat' dir='ltr'>et</span> <span class='ocrx_word' id='word_1_158' title='bbox 3438 785 3609 853; x_wconf 87' lang='lat' dir='ltr'>tenti,</span> <span class='ocrx_word' id='word_1_159' title='bbox 3633 791 3698 842; x_wconf 84' lang='lat' dir='ltr'>et</span> <span class='ocrx_word' id='word_1_160' title='bbox 3712 804 3819 843; x_wconf 87' lang='lat' dir='ltr'>eos</span> 
     </span>
    </p>
   </div>
   <div class='ocr_carea' id='block_1_23' title="bbox 2153 870 3814 942">
    <p class='ocr_par' dir='ltr' id='par_1_23' title="bbox 2153 870 3814 942">
     <span class='ocr_line' id='line_1_23' title="bbox 2153 870 3814 942; baseline 0.003 -17"><span class='ocrx_word' id='word_1_161' title='bbox 2153 870 2253 942; x_wconf 91' lang='lat' dir='ltr'>qui</span> <span class='ocrx_word' id='word_1_162' title='bbox 2286 870 2417 925; x_wconf 79' lang='lat' dir='ltr'>illos</span> <span class='ocrx_word' id='word_1_163' title='bbox 2469 875 2745 942; x_wconf 88' lang='lat' dir='ltr'>ceperunt</span> <span class='ocrx_word' id='word_1_164' title='bbox 2774 871 3121 942; x_wconf 89' lang='lat' dir='ltr'>patrocinat,</span> <span class='ocrx_word' id='word_1_165' title='bbox 3162 877 3218 929; x_wconf 89' lang='lat' dir='ltr'>et</span> <span class='ocrx_word' id='word_1_166' title='bbox 3249 874 3351 930; x_wconf 85' lang='lat' dir='ltr'>dat</span> <span class='ocrx_word' id='word_1_167' title='bbox 3380 874 3465 931; x_wconf 90' lang='lat' dir='ltr'>eis</span> <span class='ocrx_word' id='word_1_168' title='bbox 3495 875 3814 932; x_wconf 81' lang='lat' dir='ltr'>solidatas.</span> 
     </span>
    </p>
   </div>
   <div class='ocr_carea' id='block_1_24' title="bbox 2154 960 3817 1032">
    <p class='ocr_par' dir='ltr' id='par_1_24' title="bbox 2154 960 3817 1032">
     <span class='ocr_line' id='line_1_24' title="bbox 2154 960 3817 1032; baseline 0.004 -17"><span class='ocrx_word' id='word_1_169' title='bbox 2154 962 2285 1015; x_wconf 88' lang='lat' dir='ltr'>Ideo</span> <span class='ocrx_word' id='word_1_170' title='bbox 2316 977 2420 1032; x_wconf 77' lang='lat' dir='ltr'>ego</span> <span class='ocrx_word' id='word_1_171' title='bbox 2444 960 2824 1032; x_wconf 83' lang='lat' dir='ltr'>Berengarius</span> <span class='ocrx_word' id='word_1_172' title='bbox 2843 961 3119 1032; x_wconf 69' lang='lat' dir='ltr'>praefatus</span> <span class='ocrx_word' id='word_1_173' title='bbox 3131 962 3281 1019; x_wconf 87' lang='lat' dir='ltr'>hanc</span> <span class='ocrx_word' id='word_1_174' title='bbox 3298 964 3465 1020; x_wconf 86' lang='lat' dir='ltr'>vobis</span> <span class='ocrx_word' id='word_1_175' title='bbox 3481 968 3540 1021; x_wconf 88' lang='lat' dir='ltr'>et</span> <span class='ocrx_word' id='word_1_176' title='bbox 3554 965 3817 1021; x_wconf 89' lang='lat' dir='ltr'>Domino</span> 
     </span>
    </p>
   </div>
   <div class='ocr_carea' id='block_1_25' title="bbox 2153 1049 3815 1127">
    <p class='ocr_par' dir='ltr' id='par_1_25' title="bbox 2153 1049 3815 1127">
     <span class='ocr_line' id='line_1_25' title="bbox 2153 1049 3815 1127; baseline 0.003 -22"><span class='ocrx_word' id='word_1_177' title='bbox 2153 1050 2268 1105; x_wconf 87' lang='lat' dir='ltr'>Deo</span> <span class='ocrx_word' id='word_1_178' title='bbox 2301 1049 2445 1104; x_wconf 87' lang='lat' dir='ltr'>facio</span> <span class='ocrx_word' id='word_1_179' title='bbox 2469 1049 2916 1120; x_wconf 88' lang='lat' dir='ltr'>querimoniam,</span> <span class='ocrx_word' id='word_1_180' title='bbox 2942 1054 2998 1104; x_wconf 90' lang='lat' dir='ltr'>et</span> <span class='ocrx_word' id='word_1_181' title='bbox 3015 1051 3586 1122; x_wconf 82' lang='lat' dir='ltr'>postulojustitiam;</span> <span class='ocrx_word' id='word_1_182' title='bbox 3622 1071 3815 1127; x_wconf 88' lang='lat' dir='ltr'>quam</span> 
     </span>
    </p>
   </div>
   <div class='ocr_carea' id='block_1_26' title="bbox 2158 1139 3816 1216">
    <p class='ocr_par' dir='ltr' id='par_1_26' title="bbox 2158 1139 3816 1216">
     <span class='ocr_line' id='line_1_26' title="bbox 2158 1139 3816 1216; baseline 0.004 -23"><span class='ocrx_word' id='word_1_183' title='bbox 2158 1139 2267 1194; x_wconf 86' lang='lat' dir='ltr'>nisi</span> <span class='ocrx_word' id='word_1_184' title='bbox 2303 1140 2707 1209; x_wconf 79' lang='lat' dir='ltr'>impetravero,</span> <span class='ocrx_word' id='word_1_185' title='bbox 2733 1156 2850 1194; x_wconf 67' lang='lat' dir='ltr'>suae</span> <span class='ocrx_word' id='word_1_186' title='bbox 2882 1141 3816 1216; x_wconf 84' lang='lat' dir='ltr'>excommunicationiparvipen-</span> 
     </span>
    </p>
   </div>
   <div class='ocr_carea' id='block_1_27' title="bbox 2156 1229 3813 1300">
    <p class='ocr_par' dir='ltr' id='par_1_27' title="bbox 2156 1229 3813 1300">
     <span class='ocr_line' id='line_1_27' title="bbox 2156 1229 3813 1300; baseline 0.005 -20"><span class='ocrx_word' id='word_1_187' title='bbox 2156 1230 2314 1295; x_wconf 84' lang='lat' dir='ltr'>dcro,</span> <span class='ocrx_word' id='word_1_188' title='bbox 2354 1234 2410 1283; x_wconf 89' lang='lat' dir='ltr'>et</span> <span class='ocrx_word' id='word_1_189' title='bbox 2450 1229 2506 1281; x_wconf 90' lang='lat' dir='ltr'>in</span> <span class='ocrx_word' id='word_1_190' title='bbox 2534 1244 2723 1282; x_wconf 84' lang='lat' dir='ltr'>meam</span> <span class='ocrx_word' id='word_1_191' title='bbox 2756 1231 2970 1282; x_wconf 88' lang='lat' dir='ltr'>terram</span> <span class='ocrx_word' id='word_1_192' title='bbox 3004 1232 3272 1300; x_wconf 87' lang='lat' dir='ltr'>treguam</span> <span class='ocrx_word' id='word_1_193' title='bbox 3304 1229 3529 1287; x_wconf 87' lang='lat' dir='ltr'>nullam</span> <span class='ocrx_word' id='word_1_194' title='bbox 3567 1234 3813 1298; x_wconf 84' lang='lat' dir='ltr'>tenebo,</span> 
     </span>
    </p>
   </div>
   <div class='ocr_carea' id='block_1_28' title="bbox 2158 1315 3673 1389">
    <p class='ocr_par' dir='ltr' id='par_1_28' title="bbox 2158 1315 3673 1389">
     <span class='ocr_line' id='line_1_28' title="bbox 2158 1315 3673 1389; baseline 0.002 -16"><span class='ocrx_word' id='word_1_195' title='bbox 2158 1334 2346 1388; x_wconf 87' lang='lat' dir='ltr'>neque</span> <span class='ocrx_word' id='word_1_196' title='bbox 2369 1316 2662 1387; x_wconf 87' lang='lat' dir='ltr'>judicium</span> <span class='ocrx_word' id='word_1_197' title='bbox 2695 1315 2997 1387; x_wconf 84' lang='lat' dir='ltr'>apostolici</span> <span class='ocrx_word' id='word_1_198' title='bbox 3026 1317 3286 1389; x_wconf 89' lang='lat' dir='ltr'>amplius</span> <span class='ocrx_word' id='word_1_199' title='bbox 3315 1318 3673 1376; x_wconf 89' lang='lat' dir='ltr'>acclamabo.</span> 
     </span>
    </p>
   </div>
   <div class='ocr_carea' id='block_1_29' title="bbox 2227 1404 3814 1480">
    <p class='ocr_par' dir='ltr' id='par_1_29' title="bbox 2227 1404 3814 1480">
     <span class='ocr_line' id='line_1_29' title="bbox 2227 1404 3814 1480; baseline 0.003 -18"><span class='ocrx_word' id='word_1_200' title='bbox 2227 1406 2387 1471; x_wconf 85' lang='lat' dir='ltr'>Quod</span> <span class='ocrx_word' id='word_1_201' title='bbox 2419 1423 2523 1476; x_wconf 72' lang='lat' dir='ltr'>ego</span> <span class='ocrx_word' id='word_1_202' title='bbox 2555 1404 2936 1476; x_wconf 85' lang='lat' dir='ltr'>Bcrengarius</span> <span class='ocrx_word' id='word_1_203' title='bbox 2968 1406 3047 1461; x_wconf 90' lang='lat' dir='ltr'>ita</span> <span class='ocrx_word' id='word_1_204' title='bbox 3071 1407 3346 1479; x_wconf 88' lang='lat' dir='ltr'>superius</span> <span class='ocrx_word' id='word_1_205' title='bbox 3375 1425 3583 1480; x_wconf 89' lang='lat' dir='ltr'>queror</span> <span class='ocrx_word' id='word_1_206' title='bbox 3609 1410 3683 1465; x_wconf 87' lang='lat' dir='ltr'>ad</span> <span class='ocrx_word' id='word_1_207' title='bbox 3722 1409 3814 1467; x_wconf 90' lang='lat' dir='ltr'>le-</span> 
     </span>
    </p>
   </div>
   <div class='ocr_carea' id='block_1_30' title="bbox 2158 1494 3811 1571">
    <p class='ocr_par' dir='ltr' id='par_1_30' title="bbox 2158 1494 3811 1571">
     <span class='ocr_line' id='line_1_30' title="bbox 2158 1494 3811 1571; baseline 0 -18"><span class='ocrx_word' id='word_1_208' title='bbox 2158 1502 2323 1570; x_wconf 85' lang='lat' dir='ltr'>gatos</span> <span class='ocrx_word' id='word_1_209' title='bbox 2346 1496 2563 1552; x_wconf 90' lang='lat' dir='ltr'>summi</span> <span class='ocrx_word' id='word_1_210' title='bbox 2586 1494 2877 1567; x_wconf 85' lang='lat' dir='ltr'>pontiticis</span> <span class='ocrx_word' id='word_1_211' title='bbox 2899 1497 3194 1568; x_wconf 88' lang='lat' dir='ltr'>superius,</span> <span class='ocrx_word' id='word_1_212' title='bbox 3226 1501 3286 1552; x_wconf 90' lang='lat' dir='ltr'>et</span> <span class='ocrx_word' id='word_1_213' title='bbox 3305 1498 3379 1553; x_wconf 90' lang='lat' dir='ltr'>ad</span> <span class='ocrx_word' id='word_1_214' title='bbox 3409 1503 3639 1555; x_wconf 84' lang='lat' dir='ltr'>cunctos</span> <span class='ocrx_word' id='word_1_215' title='bbox 3668 1499 3811 1571; x_wconf 81' lang='lat' dir='ltr'>epi-</span> 
     </span>
    </p>
   </div>
   <div class='ocr_carea' id='block_1_31' title="bbox 2160 1584 3810 1658">
    <p class='ocr_par' dir='ltr' id='par_1_31' title="bbox 2160 1584 3810 1658">
     <span class='ocr_line' id='line_1_31' title="bbox 2160 1584 3810 1658; baseline 0.001 -16"><span class='ocrx_word' id='word_1_216' title='bbox 2160 1603 2365 1658; x_wconf 87' lang='lat' dir='ltr'>scopos</span> <span class='ocrx_word' id='word_1_217' title='bbox 2396 1590 2452 1641; x_wconf 89' lang='lat' dir='ltr'>et</span> <span class='ocrx_word' id='word_1_218' title='bbox 2472 1584 2731 1652; x_wconf 89' lang='lat' dir='ltr'>abbates,</span> <span class='ocrx_word' id='word_1_219' title='bbox 2752 1584 3029 1655; x_wconf 90' lang='lat' dir='ltr'>quoniam</span> <span class='ocrx_word' id='word_1_220' title='bbox 3056 1586 3128 1641; x_wconf 90' lang='lat' dir='ltr'>ad</span> <span class='ocrx_word' id='word_1_221' title='bbox 3155 1586 3446 1658; x_wconf 81' lang='lat' dir='ltr'>synodum</span> <span class='ocrx_word' id='word_1_222' title='bbox 3461 1585 3676 1642; x_wconf 78' lang='lat' dir='ltr'>Arelati</span> <span class='ocrx_word' id='word_1_223' title='bbox 3697 1604 3810 1644; x_wconf 85' lang='lat' dir='ltr'>co-</span> 
     </span>
    </p>
   </div>
   <div class='ocr_carea' id='block_1_32' title="bbox 2161 1674 3816 1748">
    <p class='ocr_par' dir='ltr' id='par_1_32' title="bbox 2161 1674 3816 1748">
     <span class='ocr_line' id='line_1_32' title="bbox 2161 1674 3816 1748; baseline 0.001 -18"><span class='ocrx_word' id='word_1_224' title='bbox 2161 1677 2372 1730; x_wconf 78' lang='lat' dir='ltr'>nabam</span> <span class='ocrx_word' id='word_1_225' title='bbox 2412 1675 2736 1740; x_wconf 81' lang='lat' dir='ltr'>ostendere.</span> <span class='ocrx_word' id='word_1_226' title='bbox 2779 1674 2890 1729; x_wconf 88' lang='lat' dir='ltr'>Sed</span> <span class='ocrx_word' id='word_1_227' title='bbox 2937 1674 3217 1745; x_wconf 87' lang='lat' dir='ltr'>quoniam</span> <span class='ocrx_word' id='word_1_228' title='bbox 3265 1674 3411 1730; x_wconf 86' lang='lat' dir='ltr'>nihil</span> <span class='ocrx_word' id='word_1_229' title='bbox 3458 1675 3697 1748; x_wconf 81' lang='lat' dir='ltr'>profuit,</span> <span class='ocrx_word' id='word_1_230' title='bbox 3733 1677 3816 1733; x_wconf 85' lang='lat' dir='ltr'>ad</span> 
     </span>
    </p>
   </div>
   <div class='ocr_carea' id='block_1_33' title="bbox 412 1762 3814 1861">
    <p class='ocr_par' dir='ltr' id='par_1_33' title="bbox 412 1762 3814 1861">
     <span class='ocr_line' id='line_1_33' title="bbox 412 1762 3814 1861; baseline -0.002 -34"><span class='ocrx_word' id='word_1_231' title='bbox 412 1770 585 1826; x_wconf 90' lang='lat' dir='ltr'>malis</span> <span class='ocrx_word' id='word_1_232' title='bbox 616 1767 884 1825; x_wconf 89' lang='lat' dir='ltr'>novimus</span> <span class='ocrx_word' id='word_1_233' title='bbox 915 1764 1282 1828; x_wconf 88' lang='lat' dir='ltr'>sceleratum,</span> <span class='ocrx_word' id='word_1_234' title='bbox 1315 1768 1369 1817; x_wconf 90' lang='lat' dir='ltr'>et</span> <span class='ocrx_word' id='word_1_235' title='bbox 1408 1778 1441 1816; x_wconf 90' lang='lat' dir='ltr'>a</span> <span class='ocrx_word' id='word_1_236' title='bbox 1471 1778 1620 1833; x_wconf 88' lang='lat' dir='ltr'>papa</span> <span class='ocrx_word' id='word_1_237' title='bbox 1649 1762 1878 1817; x_wconf 83' lang='lat' dir='ltr'>Victore</span> <span class='ocrx_word' id='word_1_238' title='bbox 1917 1779 2049 1819; x_wconf 91' lang='lat' dir='ltr'>cum</span> <span class='ocrx_word' id='word_1_239' title='bbox 2076 1791 2128 1861; x_wconf 78' lang='grc' dir='ltr'><strong>Β</strong></span> <span class='ocrx_word' id='word_1_240' title='bbox 2163 1766 2446 1820; x_wconf 88' lang='lat' dir='ltr'>domuum</span> <span class='ocrx_word' id='word_1_241' title='bbox 2496 1762 2877 1835; x_wconf 86' lang='lat' dir='ltr'>apostolicum</span> <span class='ocrx_word' id='word_1_242' title='bbox 2920 1763 3046 1818; x_wconf 90' lang='lat' dir='ltr'>ideo</span> <span class='ocrx_word' id='word_1_243' title='bbox 3077 1762 3265 1819; x_wconf 89' lang='lat' dir='ltr'>libens</span> <span class='ocrx_word' id='word_1_244' title='bbox 3311 1765 3538 1820; x_wconf 86' lang='lat' dir='ltr'>mittere</span> <span class='ocrx_word' id='word_1_245' title='bbox 3584 1766 3814 1821; x_wconf 89' lang='lat' dir='ltr'>curavi.</span> 
     </span>
    </p>
   </div>
   <div class='ocr_carea' id='block_1_34' title="bbox 409 1851 2048 1930">
    <p class='ocr_par' dir='ltr' id='par_1_34' title="bbox 409 1851 2048 1930">
     <span class='ocr_line' id='line_1_34' title="bbox 409 1851 2048 1930; baseline -0.004 -15"><span class='ocrx_word' id='word_1_246' title='bbox 409 1876 517 1915; x_wconf 82' lang='lat' dir='ltr'>cxx</span> <span class='ocrx_word' id='word_1_247' title='bbox 548 1856 834 1930; x_wconf 89' lang='lat' dir='ltr'>episcopis</span> <span class='ocrx_word' id='word_1_248' title='bbox 849 1851 1406 1909; x_wconf 88' lang='lat' dir='ltr'>anathematizatum</span> <span class='ocrx_word' id='word_1_249' title='bbox 1427 1852 1521 1922; x_wconf 76' lang='grc'>(4),</span> <span class='ocrx_word' id='word_1_250' title='bbox 1545 1855 1601 1906; x_wconf 90' lang='lat' dir='ltr'>et</span> <span class='ocrx_word' id='word_1_251' title='bbox 1627 1851 2048 1920; x_wconf 87' lang='lat' dir='ltr'>Simoniacum,</span> 
     </span>
    </p>
   </div>
   <div class='ocr_carea' id='block_1_35' title="bbox 414 1940 2052 2022">
    <p class='ocr_par' dir='ltr' id='par_1_35' title="bbox 414 1940 2052 2022">
     <span class='ocr_line' id='line_1_35' title="bbox 414 1940 2052 2022; baseline -0.004 -17"><span class='ocrx_word' id='word_1_252' title='bbox 414 1950 515 2022; x_wconf 91' lang='lat' dir='ltr'>qui</span> <span class='ocrx_word' id='word_1_253' title='bbox 537 1964 739 2004; x_wconf 88' lang='lat' dir='ltr'>omnes</span> <span class='ocrx_word' id='word_1_254' title='bbox 760 1945 994 2000; x_wconf 89' lang='lat' dir='ltr'>ordines</span> <span class='ocrx_word' id='word_1_255' title='bbox 1025 1960 1165 1999; x_wconf 89' lang='lat' dir='ltr'>suos</span> <span class='ocrx_word' id='word_1_256' title='bbox 1192 1940 1471 2009; x_wconf 85' lang='lat' dir='ltr'>vendidit,</span> <span class='ocrx_word' id='word_1_257' title='bbox 1496 1942 1594 2012; x_wconf 88' lang='lat' dir='ltr'>qui</span> <span class='ocrx_word' id='word_1_258' title='bbox 1614 1959 1816 1998; x_wconf 92' lang='lat' dir='ltr'>omnes</span> <span class='ocrx_word' id='word_1_259' title='bbox 1838 1942 2052 2015; x_wconf 84' lang='lat' dir='ltr'>episco-</span> 
     </span>
    </p>
   </div>
   <div class='ocr_carea' id='block_1_36' title="bbox 411 2032 2055 2112">
    <p class='ocr_par' dir='ltr' id='par_1_36' title="bbox 411 2032 2055 2112">
     <span class='ocr_line' id='line_1_36' title="bbox 411 2032 2055 2112; baseline -0.004 -17"><span class='ocrx_word' id='word_1_260' title='bbox 411 2056 539 2112; x_wconf 91' lang='lat' dir='ltr'>pos,</span> <span class='ocrx_word' id='word_1_261' title='bbox 569 2042 793 2092; x_wconf 89' lang='lat' dir='ltr'>taceam</span> <span class='ocrx_word' id='word_1_262' title='bbox 815 2035 886 2089; x_wconf 90' lang='lat' dir='ltr'>de</span> <span class='ocrx_word' id='word_1_263' title='bbox 903 2032 1126 2100; x_wconf 90' lang='lat' dir='ltr'>alienis,</span> <span class='ocrx_word' id='word_1_264' title='bbox 1152 2032 1250 2088; x_wconf 89' lang='lat' dir='ltr'>sed</span> <span class='ocrx_word' id='word_1_265' title='bbox 1274 2046 1477 2087; x_wconf 86' lang='lat' dir='ltr'>omnes</span> <span class='ocrx_word' id='word_1_266' title='bbox 1500 2048 1647 2101; x_wconf 87' lang='lat' dir='ltr'>quos</span> <span class='ocrx_word' id='word_1_267' title='bbox 1668 2032 1724 2087; x_wconf 90' lang='lat' dir='ltr'>in</span> <span class='ocrx_word' id='word_1_268' title='bbox 1751 2050 1880 2088; x_wconf 89' lang='lat' dir='ltr'>mea</span> <span class='ocrx_word' id='word_1_269' title='bbox 1903 2038 2055 2089; x_wconf 89' lang='lat' dir='ltr'>terra</span> 
     </span>
    </p>
   </div>
   <div class='ocr_carea' id='block_1_37' title="bbox 413 2120 2054 2195">
    <p class='ocr_par' dir='ltr' id='par_1_37' title="bbox 413 2120 2054 2195">
     <span class='ocr_line' id='line_1_37' title="bbox 413 2120 2054 2195; baseline -0.004 -12"><span class='ocrx_word' id='word_1_270' title='bbox 413 2125 721 2194; x_wconf 82' lang='lat' dir='ltr'>ordinavit,</span> <span class='ocrx_word' id='word_1_271' title='bbox 756 2139 942 2195; x_wconf 91' lang='lat' dir='ltr'>usque</span> <span class='ocrx_word' id='word_1_272' title='bbox 972 2122 1042 2178; x_wconf 87' lang='lat' dir='ltr'>ad</span> <span class='ocrx_word' id='word_1_273' title='bbox 1076 2120 1460 2176; x_wconf 89' lang='lat' dir='ltr'>novissimum</span> <span class='ocrx_word' id='word_1_274' title='bbox 1493 2122 1878 2192; x_wconf 82' lang='lat' dir='ltr'>quadrantem</span> <span class='ocrx_word' id='word_1_275' title='bbox 1907 2123 2054 2177; x_wconf 90' lang='lat' dir='ltr'>redi-</span> 
     </span>
    </p>
   </div>
   <div class='ocr_carea' id='block_1_38' title="bbox 414 2210 2056 2283">
    <p class='ocr_par' dir='ltr' id='par_1_38' title="bbox 414 2210 2056 2283">
     <span class='ocr_line' id='line_1_38' title="bbox 414 2210 2056 2283; baseline -0.004 -10"><span class='ocrx_word' id='word_1_276' title='bbox 414 2233 570 2274; x_wconf 88' lang='lat' dir='ltr'>mere</span> <span class='ocrx_word' id='word_1_277' title='bbox 591 2214 743 2271; x_wconf 85' lang='lat' dir='ltr'>fecit.</span> <span class='ocrx_word' id='word_1_278' title='bbox 771 2212 935 2277; x_wconf 88' lang='lat' dir='ltr'>Quod</span> <span class='ocrx_word' id='word_1_279' title='bbox 955 2211 1002 2267; x_wconf 92' lang='lat' dir='ltr'>si</span> <span class='ocrx_word' id='word_1_280' title='bbox 1027 2228 1143 2266; x_wconf 91' lang='lat' dir='ltr'>non</span> <span class='ocrx_word' id='word_1_281' title='bbox 1174 2210 1431 2274; x_wconf 89' lang='lat' dir='ltr'>creditis,</span> <span class='ocrx_word' id='word_1_282' title='bbox 1456 2212 1837 2266; x_wconf 89' lang='lat' dir='ltr'>Lutevensem</span> <span class='ocrx_word' id='word_1_283' title='bbox 1861 2212 2056 2283; x_wconf 87' lang='lat' dir='ltr'>requi-</span> 
     </span>
    </p>
   </div>
   <div class='ocr_carea' id='block_1_39' title="bbox 415 2298 2053 2376">
    <p class='ocr_par' dir='ltr' id='par_1_39' title="bbox 415 2298 2053 2376">
     <span class='ocr_line' id='line_1_39' title="bbox 415 2298 2053 2376; baseline -0.004 -14"><span class='ocrx_word' id='word_1_284' title='bbox 415 2306 525 2363; x_wconf 85' lang='lat' dir='ltr'>rite</span> <span class='ocrx_word' id='word_1_285' title='bbox 571 2302 914 2376; x_wconf 88' lang='lat' dir='ltr'>episcopum</span> <span class='ocrx_word' id='word_1_286' title='bbox 945 2306 1003 2356; x_wconf 87' lang='lat' dir='ltr'>et</span> <span class='ocrx_word' id='word_1_287' title='bbox 1030 2298 1413 2355; x_wconf 84' lang='lat' dir='ltr'>lleleuensem</span> <span class='ocrx_word' id='word_1_288' title='bbox 1454 2304 1510 2354; x_wconf 89' lang='lat' dir='ltr'>et</span> <span class='ocrx_word' id='word_1_289' title='bbox 1540 2299 1600 2353; x_wconf 88' lang='lat' dir='ltr'>hi</span> <span class='ocrx_word' id='word_1_290' title='bbox 1638 2300 1749 2355; x_wconf 91' lang='lat' dir='ltr'>hoc</span> <span class='ocrx_word' id='word_1_291' title='bbox 1780 2301 1941 2357; x_wconf 80' lang='lat' dir='ltr'>vobis</span> <span class='ocrx_word' id='word_1_292' title='bbox 1972 2305 2053 2357; x_wconf 87' lang='lat' dir='ltr'>te-</span> 
     </span>
    </p>
   </div>
   <div class='ocr_carea' id='block_1_40' title="bbox 490 2475 2057 2550">
    <p class='ocr_par' dir='ltr' id='par_1_40' title="bbox 490 2475 2057 2550">
     <span class='ocr_line' id='line_1_40' title="bbox 490 2475 2057 2550; baseline -0.001 -14"><span class='ocrx_word' id='word_1_293' title='bbox 490 2482 568 2550; x_wconf 87' lang='lat'>(3)</span> <span class='ocrx_word' id='word_1_294' title='bbox 597 2479 795 2535; x_wconf 79' lang='lat' dir='ltr'>Nullus</span> <span class='ocrx_word' id='word_1_295' title='bbox 819 2478 899 2532; x_wconf 89' lang='lat' dir='ltr'>ibi</span> <span class='ocrx_word' id='word_1_296' title='bbox 918 2478 1244 2548; x_wconf 63' lang='lat' dir='ltr'>baptiselur.</span> <span class='ocrx_word' id='word_1_297' title='bbox 1266 2475 1488 2550; x_wconf 85' lang='lat' dir='ltr'>Durum</span> <span class='ocrx_word' id='word_1_298' title='bbox 1512 2475 1657 2531; x_wconf 91' lang='lat' dir='ltr'>illud</span> <span class='ocrx_word' id='word_1_299' title='bbox 1681 2495 1746 2550; x_wconf 81' lang='lat' dir='ltr'>ac</span> <span class='ocrx_word' id='word_1_300' title='bbox 1774 2478 1939 2535; x_wconf 87' lang='lat' dir='ltr'>valde</span> <span class='ocrx_word' id='word_1_301' title='bbox 1970 2480 2057 2536; x_wconf 92' lang='lat' dir='ltr'>in-</span> 
     </span>
    </p>
   </div>
   <div class='ocr_carea' id='block_1_41' title="bbox 416 2547 2058 2619">
    <p class='ocr_par' dir='ltr' id='par_1_41' title="bbox 416 2547 2058 2619">
     <span class='ocr_line' id='line_1_41' title="bbox 416 2547 2058 2619; baseline -0.001 -9"><span class='ocrx_word' id='word_1_302' title='bbox 416 2547 771 2616; x_wconf 86' lang='lat' dir='ltr'>humanum,</span> <span class='ocrx_word' id='word_1_303' title='bbox 803 2552 859 2603; x_wconf 90' lang='lat' dir='ltr'>et</span> <span class='ocrx_word' id='word_1_304' title='bbox 888 2547 1128 2619; x_wconf 87' lang='lat' dir='ltr'>prorsus</span> <span class='ocrx_word' id='word_1_305' title='bbox 1154 2547 1510 2619; x_wconf 86' lang='lat' dir='ltr'>contrarium</span> <span class='ocrx_word' id='word_1_306' title='bbox 1540 2548 1757 2619; x_wconf 84' lang='lat' dir='ltr'>regulis</span> <span class='ocrx_word' id='word_1_307' title='bbox 1788 2551 2058 2608; x_wconf 90' lang='lat' dir='ltr'>ecclesia-</span> 
     </span>
    </p>
   </div>
   <div class='ocr_carea' id='block_1_42' title="bbox 421 2618 2062 2693">
    <p class='ocr_par' dir='ltr' id='par_1_42' title="bbox 421 2618 2062 2693">
     <span class='ocr_line' id='line_1_42' title="bbox 421 2618 2062 2693; baseline -0.001 -12"><span class='ocrx_word' id='word_1_308' title='bbox 421 2625 606 2690; x_wconf 88' lang='lat' dir='ltr'>sticis,</span> <span class='ocrx_word' id='word_1_309' title='bbox 640 2638 769 2693; x_wconf 67' lang='lat' dir='ltr'>qua</span> <span class='ocrx_word' id='word_1_310' title='bbox 784 2618 1045 2693; x_wconf 78' lang='lat' dir='ltr'>tempore</span> <span class='ocrx_word' id='word_1_311' title='bbox 1067 2618 1363 2693; x_wconf 84' lang='lat' dir='ltr'>interdicti</span> <span class='ocrx_word' id='word_1_312' title='bbox 1388 2618 1831 2693; x_wconf 64' lang='lat' dir='ltr'>servantlocum</span> <span class='ocrx_word' id='word_1_313' title='bbox 1859 2624 2062 2679; x_wconf 89' lang='lat' dir='ltr'>huma-</span> 
     </span>
    </p>
   </div>
   <div class='ocr_carea' id='block_1_43' title="bbox 424 2690 2061 2768">
    <p class='ocr_par' dir='ltr' id='par_1_43' title="bbox 424 2690 2061 2768">
     <span class='ocr_line' id='line_1_43' title="bbox 424 2690 2061 2768; baseline -0.002 -16"><span class='ocrx_word' id='word_1_314' title='bbox 424 2696 615 2768; x_wconf 84' lang='lat' dir='ltr'>nitati,</span> <span class='ocrx_word' id='word_1_315' title='bbox 656 2690 1048 2768; x_wconf 75' lang='lat' dir='ltr'>concedentes</span> <span class='ocrx_word' id='word_1_316' title='bbox 1092 2690 1384 2768; x_wconf 82' lang='lat' dir='ltr'>baptisma</span> <span class='ocrx_word' id='word_1_317' title='bbox 1423 2690 1822 2768; x_wconf 77' lang='lat' dir='ltr'>parvulorum,</span> <span class='ocrx_word' id='word_1_318' title='bbox 1880 2696 2061 2768; x_wconf 62' lang='lat' dir='ltr'>paeni-</span> 
     </span>
    </p>
   </div>
   <div class='ocr_carea' id='block_1_44' title="bbox 419 2761 2066 2838">
    <p class='ocr_par' dir='ltr' id='par_1_44' title="bbox 419 2761 2066 2838">
     <span class='ocr_line' id='line_1_44' title="bbox 419 2761 2066 2838; baseline -0.001 -15"><span class='ocrx_word' id='word_1_319' title='bbox 419 2766 635 2824; x_wconf 88' lang='lat' dir='ltr'>tentias</span> <span class='ocrx_word' id='word_1_320' title='bbox 648 2761 1046 2838; x_wconf 80' lang='lat' dir='ltr'>morientium,</span> <span class='ocrx_word' id='word_1_321' title='bbox 1070 2761 1344 2814; x_wconf 81' lang='lat' dir='ltr'>viaticum</span> <span class='ocrx_word' id='word_1_322' title='bbox 1365 2761 1424 2815; x_wconf 90' lang='lat' dir='ltr'>in</span> <span class='ocrx_word' id='word_1_323' title='bbox 1446 2762 1603 2816; x_wconf 79' lang='lat' dir='ltr'>exitu</span> <span class='ocrx_word' id='word_1_324' title='bbox 1625 2764 1850 2838; x_wconf 87' lang='lat' dir='ltr'>mortis,</span> <span class='ocrx_word' id='word_1_325' title='bbox 1874 2761 2066 2838; x_wconf 77' lang='lat' dir='ltr'>sepul-</span> 
     </span>
    </p>
   </div>
   <div class='ocr_carea' id='block_1_45' title="bbox 1155 2834 2067 2955">
    <p class='ocr_par' dir='ltr' id='par_1_45' title="bbox 1155 2834 2067 2955">
     <span class='ocr_line' id='line_1_45' title="bbox 1155 2834 2067 2955; baseline 0.01 -70"><span class='ocrx_word' id='word_1_326' title='bbox 1155 2848 1391 2955; x_wconf 83' lang='lat' dir='ltr'>lperum,</span> <span class='ocrx_word' id='word_1_327' title='bbox 1415 2834 1878 2914; x_wconf 78' lang='lat' dir='ltr'>peregrinorum,</span> <span class='ocrx_word' id='word_1_328' title='bbox 1906 2834 1962 2892; x_wconf 73' lang='lat' dir='ltr'>ei</span> <span class='ocrx_word' id='word_1_329' title='bbox 1983 2839 2067 2893; x_wconf 92' lang='lat' dir='ltr'>in-</span> 
     </span>
     <span class='ocr_line' id='line_1_46' title="bbox 1176 2903 2064 2955; baseline 0 0"><span class='ocrx_word' id='word_1_330' title='bbox 1176 2920 1261 2955; x_wconf 88' lang='lat' dir='ltr'>ra.</span> <span class='ocrx_word' id='word_1_331' title='bbox 1284 2903 1720 2955; x_wconf 76' lang='lat' dir='ltr'>benedictiones</span> <span class='ocrx_word' id='word_1_332' title='bbox 1751 2908 2064 2955; x_wconf 71' lang='lat' dir='ltr'>nuntinlng-</span> 
     </span>
    </p>
   </div>
   <div class='ocr_carea' id='block_1_46' title="bbox 422 2903 2065 2989">
    <p class='ocr_par' dir='ltr' id='par_1_46' title="bbox 422 2903 2065 2989">
     <span class='ocr_line' id='line_1_47' title="bbox 422 2903 2065 2989; baseline 0.001 -27"><span class='ocrx_word' id='word_1_333' title='bbox 422 2909 739 2989; x_wconf 45' lang='lat' dir='ltr'>fantium}</span> <span class='ocrx_word' id='word_1_334' title='bbox 771 2903 1261 2989; x_wconf 46' lang='lat' dir='ltr'>bimalu‘etinfra,</span> <span class='ocrx_word' id='word_1_335' title='bbox 1284 2903 1720 2989; x_wconf 79' lang='lat' dir='ltr'>benedictiones</span> <span class='ocrx_word' id='word_1_336' title='bbox 1751 2908 2065 2989; x_wconf 80' lang='lat' dir='ltr'>nuptiales,</span> 
     </span>
    </p>
   </div>
   <div class='ocr_carea' id='block_1_47' title="bbox 422 2973 2069 3052">
    <p class='ocr_par' dir='ltr' id='par_1_47' title="bbox 422 2973 2069 3052">
     <span class='ocr_line' id='line_1_48' title="bbox 422 2973 2069 3052; baseline 0.001 -19"><span class='ocrx_word' id='word_1_337' title='bbox 422 2973 1219 3052; x_wconf 68' lang='lat' dir='ltr'>puriﬁcationesmulierum,</span> <span class='ocrx_word' id='word_1_338' title='bbox 1244 2980 1416 3052; x_wconf 88' lang='lat' dir='ltr'>prout</span> <span class='ocrx_word' id='word_1_339' title='bbox 1438 2975 1494 3028; x_wconf 88' lang='lat' dir='ltr'>in</span> <span class='ocrx_word' id='word_1_340' title='bbox 1525 2978 1701 3031; x_wconf 89' lang='lat' dir='ltr'>variis</span> <span class='ocrx_word' id='word_1_341' title='bbox 1733 2973 2069 3049; x_wconf 78' lang='lat' dir='ltr'>regionibus</span> 
     </span>
    </p>
   </div>
   <div class='ocr_carea' id='block_1_48' title="bbox 426 3045 2066 3123">
    <p class='ocr_par' dir='ltr' id='par_1_48' title="bbox 426 3045 2066 3123">
     <span class='ocr_line' id='line_1_49' title="bbox 426 3045 2066 3123; baseline 0.001 -17"><span class='ocrx_word' id='word_1_342' title='bbox 426 3045 639 3123; x_wconf 67' lang='lat' dir='ltr'>regulae</span> <span class='ocrx_word' id='word_1_343' title='bbox 660 3045 1351 3123; x_wconf 79' lang='lat' dir='ltr'>variant_._ln_universum</span> <span class='ocrx_word' id='word_1_344' title='bbox 1375 3049 1566 3123; x_wconf 84' lang='lat' dir='ltr'>tamen</span> <span class='ocrx_word' id='word_1_345' title='bbox 1592 3045 1885 3123; x_wconf 67' lang='lat' dir='ltr'>affirmare</span> <span class='ocrx_word' id='word_1_346' title='bbox 1912 3052 2066 3116; x_wconf 88' lang='lat' dir='ltr'>licet,</span> 
     </span>
    </p>
   </div>
   <div class='ocr_carea' id='block_1_49' title="bbox 424 3117 2068 3193">
    <p class='ocr_par' dir='ltr' id='par_1_49' title="bbox 424 3117 2068 3193">
     <span class='ocr_line' id='line_1_50' title="bbox 424 3117 2068 3193; baseline -0.001 -14"><span class='ocrx_word' id='word_1_347' title='bbox 424 3117 685 3193; x_wconf 75' lang='lat' dir='ltr'>tempore</span> <span class='ocrx_word' id='word_1_348' title='bbox 714 3117 1005 3193; x_wconf 83' lang='lat' dir='ltr'>interdicti</span> <span class='ocrx_word' id='word_1_349' title='bbox 1029 3117 1380 3193; x_wconf 81' lang='lat' dir='ltr'>permissum</span> <span class='ocrx_word' id='word_1_350' title='bbox 1415 3118 1594 3173; x_wconf 82' lang='lat' dir='ltr'>fuisse</span> <span class='ocrx_word' id='word_1_351' title='bbox 1618 3120 1911 3193; x_wconf 83' lang='lat' dir='ltr'>baptisma</span> <span class='ocrx_word' id='word_1_352' title='bbox 1943 3140 2068 3193; x_wconf 89' lang='lat' dir='ltr'>par-</span> 
     </span>
    </p>
   </div>
   <div class='ocr_carea' id='block_1_50' title="bbox 424 3188 2068 3262">
    <p class='ocr_par' dir='ltr' id='par_1_50' title="bbox 424 3188 2068 3262">
     <span class='ocr_line' id='line_1_51' title="bbox 424 3188 2068 3262; baseline -0.001 -12"><span class='ocrx_word' id='word_1_353' title='bbox 424 3188 716 3262; x_wconf 72' lang='lat' dir='ltr'>vulorum,</span> <span class='ocrx_word' id='word_1_354' title='bbox 756 3188 1456 3261; x_wconf 28' lang='lat' dir='ltr'>itemque’pmuitentiam</span> <span class='ocrx_word' id='word_1_355' title='bbox 1496 3188 1893 3247; x_wconf 83' lang='lat' dir='ltr'>morientium.</span> <span class='ocrx_word' id='word_1_356' title='bbox 1924 3188 2068 3250; x_wconf 83' lang='lat' dir='ltr'>Vide</span> 
     </span>
    </p>
   </div>
   <div class='ocr_carea' id='block_1_51' title="bbox 422 2834 1154 2903">
    <p class='ocr_par' dir='ltr' id='par_1_51' title="bbox 422 2834 1154 2903">
     <span class='ocr_line' id='line_1_52' title="bbox 422 2834 1154 2903; baseline -0.012 -9"><span class='ocrx_word' id='word_1_357' title='bbox 422 2844 618 2894; x_wconf 86' lang='lat' dir='ltr'>turam</span> <span class='ocrx_word' id='word_1_358' title='bbox 649 2834 1016 2897; x_wconf 87' lang='lat' dir='ltr'>clericorum,</span> <span class='ocrx_word' id='word_1_359' title='bbox 1044 2849 1154 2903; x_wconf 82' lang='lat' dir='ltr'>pau</span> 
     </span>
    </p>
   </div>
   <div class='ocr_carea' id='block_1_52' title="bbox 2160 1851 3816 1925">
    <p class='ocr_par' dir='ltr' id='par_1_52' title="bbox 2160 1851 3816 1925">
     <span class='ocr_line' id='line_1_53' title="bbox 2160 1851 3816 1925; baseline -0.001 -15"><span class='ocrx_word' id='word_1_360' title='bbox 2160 1856 2342 1919; x_wconf 88' lang='lat' dir='ltr'>Quem</span> <span class='ocrx_word' id='word_1_361' title='bbox 2394 1868 2553 1925; x_wconf 83' lang='lat' dir='ltr'>rogo,</span> <span class='ocrx_word' id='word_1_362' title='bbox 2590 1869 2689 1924; x_wconf 91' lang='lat' dir='ltr'>per</span> <span class='ocrx_word' id='word_1_363' title='bbox 2713 1851 2897 1907; x_wconf 91' lang='lat' dir='ltr'>Deum</span> <span class='ocrx_word' id='word_1_364' title='bbox 2931 1856 2988 1907; x_wconf 88' lang='lat' dir='ltr'>et</span> <span class='ocrx_word' id='word_1_365' title='bbox 3016 1856 3286 1908; x_wconf 90' lang='lat' dir='ltr'>sanctum</span> <span class='ocrx_word' id='word_1_366' title='bbox 3334 1856 3596 1924; x_wconf 89' lang='lat' dir='ltr'>Petrum,</span> <span class='ocrx_word' id='word_1_367' title='bbox 3628 1857 3698 1909; x_wconf 90' lang='lat' dir='ltr'>ut</span> <span class='ocrx_word' id='word_1_368' title='bbox 3737 1854 3816 1909; x_wconf 87' lang='lat' dir='ltr'>ab</span> 
     </span>
    </p>
   </div>
   <div class='ocr_carea' id='block_1_53' title="bbox 2164 1940 3817 2015">
    <p class='ocr_par' dir='ltr' id='par_1_53' title="bbox 2164 1940 3817 2015">
     <span class='ocr_line' id='line_1_54' title="bbox 2164 1940 3817 2015; baseline 0 -17"><span class='ocrx_word' id='word_1_369' title='bbox 2164 1944 2271 1998; x_wconf 87' lang='lat' dir='ltr'>hac</span> <span class='ocrx_word' id='word_1_370' title='bbox 2292 1940 2892 1998; x_wconf 82' lang='lat' dir='ltr'>excommunicatione</span> <span class='ocrx_word' id='word_1_371' title='bbox 2920 1942 3023 2009; x_wconf 26' lang='lat' dir='ltr'>lme</span> <span class='ocrx_word' id='word_1_372' title='bbox 3062 1940 3339 2009; x_wconf 87' lang='lat' dir='ltr'>absolvat,</span> <span class='ocrx_word' id='word_1_373' title='bbox 3372 1957 3620 2013; x_wconf 88' lang='lat' dir='ltr'>meoque</span> <span class='ocrx_word' id='word_1_374' title='bbox 3658 1958 3817 2015; x_wconf 70' lang='lat' dir='ltr'>pra:-</span> 
     </span>
    </p>
   </div>
   <div class='ocr_carea' id='block_1_54' title="bbox 2165 2029 3820 2102">
    <p class='ocr_par' dir='ltr' id='par_1_54' title="bbox 2165 2029 3820 2102">
     <span class='ocr_line' id='line_1_55' title="bbox 2165 2029 3820 2102; baseline -0.001 -15"><span class='ocrx_word' id='word_1_375' title='bbox 2165 2032 2278 2087; x_wconf 85' lang='lat' dir='ltr'>suli</span> <span class='ocrx_word' id='word_1_376' title='bbox 2310 2032 2379 2085; x_wconf 90' lang='lat' dir='ltr'>de</span> <span class='ocrx_word' id='word_1_377' title='bbox 2402 2048 2495 2085; x_wconf 90' lang='lat' dir='ltr'>me</span> <span class='ocrx_word' id='word_1_378' title='bbox 2526 2029 2866 2095; x_wconf 77' lang='lat' dir='ltr'>satisfaciat,</span> <span class='ocrx_word' id='word_1_379' title='bbox 2891 2029 3164 2100; x_wconf 90' lang='lat' dir='ltr'>quoniam</span> <span class='ocrx_word' id='word_1_380' title='bbox 3207 2046 3388 2100; x_wconf 88' lang='lat' dir='ltr'>usque</span> <span class='ocrx_word' id='word_1_381' title='bbox 3414 2030 3663 2085; x_wconf 86' lang='lat' dir='ltr'>Romam</span> <span class='ocrx_word' id='word_1_382' title='bbox 3693 2046 3820 2102; x_wconf 81' lang='lat' dir='ltr'>ego</span> 
     </span>
    </p>
   </div>
   <div class='ocr_carea' id='block_1_55' title="bbox 2164 2116 3819 2190">
    <p class='ocr_par' dir='ltr' id='par_1_55' title="bbox 2164 2116 3819 2190">
     <span class='ocr_line' id='line_1_56' title="bbox 2164 2116 3819 2190; baseline -0.001 -16"><span class='ocrx_word' id='word_1_383' title='bbox 2164 2120 2441 2175; x_wconf 87' lang='lat' dir='ltr'>libentius</span> <span class='ocrx_word' id='word_1_384' title='bbox 2464 2120 2798 2174; x_wconf 82' lang='lat' dir='ltr'>satisfacere</span> <span class='ocrx_word' id='word_1_385' title='bbox 2827 2118 2907 2173; x_wconf 89' lang='lat' dir='ltr'>ire</span> <span class='ocrx_word' id='word_1_386' title='bbox 2931 2134 3043 2173; x_wconf 91' lang='lat' dir='ltr'>non</span> <span class='ocrx_word' id='word_1_387' title='bbox 3072 2118 3300 2189; x_wconf 86' lang='lat' dir='ltr'>ambigo</span> <span class='ocrx_word' id='word_1_388' title='bbox 3323 2135 3337 2185; x_wconf 87' lang='lat'><strong>;</strong></span> <span class='ocrx_word' id='word_1_389' title='bbox 3370 2116 3486 2186; x_wconf 92' lang='lat' dir='ltr'>ille,</span> <span class='ocrx_word' id='word_1_390' title='bbox 3512 2119 3631 2174; x_wconf 90' lang='lat' dir='ltr'>nisi</span> <span class='ocrx_word' id='word_1_391' title='bbox 3654 2118 3819 2190; x_wconf 83' lang='lat' dir='ltr'>liga-</span> 
     </span>
    </p>
   </div>
   <div class='ocr_carea' id='block_1_56' title="bbox 2166 2206 3081 2280">
    <p class='ocr_par' dir='ltr' id='par_1_56' title="bbox 2166 2206 3081 2280">
     <span class='ocr_line' id='line_1_57' title="bbox 2166 2206 3081 2280; baseline 0 -16"><span class='ocrx_word' id='word_1_392' title='bbox 2166 2215 2281 2277; x_wconf 86' lang='lat' dir='ltr'>tus,</span> <span class='ocrx_word' id='word_1_393' title='bbox 2319 2208 2559 2280; x_wconf 90' lang='lat' dir='ltr'>inquam</span> <span class='ocrx_word' id='word_1_394' title='bbox 2592 2213 2800 2278; x_wconf 85' lang='lat' dir='ltr'>sponte</span> <span class='ocrx_word' id='word_1_395' title='bbox 2826 2223 2937 2261; x_wconf 92' lang='lat' dir='ltr'>nou</span> <span class='ocrx_word' id='word_1_396' title='bbox 2962 2206 3081 2264; x_wconf 89' lang='lat' dir='ltr'>ibit.</span> 
     </span>
    </p>
   </div>
   <div class='ocr_carea' id='block_1_57' title="bbox 2169 2472 3817 2549">
    <p class='ocr_par' dir='ltr' id='par_1_57' title="bbox 2169 2472 3817 2549">
     <span class='ocr_line' id='line_1_58' title="bbox 2169 2472 3817 2549; baseline -0.002 -16"><span class='ocrx_word' id='word_1_397' title='bbox 2169 2495 2320 2549; x_wconf 86' lang='lat' dir='ltr'>cap.,</span> <span class='ocrx_word' id='word_1_398' title='bbox 2337 2478 2691 2549; x_wconf 81' lang='lat' dir='ltr'>lnquisilioni</span> <span class='ocrx_word' id='word_1_399' title='bbox 2706 2485 2833 2543; x_wconf 79' lang='lat' dir='ltr'>tuae,</span> <span class='ocrx_word' id='word_1_400' title='bbox 2854 2475 3199 2549; x_wconf 19' lang='lat' dir='ltr'>Deisentent.</span> <span class='ocrx_word' id='word_1_401' title='bbox 3218 2472 3817 2549; x_wconf 57' lang='lat' dir='ltr'>e_xcomm_1_1_n.l3_awz.</span> 
     </span>
    </p>
   </div>
   <div class='ocr_carea' id='block_1_58' title="bbox 2238 2496 3823 2620">
    <p class='ocr_par' dir='ltr' id='par_1_58' title="bbox 2238 2496 3823 2620">
     <span class='ocr_line' id='line_1_59' title="bbox 2283 2496 3817 2549; baseline -0.001 -18"><span class='ocrx_word' id='word_1_402' title='bbox 2283 2518 2320 2542; x_wconf 93' lang='lat'>.,</span> <span class='ocrx_word' id='word_1_403' title='bbox 2337 2496 2687 2549; x_wconf 78' lang='lat' dir='ltr'>mquzsuiom</span> <span class='ocrx_word' id='word_1_404' title='bbox 2706 2496 2833 2543; x_wconf 75' lang='lat' dir='ltr'>mae,</span> <span class='ocrx_word' id='word_1_405' title='bbox 2854 2496 2933 2530; x_wconf 87' lang='lat' dir='ltr'>ue</span> <span class='ocrx_word' id='word_1_406' title='bbox 2951 2496 3199 2530; x_wconf 70' lang='lat' dir='ltr'>sentem.</span> <span class='ocrx_word' id='word_1_407' title='bbox 3218 2496 3588 2529; x_wconf 77' lang='lat' dir='ltr'>excommun.</span> <span class='ocrx_word' id='word_1_408' title='bbox 3602 2496 3817 2529; x_wconf 58' lang='lat' dir='ltr'>nanuz.</span> 
     </span>
     <span class='ocr_line' id='line_1_60' title="bbox 2238 2496 3823 2620; baseline -0.001 -18"><span class='ocrx_word' id='word_1_409' title='bbox 2238 2496 2317 2620; x_wconf 42' lang='grc' dir='ltr'>ᾗ)</span> <span class='ocrx_word' id='word_1_410' title='bbox 2342 2549 2894 2620; x_wconf 64' lang='lat' dir='ltr'>Analhemalizaturn.</span> <span class='ocrx_word' id='word_1_411' title='bbox 2928 2544 3299 2620; x_wconf 77' lang='lat' dir='ltr'>Nimirumin</span> <span class='ocrx_word' id='word_1_412' title='bbox 3324 2544 3568 2620; x_wconf 73' lang='lat' dir='ltr'>concilio</span> <span class='ocrx_word' id='word_1_413' title='bbox 3594 2544 3823 2601; x_wconf 86' lang='lat' dir='ltr'>Floren-</span> 
     </span>
    </p>
   </div>
   <div class='ocr_carea' id='block_1_59' title="bbox 2169 2616 3820 2701">
    <p class='ocr_par' dir='ltr' id='par_1_59' title="bbox 2169 2616 3820 2701">
     <span class='ocr_line' id='line_1_61' title="bbox 2169 2616 3820 2701; baseline -0.002 -26"><span class='ocrx_word' id='word_1_414' title='bbox 2169 2616 2314 2683; x_wconf 76' lang='lat' dir='ltr'>tino,</span> <span class='ocrx_word' id='word_1_415' title='bbox 2357 2621 2517 2701; x_wconf 75' lang='lat' dir='ltr'>quod</span> <span class='ocrx_word' id='word_1_416' title='bbox 2542 2637 2583 2701; x_wconf 37' lang='lat' dir='ltr'>la</span> <span class='ocrx_word' id='word_1_417' title='bbox 2614 2636 2765 2701; x_wconf 82' lang='lat' dir='ltr'>papa</span> <span class='ocrx_word' id='word_1_418' title='bbox 2793 2618 3020 2701; x_wconf 56' lang='lat' dir='ltr'>Victore</span> <span class='ocrx_word' id='word_1_419' title='bbox 3049 2618 3103 2701; x_wconf 79' lang='lat' dir='ltr'>_II</span> <span class='ocrx_word' id='word_1_420' title='bbox 3132 2616 3403 2701; x_wconf 73' lang='lat' dir='ltr'>habitum</span> <span class='ocrx_word' id='word_1_421' title='bbox 3444 2617 3633 2698; x_wconf 79' lang='lat' dir='ltr'>fuerat</span> <span class='ocrx_word' id='word_1_422' title='bbox 3661 2632 3820 2672; x_wconf 89' lang='lat' dir='ltr'>anno</span> 
     </span>
    </p>
   </div>
   <div class='ocr_carea' id='block_1_60' title="bbox 2172 2687 3823 2763">
    <p class='ocr_par' dir='ltr' id='par_1_60' title="bbox 2172 2687 3823 2763">
     <span class='ocr_line' id='line_1_62' title="bbox 2172 2687 3823 2763; baseline -0.002 -15"><span class='ocrx_word' id='word_1_423' title='bbox 2172 2687 2492 2763; x_wconf 80' lang='lat' dir='ltr'>superiore.</span> <span class='ocrx_word' id='word_1_424' title='bbox 2538 2687 2640 2746; x_wconf 79' lang='lat' dir='ltr'>Cui</span> <span class='ocrx_word' id='word_1_425' title='bbox 2681 2687 2925 2763; x_wconf 85' lang='lat' dir='ltr'>concilio</span> <span class='ocrx_word' id='word_1_426' title='bbox 2980 2688 3316 2763; x_wconf 64' lang='lat' dir='ltr'>interfuisse</span> <span class='ocrx_word' id='word_1_427' title='bbox 3353 2704 3470 2763; x_wconf 48' lang='lat' dir='ltr'>exit</span> <span class='ocrx_word' id='word_1_428' title='bbox 3515 2687 3823 2763; x_wconf 84' lang='lat' dir='ltr'>episcost</span> 
     </span>
    </p>
   </div>
   <div class='ocr_carea' id='block_1_61' title="bbox 2173 2758 3824 2830">
    <p class='ocr_par' dir='ltr' id='par_1_61' title="bbox 2173 2758 3824 2830">
     <span class='ocr_line' id='line_1_63' title="bbox 2173 2758 3824 2830; baseline -0.002 -11"><span class='ocrx_word' id='word_1_429' title='bbox 2173 2758 2337 2819; x_wconf 78' lang='lat' dir='ltr'>docet</span> <span class='ocrx_word' id='word_1_430' title='bbox 2362 2764 2455 2817; x_wconf 85' lang='lat' dir='ltr'>hic</span> <span class='ocrx_word' id='word_1_431' title='bbox 2479 2762 2660 2826; x_wconf 75' lang='lat' dir='ltr'>Locus.</span> <span class='ocrx_word' id='word_1_432' title='bbox 2686 2762 2769 2815; x_wconf 88' lang='lat' dir='ltr'>Ad</span> <span class='ocrx_word' id='word_1_433' title='bbox 2796 2776 2924 2815; x_wconf 89' lang='lat' dir='ltr'>eam</span> <span class='ocrx_word' id='word_1_434' title='bbox 2945 2776 3114 2830; x_wconf 91' lang='lat' dir='ltr'>porro</span> <span class='ocrx_word' id='word_1_435' title='bbox 3135 2758 3399 2814; x_wconf 86' lang='lat' dir='ltr'>Guil‘redi</span> <span class='ocrx_word' id='word_1_436' title='bbox 3424 2758 3824 2830; x_wconf 82' lang='lat' dir='ltr'>Narbonensis</span> 
     </span>
    </p>
   </div>
   <div class='ocr_carea' id='block_1_62' title="bbox 2176 2828 3826 2903">
    <p class='ocr_par' dir='ltr' id='par_1_62' title="bbox 2176 2828 3826 2903">
     <span class='ocr_line' id='line_1_64' title="bbox 2176 2828 3826 2903; baseline -0.003 -12"><span class='ocrx_word' id='word_1_437' title='bbox 2176 2833 2835 2891; x_wconf 69' lang='lat' dir='ltr'>excommunicatiouem</span> <span class='ocrx_word' id='word_1_438' title='bbox 2886 2828 3209 2903; x_wconf 75' lang='lat' dir='ltr'>respexisse</span> <span class='ocrx_word' id='word_1_439' title='bbox 3238 2830 3471 2886; x_wconf 87' lang='lat' dir='ltr'>videtur</span> <span class='ocrx_word' id='word_1_440' title='bbox 3490 2828 3826 2903; x_wconf 23' lang='lat' dir='ltr'>AGregorius</span> 
     </span>
    </p>
   </div>
   <div class='ocr_carea' id='block_1_63' title="bbox 2177 2900 3827 2969">
    <p class='ocr_par' dir='ltr' id='par_1_63' title="bbox 2177 2900 3827 2969">
     <span class='ocr_line' id='line_1_65' title="bbox 2177 2900 3827 2969; baseline -0.002 -8"><span class='ocrx_word' id='word_1_441' title='bbox 2177 2904 2293 2969; x_wconf 86' lang='lat' dir='ltr'>Vll,</span> <span class='ocrx_word' id='word_1_442' title='bbox 2326 2908 2467 2961; x_wconf 89' lang='lat' dir='ltr'>dum</span> <span class='ocrx_word' id='word_1_443' title='bbox 2505 2905 2625 2959; x_wconf 66' lang='lat' dir='ltr'>hinc</span> <span class='ocrx_word' id='word_1_444' title='bbox 2664 2904 2720 2957; x_wconf 90' lang='lat' dir='ltr'>in</span> <span class='ocrx_word' id='word_1_445' title='bbox 2765 2900 3009 2958; x_wconf 84' lang='lat' dir='ltr'>concilio</span> <span class='ocrx_word' id='word_1_446' title='bbox 3043 2903 3302 2957; x_wconf 80' lang='lat' dir='ltr'>Romano</span> <span class='ocrx_word' id='word_1_447' title='bbox 3343 2900 3827 2958; x_wconf 42' lang='lat' dir='ltr'>sanciebat&#39;anno</span> 
     </span>
    </p>
   </div>
   <div class='ocr_carea' id='block_1_64' title="bbox 2181 2974 3826 3046">
    <p class='ocr_par' dir='ltr' id='par_1_64' title="bbox 2181 2974 3826 3046">
     <span class='ocr_line' id='line_1_66' title="bbox 2181 2974 3826 3046; baseline -0.003 -13"><span class='ocrx_word' id='word_1_448' title='bbox 2181 2980 2319 3033; x_wconf 65' lang='lat'>10’18</span> <span class='ocrx_word' id='word_1_449' title='bbox 2353 2997 2364 3034; x_wconf 94' lang='lat'>:</span> <span class='ocrx_word' id='word_1_450' title='bbox 2402 2983 2743 3033; x_wconf 76' lang='lat' dir='ltr'>Renovomus</span> <span class='ocrx_word' id='word_1_451' title='bbox 2771 2976 2937 3029; x_wconf 75' lang='lat' dir='ltr'>etiam</span> <span class='ocrx_word' id='word_1_452' title='bbox 2968 2974 3651 3046; x_wconf 58' lang='lat' dir='ltr'>emcommunicalz’onema</span> <span class='ocrx_word' id='word_1_453' title='bbox 3678 2990 3826 3046; x_wconf 73' lang='lat' dir='ltr'>pra:-</span> 
     </span>
    </p>
   </div>
   <div class='ocr_carea' id='block_1_65' title="bbox 2178 3044 3828 3116">
    <p class='ocr_par' dir='ltr' id='par_1_65' title="bbox 2178 3044 3828 3116">
     <span class='ocr_line' id='line_1_67' title="bbox 2178 3044 3828 3116; baseline -0.004 -11"><span class='ocrx_word' id='word_1_454' title='bbox 2178 3050 2547 3105; x_wconf 75' lang='lat' dir='ltr'>decessoribus</span> <span class='ocrx_word' id='word_1_455' title='bbox 2602 3048 2807 3101; x_wconf 72' lang='lat' dir='ltr'>nostris</span> <span class='ocrx_word' id='word_1_456' title='bbox 2852 3049 3059 3116; x_wconf 74' lang='lat' dir='ltr'>[actam</span> <span class='ocrx_word' id='word_1_457' title='bbox 3105 3060 3269 3116; x_wconf 80' lang='lat' dir='ltr'>super</span> <span class='ocrx_word' id='word_1_458' title='bbox 3292 3044 3613 3115; x_wconf 82' lang='lat' dir='ltr'>Guilredum</span> <span class='ocrx_word' id='word_1_459' title='bbox 3645 3044 3828 3101; x_wconf 61' lang='lat' dir='ltr'>archi-</span> 
     </span>
    </p>
   </div>
   <div class='ocr_carea' id='block_1_66' title="bbox 2181 3116 3830 3193">
    <p class='ocr_par' dir='ltr' id='par_1_66' title="bbox 2181 3116 3830 3193">
     <span class='ocr_line' id='line_1_68' title="bbox 2181 3116 3830 3193; baseline -0.004 -16"><span class='ocrx_word' id='word_1_460' title='bbox 2181 3124 2487 3193; x_wconf 79' lang='lat' dir='ltr'>episcOpum</span> <span class='ocrx_word' id='word_1_461' title='bbox 2519 3119 2939 3193; x_wconf 58' lang='lat' dir='ltr'>Narbonensem,</span> <span class='ocrx_word' id='word_1_462' title='bbox 2962 3120 3013 3170; x_wconf 89' lang='lat' dir='ltr'>el</span> <span class='ocrx_word' id='word_1_463' title='bbox 3029 3116 3231 3193; x_wconf 77' lang='lat' dir='ltr'>absque</span> <span class='ocrx_word' id='word_1_464' title='bbox 3259 3116 3377 3170; x_wconf 89' lang='lat' dir='ltr'>ulla</span> <span class='ocrx_word' id='word_1_465' title='bbox 3396 3118 3830 3193; x_wconf 59' lang='lat' dir='ltr'>recuperauerit}</span> 
     </span>
    </p>
   </div>
   <div class='ocr_carea' id='block_1_67' title="bbox 2180 3188 3576 3263">
    <p class='ocr_par' dir='ltr' id='par_1_67' title="bbox 2180 3188 3576 3263">
     <span class='ocr_line' id='line_1_69' title="bbox 2180 3188 3576 3263; baseline -0.004 -15"><span class='ocrx_word' id='word_1_466' title='bbox 2180 3188 2273 3260; x_wconf 65' lang='lat' dir='ltr'>spe</span> <span class='ocrx_word' id='word_1_467' title='bbox 2300 3188 2370 3250; x_wconf 69' lang='lat' dir='ltr'>ali</span> <span class='ocrx_word' id='word_1_468' title='bbox 2392 3191 2685 3263; x_wconf 67' lang='lat' dir='ltr'>episcopali</span> <span class='ocrx_word' id='word_1_469' title='bbox 2714 3190 2892 3259; x_wconf 78' lang='lat' dir='ltr'>ofﬁcio</span> <span class='ocrx_word' id='word_1_470' title='bbox 2920 3204 3045 3243; x_wconf 89' lang='lat' dir='ltr'>eum</span> <span class='ocrx_word' id='word_1_471' title='bbox 3060 3188 3458 3243; x_wconf 71' lang='lat' dir='ltr'>submovemus.</span> <span class='ocrx_word' id='word_1_472' title='bbox 3492 3188 3576 3243; x_wconf 86' lang='lat' dir='ltr'>In.</span> 
     </span>
    </p>
   </div>
   <div class='ocr_carea' id='block_1_68' title="bbox 424 3328 3821 3360">
    <p class='ocr_par' dir='ltr' id='par_1_68' title="bbox 424 3328 3821 3360">
     <span class='ocr_line' id='line_1_70' title="bbox 424 3328 3821 3360; baseline -0.002 -1"><span class='ocrx_word' id='word_1_473' title='bbox 424 3328 3821 3360; x_wconf 37' lang='grc' dir='ltr'>η</span> 
     </span>
    </p>
   </div>
   <div class='ocr_carea' id='block_1_69' title="bbox 1843 3453 2407 3501">
    <p class='ocr_par' dir='ltr' id='par_1_69' title="bbox 1843 3453 2407 3501">
     <span class='ocr_line' id='line_1_71' title="bbox 1843 3453 2407 3501; baseline -0.002 -4"><span class='ocrx_word' id='word_1_474' title='bbox 1843 3454 2007 3501; x_wconf 77' lang='lat' dir='ltr'>ANNO</span> <span class='ocrx_word' id='word_1_475' title='bbox 2049 3455 2199 3501; x_wconf 74' lang='lat' dir='ltr'>DOMI</span> <span class='ocrx_word' id='word_1_476' title='bbox 2241 3453 2407 3501; x_wconf 76' lang='lat' dir='ltr'>MLVII</span> 
     </span>
    </p>
   </div>
   <div class='ocr_carea' id='block_1_70' title="bbox 1715 3588 2525 3719">
    <p class='ocr_par' dir='ltr' id='par_1_70' title="bbox 1715 3588 2525 3719">
     <span class='ocr_line' id='line_1_72' title="bbox 1715 3588 2525 3719; baseline 0.005 -6"><span class='ocrx_word' id='word_1_477' title='bbox 1715 3588 2525 3719; x_wconf 81' lang='lat' dir='ltr'><strong>THEUZO</strong></span> 
     </span>
    </p>
   </div>
   <div class='ocr_carea' id='block_1_71' title="bbox 1177 3784 3059 3845">
    <p class='ocr_par' dir='ltr' id='par_1_71' title="bbox 1177 3784 3059 3845">
     <span class='ocr_line' id='line_1_73' title="bbox 1177 3784 3059 3845; baseline -0.001 -4"><span class='ocrx_word' id='word_1_478' title='bbox 1177 3784 1504 3841; x_wconf 82' lang='lat' dir='ltr'>EREMITA</span> <span class='ocrx_word' id='word_1_479' title='bbox 1544 3785 1634 3841; x_wconf 92' lang='lat' dir='ltr'><strong>ET</strong></span> <span class='ocrx_word' id='word_1_480' title='bbox 1674 3786 2062 3845; x_wconf 84' lang='lat' dir='ltr'>MONACHUS</span> <span class='ocrx_word' id='word_1_481' title='bbox 2100 3789 2159 3844; x_wconf 91' lang='lat' dir='ltr'>S.</span> <span class='ocrx_word' id='word_1_482' title='bbox 2201 3786 2477 3843; x_wconf 65' lang='lat' dir='ltr'>MARLIE</span> <span class='ocrx_word' id='word_1_483' title='bbox 2515 3785 2605 3840; x_wconf 90' lang='lat' dir='ltr'>DE</span> <span class='ocrx_word' id='word_1_484' title='bbox 2642 3784 3059 3841; x_wconf 84' lang='lat' dir='ltr'>FLORENTIA.</span> 
     </span>
    </p>
   </div>
   <div class='ocr_carea' id='block_1_72' title="bbox 1549 4027 2694 4119">
    <p class='ocr_par' dir='ltr' id='par_1_72' title="bbox 1549 4027 2694 4119">
     <span class='ocr_line' id='line_1_74' title="bbox 1549 4027 2694 4119; baseline 0 -6"><span class='ocrx_word' id='word_1_485' title='bbox 1549 4028 2019 4116; x_wconf 85' lang='lat' dir='ltr'>NOTITIA</span> <span class='ocrx_word' id='word_1_486' title='bbox 2075 4027 2694 4119; x_wconf 80' lang='lat' dir='ltr'>HISTOBICA</span> 
     </span>
    </p>
   </div>
   <div class='ocr_carea' id='block_1_73' title="bbox 1437 4177 2798 4251">
    <p class='ocr_par' dir='ltr' id='par_1_73' title="bbox 1437 4177 2798 4251">
     <span class='ocr_line' id='line_1_75' title="bbox 1437 4177 2798 4251; baseline -0.004 -13"><span class='ocrx_word' id='word_1_487' title='bbox 1437 4177 1701 4238; x_wconf 72' lang='lat' dir='ltr'>(Annales</span> <span class='ocrx_word' id='word_1_488' title='bbox 1728 4178 2192 4251; x_wconf 68' lang='lat' dir='ltr'>Camaldulenses,</span> <span class='ocrx_word' id='word_1_489' title='bbox 2223 4183 2367 4235; x_wconf 87' lang='lat' dir='ltr'>tom.</span> <span class='ocrx_word' id='word_1_490' title='bbox 2404 4179 2472 4248; x_wconf 88' lang='lat' dir='ltr'>ll,</span> <span class='ocrx_word' id='word_1_491' title='bbox 2505 4192 2636 4250; x_wconf 79' lang='lat' dir='ltr'>pag.</span> <span class='ocrx_word' id='word_1_492' title='bbox 2675 4177 2798 4246; x_wconf 88' lang='lat'>163)</span> 
     </span>
    </p>
   </div>
   <div class='ocr_carea' id='block_1_74' title="bbox 1916 4330 2317 4344">
    <p class='ocr_par' dir='ltr' id='par_1_74' title="bbox 1916 4330 2317 4344">
     <span class='ocr_line' id='line_1_76' title="bbox 1916 4330 2317 4344; baseline 0 -2"><span class='ocrx_word' id='word_1_493' title='bbox 1916 4330 2317 4344; x_wconf 44' lang='lat' dir='ltr'><strong>ﬂ</strong></span> 
     </span>
    </p>
   </div>
   <div class='ocr_carea' id='block_1_75' title="bbox 492 4421 3814 4499">
    <p class='ocr_par' dir='ltr' id='par_1_75' title="bbox 492 4421 3814 4499">
     <span class='ocr_line' id='line_1_77' title="bbox 492 4421 3814 4499; baseline 0 -21"><span class='ocrx_word' id='word_1_494' title='bbox 492 4421 954 4496; x_wconf 83' lang='lat' dir='ltr'>Distinguendus</span> <span class='ocrx_word' id='word_1_495' title='bbox 1002 4427 1091 4480; x_wconf 88' lang='lat' dir='ltr'>est</span> <span class='ocrx_word' id='word_1_496' title='bbox 1120 4424 1351 4481; x_wconf 89' lang='lat' dir='ltr'>Theuzo</span> <span class='ocrx_word' id='word_1_497' title='bbox 1377 4427 1618 4482; x_wconf 90' lang='lat' dir='ltr'>eremita</span> <span class='ocrx_word' id='word_1_498' title='bbox 1655 4430 1711 4481; x_wconf 88' lang='lat' dir='ltr'>et</span> <span class='ocrx_word' id='word_1_499' title='bbox 1738 4428 2060 4484; x_wconf 89' lang='lat' dir='ltr'>monachus</span> <span class='ocrx_word' id='word_1_500' title='bbox 2089 4431 2136 4496; x_wconf 73' lang='grc' dir='ltr'>ί)</span> <span class='ocrx_word' id='word_1_501' title='bbox 2169 4427 2473 4496; x_wconf 89' lang='lat' dir='ltr'>monacho,</span> <span class='ocrx_word' id='word_1_502' title='bbox 2498 4423 3814 4499; x_wconf 87' lang='lat' dir='ltr'>cujusinterventuPrataliensemonasterium</span> 
     </span>
    </p>
   </div>
   <div class='ocr_carea' id='block_1_76' title="bbox 413 4509 2058 4573">
    <p class='ocr_par' dir='ltr' id='par_1_76' title="bbox 413 4509 2058 4573">
     <span class='ocr_line' id='line_1_78' title="bbox 413 4509 2058 4573; baseline 0.004 -6"><span class='ocrx_word' id='word_1_503' title='bbox 413 4512 635 4567; x_wconf 69' lang='lat' dir='ltr'>Sanctae</span> <span class='ocrx_word' id='word_1_504' title='bbox 668 4509 859 4567; x_wconf 64' lang='lat' dir='ltr'>Maria;</span> <span class='ocrx_word' id='word_1_505' title='bbox 881 4512 952 4569; x_wconf 88' lang='lat' dir='ltr'>de</span> <span class='ocrx_word' id='word_1_506' title='bbox 985 4514 1274 4569; x_wconf 86' lang='lat' dir='ltr'>Florentia</span> <span class='ocrx_word' id='word_1_507' title='bbox 1305 4514 1377 4569; x_wconf 90' lang='lat' dir='ltr'>ab</span> <span class='ocrx_word' id='word_1_508' title='bbox 1410 4514 1522 4568; x_wconf 91' lang='lat' dir='ltr'>alio</span> <span class='ocrx_word' id='word_1_509' title='bbox 1553 4513 1764 4569; x_wconf 88' lang='lat' dir='ltr'>celebri</span> <span class='ocrx_word' id='word_1_510' title='bbox 1807 4522 1863 4571; x_wconf 89' lang='lat' dir='ltr'>et</span> <span class='ocrx_word' id='word_1_511' title='bbox 1894 4517 2058 4573; x_wconf 90' lang='lat' dir='ltr'>beato</span> 
     </span>
    </p>
   </div>
   <div class='ocr_carea' id='block_1_77' title="bbox 413 4599 2054 4677">
    <p class='ocr_par' dir='ltr' id='par_1_77' title="bbox 413 4599 2054 4677">
     <span class='ocr_line' id='line_1_79' title="bbox 413 4599 2054 4677; baseline 0.004 -22"><span class='ocrx_word' id='word_1_512' title='bbox 413 4599 739 4668; x_wconf 90' lang='lat' dir='ltr'>Theuzone,</span> <span class='ocrx_word' id='word_1_513' title='bbox 780 4601 963 4657; x_wconf 90' lang='lat' dir='ltr'>sancti</span> <span class='ocrx_word' id='word_1_514' title='bbox 992 4602 1238 4659; x_wconf 88' lang='lat' dir='ltr'>Joannis</span> <span class='ocrx_word' id='word_1_515' title='bbox 1267 4601 1563 4657; x_wconf 89' lang='lat' dir='ltr'>Gualberti</span> <span class='ocrx_word' id='word_1_516' title='bbox 1613 4601 1921 4676; x_wconf 89' lang='lat' dir='ltr'>discipulo,</span> <span class='ocrx_word' id='word_1_517' title='bbox 1953 4606 2054 4677; x_wconf 93' lang='lat' dir='ltr'>qui</span> 
     </span>
    </p>
   </div>
   <div class='ocr_carea' id='block_1_78' title="bbox 411 4689 2055 4762">
    <p class='ocr_par' dir='ltr' id='par_1_78' title="bbox 411 4689 2055 4762">
     <span class='ocr_line' id='line_1_80' title="bbox 411 4689 2055 4762; baseline 0.003 -18"><span class='ocrx_word' id='word_1_518' title='bbox 411 4689 613 4745; x_wconf 90' lang='lat' dir='ltr'>eodem</span> <span class='ocrx_word' id='word_1_519' title='bbox 635 4693 891 4761; x_wconf 88' lang='lat' dir='ltr'>tempore</span> <span class='ocrx_word' id='word_1_520' title='bbox 912 4692 1139 4747; x_wconf 87' lang='lat' dir='ltr'>vivebat</span> <span class='ocrx_word' id='word_1_521' title='bbox 1163 4710 1176 4759; x_wconf 89' lang='lat'><strong>;</strong></span> <span class='ocrx_word' id='word_1_522' title='bbox 1201 4692 1272 4746; x_wconf 88' lang='lat' dir='ltr'>de</span> <span class='ocrx_word' id='word_1_523' title='bbox 1296 4707 1410 4762; x_wconf 91' lang='lat' dir='ltr'>quo</span> <span class='ocrx_word' id='word_1_524' title='bbox 1432 4690 1771 4747; x_wconf 85' lang='lat' dir='ltr'>consulendi</span> <span class='ocrx_word' id='word_1_525' title='bbox 1790 4698 2055 4750; x_wconf 88' lang='lat' dir='ltr'>auctores</span> 
     </span>
    </p>
   </div>
   <div class='ocr_carea' id='block_1_79' title="bbox 416 4776 2055 4851">
    <p class='ocr_par' dir='ltr' id='par_1_79' title="bbox 416 4776 2055 4851">
     <span class='ocr_line' id='line_1_81' title="bbox 416 4776 2055 4851; baseline 0.004 -19"><span class='ocrx_word' id='word_1_526' title='bbox 416 4776 906 4834; x_wconf 88' lang='lat' dir='ltr'>Vallumbrosani.</span> <span class='ocrx_word' id='word_1_527' title='bbox 958 4780 1127 4835; x_wconf 61' lang='lat' dir='ltr'>ﬁlius</span> <span class='ocrx_word' id='word_1_528' title='bbox 1167 4779 1384 4851; x_wconf 86' lang='lat' dir='ltr'>pariter</span> <span class='ocrx_word' id='word_1_529' title='bbox 1420 4779 1648 4835; x_wconf 87' lang='lat' dir='ltr'>videtur</span> <span class='ocrx_word' id='word_1_530' title='bbox 1699 4798 1732 4836; x_wconf 91' lang='lat' dir='ltr'>a</span> <span class='ocrx_word' id='word_1_531' title='bbox 1781 4782 2055 4840; x_wconf 65' lang='lat' dir='ltr'>Theuzone</span> 
     </span>
    </p>
   </div>
   <div class='ocr_carea' id='block_1_80' title="bbox 407 4866 2055 4942">
    <p class='ocr_par' dir='ltr' id='par_1_80' title="bbox 407 4866 2055 4942">
     <span class='ocr_line' id='line_1_82' title="bbox 407 4866 2055 4942; baseline 0.003 -21"><span class='ocrx_word' id='word_1_532' title='bbox 407 4866 670 4922; x_wconf 70' lang='lat' dir='ltr'>monacho</span> <span class='ocrx_word' id='word_1_533' title='bbox 690 4870 740 4922; x_wconf 81' lang='lat' dir='ltr'>et</span> <span class='ocrx_word' id='word_1_534' title='bbox 761 4867 989 4936; x_wconf 76' lang='lat' dir='ltr'>indigno</span> <span class='ocrx_word' id='word_1_535' title='bbox 1012 4866 1302 4931; x_wconf 71' lang='lat' dir='ltr'>sacerdote,</span> <span class='ocrx_word' id='word_1_536' title='bbox 1336 4866 1435 4937; x_wconf 92' lang='lat' dir='ltr'>qui</span> <span class='ocrx_word' id='word_1_537' title='bbox 1475 4883 1536 4922; x_wconf 88' lang='lat' dir='ltr'>se</span> <span class='ocrx_word' id='word_1_538' title='bbox 1576 4868 1893 4924; x_wconf 84' lang='lat' dir='ltr'>subscribit</span> <span class='ocrx_word' id='word_1_539' title='bbox 1922 4874 2055 4942; x_wconf 88' lang='lat' dir='ltr'>post</span> 
     </span>
    </p>
   </div>
   <div class='ocr_carea' id='block_1_81' title="bbox 405 4952 2053 5027">
    <p class='ocr_par' dir='ltr' id='par_1_81' title="bbox 405 4952 2053 5027">
     <span class='ocr_line' id='line_1_83' title="bbox 405 4952 2053 5027; baseline 0.002 -18"><span class='ocrx_word' id='word_1_540' title='bbox 405 4952 662 5025; x_wconf 90' lang='lat' dir='ltr'>Petrum,</span> <span class='ocrx_word' id='word_1_541' title='bbox 684 4955 864 5027; x_wconf 90' lang='lat' dir='ltr'>hujus</span> <span class='ocrx_word' id='word_1_542' title='bbox 887 4954 1142 5009; x_wconf 91' lang='lat' dir='ltr'>nominis</span> <span class='ocrx_word' id='word_1_543' title='bbox 1166 4956 1510 5022; x_wconf 88' lang='lat' dir='ltr'>secundum,</span> <span class='ocrx_word' id='word_1_544' title='bbox 1536 4956 1806 5011; x_wconf 84' lang='lat' dir='ltr'>abbatem</span> <span class='ocrx_word' id='word_1_545' title='bbox 1830 4964 2053 5013; x_wconf 63' lang='lat' dir='ltr'>Sancta:</span> 
     </span>
    </p>
   </div>
   <div class='ocr_carea' id='block_1_82' title="bbox 405 5042 2049 5115">
    <p class='ocr_par' dir='ltr' id='par_1_82' title="bbox 405 5042 2049 5115">
     <span class='ocr_line' id='line_1_84' title="bbox 405 5042 2049 5115; baseline 0.002 -18"><span class='ocrx_word' id='word_1_546' title='bbox 405 5042 597 5098; x_wconf 76' lang='lat' dir='ltr'>Marias</span> <span class='ocrx_word' id='word_1_547' title='bbox 625 5043 947 5109; x_wconf 68' lang='lat' dir='ltr'>Florentia),</span> <span class='ocrx_word' id='word_1_548' title='bbox 974 5043 1028 5096; x_wconf 91' lang='lat' dir='ltr'>in</span> <span class='ocrx_word' id='word_1_549' title='bbox 1052 5042 1253 5097; x_wconf 73' lang='lat' dir='ltr'>charta</span> <span class='ocrx_word' id='word_1_550' title='bbox 1277 5045 1715 5098; x_wconf 86' lang='lat' dir='ltr'>restaurationis</span> <span class='ocrx_word' id='word_1_551' title='bbox 1741 5046 2049 5115; x_wconf 83' lang='lat' dir='ltr'>cujusdam</span> 
     </span>
    </p>
   </div>
   <div class='ocr_carea' id='block_1_83' title="bbox 403 5130 2051 5204">
    <p class='ocr_par' dir='ltr' id='par_1_83' title="bbox 403 5130 2051 5204">
     <span class='ocr_line' id='line_1_85' title="bbox 403 5130 2051 5204; baseline 0.002 -18"><span class='ocrx_word' id='word_1_552' title='bbox 403 5130 712 5204; x_wconf 88' lang='lat' dir='ltr'>hospitalis</span> <span class='ocrx_word' id='word_1_553' title='bbox 769 5132 921 5204; x_wconf 91' lang='lat' dir='ltr'>apud</span> <span class='ocrx_word' id='word_1_554' title='bbox 976 5131 1389 5187; x_wconf 86' lang='lat' dir='ltr'>Puccincllium</span> <span class='ocrx_word' id='word_1_555' title='bbox 1445 5133 1665 5203; x_wconf 76' lang='lat' dir='ltr'>(Chron.</span> <span class='ocrx_word' id='word_1_556' title='bbox 1712 5135 1888 5189; x_wconf 58' lang='lat' dir='ltr'>niteat.</span> <span class='ocrx_word' id='word_1_557' title='bbox 1935 5137 2051 5189; x_wconf 71' lang='grc' dir='ltr'>Ηρ-</span> 
     </span>
    </p>
   </div>
   <div class='ocr_carea' id='block_1_84' title="bbox 402 5220 2047 5290">
    <p class='ocr_par' dir='ltr' id='par_1_84' title="bbox 402 5220 2047 5290">
     <span class='ocr_line' id='line_1_86' title="bbox 402 5220 2047 5290; baseline 0.004 -17"><span class='ocrx_word' id='word_1_558' title='bbox 402 5222 566 5288; x_wconf 81' lang='lat' dir='ltr'>rent.,</span> <span class='ocrx_word' id='word_1_559' title='bbox 591 5236 646 5290; x_wconf 90' lang='lat' dir='ltr'>p.</span> <span class='ocrx_word' id='word_1_560' title='bbox 668 5221 817 5289; x_wconf 69' lang='lat'>254);</span> <span class='ocrx_word' id='word_1_561' title='bbox 842 5237 977 5275; x_wconf 91' lang='lat' dir='ltr'>nam</span> <span class='ocrx_word' id='word_1_562' title='bbox 1001 5220 1231 5275; x_wconf 87' lang='lat' dir='ltr'>Theuzo</span> <span class='ocrx_word' id='word_1_563' title='bbox 1250 5222 1491 5275; x_wconf 79' lang='lat' dir='ltr'>eremita</span> <span class='ocrx_word' id='word_1_564' title='bbox 1520 5222 1911 5277; x_wconf 73' lang='lat' dir='ltr'>verisimiliter</span> <span class='ocrx_word' id='word_1_565' title='bbox 1932 5241 2047 5278; x_wconf 87' lang='lat' dir='ltr'>non</span> 
     </span>
    </p>
   </div>
   <div class='ocr_carea' id='block_1_85' title="bbox 401 5308 2045 5377">
    <p class='ocr_par' dir='ltr' id='par_1_85' title="bbox 401 5308 2045 5377">
     <span class='ocr_line' id='line_1_87' title="bbox 401 5308 2045 5377; baseline 0.003 -14"><span class='ocrx_word' id='word_1_566' title='bbox 401 5308 512 5363; x_wconf 82' lang='lat' dir='ltr'>fuit</span> <span class='ocrx_word' id='word_1_567' title='bbox 551 5309 861 5376; x_wconf 90' lang='lat' dir='ltr'>sacerdos;</span> <span class='ocrx_word' id='word_1_568' title='bbox 916 5308 1259 5365; x_wconf 65' lang='lat' dir='ltr'>sarrfmzrnta</span> <span class='ocrx_word' id='word_1_569' title='bbox 1304 5309 1480 5376; x_wconf 89' lang='lat' dir='ltr'>enim,</span> <span class='ocrx_word' id='word_1_570' title='bbox 1540 5315 1684 5365; x_wconf 85' lang='lat' dir='ltr'>teste</span> <span class='ocrx_word' id='word_1_571' title='bbox 1738 5311 2045 5377; x_wconf 85' lang='lat' dir='ltr'>Damiano,</span> 
     </span>
    </p>
   </div>
   <div class='ocr_carea' id='block_1_86' title="bbox 398 5397 2046 5468">
    <p class='ocr_par' dir='ltr' id='par_1_86' title="bbox 398 5397 2046 5468">
     <span class='ocr_line' id='line_1_88' title="bbox 398 5397 2046 5468; baseline 0.004 -17"><span class='ocrx_word' id='word_1_572' title='bbox 398 5397 589 5451; x_wconf 85' lang='lat' dir='ltr'>divina</span> <span class='ocrx_word' id='word_1_573' title='bbox 639 5412 742 5468; x_wconf 86' lang='lat' dir='ltr'>per</span> <span class='ocrx_word' id='word_1_574' title='bbox 785 5398 950 5452; x_wconf 75' lang='lat' dir='ltr'>totius</span> <span class='ocrx_word' id='word_1_575' title='bbox 990 5400 1129 5452; x_wconf 81' lang='lat' dir='ltr'>anni</span> <span class='ocrx_word' id='word_1_576' title='bbox 1165 5398 1435 5454; x_wconf 84' lang='lat' dir='ltr'>circulum</span> <span class='ocrx_word' id='word_1_577' title='bbox 1500 5401 1725 5454; x_wconf 72' lang='lat' dir='ltr'>nonnisi</span> <span class='ocrx_word' id='word_1_578' title='bbox 1777 5400 1965 5467; x_wconf 81' lang='lat' dir='ltr'>semel,</span> <span class='ocrx_word' id='word_1_579' title='bbox 1996 5409 2046 5457; x_wconf 83' lang='lat' dir='ltr'>et</span> 
     </span>
    </p>
   </div>
   <div class='ocr_carea' id='block_1_87' title="bbox 399 5484 2045 5553">
    <p class='ocr_par' dir='ltr' id='par_1_87' title="bbox 399 5484 2045 5553">
     <span class='ocr_line' id='line_1_89' title="bbox 399 5484 2045 5553; baseline 0.005 -16"><span class='ocrx_word' id='word_1_580' title='bbox 399 5490 512 5537; x_wconf 86' lang='lat' dir='ltr'>lum</span> <span class='ocrx_word' id='word_1_581' title='bbox 552 5498 663 5537; x_wconf 87' lang='lat' dir='ltr'>non</span> <span class='ocrx_word' id='word_1_582' title='bbox 700 5500 734 5537; x_wconf 91' lang='lat' dir='ltr'>a</span> <span class='ocrx_word' id='word_1_583' title='bbox 780 5485 869 5537; x_wconf 74' lang='lat' dir='ltr'>sui</span> <span class='ocrx_word' id='word_1_584' title='bbox 913 5487 1232 5540; x_wconf 77' lang='lat' dir='ltr'>monasterii</span> <span class='ocrx_word' id='word_1_585' title='bbox 1271 5484 1658 5553; x_wconf 59' lang='lat' dir='ltr'>sacerdotibus,</span> <span class='ocrx_word' id='word_1_586' title='bbox 1699 5485 1794 5541; x_wconf 79' lang='lat' dir='ltr'>sed</span> <span class='ocrx_word' id='word_1_587' title='bbox 1821 5485 2045 5545; x_wconf 85' lang='lat' dir='ltr'>aliunde</span> 
     </span>
    </p>
   </div>
   <div class='ocr_carea' id='block_1_88' title="bbox 401 5569 2042 5645">
    <p class='ocr_par' dir='ltr' id='par_1_88' title="bbox 401 5569 2042 5645">
     <span class='ocr_line' id='line_1_90' title="bbox 401 5569 2042 5645; baseline 0.004 -16"><span class='ocrx_word' id='word_1_588' title='bbox 401 5571 647 5645; x_wconf 65' lang='lat' dir='ltr'>quaesitis</span> <span class='ocrx_word' id='word_1_589' title='bbox 677 5569 1055 5645; x_wconf 86' lang='lat' dir='ltr'>percipiebat.</span> <span class='ocrx_word' id='word_1_590' title='bbox 1087 5572 1252 5630; x_wconf 84' lang='lat' dir='ltr'>Alius</span> <span class='ocrx_word' id='word_1_591' title='bbox 1282 5574 1522 5630; x_wconf 86' lang='lat' dir='ltr'>demum</span> <span class='ocrx_word' id='word_1_592' title='bbox 1554 5578 1643 5633; x_wconf 85' lang='lat' dir='ltr'>est</span> <span class='ocrx_word' id='word_1_593' title='bbox 1672 5592 1705 5632; x_wconf 91' lang='lat' dir='ltr'>a</span> <span class='ocrx_word' id='word_1_594' title='bbox 1733 5573 2042 5635; x_wconf 88' lang='lat' dir='ltr'>Theuzone</span> 
     </span>
    </p>
   </div>
   <div class='ocr_carea' id='block_1_89' title="bbox 2170 4513 3817 4589">
    <p class='ocr_par' dir='ltr' id='par_1_89' title="bbox 2170 4513 3817 4589">
     <span class='ocr_line' id='line_1_91' title="bbox 2170 4513 3817 4589; baseline -0.002 -18"><span class='ocrx_word' id='word_1_595' title='bbox 2170 4517 2279 4573; x_wconf 85' lang='lat' dir='ltr'>sub</span> <span class='ocrx_word' id='word_1_596' title='bbox 2314 4534 2420 4572; x_wconf 86' lang='lat' dir='ltr'>sua</span> <span class='ocrx_word' id='word_1_597' title='bbox 2452 4515 2804 4589; x_wconf 89' lang='lat' dir='ltr'>protectioue</span> <span class='ocrx_word' id='word_1_598' title='bbox 2836 4530 3103 4587; x_wconf 87' lang='lat' dir='ltr'>recepere</span> <span class='ocrx_word' id='word_1_599' title='bbox 3132 4530 3285 4570; x_wconf 89' lang='lat' dir='ltr'>anno</span> <span class='ocrx_word' id='word_1_600' title='bbox 3315 4513 3457 4569; x_wconf 74' lang='grc'>4002</span> <span class='ocrx_word' id='word_1_601' title='bbox 3496 4513 3631 4570; x_wconf 82' lang='lat' dir='ltr'>Otto</span> <span class='ocrx_word' id='word_1_602' title='bbox 3663 4513 3731 4580; x_wconf 90' lang='lat' dir='ltr'>II,</span> <span class='ocrx_word' id='word_1_603' title='bbox 3761 4517 3817 4569; x_wconf 86' lang='lat' dir='ltr'>et</span> 
     </span>
    </p>
   </div>
   <div class='ocr_carea' id='block_1_90' title="bbox 2167 4602 3814 4675">
    <p class='ocr_par' dir='ltr' id='par_1_90' title="bbox 2167 4602 3814 4675">
     <span class='ocr_line' id='line_1_92' title="bbox 2167 4602 3814 4675; baseline -0.002 -15"><span class='ocrx_word' id='word_1_604' title='bbox 2167 4623 2318 4661; x_wconf 89' lang='lat' dir='ltr'>anno</span> <span class='ocrx_word' id='word_1_605' title='bbox 2350 4607 2486 4662; x_wconf 81' lang='lat'>1020</span> <span class='ocrx_word' id='word_1_606' title='bbox 2530 4605 2835 4673; x_wconf 88' lang='lat' dir='ltr'>Henricus,</span> <span class='ocrx_word' id='word_1_607' title='bbox 2871 4604 3276 4675; x_wconf 88' lang='lat' dir='ltr'>imperatores.</span> <span class='ocrx_word' id='word_1_608' title='bbox 3305 4602 3554 4659; x_wconf 87' lang='lat' dir='ltr'>Putatur</span> <span class='ocrx_word' id='word_1_609' title='bbox 3583 4602 3814 4658; x_wconf 87' lang='lat' dir='ltr'>Theuzo</span> 
     </span>
    </p>
   </div>
   <div class='ocr_carea' id='block_1_91' title="bbox 2164 4689 3814 4764">
    <p class='ocr_par' dir='ltr' id='par_1_91' title="bbox 2164 4689 3814 4764">
     <span class='ocr_line' id='line_1_93' title="bbox 2164 4689 3814 4764; baseline -0.003 -14"><span class='ocrx_word' id='word_1_610' title='bbox 2164 4696 2411 4750; x_wconf 87' lang='lat' dir='ltr'>eremita</span> <span class='ocrx_word' id='word_1_611' title='bbox 2431 4698 2633 4749; x_wconf 89' lang='lat' dir='ltr'>auctor</span> <span class='ocrx_word' id='word_1_612' title='bbox 2652 4691 3068 4747; x_wconf 88' lang='lat' dir='ltr'>Commentarii</span> <span class='ocrx_word' id='word_1_613' title='bbox 3098 4692 3157 4746; x_wconf 89' lang='lat' dir='ltr'>in</span> <span class='ocrx_word' id='word_1_614' title='bbox 3182 4690 3463 4764; x_wconf 80' lang='lat' dir='ltr'>Regulam</span> <span class='ocrx_word' id='word_1_615' title='bbox 3484 4689 3675 4745; x_wconf 90' lang='lat' dir='ltr'>sancti</span> <span class='ocrx_word' id='word_1_616' title='bbox 3706 4693 3814 4745; x_wconf 90' lang='lat' dir='ltr'>Pa-</span> 
     </span>
    </p>
   </div>
   <div class='ocr_carea' id='block_1_92' title="bbox 2165 4777 3817 4853">
    <p class='ocr_par' dir='ltr' id='par_1_92' title="bbox 2165 4777 3817 4853">
     <span class='ocr_line' id='line_1_94' title="bbox 2165 4777 3817 4853; baseline -0.003 -16"><span class='ocrx_word' id='word_1_617' title='bbox 2165 4784 2272 4838; x_wconf 89' lang='lat' dir='ltr'>tris</span> <span class='ocrx_word' id='word_1_618' title='bbox 2303 4781 2620 4848; x_wconf 84' lang='lat' dir='ltr'>Benedicti,</span> <span class='ocrx_word' id='word_1_619' title='bbox 2646 4796 2819 4851; x_wconf 90' lang='lat' dir='ltr'>qnem</span> <span class='ocrx_word' id='word_1_620' title='bbox 2845 4779 3059 4835; x_wconf 83' lang='lat' dir='ltr'>dicavit</span> <span class='ocrx_word' id='word_1_621' title='bbox 3080 4781 3353 4853; x_wconf 90' lang='lat' dir='ltr'>episcopo</span> <span class='ocrx_word' id='word_1_622' title='bbox 3373 4777 3658 4833; x_wconf 89' lang='lat' dir='ltr'>Odelrico.</span> <span class='ocrx_word' id='word_1_623' title='bbox 3684 4778 3817 4832; x_wconf 83' lang='lat' dir='ltr'>Bri-</span> 
     </span>
    </p>
   </div>
   <div class='ocr_carea' id='block_1_93' title="bbox 2161 4865 3812 4941">
    <p class='ocr_par' dir='ltr' id='par_1_93' title="bbox 2161 4865 3812 4941">
     <span class='ocr_line' id='line_1_95' title="bbox 2161 4865 3812 4941; baseline -0.004 -14"><span class='ocrx_word' id='word_1_624' title='bbox 2161 4872 2372 4927; x_wconf 83' lang='lat' dir='ltr'>xianus</span> <span class='ocrx_word' id='word_1_625' title='bbox 2423 4870 2603 4941; x_wconf 89' lang='lat' dir='ltr'>hujus</span> <span class='ocrx_word' id='word_1_626' title='bbox 2643 4869 2899 4924; x_wconf 89' lang='lat' dir='ltr'>nominis</span> <span class='ocrx_word' id='word_1_627' title='bbox 2931 4869 3180 4925; x_wconf 89' lang='lat' dir='ltr'>antistes</span> <span class='ocrx_word' id='word_1_628' title='bbox 3206 4868 3428 4924; x_wconf 89' lang='lat' dir='ltr'>vivebat</span> <span class='ocrx_word' id='word_1_629' title='bbox 3456 4880 3610 4921; x_wconf 88' lang='lat' dir='ltr'>anno</span> <span class='ocrx_word' id='word_1_630' title='bbox 3644 4865 3812 4934; x_wconf 86' lang='lat'>1027,</span> 
     </span>
    </p>
   </div>
   <div class='ocr_carea' id='block_1_94' title="bbox 2162 4952 3813 5015">
    <p class='ocr_par' dir='ltr' id='par_1_94' title="bbox 2162 4952 3813 5015">
     <span class='ocr_line' id='line_1_96' title="bbox 2162 4952 3813 5015; baseline -0.002 -1"><span class='ocrx_word' id='word_1_631' title='bbox 2162 4966 2217 5014; x_wconf 86' lang='lat' dir='ltr'>et</span> <span class='ocrx_word' id='word_1_632' title='bbox 2255 4960 2504 5015; x_wconf 84' lang='lat' dir='ltr'>decessit</span> <span class='ocrx_word' id='word_1_633' title='bbox 2549 4974 2702 5011; x_wconf 88' lang='lat' dir='ltr'>anno</span> <span class='ocrx_word' id='word_1_634' title='bbox 2739 4958 2889 5010; x_wconf 74' lang='grc'><strong>1048.</strong></span> <span class='ocrx_word' id='word_1_635' title='bbox 2944 4956 3106 5013; x_wconf 86' lang='lat' dir='ltr'>Alter</span> <span class='ocrx_word' id='word_1_636' title='bbox 3151 4955 3447 5014; x_wconf 85' lang='lat' dir='ltr'>Odelricus</span> <span class='ocrx_word' id='word_1_637' title='bbox 3495 4952 3813 5011; x_wconf 87' lang='lat' dir='ltr'>Firmanus</span> 
     </span>
    </p>
   </div>
   <div class='ocr_carea' id='block_1_95' title="bbox 2162 5044 3809 5120">
    <p class='ocr_par' dir='ltr' id='par_1_95' title="bbox 2162 5044 3809 5120">
     <span class='ocr_line' id='line_1_97' title="bbox 2162 5044 3809 5120; baseline -0.004 -16"><span class='ocrx_word' id='word_1_638' title='bbox 2162 5050 2474 5120; x_wconf 86' lang='lat' dir='ltr'>cpiscopus</span> <span class='ocrx_word' id='word_1_639' title='bbox 2514 5045 2869 5116; x_wconf 88' lang='lat' dir='ltr'>subscripsit</span> <span class='ocrx_word' id='word_1_640' title='bbox 2897 5045 3144 5101; x_wconf 90' lang='lat' dir='ltr'>concilio</span> <span class='ocrx_word' id='word_1_641' title='bbox 3175 5047 3434 5102; x_wconf 83' lang='lat' dir='ltr'>Romano</span> <span class='ocrx_word' id='word_1_642' title='bbox 3465 5060 3619 5099; x_wconf 91' lang='lat' dir='ltr'>anno</span> <span class='ocrx_word' id='word_1_643' title='bbox 3652 5044 3809 5110; x_wconf 80' lang='lat'>1059,</span> 
     </span>
    </p>
   </div>
   <div class='ocr_carea' id='block_1_96' title="bbox 2159 5131 3808 5207">
    <p class='ocr_par' dir='ltr' id='par_1_96' title="bbox 2159 5131 3808 5207">
     <span class='ocr_line' id='line_1_98' title="bbox 2159 5131 3808 5207; baseline -0.002 -15"><span class='ocrx_word' id='word_1_644' title='bbox 2159 5139 2252 5193; x_wconf 91' lang='lat' dir='ltr'>cui</span> <span class='ocrx_word' id='word_1_645' title='bbox 2283 5138 2455 5192; x_wconf 68' lang='lat' dir='ltr'>etiam</span> <span class='ocrx_word' id='word_1_646' title='bbox 2486 5133 2791 5207; x_wconf 84' lang='lat' dir='ltr'>epistolam</span> <span class='ocrx_word' id='word_1_647' title='bbox 2816 5133 3146 5190; x_wconf 87' lang='lat' dir='ltr'>deditcirca</span> <span class='ocrx_word' id='word_1_648' title='bbox 3169 5151 3391 5191; x_wconf 89' lang='lat' dir='ltr'>annum</span> <span class='ocrx_word' id='word_1_649' title='bbox 3415 5134 3549 5189; x_wconf 85' lang='lat'>1061</span> <span class='ocrx_word' id='word_1_650' title='bbox 3573 5131 3808 5188; x_wconf 88' lang='lat' dir='ltr'>Damia-</span> 
     </span>
    </p>
   </div>
   <div class='ocr_carea' id='block_1_97' title="bbox 2159 5220 3805 5293">
    <p class='ocr_par' dir='ltr' id='par_1_97' title="bbox 2159 5220 3805 5293">
     <span class='ocr_line' id='line_1_99' title="bbox 2159 5220 3805 5293; baseline -0.002 -13"><span class='ocrx_word' id='word_1_651' title='bbox 2159 5244 2292 5282; x_wconf 89' lang='lat' dir='ltr'>nus.</span> <span class='ocrx_word' id='word_1_652' title='bbox 2314 5224 2506 5280; x_wconf 88' lang='lat' dir='ltr'>Potuit</span> <span class='ocrx_word' id='word_1_653' title='bbox 2535 5228 2730 5277; x_wconf 89' lang='lat' dir='ltr'>tamen</span> <span class='ocrx_word' id='word_1_654' title='bbox 2761 5220 2949 5293; x_wconf 90' lang='lat' dir='ltr'>ipsius</span> <span class='ocrx_word' id='word_1_655' title='bbox 2968 5222 3388 5280; x_wconf 90' lang='lat' dir='ltr'>Commentarii</span> <span class='ocrx_word' id='word_1_656' title='bbox 3428 5226 3633 5278; x_wconf 89' lang='lat' dir='ltr'>auctor</span> <span class='ocrx_word' id='word_1_657' title='bbox 3660 5237 3805 5289; x_wconf 86' lang='lat' dir='ltr'>esse,</span> 
     </span>
    </p>
   </div>
   <div class='ocr_carea' id='block_1_98' title="bbox 2157 5310 3805 5383">
    <p class='ocr_par' dir='ltr' id='par_1_98' title="bbox 2157 5310 3805 5383">
     <span class='ocr_line' id='line_1_100' title="bbox 2157 5310 3805 5383; baseline -0.002 -14"><span class='ocrx_word' id='word_1_658' title='bbox 2157 5315 2305 5369; x_wconf 88' lang='lat' dir='ltr'>alter</span> <span class='ocrx_word' id='word_1_659' title='bbox 2334 5328 2463 5367; x_wconf 88' lang='lat' dir='ltr'>esse</span> <span class='ocrx_word' id='word_1_660' title='bbox 2484 5310 2715 5364; x_wconf 88' lang='lat' dir='ltr'>Theuzo</span> <span class='ocrx_word' id='word_1_661' title='bbox 2739 5310 3063 5367; x_wconf 89' lang='lat' dir='ltr'>monachus</span> <span class='ocrx_word' id='word_1_662' title='bbox 3084 5313 3305 5383; x_wconf 85' lang='lat' dir='ltr'>pariter</span> <span class='ocrx_word' id='word_1_663' title='bbox 3333 5311 3681 5368; x_wconf 69' lang='lat' dir='ltr'>Florentino:</span> <span class='ocrx_word' id='word_1_664' title='bbox 3708 5310 3805 5365; x_wconf 84' lang='lat' dir='ltr'>ab-</span> 
     </span>
    </p>
   </div>
   <div class='ocr_carea' id='block_1_99' title="bbox 2156 5394 3804 5467">
    <p class='ocr_par' dir='ltr' id='par_1_99' title="bbox 2156 5394 3804 5467">
     <span class='ocr_line' id='line_1_101' title="bbox 2156 5394 3804 5467; baseline -0.002 -10"><span class='ocrx_word' id='word_1_665' title='bbox 2156 5401 2347 5467; x_wconf 69' lang='lat' dir='ltr'>batiae,</span> <span class='ocrx_word' id='word_1_666' title='bbox 2376 5395 2462 5452; x_wconf 87' lang='lat' dir='ltr'>vel</span> <span class='ocrx_word' id='word_1_667' title='bbox 2482 5395 2697 5465; x_wconf 90' lang='lat' dir='ltr'>aliquis</span> <span class='ocrx_word' id='word_1_668' title='bbox 2714 5394 2864 5450; x_wconf 89' lang='lat' dir='ltr'>alius</span> <span class='ocrx_word' id='word_1_669' title='bbox 2884 5397 3152 5467; x_wconf 88' lang='lat' dir='ltr'>ejusdem</span> <span class='ocrx_word' id='word_1_670' title='bbox 3175 5400 3435 5456; x_wconf 91' lang='lat' dir='ltr'>nominis</span> <span class='ocrx_word' id='word_1_671' title='bbox 3462 5399 3804 5466; x_wconf 86' lang='lat' dir='ltr'>monachus;</span> 
     </span>
    </p>
   </div>
   <div class='ocr_carea' id='block_1_100' title="bbox 2155 5483 3803 5561">
    <p class='ocr_par' dir='ltr' id='par_1_100' title="bbox 2155 5483 3803 5561">
     <span class='ocr_line' id='line_1_102' title="bbox 2155 5483 3803 5561; baseline -0.001 -16"><span class='ocrx_word' id='word_1_672' title='bbox 2155 5490 2273 5545; x_wconf 90' lang='lat' dir='ltr'>imo</span> <span class='ocrx_word' id='word_1_673' title='bbox 2296 5488 2513 5560; x_wconf 87' lang='lat' dir='ltr'>pignus</span> <span class='ocrx_word' id='word_1_674' title='bbox 2542 5483 2817 5537; x_wconf 89' lang='lat' dir='ltr'>daremus</span> <span class='ocrx_word' id='word_1_675' title='bbox 2838 5483 3211 5543; x_wconf 89' lang='lat' dir='ltr'>Theuzonem</span> <span class='ocrx_word' id='word_1_676' title='bbox 3234 5489 3486 5561; x_wconf 86' lang='lat' dir='ltr'>hujusce</span> <span class='ocrx_word' id='word_1_677' title='bbox 3505 5492 3803 5545; x_wconf 84' lang='lat' dir='ltr'>Commen-</span> 
     </span>
    </p>
   </div>
   <div class='ocr_carea' id='block_1_101' title="bbox 2151 5570 3807 5665">
    <p class='ocr_par' dir='ltr' id='par_1_101' title="bbox 2151 5570 3807 5665">
     <span class='ocr_line' id='line_1_103' title="bbox 2151 5570 3807 5665; baseline 0 -28"><span class='ocrx_word' id='word_1_678' title='bbox 2151 5577 2286 5637; x_wconf 87' lang='lat' dir='ltr'>tarii</span> <span class='ocrx_word' id='word_1_679' title='bbox 2331 5571 2682 5646; x_wconf 86' lang='lat' dir='ltr'>scriptorem</span> <span class='ocrx_word' id='word_1_680' title='bbox 2733 5570 3142 5645; x_wconf 86' lang='lat' dir='ltr'>requirendam</span> <span class='ocrx_word' id='word_1_681' title='bbox 3174 5594 3305 5665; x_wconf 86' lang='lat' dir='ltr'>esse</span> <span class='ocrx_word' id='word_1_682' title='bbox 3333 5578 3488 5637; x_wconf 88' lang='lat' dir='ltr'>inter</span> <span class='ocrx_word' id='word_1_683' title='bbox 3533 5576 3807 5638; x_wconf 82' lang='lat' dir='ltr'>Mediola-</span> 
     </span>
    </p>
   </div>
  </div>
