3966 6212
63 475 181 536 845

774 472 932 534 ODO
975 473 1301 535 FOSSAT.
1350 474 1806 538 MONACHUS.
1839 507 1919 524 --
1949 477 2271 541 ΝΟΤΙΤΙΑ
2313 480 2758 544 HISTORICA.

3346 481 3465 544 846

62 624 272 665 nenses
297 606 945 679 monachos.lntegrum
977 622 1125 678 opus
1150 585 1705 679 percurrimus,nnl-
1738 615 1787 675 Α
1820 610 2232 667 .llediolanensis
2288 615 2610 669 monasterii
2651 614 2817 669 abbas
2856 621 3136 686 perpetua:
3184 613 3465 685 felicitatis

57 697 281 770 libique
311 713 374 752 se
406 699 610 751 auctor
639 695 833 767 prodit
862 694 1056 765 aliquo
1088 695 1324 759 indicio.
1360 697 1469 750 nisi
1522 698 1709 767 capite

57 787 148 852 14,
210 786 308 841 ubi
357 784 662 856 inquirens
700 783 961 854 quomodo
981 784 1307 855 peragendae
1352 787 1464 839 sint
1508 787 1709 855 vigilia:

54 877 118 928 in
146 874 426 929 natalilizs
465 880 797 938 sanctorum,
847 871 1179 944 exemplum
1230 872 1396 927 oil‘ert
1444 873 1708 928 Ecclesiae

54 960 534 1026 Mediolanensis,
579 962 679 1016 ubi
729 976 957 1031 corpora
1012 964 1304 1016 servantur
1349 965 1403 1015 et
1455 962 1711 1017 coluntur

51 1052 231 1107 sancti
268 1050 542 1107 Ambrosii
584 1058 636 1106 et
684 1053 1001 1105 sanctorum
1059 1048 1307 1105 Gervasii
1350 1057 1402 1105 et
1441 1052 1702 1106 Protasii.

51 1140 124 1195 Et
153 1139 344 1212 capite
370 1140 437 1194 61
469 1137 720 1211 loquens
769 1139 840 1193 de
883 1138 1189 1193 monachis
1240 1138 1586 1210 peregrinis,
1642 1155 1706 1194 ac

51 1228 390 1300 exemplum
422 1228 720 1283 adducens
741 1228 1127 1282 formatarum
1153 1227 1707 1299 epistolarum,quas

51 1316 311 1373 scribere
340 1316 555 1372 debent
580 1316 819 1372 abbates
839 1315 1278 1389 episcopis,haac
1300 1315 1472 1371 verba
1491 1315 1666 1371 habet
1689 1334 1702 1371 :

50 1405 374 1462 Venerabili
423 1405 875 1461 Christicolarum
923 1406 1037 1460 vita
1084 1405 1349 1471 decorata,
1401 1405 1526 1475 plus
1575 1406 1705 1459 cmlo

49 1512 222 1566 quam
246 1498 414 1551 terra
441 1495 641 1560 vicino,
672 1493 870 1549 domno
901 1493 985 1548 ill.
1017 1493 1250 1565 praesuli
1283 1493 1590 1549 venerando
1620 1492 1702 1548 ill.

1820 700 2055 769 olrpiulia
2084 705 2243 771 alque
2271 704 2640 771 angelicorum
2668 706 2897 775 synaxis
2934 704 3224 759 consortia.
3254 703 3467 759 Praeter

1818 788 2115 860 exemplar
2144 790 2476 845 chartarum
2503 792 2681 863 hujus
2702 791 3115 847 Commentarii
3137 791 3466 847 Theuzonis

1818 877 1972 947 quod
2005 878 2290 932 asservari
2323 879 2382 933 in
2414 880 2649 935 abbatis
2680 880 3012 936 Florentius.
3058 880 3168 935 sub
3200 897 3364 936 num.
3394 881 3467 937 58

1818 965 2030 1020 asserit
2062 965 2457 1031 Mabillonius,
2492 968 2762 1039 quodque
2793 968 3002 1024 saeculo
3032 986 3125 1024 xvx
3176 969 3285 1024 fuit
3330 986 3463 1025 con-

1818 1052 2555 1124 scriptum,nitidissimum
2583 1055 2829 1111 alterum
2853 1056 3149 1129 exemplar
3176 1058 3464 1114 membra-

1816 1140 2367 1210 naceum,szeculum
2400 1160 2496 1197 xw
2523 1144 2609 1199 vel
2637 1161 2706 1199 xv
2736 1150 3301 1210 exaratum,servant
3331 1163 3460 1203 mo-

1816 1228 1983 1284 nachi
2012 1230 2196 1284 nostri
2220 1230 2413 1284 Sancti
2437 1230 2665 1285 Mathiaa
2687 1232 2757 1286 de
2772 1232 3132 1301 Muriano,ex
3151 1251 3263 1303 quo
3283 1234 3461 1290 etiam

1814 1315 2121 1387 epistolam
2185 1316 2393 1387 ipisius
2443 1318 2930 1388 nuncupatoriam
2980 1319 3051 1373 ad
3108 1319 3460 1387 Odelricam,

1815 1420 1943 1475 qua:
1976 1405 2207 1475 praefixa
2224 1409 2313 1459 est
2336 1404 2764 1460 Commentario
2781 1423 2884 1461 seu
2906 1407 3100 1478 potius
3130 1407 3457 1463 collectioni

1815 1508 1885 1547 ex
1914 1492 2087 1549 dictis
2117 1493 2567 1565 praecedentium
2601 1494 2859 1560 Patrum,
2892 1495 3123 1551 damus.

1444 1760 2075 1850 PROLOGUS

449 1948 1152 2040 EXPOSITIONIS
1195 1948 1614 2039 REGULE
1670 1950 1756 2037 S.
1799 1949 1886 2036 P.
1933 1948 2027 2037 N.
2072 1948 2601 2039 BENEDICTI
2644 1951 3072 2041 ABBATIS

1235 2127 1513 2209 Scriptus
1542 2145 1579 2188 a
1609 2129 1942 2188 TBBUZONE
1972 2128 2274 2189 monacho.

178 2291 403 2365 (Annal.
440 2268 709 2354 Camald.,
742 2293 885 2343 tom.
918 2287 988 2355 ΙΙ,
1019 2287 1281 2360 Append.
1317 2303 1371 2359 p.
1407 2288 1528 2355 156,
1561 2302 1629 2341 ex
1662 2286 1858 2342 codice
1890 2286 2087 2343 saeculi
2119 2305 2129 2342 ι

1548 2357 1967 2430 Venetiarum.)

1810 2302 1858 2342 se
1890 2286 2087 2430 saeculi
2119 2304 2221 2342 xm
2255 2288 2592 2344 monasterii
2618 2289 2675 2344 S.
2712 2288 2943 2344 Mathia:
2969 2289 3040 2346 de
3071 2290 3338 2347 Muriano

1810 2374 1941 2413 'um.

866 2644 1091 2689 INCIPIT
1136 2643 1443 2689 EXPOSITIO
1488 2642 1732 2689 REGULE
1774 2644 1956 2689 ΒΒΔΤῙ
2002 2644 2320 2690 BENEDICTI
2363 2645 2643 2691 ABBATIS.

30 2796 205 2850 νει-ω
268 2791 597 2849 dilectionis
651 2788 1030 2862 praerogativa
1082 2788 1424 2844 circumﬂuo
1484 2789 1699 2844 domno
1730 2791 1778 2855 B
1811 2789 2107 2861 ingratus;
2142 2791 2245 2845 sed
2278 2790 2435 2861 quia,
2470 2794 2534 2844 ut
2562 2789 2641 2844 ait
2669 2790 2876 2845 beatus
2908 2789 3245 2863 Gregorius,
3274 2792 3454 2865 degu-

27 2884 345 2940 Onsuuco
375 2878 686 2937 venerabili
718 2877 1247 2951 episeopo,Theuzo
1275 2881 1540 2949 peccator
1570 2893 1697 2949 per-

26 2978 237 3046 petuae
268 2968 565 3025 felicitatis
603 2967 865 3035 obsonia,
899 2984 963 3023 ac
994 2971 1288 3039 perpetuae
1329 2964 1702 3021 indeﬁeentia

26 3058 352 3118 ﬁdelitatis
383 3056 799 3114 emolumenta.

98 3151 491 3220 Quanquam,
526 3147 604 3202 mi
626 3145 951 3203 venerande
985 3145 1152 3200 Pater
1180 3145 1334 3200 beati
1366 3145 1555 3199 Patris
1592 3143 1696 3197 Be-

25 3238 264 3296 nedicti
298 3236 528 3310 Regula:
559 3236 717 3291 dicta
746 3235 805 3290 in
838 3233 1134 3308 plerisque
1165 3234 1470 3289 vidcantur
1498 3236 1698 3303 aperta

26 3345 163 3385 esse
189 3331 258 3384 et
285 3325 766 3395 dilucida,tamen
789 3323 849 3379 in
873 3323 1224 3396 quibusdam
1250 3323 1448 3377 minus
1474 3321 1695 3377 studio-

29 3419 133 3486 sis,
172 3421 267 3484 et,
298 3420 365 3472 ut
392 3415 473 3471 ita
513 3414 728 3484 dicam,
780 3413 995 3468 imitari
1045 3415 1101 3468 et
1139 3411 1286 3468 scire
1336 3411 1694 3476 nolentibus,

28 3524 145 3563 non
188 3503 366 3561 facile
393 3508 537 3561 sunt
563 3502 845 3576 patentia,
890 3501 1215 3558 secundum
1256 3500 1409 3572 quod
1458 3499 1696 3554 illorum

30 3596 460 3652 demonstrant
498 3591 807 3665 opera.Qui
838 3590 888 3647 si
920 3590 1007 3645 vel
1038 3589 1241 3645 leviter
1261 3587 1573 3645 accedendi
1594 3605 1695 3660 po-

32 3685 340 3741 stularent
368 3681 698 3745 introitum,
731 3678 1036 3736 confestim
1068 3677 1179 3733 sibi
1211 3678 1401 3750 quoad
1424 3676 1700 3734 interiora

32 3777 356 3845 penetrare
381 3772 643 3841 possent,
667 3766 884 3823 ostium
917 3765 1243 3822 invenirent
1272 3766 1697 3837 apertum.Cla-

31 3862 114 3918 vis
144 3859 324 3918 enim
354 3856 624 3929 ejusdem
646 3855 782 3911 ostii
804 3854 1077 3911 continue
1099 3854 1313 3910 ibidem
1340 3855 1696 3926 dependens,

32 3967 147 4005 non
186 3964 259 4005 se
290 3944 648 4003 subduceret
666 3961 702 4000 a
721 3945 899 3999 manu
919 3941 1168 3998 libenter
1186 3942 1411 4014 operire
1434 3941 1696 3997 volentis.

32 4038 156 4101 Quo
196 4036 254 4093 si
286 4035 422 4109 quis
451 4032 633 4091 semel
653 4026 906 4089 intrasse
925 4031 1102 4089 fuerit
1121 4030 1607 4105 dignus,ulterius
1629 4032 1701 4088 de

1810 2882 1961 2933 stare
2001 2878 2274 2933 nolumus
2326 2878 2695 2934 dulcedinem
2750 2878 2909 2934 intus
2948 2879 3118 2935 nobis
3166 2884 3453 2953 paratam,

1810 2983 2080 3022 amamus
2113 2966 2250 3021 l‘oris
2281 2965 2480 3021 miseri
2533 2967 2746 3022 famem
2797 2970 3097 3023 nostram:
3148 2972 3453 3042 propterea

1806 3071 1912 3127 ego
1942 3072 2009 3110 ex
2035 3054 2206 3111 dictis
2236 3055 2687 3127 priscedentium
2730 3055 2968 3111 Patrum
3020 3056 3130 3112 hoc
3179 3057 3448 3114 strictum

1806 3143 2173 3216 breviterque
2202 3143 2515 3216 perstrinxi
2545 3143 2921 3217 opusculum,
2962 3162 3077 3200 non
3127 3146 3362 3218 penitus
3416 3165 3451 3203 a

1807 3248 1900 3287 me
1930 3233 2175 3299 editum,
2207 3234 2305 3288 sed
2340 3250 2408 3287 ex
2437 3232 2641 3288 alienis
2684 3232 2985 3290 laboribus
3036 3239 3326 3307 carptum,
3379 3253 3450 3292 ne

1807 3321 1953 3377 forte
1991 3322 2102 3377 sibi
2134 3322 2267 3393 quis
2288 3321 2421 3377 velit
2440 3321 2873 3378 excusationem
2897 3323 3180 3380 asciscere
3202 3324 3447 3396 malum,

1809 3411 2033 3465 nudum
2066 3410 2297 3483 Regulae
2329 3427 2444 3465 non
2468 3416 2663 3483 posset
2683 3427 2918 3482 carpere
2940 3413 3451 3487 textum.Denique

1806 3500 2079 3555 eumdem
2126 3503 2373 3568 textum,
2423 3498 2819 3571 particulatim
2867 3516 2971 3571 per
3017 3516 3275 3572 congrua
3322 3501 3453 3559 loca

1808 3586 2083 3655 divisum,
2116 3587 2416 3654 ordinans,
2447 3586 2727 3660 virgulas,
2753 3604 2866 3659 quo
2897 3586 3126 3644 facilius
3159 3589 3450 3661 quidquid

1806 3692 1874 3731 ex
1909 3692 1975 3732 eo
2032 3676 2309 3748 quaeritur
2346 3675 2591 3731 inveniri
2653 3675 2857 3748 possit,
2908 3676 3244 3748 prmnotavi.
3293 3677 3452 3733 Hanc

1807 3764 1990 3837 igitur
2036 3763 2435 3820 collectionem
2479 3768 2681 3820 vestris
2727 3764 3062 3837 paternitati
3109 3766 3452 3822 examinan-

1808 3854 1943 3909 dam
1977 3853 2182 3908 offerre
2212 3852 2429 3921 curavi,
2462 3857 2546 3923 ut,
2580 3852 2630 3907 si
2664 3854 2808 3908 forte
2847 3853 2917 3907 ad
2950 3853 3295 3910 aemulorum
3328 3872 3453 3911 ma-

1810 3959 1922 3997 nus
1952 3940 2147 3997 delata
2176 3939 2369 4009 fuerit,
2393 3957 2507 3996 non
2546 3940 2627 3995 ibi
2679 3941 3003 4013 quidquam
3036 3944 3191 4014 quod
3242 3943 3456 3999 canina

1809 4031 1981 4086 dente
2010 4029 2337 4097 corrodant,
2372 4029 2472 4084 sed
2504 4029 2698 4100 potius
2728 4030 2800 4085 ad
2832 4046 2931 4086 eos
2963 4031 3037 4086 ab
3067 4031 3294 4089 infelice
3323 4048 3477 4105 per-7

31 4104 500 4196 caducisvatque
528 4122 776 4180 terrenis
815 4120 1204 4179 incommodis
1236 4132 1376 4178 non
1435 4119 1704 4177 existeret
1733 4104 1776 4171 C
1809 4118 2026 4176 tinacia
2054 4122 2362 4187 removeat,
2396 4117 2647 4190 reperire
2676 4122 2912 4191 queant.
2943 4118 3165 4177 Valete.

29 4269 3464 4318 Ν

1408 4407 1574 4455 ANNO
1615 4405 1831 4454 DOIINI
1872 4405 2095 4453 HLVIII.

958 4535 2562 4836 MONACHUgggSATENSIS

1268 5070 1663 5145 NOTITIA
1715 5069 2250 5144 HISTORICA.

682 5223 935 5291 (FABRIC.
964 5222 1301 5278 Bibliotheca
1332 5222 1526 5279 mediae
1555 5226 1605 5277 et
1637 5221 1847 5291 inﬁma:
1875 5222 2210 5287 Latinitatis,
2242 5222 2384 5274 tom.
2420 5219 2513 5286 IV,
2545 5227 2678 5291 pa’g.
2713 5220 2843 5291 158)

1554 5374 1976 5383 —_—.—_—————

82 5472 243 5543 Odo,
294 5468 647 5528 monachus
685 5476 1030 5538 Fossalenszs,
1081 5471 1320 5543 scripsit
1365 5489 1519 5528 anno
1568 5474 1707 5529 1058
1738 5479 1781 5543 Ι)
1811 5471 2015 5528 Jacobi
2047 5471 2123 5525 du
2159 5468 2349 5533 Breul,
2376 5468 2731 5525 Bcnedictini
2754 5466 3167 5542 supplemento
3190 5459 3471 5534 Antiqui-

14 5563 223 5618 Vitam
259 5562 484 5619 damni
511 5562 813 5620 Burchardi
841 5562 1075 5619 comitis
1108 5560 1564 5626 Melodunensis,
1610 5562 1709 5634 qui

2 5651 184 5726 apud
230 5652 570 5727 Hugonem
599 5648 875 5727 Capetum
901 5657 957 5707 et
988 5650 1304 5705 Robertum
1345 5651 1474 5721 ejus
1524 5651 1709 5706 ﬁlium

1 5740 377 5823 gratiosus,
414 5740 574 5800 diem
604 5742 746 5800 obiit
770 5744 835 5800 A.
870 5739 1029 5798 1012.
1062 5738 1264 5796 Exstat
1292 5739 1353 5796 in
1382 5738 1560 5796 Brolii
1591 5738 1711 5796 sive

1820 5565 2006 5615 tatem
2040 5557 2480 5623 Parisiensium,
2516 5558 2694 5626 Paris,
2736 5559 2897 5627 1614,
2930 5556 2982 5624 4,
3041 5561 3098 5612 et
3130 5557 3189 5612 in
3228 5552 3470 5611 Andreas

1820 5649 1898 5703 du
1929 5647 2175 5714 Chesnc,
2207 5650 2250 5701 t.
2286 5646 2357 5700 IV
2387 5646 2750 5718 Scriptorum
2784 5648 2854 5703 de
2885 5646 3060 5702 rebus
3091 5647 3467 5713 Francorum,

1821 5756 1879 5815 p.
1912 5737 2039 5807 115,
2072 5738 2130 5793 et
2154 5733 2743 5808 Gallice,Sebastiano
2783 5734 3120 5796 Roulliardo
3140 5736 3467 5811 interprete
