3966 6212
352 313 470 377 843

896 310 1207 373 THEUZO
1248 308 1604 370 EREMITA
1648 308 1746 367 ET
1790 303 2243 367 MONACHUS.
2275 336 2354 350 -
2384 305 2703 368 NOTITIA
2746 304 3188 369 HISTORIGA.

3632 311 3769 373 844

353 448 452 520 qui
482 446 691 503 renuit.
720 445 838 516 Ego
869 447 1063 498 autem
1095 440 1400 497 confestim
1440 443 1505 495 ut
1531 439 1641 495 hoc
1686 438 1836 506 novi,
1870 437 1985 492 vidi
2017 437 2073 503 Α
2102 438 2446 505 stificentur,
2480 438 2581 508 qui
2603 439 2673 494 ab
2702 455 2768 494 eo
2791 442 2930 495 sunt
2944 438 3216 495 ordinati.
3240 438 3440 511 Neque
3472 441 3767 500 ecclesias

354 537 656 610 praefatum
687 530 1209 602 archiepiscopum,
1226 528 1495 600 voluiquc
1517 528 1567 583 ei
1593 529 1884 583 afﬁrmare
1908 526 1993 581 di-

356 629 577 679 rectum
607 626 663 677 et
691 621 761 675 de
792 636 885 674 me
917 622 973 674 et
1001 618 1073 673 de
1102 618 1350 690 conjuge
1381 634 1509 672 mea
1537 622 1593 672 et
1622 617 1692 671 de
1719 616 1995 671 omnibus

356 712 502 768 meis
534 707 834 781 injudicio
856 707 946 763 sui
969 706 1198 762 dimeesi
1223 707 1627 779 episcoporum
1658 710 1713 761 et
1741 704 1994 777 episcopi

354 799 588 855 Arelato
609 815 711 871 per
732 797 931 853 decem
952 796 1138 851 millia
1160 795 1397 863 solidos;
1425 796 1523 868 qui
1551 794 1761 849 renuit.
1779 794 1996 849 Deinde

354 889 413 945 in
436 886 661 961 judicio
690 885 867 960 legati
897 885 1197 958 apostolici
1232 888 1288 940 et
1318 885 1496 955 hujus
1522 888 1733 939 sanetae
1767 883 1993 955 synodi;

353 983 409 1035 et
432 975 834 1050 huncsprevit.
852 975 936 1030 Ad
958 974 1232 1029 ultimum
1247 990 1379 1029 vero
1392 972 1707 1028 exclamavi
1729 977 1996 1028 sanctum

355 1068 591 1124 Petrum
622 1064 983 1137 etjudicium
1008 1063 1207 1118 domui
1232 1061 1530 1135 apostolici
1556 1061 1778 1117 utirem
1804 1078 1997 1117 coram

357 1172 445 1221 eo,
476 1155 611 1210 etin
641 1154 769 1224 ejus
800 1169 975 1207 manu
1009 1151 1059 1205 ei
1094 1140 1448 1205 afﬁrma’rem
1489 1150 1794 1205 directum.
1834 1150 1999 1203 llunc

360 1243 544 1299 multo
568 1240 953 1316 parvipendit;
970 1240 1070 1295 sed
1087 1230 1581 1294 excommunicavi
1594 1245 1612 1292 ι
1626 1238 2001 1293 inclementer

360 1336 534 1404 atque
564 1331 784 1403 injuste
814 1345 907 1384 me
932 1333 989 1384 et
1021 1344 1209 1383 meam
1231 1343 1492 1394 uxorem,
1512 1343 1788 1398 meosque
1811 1326 1998 1382 infau-

359 1425 468 1489 tes,
501 1424 559 1477 et
577 1436 811 1476 omnem
844 1420 1100 1473 nostram
1135 1420 1372 1481 terram,
1404 1420 1523 1470 tam
1557 1414 1888 1483 crudeliter,
1922 1416 2002 1472 ita

361 1514 428 1565 ut
454 1507 653 1564 nullus
686 1507 767 1563 ibi
790 1505 1116 1578 baptizatur
1144 1504 1243 1576 (3),
1268 1521 1371 1559 nec
1392 1503 1873 1571 communicetur,
1899 1522 2001 1560 nec

361 1597 698 1671 sepeliatur.
746 1596 863 1651 Nos
892 1598 1109 1661 autem,
1141 1592 1253 1649 nisi
1284 1593 1458 1647 timor
1500 1592 1599 1647 Dei
1635 1598 1806 1661 esset,
1842 1595 1999 1665 parvi

362 1690 752 1763 penderemus
783 1701 951 1741 suam
991 1681 1675 1749 excommunicationem,
1711 1698 1885 1754 quem
1920 1688 2003 1739 tot

2106 542 2243 580 mea:
2274 530 2438 581 terrm
2469 542 2808 583 consecrare
2836 527 3036 597 voluit,
3079 527 3263 584 donec
3292 529 3496 586 datum
3545 547 3763 588 earum

2104 615 2310 671 tenuit.
2336 615 2531 688 Nuper
2551 620 2746 671 autem
2771 617 2917 672 duos
2939 633 3100 673 meos
3122 617 3338 675 milites
3358 620 3662 678 venientes
3682 637 3769 679 ex

2103 704 2299 777 vigilia
2328 711 2541 761 sanctae
2573 705 2886 763 Salvatoris
2905 708 3159 775 Auianze,
3184 708 3278 764 die
3298 709 3662 782 Epiphaniae,
3685 727 3763 767 eo

2098 796 2345 864 jubente
2376 800 2549 867 atque
2566 796 2943 869 suﬂ‘ragante,
2962 800 3100 852 sunt
3120 798 3273 870 capti
3305 803 3362 854 et
3390 799 3559 866 tenti,
3582 804 3642 856 et
3654 817 3763 857 eos

2108 884 2208 956 qui
2240 884 2371 940 illos
2423 890 2700 956 ceperunt
2728 886 3073 957 patrocinat,
3114 891 3169 942 et
3199 887 3303 943 dat
3332 887 3417 945 eis
3447 889 3756 946 solidatas.

2109 975 2239 1029 Idco
2270 992 2374 1046 ego
2398 975 2779 1047 Bereugarius
2797 975 3070 1047 praefatus
3083 976 3232 1032 hanc
3250 978 3416 1033 vobis
3432 981 3491 1034 et
3505 978 3761 1034 Domino

2107 1063 2222 1118 Deo
2255 1063 2400 1118 facio
2423 1063 2869 1134 querimoniam,
2895 1069 2951 1119 et
2967 1064 3537 1137 postulojustitiam;
3571 1083 3759 1140 quam

2112 1152 2221 1206 nisi
2256 1153 2661 1223 impetravero,
2686 1170 2803 1208 suae
2835 1154 3423 1210 excommunicationi
3440 1157 3601 1229 parvi
3615 1172 3760 1228 pen-

2110 1243 2267 1309 dero,
2308 1247 2363 1296 et
2404 1242 2460 1295 in
2488 1258 2676 1296 meam
2708 1245 2922 1297 terram
2956 1246 3223 1313 treguam
3256 1243 3479 1300 nullam
3518 1246 3756 1311 tenebo,

2111 1347 2299 1402 neque
2322 1330 2615 1401 judicium
2647 1330 2950 1402 apostolici
2978 1331 3237 1404 amplius
3267 1332 3622 1389 acclamabo.

2180 1420 2342 1484 Quod
2372 1437 2477 1490 ego
2508 1419 2889 1491 Bereugarius
2920 1420 2999 1475 ita
3024 1420 3294 1493 superius
3322 1438 3531 1493 queror
3559 1423 3634 1478 ad
3668 1422 3759 1479 le-

2111 1516 2275 1582 gatos
2299 1510 2516 1565 summi
2540 1508 2830 1581 pontiﬁcis
2851 1510 3147 1582 superius,
3178 1514 3234 1565 et
3253 1511 3324 1566 ad
3354 1515 3592 1567 cunctos
3620 1512 3754 1583 epi-

2112 1616 2318 1671 scopos
2349 1604 2406 1654 et
2425 1598 2684 1666 abbatcs,
2705 1598 2982 1670 quoniam
3008 1599 3081 1654 ad
3107 1599 3395 1672 synodum
3409 1598 3629 1655 Arelati
3649 1616 3752 1655 co-

2113 1690 2325 1743 nabam
2365 1688 2689 1754 ostendere.
2732 1688 2843 1743 Sed
2889 1688 3169 1759 quoniam
3216 1687 3363 1743 nihil
3409 1687 3647 1761 profuit,
3681 1688 3762 1744 ad

363 1779 535 1835 malis
566 1775 835 1833 novimus
866 1772 1233 1837 sceleratum,
1267 1778 1321 1826 et
1359 1788 1392 1826 a
1421 1788 1571 1843 papa
1601 1772 1829 1828 Victore
1868 1790 2001 1830 cum
2028 1802 2080 1873 Β
2115 1778 2399 1832 domuum
2449 1776 2829 1849 apostolicum
2871 1778 2997 1832 ideo
3027 1776 3216 1833 libens
3261 1778 3490 1833 mittere
3537 1777 3758 1833 curavi.

360 1885 469 1924 cxx
499 1865 785 1939 episcopis
800 1860 1357 1918 auathematizatum
1378 1862 1473 1931 (4),
1496 1864 1553 1915 et
1578 1861 1999 1932 Simoniacum,

364 1958 466 2030 qui
488 1972 690 2013 omnes
710 1954 945 2009 ordines
976 1969 1116 2007 suos
1143 1950 1421 2017 vendidit,
1447 1951 1546 2022 qui
1565 1969 1768 2009 omnes
1788 1953 2004 2026 episco-

362 2064 489 2120 pos,
520 2051 744 2101 taceam
766 2043 836 2098 de
853 2040 1078 2109 alienis,
1103 2041 1201 2098 sed
1225 2055 1428 2096 omnes
1450 2056 1598 2111 quos
1620 2042 1676 2097 in
1701 2060 1831 2098 mea
1852 2048 2006 2101 terra

364 2133 672 2202 ordinavit,
707 2148 893 2205 usque
922 2130 994 2186 ad
1026 2129 1410 2185 novissimum
1444 2131 1828 2201 quadrantem
1858 2134 2004 2188 redi-

364 2240 521 2281 mere
541 2222 693 2280 t‘ecit.
721 2220 885 2286 Quod
905 2219 953 2276 si
977 2236 1093 2275 non
1124 2219 1381 2283 creditis,
1406 2220 1787 2276 Lutevensem
1811 2223 2006 2294 requi-

366 2313 475 2370 rite
521 2311 864 2384 episcopum
895 2315 953 2364 et
981 2307 1363 2364 Helenensem
1403 2313 1460 2363 et
1489 2308 1549 2363 hi
1588 2309 1698 2365 hoc
1729 2310 1890 2367 vobis
1921 2316 2002 2367 te-

439 2490 517 2558 (3)
546 2488 743 2543 Nullus
768 2486 848 2541 ibi
867 2486 1193 2556 baptizetur.
1214 2484 1437 2558 Durum
1462 2484 1604 2541 illud
1629 2505 1694 2543 ac
1722 2488 1887 2545 valde
1918 2490 2006 2546 in-

366 2556 719 2623 humanum,
751 2560 808 2611 et
836 2572 1077 2629 prorsus
1103 2556 1457 2629 contrarium
1488 2558 1705 2629 regulis
1736 2560 2007 2618 ecclesia-

370 2631 555 2698 sticis,
589 2646 718 2701 qum
732 2626 993 2701 tempore
1015 2626 1310 2701 interdicti
1337 2626 1781 2701 servaut'locum
1807 2633 2011 2689 buma-

373 2703 564 2775 uitati,
605 2698 996 2775 concedentes
1040 2698 1333 2775 baptisma
1370 2700 1771 2775 parvulorum,
1828 2707 2009 2775 paeni-

368 2768 583 2831 tentias
596 2768 994 2849 morientium,
1019 2768 1293 2823 viaticum
1314 2768 1551 2826 in'exitu
1573 2768 1799 2849 mortis,
1823 2768 2014 2849 sepul-

1104 2856 1340 2963 fperum,
1364 2844 1828 2923 peregrinorum,
1856 2844 1911 2903 et
1932 2850 2015 2904 iu-

1125 2928 1209 2963 ra.
1233 2912 1669 2963 benedictionem
1700 2919 2012 2963 nnntinlng

371 2915 687 2999 fanti’um‘a
718 2910 1209 2999 bimalu‘etint‘ra,
1233 2910 1669 2999 benedictiones
1700 2910 2013 2999 nuptiales,

371 2980 1168 3059 puriﬁcationesmulierum,
1193 2989 1365 3059 prout
1386 2984 1445 3037 in
1474 2987 1651 3040 variis
1681 2980 2018 3058 regionibus

374 3052 586 3129 regulae
608 3053 950 3129 variantrln
963 3052 1300 3129 universum
1323 3058 1515 3129 tamen
1541 3052 1835 3113 afﬁrmare
1862 3062 2015 3124 licet,

372 3123 632 3199 tempore
662 3123 954 3199 interdicti
979 3123 1329 3199 permissum
1363 3126 1543 3182 fuisse
1566 3129 1859 3199 baptisma
1890 3123 2017 3199 par?

372 3193 665 3268 vulorum,
704 3196 960 3267 itemque
980 3193 1404 3266 pcnuitentiam
1445 3193 1842 3255 morientium.
1872 3193 2018 3258 Vide

371 2851 567 2900 turam
597 2840 965 2905 clericorum,
993 2856 1103 2910 pnu

2112 1868 2294 1931 Quem
2347 1883 2506 1939 rogo,
2541 1883 2641 1938 per
2664 1865 2849 1921 Deum
2882 1870 2938 1921 et
2966 1869 3237 1920 sanctum
3286 1870 3549 1936 Petrum,
3581 1868 3648 1921 ut
3683 1865 3762 1921 ab

2115 1956 2223 2011 hac
2244 1954 2841 2011 exeommunicatione
2870 1956 2973 2022 ;me
3011 1952 3292 2021 absolvat,
3327 1969 3575 2025 meoque
3612 1969 3767 2026 prae-

2115 2044 2229 2099 suli
2261 2044 2331 2098 de
2354 2060 2446 2098 me
2476 2041 2814 2105 satisfaciat,
2839 2040 3116 2111 quoniam
3160 2056 3346 2110 usque
3372 2041 3620 2096 Romam
3650 2057 3771 2113 ego

2115 2131 2391 2187 libentius
2413 2130 2746 2185 satisfacere
2775 2128 2854 2182 ire
2877 2144 2993 2183 non
3023 2127 3257 2199 ambigo
3281 2145 3294 2195 ;
3328 2127 3445 2196 ille,
3472 2129 3588 2184 nisi
3611 2128 3768 2201 liga-

2114 2226 2230 2287 tus,
2269 2219 2508 2289 inquam
2540 2222 2747 2287 sponte
2772 2232 2884 2271 non
2909 2216 3031 2275 ibit.

2117 2504 2267 2560 cap.,
2285 2488 2639 2560 lnquisilioui
2655 2494 2782 2553 tum,
2802 2485 3148 2560 Desentent.
3167 2483 3768 2560 excommuu._§ALuz.

2189 2554 2265 2631 (4)
2290 2554 2844 2631 Analhcmatimtam.
2877 2555 3173 2631 Nimirum
3190 2554 3248 2631 in
3273 2554 3517 2631 concilio
3542 2554 3775 2631 Floren-

2118 2625 2262 2695 tino,
2304 2632 2465 2712 quod
2492 2647 2532 2712 Ia
2563 2646 2714 2712 papa
2742 2628 2969 2712 Victore
2998 2628 3053 2712 _lI
3082 2626 3351 2712 habitum
3392 2625 3581 2707 fuerat
3610 2642 3773 2682 anno

2121 2696 2441 2774 superiore.
2486 2696 2589 2757 Cui
2629 2696 2874 2774 concilio
2929 2697 3263 2774 intermissae
3300 2712 3417 2774 exin
3463 2696 3777 2774 episcopos

2122 2767 2287 2830 docet
2309 2775 2405 2829 hic
2426 2774 2608 2837 locus.
2633 2772 2717 2824 Ad
2744 2786 2872 2823 eam
2892 2783 3062 2838 porro
3083 2767 3346 2822 Guifredi
3370 2767 3778 2838 Narbonensis

2125 2843 2783 2901 excommunicationem
2834 2837 3156 2912 respexisse
3184 2838 3419 2893 videtur
3437 2837 3780 2912 Gregorius

2124 2912 2241 2980 VII,
2275 2919 2416 2971 dum
2453 2915 2573 2969 hanc
2613 2913 2668 2965 in
2712 2908 2956 2965 concilio
2990 2911 3249 2964 Romano
3290 2908 3601 2966 sanciebat'
3617 2927 3780 2968 anno

2129 2989 2267 3043 10’18
2301 3007 2313 3043 ε
2351 2993 2691 3042 chovamus
2719 2984 2885 3036 etiam
2915 2982 3596 3055 excommunicationema
3622 2998 3779 3055 prx-

2126 3058 2495 3113 deressnribus
2549 3056 2754 3108 nostris
2799 3056 3007 3123 factam
3052 3068 3216 3123 super
3240 3050 3558 3123 Guilredum
3589 3050 3783 3108 archi-

2129 3132 2435 3201 episcopum
2466 3126 2886 3201 Narbonensem,
2910 3128 2960 3178 et
2977 3124 3179 3201 absque
3206 3124 3324 3178 ulla
3344 3125 3785 3201 recuperationis

2128 3195 2221 3267 spe
2248 3195 2318 3257 ab
2340 3198 2633 3270 episcopali
2662 3197 2840 3267 ofﬁcio
2868 3211 2993 3250 eum
3008 3195 3406 3251 submovemas.
3439 3195 3521 3251 In.

373 3335 3774 3367 Μ

1793 3461 1956 3508 ANNO
1998 3462 2148 3508 DOMI
2190 3460 2356 3508 MLVII

1664 3594 2473 3726 THEUZO

1128 3790 1454 3847 EREMITA
1493 3791 1584 3847 ET
1624 3793 2011 3852 MONACHUS
2049 3795 2108 3851 S.
2151 3793 2426 3850 MARLIE
2464 3791 2554 3846 DE
2591 3790 3008 3847 FLOREN’I‘IA.

1499 4035 1968 4123 NOTITIA
2025 4033 2643 4125 HISTORICA

1388 4183 1651 4245 (Annales
1678 4186 2141 4257 Gamaldulenses,
2172 4189 2316 4242 tom.
2352 4185 2422 4254 II,
2455 4198 2586 4255 pag.
2624 4183 2747 4251 163)

1866 4337 2267 4351 *-

443 4428 904 4502 Distinguendus
948 4434 1042 4487 est
1070 4430 1302 4486 Theuzo
1328 4432 1569 4489 eremita
1605 4438 1660 4489 et
1686 4436 2010 4491 monachus
2039 4438 2086 4503 D
2118 4432 2423 4500 monacho,
2448 4429 3767 4502 cujusinterventuPrataliensemonasterium

364 4518 586 4574 Sanctae
618 4516 810 4573 Maria:
832 4519 902 4575 de
937 4520 1225 4575 Florentia
1256 4519 1329 4575 ab
1360 4520 1473 4575 alio
1503 4521 1714 4577 celebri
1757 4529 1813 4579 et
1844 4525 2008 4579 beato

364 4606 690 4674 Theuzoue,
731 4608 915 4663 sancti
943 4607 1189 4665 Joannis
1218 4607 1513 4664 Gualberti
1563 4609 1871 4683 discipulo,
1904 4613 2004 4684 qui

362 4697 564 4752 eodem
586 4700 843 4767 tempore
863 4698 1091 4753 vivebat
1114 4716 1127 4766 ;
1152 4697 1223 4752 de
1247 4714 1360 4768 quo
1382 4698 1722 4754 consulendi
1740 4705 2006 4756 auctores

365 4784 858 4841 Vallumbrosani.
910 4786 1079 4842 Alius
1118 4786 1335 4859 pariter
1370 4786 1598 4842 videtur
1650 4806 1683 4843 a
1731 4788 2006 4845 Theuzone

357 4873 622 4929 monacho
642 4877 693 4929 et
713 4873 940 4942 indigno
963 4874 1253 4938 sacerdote,
1286 4873 1384 4945 qui
1426 4890 1487 4929 se
1527 4875 1843 4930 subscribit
1873 4880 2006 4948 post

356 4960 614 5032 Petrum,
636 4962 815 5034 hujus
839 4962 1092 5017 nominis
1116 4963 1460 5028 secundum,
1487 4963 1757 5018 abbatem
1781 4968 2005 5019 Sancta:

357 5050 549 5106 Mariae
576 5050 898 5117 Florentiae,
924 5051 978 5105 in
1003 5050 1204 5106 charta
1226 5052 1667 5106 restaurationis
1692 5052 2001 5121 cujusdam

354 5137 663 5212 hospitalis
721 5141 872 5212 apud
926 5138 1339 5195 Pucciuellium
1395 5139 1616 5211 (Chron.
1664 5141 1839 5196 abbat.
1887 5144 2003 5196 Flo-

355 5230 518 5296 rent.,
542 5244 597 5298 p.
619 5230 768 5297 254);
793 5245 928 5283 nam
951 5229 1182 5284 Theuzo
1201 5229 1441 5283 eremita
1471 5228 1862 5283 verisimiliter
1884 5248 1998 5285 nou

355 5314 464 5368 fuit
503 5317 812 5385 sacerdos;
867 5316 1211 5373 sarrimzcnla
1255 5316 1431 5384 enim,
1492 5321 1636 5372 teste
1691 5318 1996 5385 Damiano,

2120 4523 2230 4578 sub
2264 4539 2371 4577 sua
2402 4519 2754 4594 protectione
2786 4536 3052 4592 recepere
3082 4537 3234 4576 anno
3264 4520 3405 4576 1002
3443 4519 3575 4576 Otto
3607 4519 3678 4587 Il,
3710 4524 3770 4576 et

2117 4628 2269 4667 anno
2300 4612 2436 4666 1020
2480 4609 2785 4678 Henricus,
2821 4609 3225 4682 imperatores.
3253 4609 3501 4665 Putatur
3529 4607 3766 4664 Theuzo

2115 4701 2361 4755 eremita
2381 4702 2583 4753 auctor
2602 4698 3018 4755 Commentarii
3048 4698 3106 4753 in
3130 4696 3412 4769 Regulam
3433 4694 3620 4749 sancti
3652 4699 3765 4751 Pa-

2116 4789 2222 4843 tris
2252 4785 2571 4854 Benedicti,
2597 4803 2771 4858 quem
2795 4787 3009 4842 dieavit
3030 4786 3300 4858 episcopo
3322 4781 3608 4838 Odelrico.
3634 4781 3765 4836 Dri-

2112 4877 2323 4932 xianus
2373 4875 2554 4947 hujus
2594 4875 2850 4931 nominis
2881 4875 3126 4930 antistes
3152 4871 3380 4927 vivebat
3409 4885 3563 4925 anno
3597 4870 3760 4940 1027,

2113 4970 2168 5019 et
2207 4965 2455 5021 decessit
2500 4980 2652 5018 anno
2690 4964 2839 5017 1048.
2893 4961 3052 5017 Alter
3097 4958 3398 5016 Odelricus
3448 4957 3762 5016 Firmanus

2113 5055 2425 5126 episcopus
2465 5051 2819 5123 subscripsit
2846 5049 3088 5105 concilio
3120 5050 3381 5104 Romano
3412 5064 3566 5103 anno
3599 5048 3759 5115 1059,

2111 5144 2203 5198 cui
2234 5144 2407 5198 etiam
2437 5140 2740 5213 epistolam
2765 5139 2924 5195 dedit
2940 5139 3094 5195 circa
3117 5154 3338 5195 annum
3361 5138 3494 5193 1061
3521 5135 3758 5193 Damia-

2112 5250 2244 5288 nus.
2265 5231 2457 5287 Potuit
2486 5235 2681 5285 tamen
2712 5229 2900 5302 ipsius
2919 5227 3335 5285 Commentarii
3374 5230 3576 5283 auctor
3604 5242 3754 5295 esse,

2108 5321 2256 5376 alter
2285 5336 2414 5375 esse
2435 5318 2666 5374 Theuzo
2689 5318 3013 5374 monachus
3035 5318 3252 5391 pariter
3280 5316 3623 5373 Florentium
3653 5315 3754 5370 ab-

352 5401 541 5456 divina
591 5418 694 5473 per
737 5407 901 5460 totius
941 5408 1081 5460 anni
1116 5406 1389 5461 circulum
1451 5407 1677 5460 nonnisi
1730 5409 1916 5475 semel,
1948 5416 1999 5463 et
2107 5408 2299 5476 batiaa,
2327 5405 2413 5463 vel
2432 5405 2647 5476 aliquis
2664 5406 2814 5462 alius
2836 5407 3101 5478 ejusdem
3124 5404 3381 5463 nominis
3407 5403 3752 5472 monachus;

353 5493 466 5539 tum
504 5503 617 5542 non
653 5506 687 5543 a
733 5492 821 5544 sui
865 5494 1183 5547 monasterii
1223 5492 1611 5559 sacerdotibus,
1653 5491 1747 5547 sed
1773 5493 1996 5551 aliunde

356 5575 601 5645 quaesitis
630 5575 1007 5650 percipiebat.
1039 5578 1205 5637 Alius
1235 5580 1475 5636 demum
1507 5584 1597 5639 est
1625 5597 1659 5638 a
1687 5580 1993 5642 Theuzone

2106 5496 2224 5551 imo
2248 5496 2462 5567 pignus
2491 5494 2767 5549 daremus
2788 5494 3159 5552 Tbeuzonem
3182 5495 3430 5567 hujusce
3450 5497 3753 5550 Commen-

2102 5583 2237 5643 tarii
2282 5582 2629 5656 scriptorem
2680 5582 3091 5659 requirendam
3123 5600 3252 5644 esse
3280 5584 3432 5643 inter
3476 5580 3754 5643 Mediola-
