3966 6212
72 362 187 423 845

676 358 681 365 “
777 359 936 421 ODO
979 360 1306 422 FOSSAT.
1353 361 1811 425 MONACHUS.
1844 394 1924 411 --
1954 364 2276 427 NOTITIA
2318 365 2762 429 HISTORICA.

3350 366 3469 429 846

72 511 278 551 nenscs
302 494 950 567 monachoantegrum
982 510 1128 566 opus
1155 471 1709 565 percurrimusmnl-
1743 501 1793 562 Α
1825 496 2237 553 Jledtolanensz‘s
2292 502 2615 555 monasterii
2656 498 2821 555 abbas
2862 506 3141 570 perpetua:
3189 497 3470 569 felicitatis

67 584 286 656 libique
316 600 380 639 se
411 587 615 640 auctor
645 584 839 655 prodit
867 582 1061 653 aliquo
1093 581 1329 646 indicio,
1364 583 1475 637 nisi
1527 584 1714 654 capite

69 674 156 739 14,
216 672 314 727 ubi
364 671 669 744 inquirens
706 672 966 742 quomodo
986 671 1312 742 peragendae
1356 673 1469 726 sint
1510 674 1714 741 vigiliae

66 764 125 815 in
153 762 433 815 natalitizs
472 767 802 825 sanctorum,
852 758 1184 831 exemplum
1235 759 1401 814 offert
1449 759 1713 815 Ecclesia;

66 847 540 913 Mediolanensis,
586 849 684 903 ubi
734 864 962 918 corpora
1018 852 1309 903 servantur
1354 852 1408 903 et
1460 849 1715 904 coluntur

62 938 238 993 sancti
274 937 549 992 Ambrosii
591 946 642 993 et
689 941 1007 992 sanctorum
1065 936 1312 992 Gervasii
1356 944 1407 992 et
1445 939 1707 993 Protasiz‘.

64 1026 132 1082 Et
161 1025 351 1098 capite
378 1027 442 1081 61
475 1024 725 1098 loquens
773 1027 846 1081 de
888 1025 1195 1081 monachis
1246 1025 1591 1097 peregrinis,
1647 1043 1712 1080 ac

64 1113 396 1186 exemplum
428 1115 725 1171 adducens
747 1116 1133 1169 formatarum
1158 1114 1713 1186 epistolarum,quas

65 1203 318 1259 scribere
347 1203 561 1259 debent
586 1204 825 1259 abbates
844 1203 1098 1276 episcopi
1108 1202 1284 1269 s,haec
1306 1202 1478 1257 verba
1496 1202 1671 1258 habet
1695 1220 1708 1259 :

66 1292 379 1349 Venerabili
429 1292 881 1348 Christicolarum
929 1294 1041 1347 vita
1090 1292 1355 1358 decorata,
1407 1292 1532 1361 plus
1581 1293 1711 1347 ca’lo

65 1398 228 1453 quam
253 1385 421 1438 terrm
448 1382 648 1448 vicino,
678 1380 875 1436 domno
906 1380 991 1436 ill.
1023 1381 1256 1453 praesuli
1289 1379 1596 1436 venerando
1626 1379 1708 1435 ill.

1826 586 2061 655 obpudz’a
2089 591 2247 657 alque
2276 589 2644 657 angelicorum
2674 590 2902 661 synaxis
2939 588 3229 644 consortia.
3260 586 3471 643 Praeter

1823 674 2120 746 exemplar
2149 676 2481 731 chartarum
2509 677 2686 748 hujus
2707 676 3120 732 Commentarii
3142 675 3471 732 Theuzonis

1824 763 1978 833 quod
2010 763 2296 818 asservari
2328 764 2386 819 in
2419 765 2654 820 abbatia
2684 764 3017 820 Florentino.
3063 764 3173 820 sub
3205 781 3370 820 num.
3399 765 3473 820 58

1823 850 2035 907 asserit
2067 850 2462 916 Mabillonius,
2497 853 2768 924 quodque
2799 853 3008 909 saeculo
3038 870 3131 908 xw
3181 853 3291 907 fuit
3336 870 3469 909 con-

1823 938 2560 1010 scriptum,nitidissimum
2588 940 2835 996 alterum
2859 941 3154 1014 exemplar
3182 942 3470 998 membra-

1821 1026 2372 1096 naceum,saeculum
2404 1046 2501 1083 xw
2529 1028 2615 1083 vel
2642 1046 2711 1083 xv
2742 1034 3307 1094 exaratum,servant
3336 1047 3466 1086 mo-

1821 1115 1988 1171 nachi
2017 1116 2200 1171 nostri
2225 1116 2418 1170 Sancti
2442 1116 2670 1170 Mathiaa
2692 1117 2763 1171 de
2777 1117 3137 1185 Muriano,ex
3156 1135 3269 1188 quo
3288 1118 3466 1174 etiam

1820 1202 2127 1274 epistolam
2190 1201 2399 1273 ipisius
2449 1203 2935 1274 nuncupatoriam
2986 1204 3057 1258 ad
3113 1203 3465 1271 Odelricam,

1820 1307 1948 1362 quae
1981 1291 2212 1362 praefixa
2230 1294 2318 1345 est
2342 1290 2769 1346 Commentario
2787 1308 2888 1346 seu
2912 1292 3106 1363 potius
3136 1291 3463 1348 collectioni

1821 1394 1891 1434 ex
1919 1379 2093 1435 dictis
2122 1379 2573 1451 praecedentium
2607 1379 2865 1446 Patrum,
2898 1380 3129 1436 damus.

1450 1647 2080 1737 PROLOGUS

453 1835 1158 1927 EXPOSITIONIS
1200 1836 1620 1926 REGULIE
1675 1837 1761 1923 S.
1805 1836 1892 1923 P.
1938 1836 2033 1924 N.
2077 1835 2607 1924 BENEDIGTI
2650 1835 3078 1925 ABBATIS

1242 2014 1519 2095 Scriptus
1549 2033 1586 2075 a
1614 2016 1947 2075 Tusuzous
1978 2015 2280 2075 monacho.

189 2178 412 2249 (Annal.
448 2156 717 2241 Camald.,
749 2179 892 2230 tom.
924 2174 995 2242 ll,
1027 2174 1288 2246 Append.
1323 2190 1378 2245 p.
1415 2174 1535 2241 156,
1555 2188 1636 2297 5x
1668 2173 1864 2300 chice
1896 2173 2095 2317 saiculi
2126 2191 2227 2229 xm
2261 2173 2598 2230 monasterii
2624 2174 2681 2229 S.
2719 2172 2949 2230 Mathiae
2975 2173 3046 2230 de
3077 2174 3344 2231 Mariano

1604 2261 1709 2300 ene
1736 2261 1947 2301 larum.

1604 2261 1947 2301 eneuarum.

878 2528 1101 2573 INCIPIT
1145 2527 1452 2573 EXPOSI‘I‘IO
1497 2528 1739 2575 REGULE
1781 2531 1964 2575 ΒΕΑΤΙ
2008 2530 2328 2576 BENEDICTI
2370 2530 2649 2576 ABBATIS.

57 2680 219 2734 Vera
279 2674 607 2733 dilectionis
661 2673 1039 2746 praerogativa
1092 2672 1435 2728 circumfluo
1494 2673 1708 2728 domno
1738 2676 1786 2741 B
1818 2675 2114 2746 ingratus;
2149 2677 2252 2731 sed
2286 2676 2443 2747 quia,
2477 2679 2542 2729 ut
2569 2674 2648 2729 ait
2677 2675 2884 2730 beatus
2915 2674 3252 2747 Gregorius,
3281 2676 3461 2749 degu-

54 2768 353 2824 Oosuuco
381 2762 695 2821 venerabili
728 2761 1256 2835 episcopo,Theuzo
1285 2764 1550 2833 peccator
1580 2778 1706 2833 per-

54 2862 247 2930 petua:
277 2853 571 2910 felicitatis
610 2851 874 2919 obsonia,
908 2868 973 2907 ac
1004 2855 1298 2923 perpetuae
1339 2849 1711 2906 indeﬁcentia

54 2942 360 3002 ﬁdelitatis
390 2940 809 2998 emolumenta.

122 3034 500 3104 Quanquam,
534 3031 614 3086 mi
635 3029 961 3086 venerande
993 3028 1161 3084 Pater
1189 3029 1343 3084 beati
1375 3029 1564 3084 Patris
1601 3028 1705 3082 Be-

52 3122 273 3179 nedicti
308 3120 538 3194 Regula:
569 3121 726 3175 dicta
755 3118 814 3173 in
846 3117 1142 3191 plerisque
1173 3118 1479 3173 vidcantur
1508 3122 1707 3189 aperta

53 3228 183 3268 esse
203 3215 266 3268 et
294 3209 776 3278 dilucida,tamen
798 3206 858 3262 in
881 3208 1234 3280 quibusdam
1259 3208 1457 3262 minus
1483 3207 1703 3263 studio-

54 3302 155 3369 sis,
189 3305 274 3369 et,
307 3303 373 3356 ut
400 3299 482 3359 ita
522 3298 737 3367 dicam,
790 3297 1005 3352 imitari
1053 3301 1111 3352 et
1147 3296 1295 3353 scire
1346 3296 1703 3361 nolentibus,

53 3407 166 3446 non
200 3388 375 3445 facile
403 3392 545 3445 sunt
572 3387 852 3461 patentia,
899 3386 1223 3442 secundum
1264 3385 1418 3457 quod
1466 3384 1704 3439 illorum

53 3480 468 3535 demonstrant
506 3475 815 3549 opera.Qui
846 3475 895 3531 si
927 3475 1015 3530 vel
1046 3474 1249 3530 leviter
1269 3473 1580 3530 accedendi
1602 3491 1703 3545 po-

54 3568 350 3624 stularent
378 3565 705 3629 introitum,
738 3562 1045 3620 confestim
1076 3562 1188 3617 sibi
1219 3562 1409 3634 quoad
1432 3561 1707 3618 interiora

51 3662 364 3728 penetrare
389 3656 651 3725 possent,
675 3651 892 3707 ostium
925 3649 1251 3706 invenirent
1281 3651 1705 3722 apertum.Cla-

50 3745 135 3802 vis
164 3745 334 3802 enim
363 3741 631 3813 ejusdem
653 3739 789 3796 ostii
811 3738 1085 3795 continue
1106 3738 1321 3794 ibidem
1348 3739 1703 3810 dependens,

50 3850 166 3890 non
200 3849 267 3890 se
300 3830 655 3888 subduceret
674 3845 709 3884 a
727 3844 906 3883 manu
927 3825 1176 3883 libenter
1195 3826 1419 3898 operire
1442 3824 1703 3881 volentis.

50 3922 174 3985 Quo
208 3922 263 3980 si
296 3920 431 3994 quis
460 3917 641 3976 semel
661 3918 914 3973 intrasse
933 3915 1110 3973 fuerit
1129 3913 1614 3989 dignus,ulterius
1636 3915 1707 3971 de

1819 2767 1970 2818 stare
2010 2763 2282 2819 nolumus
2332 2763 2703 2820 dulcedinem
2758 2762 2917 2818 intus
2956 2763 3126 2819 nobis
3173 2769 3460 2837 paratam,

1820 2867 2089 2906 amamus
2122 2852 2258 2906 foris
2289 2852 2486 2907 miseri
2540 2852 2754 2907 famem
2804 2855 3104 2908 nostram:
3155 2856 3461 2926 propterea

1815 2956 1921 3012 ego
1951 2956 2019 2994 ex
2044 2939 2214 2995 dictis
2244 2940 2694 3011 pra-cedentium
2738 2940 2976 2996 Patrum
3028 2940 3138 2996 hoc
3187 2941 3457 2998 strictum

1815 3027 2181 3100 breviterque
2213 3028 2521 3100 perstrinxi
2552 3028 2929 3102 opusculum,
2970 3046 3085 3085 non
3134 3030 3370 3102 penitus
3424 3048 3459 3088 a

1817 3132 1909 3171 me
1939 3117 2183 3183 editum,
2215 3118 2314 3172 sed
2348 3134 2416 3172 ex
2446 3116 2649 3173 alienis
2692 3117 2992 3174 laboribus
3044 3123 3334 3191 carptum,
3386 3137 3458 3177 ne

1815 3206 1961 3261 forte
1999 3206 2110 3262 sibi
2143 3206 2275 3278 quis
2296 3206 2430 3262 velit
2449 3206 2881 3263 excusationem
2904 3206 3188 3264 asciscere
3209 3208 3455 3281 malum,

1816 3296 2041 3350 nudum
2074 3294 2305 3368 Regulae
2336 3311 2452 3350 non
2477 3300 2671 3367 posset
2691 3312 2925 3367 carpere
2948 3296 3459 3371 textum.Dcnique

1814 3385 2086 3440 eumdem
2133 3388 2380 3453 textum,
2431 3384 2827 3456 particulatim
2874 3400 2978 3456 per
3024 3400 3282 3456 congrua
3330 3385 3460 3443 loca

1816 3471 2091 3540 divisum,
2124 3473 2423 3539 ordinans,
2456 3472 2735 3545 virgulas,
2760 3490 2874 3545 quo
2903 3471 3133 3529 facilius
3167 3473 3457 3546 quidquid

1814 3577 1882 3615 ex
1917 3576 1983 3616 eo
2039 3562 2315 3633 quaeritur
2353 3562 2599 3617 inveniri
2660 3562 2865 3634 possit,
2916 3561 3252 3635 przenotavi.
3299 3562 3459 3618 Hanc

1815 3648 1998 3721 igitur
2044 3649 2441 3708 collectionem
2486 3655 2689 3707 vestras
2734 3651 3069 3723 paternitati
3116 3652 3458 3708 examinan-

1815 3738 1951 3793 dam
1984 3737 2189 3792 offerre
2219 3739 2436 3807 curavi,
2470 3744 2554 3810 ut,
2588 3739 2637 3794 si
2671 3740 2816 3795 forte
2855 3741 2927 3795 ad
2958 3741 3303 3797 amulorum
3334 3758 3459 3798 ma-

1816 3843 1930 3881 nus
1960 3824 2153 3880 delata
2183 3824 2376 3894 fuerit,
2398 3844 2513 3883 non
2554 3826 2635 3882 ibi
2687 3827 3011 3900 quidquam
3044 3831 3199 3902 quod
3250 3828 3461 3886 canina

1816 3914 1988 3969 dente
2018 3913 2344 3981 corrodant,
2379 3915 2480 3970 sed
2511 3915 2707 3986 potius
2736 3916 2808 3971 ad
2841 3933 2940 3973 eos
2972 3918 3045 3973 ab
3075 3918 3302 3976 infelice
3331 3934 3459 3991 per-

50 3987 508 4082 caducis-atque
536 4006 784 4065 terrenis
822 3987 1216 4063 incommodis
1270 4020 1384 4061 non
1443 4002 1712 4060 existeret
1740 3987 1783 4054 C
1816 4002 2034 4059 tinacia
2061 4006 2370 4071 removeat,
2404 4003 2656 4075 reperire
2684 4009 2921 4074 queant.
2952 4005 3174 4064 Valete.

50 4153 3468 4203 Ἥ

1418 4289 1583 4338 ANNO
1623 4288 1839 4337 DOIINI
1880 4288 2103 4336 MLVIII.

967 4418 2572 4719 MONACHUgggSATENSIS

1278 4954 1674 5028 NOTITIA
1725 4952 2260 5027 HISTORICA.

689 5109 944 5175 (FABRIC.
974 5106 1310 5163 Bibliotheca
1340 5105 1535 5162 medim
1564 5109 1615 5161 et
1646 5104 1857 5174 inﬁma?
1884 5106 2220 5173 Latinitatis,
2254 5108 2395 5160 tom.
2430 5104 2525 5171 IV,
2556 5112 2690 5177 pag.
2724 5103 2854 5175 158)

24 5368 43 5379 ’
129 5360 281 5429 Odo,
328 5355 653 5413 monachus
692 5358 1038 5422 Fossalenszs,
1090 5355 1328 5427 scripsit
1374 5372 1528 5411 anno
1577 5357 1717 5413 4058
1748 5363 1791 5426 [)
1820 5355 2025 5411 Jacobi
2057 5356 2134 5410 du
2169 5355 2360 5420 Breul,
2387 5355 2743 5411 Benedictini
2766 5354 3178 5429 supplemento
3200 5350 3476 5425 Antiqui-

57 5449 261 5505 Vitam
295 5446 489 5503 domm‘
516 5445 821 5502 Burchardi
850 5444 1083 5499 comitis
1116 5444 1574 5509 Mclodunensis,
1619 5445 1719 5517 qui
1828 5449 2016 5499 tatum
2049 5442 2491 5508 Parisieusium,
2526 5444 2706 5513 Paris,
2748 5445 2908 5513 ~l6l-t,
2941 5444 2993 5511 4,
3053 5450 3109 5500 et
3140 5445 3199 5499 in
3239 5443 3476 5500 Andreae

61 5538 223 5611 apud
267 5536 573 5609 Hugonem
603 5530 883 5609 Capetum
910 5537 965 5587 et
997 5532 1313 5587 Robcrtum
1355 5534 1483 5604 ejus
1533 5533 1718 5588 lilium
1830 5533 1908 5587 du
1938 5531 2185 5600 Chesnc,
2219 5535 2259 5585 t.
2298 5530 2367 5584 IV
2398 5531 2761 5602 Scriptorum
2795 5534 2865 5588 de
2896 5533 3071 5589 rebus
3102 5534 3476 5599 Francorum,

60 5625 388 5705 gratiosus,
421 5625 575 5683 diem
607 5624 752 5682 obiit
777 5625 842 5681 A.
878 5621 1037 5680 1012.
1072 5620 1273 5677 Exstat
1302 5621 1362 5677 in
1392 5620 1568 5678 Brolii
1601 5621 1720 5678 sive
1830 5639 1888 5698 Ρ.
1922 5622 2048 5691 115,
2080 5623 2140 5677 et
2164 5617 2753 5691 Gallice,Sebastiano
2794 5619 3129 5680 Roulliardo
3150 5620 3475 5697 interprete
