3966 6212
364 317 482 381 843

908 314 1218 377 THEUZO
1260 311 1615 374 EREMITA
1659 311 1757 370 ET
1802 306 2255 370 MONACHUS.
2288 340 2365 353 —-
2396 308 2714 370 NOTITIA
2758 307 3199 373 HISTORICA.

3643 314 3771 375 844

365 452 464 524 qui
494 450 703 507 renuit.
734 449 851 520 Ego
881 450 1075 502 autem
1106 444 1412 500 confestim
1452 445 1517 498 ut
1543 443 1651 498 hoc
1697 441 1848 509 novi,
1882 439 1999 494 vidi
2029 440 2086 506 Α
2114 440 2458 509 stiticentur,
2492 441 2591 511 qui
2615 442 2686 497 ab
2714 458 2780 498 eo
2803 446 2942 498 sunt
2957 440 3227 498 ordinati.
3252 441 3452 514 Neque
3483 444 3770 502 ecclesias

367 541 668 614 praelatum
700 534 1221 606 archiepiscopum,
1237 531 1507 603 voluique
1529 531 1579 587 ei
1604 532 1896 585 afﬁrmare
1920 529 2005 584 di-

368 632 589 683 rectum
619 629 675 681 et
704 624 774 679 de
805 639 897 678 me
930 626 985 678 et
1014 622 1084 677 de
1114 622 1361 693 conjuge
1393 638 1521 676 mea
1549 624 1605 675 et
1634 621 1704 674 de
1731 619 2007 675 omnibus

368 716 515 772 meis
546 711 847 785 injudicio
869 711 958 767 sui
982 710 1210 766 dioecesi
1235 711 1638 783 episcoporum
1670 713 1725 765 et
1753 708 2007 781 episcopi

366 803 600 859 Arelato
621 818 724 876 per
744 801 943 857 decem
965 800 1149 855 millia
1172 798 1409 867 solidos;
1437 799 1534 871 qui
1563 797 1773 853 renuit.
1792 798 2007 853 Deinde

367 892 425 949 in
449 890 674 964 judicio
704 889 879 964 legati
910 888 1209 961 apostolici
1244 893 1301 943 et
1330 889 1507 958 hujus
1534 892 1745 942 sanctae
1780 886 2005 959 synodi;

366 986 422 1038 et
444 979 847 1053 huncsprevit.
864 978 947 1034 Ad
971 978 1244 1033 ultimum
1259 994 1392 1032 vero
1405 976 1719 1031 exclamavi
1742 981 2007 1031 sanctum

368 1072 603 1128 Petrum
635 1068 996 1141 etjudicium
1020 1066 1219 1121 domni
1244 1066 1543 1138 apostolici
1568 1066 1791 1121 utirem
1816 1082 2010 1121 coram

370 1177 458 1225 eo,
489 1159 624 1214 etin
654 1158 782 1228 ejus
813 1173 987 1211 manu
1022 1155 1071 1209 ei
1106 1146 1459 1208 atﬁrma’rem
1502 1154 1806 1208 directum.
1846 1154 2011 1206 llunc

372 1248 557 1305 multo
581 1245 965 1320 parvipendit;
982 1245 1082 1299 sed
1100 1234 2013 1298 excommunicavitinclementer

373 1341 547 1408 atque
576 1335 797 1407 injuste
826 1350 920 1389 me
945 1338 1001 1388 et
1034 1348 1221 1387 meam
1244 1347 1504 1398 uxorem,
1524 1347 1800 1401 meosque
1824 1331 2011 1385 infan-

372 1430 481 1494 tes,
515 1429 572 1482 et
590 1440 824 1480 omnem
857 1424 1113 1477 nostram
1147 1423 1384 1485 terram,
1415 1423 1536 1474 tam
1570 1418 1900 1487 crudeliter,
1934 1420 2014 1475 ita

374 1519 440 1570 ut
467 1512 666 1568 nullus
700 1510 779 1567 ibi
802 1510 1128 1583 baptizetur
1157 1508 1255 1580 (3),
1280 1524 1384 1562 nec
1405 1506 1885 1576 communicatur,
1911 1526 2013 1563 nec

374 1602 710 1675 sepeliatur.
759 1600 876 1655 Nos
905 1602 1122 1665 autem,
1154 1596 1265 1653 nisi
1296 1596 1471 1651 timor
1513 1596 1611 1651 Dei
1648 1602 1819 1665 esset,
1854 1599 2011 1668 parvi

376 1695 764 1766 penderemus
795 1706 964 1745 suam
1005 1685 1688 1753 excommunicationem,
1724 1702 1897 1758 quem
1932 1692 2015 1743 tot

376 1783 548 1839 malis
580 1779 848 1838 novimus
879 1776 1246 1842 sceleratum,
1279 1782 1333 1830 et
1372 1792 1405 1829 a
1434 1791 1584 1847 papa
1613 1776 1842 1832 Victore
1880 1794 2013 1833 cum
2040 1806 2092 1876 Β

372 1888 482 1928 cxx
511 1868 797 1942 episcopis
813 1864 1370 1922 anathematizatum
1391 1866 1485 1935 (4),
1509 1868 1565 1919 et
1591 1865 2013 1936 Simoniacum,

377 1962 478 2034 qui
500 1976 702 2016 omnes
723 1958 958 2013 ordines
989 1973 1129 2011 suos
1157 1953 1434 2021 vendidit,
1460 1954 1558 2025 qui
1577 1972 1780 2011 omnes
1801 1957 2016 2029 episco-

375 2068 501 2124 pos,
532 2054 757 2105 taceam
779 2047 849 2102 de
866 2044 1091 2112 alienis,
1116 2045 1214 2101 sed
1238 2059 1441 2099 omnes
1463 2062 1610 2115 quos
1632 2045 1688 2100 in
1714 2063 1843 2102 mea
1866 2052 2019 2104 terra

376 2137 685 2207 ordinavit,
719 2152 906 2208 usque
936 2134 1007 2190 ad
1039 2133 1423 2189 novissimum
1456 2134 1841 2204 quadrantem
1870 2138 2017 2191 redi-

377 2244 533 2285 mere
554 2227 706 2284 feeit.
734 2224 899 2290 Quod
918 2223 965 2279 si
991 2240 1106 2279 non
1138 2223 1394 2287 creditis,
1420 2224 1799 2279 Lutevensem
1823 2226 2019 2297 requi-

378 2318 488 2374 rite
534 2315 877 2388 episcopum
908 2318 966 2368 et
993 2312 1376 2368 Helenensem
1416 2317 1473 2367 et
1502 2312 1562 2366 hi
1601 2312 1710 2368 hoc
1741 2314 1903 2369 vobis
1935 2318 2015 2370 te-

452 2494 530 2562 (3)
560 2492 757 2547 Nullus
781 2491 861 2544 ibi
880 2491 1206 2560 baptizatur.
1227 2488 1450 2562 Durum
1474 2487 1617 2544 illud
1642 2508 1707 2562 ac
1736 2491 1901 2547 valde
1930 2493 2019 2549 in-

378 2560 733 2629 humanum,
764 2565 821 2615 et
849 2576 1090 2632 prorsus
1116 2560 1470 2632 contrarium
1501 2561 1718 2632 regulis
1749 2564 2020 2621 ecclesia-

383 2635 568 2702 sticis,
602 2650 731 2705 quis
745 2630 1007 2705 tempore
1029 2630 1323 2705 interdicti
1350 2630 1793 2705 servant-locum
1820 2636 2024 2693 huma-

386 2708 577 2774 nitati,
619 2702 1009 2778 concedentes
1054 2702 1345 2778 baptisma
1384 2703 1783 2778 parvulorum,
1841 2710 2023 2778 pcnni-

381 2773 597 2835 tentias
609 2773 1007 2853 morientium,
1032 2773 1306 2827 viaticum
1327 2774 1385 2828 in
1407 2775 1565 2829 exitu
1586 2778 1812 2853 mortis,
1835 2773 2028 2853 sepul-

384 2856 579 2905 turam
610 2845 978 2910 clericorum,
1006 2860 1353 2967 pauperum,
1377 2845 1841 2927 peregrinorum,
1868 2845 1923 2907 et
1945 2853 2029 2907 in-

384 2919 636 2967 fantium
666 2934 699 2967 a
731 2915 951 2967 bimulu
977 2922 1106 2967 etin
1138 2932 1222 2967 ra.
1246 2915 1682 2967 benedictionns
1712 2922 2025 2967 nuntinlng-

384 2919 699 3002 fantium}
731 2914 1222 3002 bimatupetinfra,
1246 2914 1682 3002 benedictiones
1712 2914 2027 3002 nuptiales,

384 2984 1181 3063 puriﬁcationesmulierum,
1206 2993 1378 3063 prout
1401 2987 1456 3041 in
1488 2991 1663 3063 variis
1695 2984 2031 3062 regionibus

388 3056 599 3133 regulae
621 3056 1314 3133 variant_._ln_universum
1336 3062 1528 3133 tamen
1554 3056 1848 3133 affirmare
1875 3064 2028 3128 licet,

385 3127 646 3205 tempore
676 3128 966 3205 interdicti
991 3127 1343 3205 permissum
1377 3130 1556 3185 fuisse
1580 3132 1873 3205 baptisma
1904 3127 2030 3205 par;

385 3197 678 3273 vulorum,
718 3197 1419 3271 itemque—pmnitentiam
1459 3197 1855 3258 morientium.
1885 3197 2030 3262 Vide

2118 546 2255 583 mere
2286 534 2450 584 terra:
2482 546 2819 586 consecrare
2848 530 3048 601 voluit,
3090 530 3275 587 donec
3304 532 3508 589 datum
3557 550 3768 590 earum

2116 619 2322 674 tenuit.
2348 618 2543 691 Nuper
2563 623 2758 675 autem
2783 620 2929 675 duos
2952 636 3112 676 meos
3134 619 3350 677 milites
3370 622 3673 681 venientes
3695 639 3771 681 ex

2116 708 2312 780 vigilia
2341 714 2553 763 sanctae
2586 708 2898 766 Salvatoris
2918 710 3171 778 Anianze,
3195 711 3290 767 die
3310 711 3673 785 Epiphaniae,
3698 729 3768 769 eo

2111 800 2357 868 jubente
2388 803 2561 870 atque
2578 800 2955 872 suffragante,
2974 804 3113 854 sunt
3132 800 3285 872 capti
3317 806 3374 856 et
3402 802 3571 869 tenti,
3594 806 3654 858 et
3666 819 3770 859 eos

2120 888 2221 959 qui
2252 888 2384 943 illos
2436 893 2713 959 ceperunt
2741 888 3085 960 patrocinat,
3126 894 3181 945 et
3212 890 3314 945 dat
3344 890 3429 947 eis
3459 891 3763 949 solidatas.

2121 979 2252 1032 Ideo
2283 995 2386 1049 ego
2410 978 2791 1049 Berengarius
2810 978 3244 1050 prmfatushanc
3262 980 3428 1036 vobis
3444 984 3502 1037 et
3517 981 3769 1037 Domino

2120 1066 2235 1121 Deo
2267 1066 2412 1121 facio
2436 1066 2881 1137 querimoniam,
2908 1072 2963 1122 et
2980 1067 3549 1139 postulojustitiam;
3583 1085 3767 1143 quam

2124 1156 2233 1210 nisi
2270 1156 2673 1226 impetravero,
2698 1173 2815 1211 sum
2847 1157 3770 1231 excommunicationiparvipen-

2123 1246 2280 1311 dero,
2320 1251 2376 1300 et
2416 1246 2473 1298 in
2500 1261 2688 1299 meam
2722 1248 2935 1300 terram
2967 1250 3235 1317 treguam
3268 1245 3491 1303 nullam
3530 1249 3768 1313 tenebo,

2124 1351 2312 1405 neque
2334 1334 2628 1404 judicium
2660 1332 2962 1405 apostolici
2991 1333 3249 1406 amplius
3278 1335 3634 1392 acclamabo.

2193 1423 2353 1488 Quod
2385 1440 2489 1493 ego
2520 1422 2902 1494 Berengarius
2933 1423 3012 1479 ita
3036 1424 3306 1496 superius
3335 1440 3544 1496 queror
3572 1426 3645 1481 ad
3680 1424 3771 1482 le-

2124 1518 2288 1586 gatos
2312 1513 2528 1569 summi
2552 1512 2843 1584 pontiﬁcis
2864 1514 3158 1585 superius,
3190 1517 3247 1569 et
3265 1513 3336 1569 ad
3366 1518 3604 1570 cunctos
3633 1514 3766 1585 epi-

2125 1619 2330 1674 scopos
2362 1607 2418 1657 et
2438 1601 2697 1669 abbates,
2718 1602 2994 1673 quoniam
3021 1602 3093 1658 ad
3119 1602 3407 1675 synodum
3423 1601 3640 1658 Arelati
3661 1618 3765 1658 co-

2126 1693 2336 1746 nabam
2378 1692 2701 1758 ostendere.
2745 1691 2855 1747 Sed
2902 1690 3181 1762 quoniam
3228 1691 3374 1746 nihil
3422 1690 3659 1764 profuit,
3693 1691 3773 1747 ad

2127 1781 2412 1836 domnum
2461 1780 2842 1852 apostolicum
2884 1781 3010 1835 ideo
3040 1779 3228 1835 libens
3273 1780 3502 1836 mittere
3550 1780 3770 1835 curavi.

2125 1871 2307 1935 Quem
2359 1886 2518 1942 rogo,
2556 1886 2654 1941 per
2677 1869 2861 1924 Deum
2894 1873 2951 1924 et
2979 1873 3249 1923 sanctum
3299 1873 3562 1938 Petrum,
3593 1871 3660 1923 ut
3696 1867 3773 1923 ab

2127 1959 2236 2014 hac
2257 1956 2854 2014 excommunicatione
2882 1960 2986 2024 Lme
3024 1955 3305 2023 absolvat,
3339 1971 3587 2027 meoque
3624 1972 3778 2028 pre-

2128 2047 2243 2103 suli
2274 2048 2343 2102 de
2366 2064 2458 2101 me
2489 2044 2826 2108 satisfaciat,
2852 2043 3128 2113 quoniam
3172 2059 3358 2113 usque
3385 2043 3632 2098 Romam
3662 2060 3784 2115 ego

2127 2135 2404 2190 libentius
2426 2134 2758 2189 satisfacere
2786 2131 2867 2185 ire
2890 2147 3005 2185 non
3036 2130 3270 2202 ambigo
3294 2148 3307 2197 ;
3341 2129 3457 2199 ille,
3484 2131 3601 2187 nisi
3624 2130 3779 2203 liga-

2128 2229 2244 2291 tus,
2282 2223 2520 2293 inquam
2552 2226 2759 2290 sponte
2785 2236 2897 2274 non
2922 2218 3043 2277 ibit.

2130 2508 2281 2562 cap.,
2299 2491 2652 2562 lnquisitioni
2667 2498 2795 2556 tuae,
2816 2488 3161 2562 Desentent.
3180 2485 3781 2562 e_xcommun.l3_.u.uz.

2244 2531 2281 2555 .,
2299 2508 2649 2562 mqutsztwm
2667 2508 2795 2556 "HE,
2816 2508 2895 2543 U0
2913 2508 3161 2543 Βθῐιιθηι.
3180 2508 3550 2541 ϐΧΟΟΙΙΠΠυΠ.
3565 2508 3781 2542 DALUZ.

2199 2508 2278 2634 fit)
2303 2562 2857 2634 Anathcmatimtum.
2890 2558 3187 2634 Nimirum
3203 2557 3260 2634 in
3286 2557 3530 2634 concilio
3555 2556 3787 2634 Floren-

2131 2628 2276 2695 tino.
2319 2635 2479 2715 quod
2504 2651 2544 2715 ἐξ
2576 2650 2727 2715 pana
2755 2631 2982 2715 Victore
3010 2631 3064 2715 III
3094 2628 3363 2715 habitum
3405 2628 3594 2709 fuerat
3623 2645 3785 2684 anno

2134 2698 2454 2777 superiore.
2500 2698 2603 2759 Cui
2643 2702 2886 2777 concilio
2942 2699 3276 2777 interfuisse
3314 2714 3430 2777 cxi
3476 2698 3789 2777 episcopos

2135 2769 2297 2833 docet
2323 2778 2417 2832 hic
2441 2776 2621 2840 Locus.
2648 2775 2730 2827 Ad
2757 2788 2884 2826 eam
2905 2786 3075 2841 porro
3096 2769 3359 2841 Guifredi
3383 2769 3790 2841 Narbonensis

2138 2839 2795 2905 excommunicationem
2847 2839 3169 2914 respexisse
3198 2840 3432 2896 videtur
3450 2839 3793 2914 _Gregorius

2138 2916 2255 2985 VI],
2288 2921 2429 2974 dum
2467 2918 2586 2971 haec
2627 2916 2681 2968 in
2725 2911 2969 2967 concilio
3004 2913 3262 2967 Romano
3303 2911 3612 2968 sanciebat'
3630 2929 3793 2970 anno

2143 2993 2281 3045 1048
2315 3009 2326 3046 :
2364 2995 2704 3045 Renovamus
2732 2986 2898 3038 etiam
2928 2985 3609 3057 excommunzpationema
3635 3001 3792 3057 prae-

2140 3061 2508 3117 decessnribus
2562 3058 2767 3111 nostris
2812 3058 3019 3126 factam
3065 3070 3228 3126 super
3253 3053 3572 3125 Gai/retium
3602 3053 3795 3111 archi-

2143 3135 2448 3204 episcopum
2480 3129 2899 3204 Narbonensem,
2923 3130 2973 3180 et
2990 3126 3192 3204 absque
3218 3126 3337 3180 ulla
3356 3127 3798 3204 recuperationis

2142 3198 2234 3270 spe
2262 3198 2331 3260 ab
2354 3200 2646 3273 cpiscOpali
2675 3199 2853 3269 ofﬁcio
2881 3214 3005 3253 eum
3021 3198 3419 3253 submovemus.
3452 3198 3534 3253 In.

386 3337 3788 3370 η

1806 3464 1970 3511 ANNO
2011 3465 2161 3512 DOII
2204 3463 2369 3511 MLVII

1678 3597 2487 3729 THEUZO

1141 3794 1466 3851 EREMITA
1507 3795 1597 3851 ET
1637 3796 2025 3855 MONACHUS
2063 3799 2121 3854 S.
2164 3796 2439 3854 MARLE
2477 3794 2567 3849 DE
2604 3793 3021 3850 FLORENTIA.

1513 4039 1983 4127 NOTITIA
2039 4037 2657 4128 HISTOBICA

1401 4187 1664 4248 (Annales
1692 4190 2155 4261 Camaldulenses,
2185 4194 2330 4245 tom.
2366 4188 2435 4257 ll,
2468 4201 2599 4259 pag.
2637 4186 2760 4255 163)

456 4432 918 4507 Distinguendus
966 4438 1055 4491 est
1084 4434 1315 4490 Theuzo
1342 4436 1582 4492 eremita
1619 4442 1675 4493 et
1700 4439 2024 4495 monachus
2053 4441 2099 4506 Ι)
2132 4436 2436 4503 monacho,
2461 4435 2551 4506 cuj
2565 4431 3780 4491 usinterventuPrataliensemonasterium

378 4522 599 4578 Sancta:
632 4520 824 4577 Mariae
845 4523 916 4579 de
950 4523 1239 4579 Florentia
1270 4523 1343 4578 ab
1375 4523 1487 4579 alio
1517 4524 1729 4581 celebri
1771 4532 1827 4582 et
1857 4529 2022 4583 beato

377 4610 704 4678 Theuzone,
745 4612 928 4667 sancti
957 4612 1203 4668 Joannis
1232 4610 1525 4667 Gualberti
1577 4612 1885 4687 discipulo,
1917 4616 2017 4687 qui

376 4700 579 4757 eodem
601 4704 857 4771 tempore
877 4701 1105 4757 vivebat
1128 4720 1141 4769 ;
1166 4701 1237 4756 de
1261 4717 1374 4772 quo
1396 4702 1735 4758 consulendi
1754 4708 2020 4760 auctores

380 4788 872 4845 Vallumbrosani.
923 4789 1092 4845 Alius
1132 4789 1349 4862 pariter
1384 4790 1612 4845 videtur
1664 4809 1697 4846 a
1746 4792 2020 4849 Theuzone

372 4876 707 4934 monachoet
727 4878 954 4945 indigno
977 4877 1267 4941 sacerdote,
1300 4876 1398 4948 qui
1440 4894 1501 4933 se
1541 4878 1857 4933 subscribit
1887 4883 2020 4952 post

370 4964 628 5036 Petrum,
651 4966 829 5037 hujus
853 4966 1106 5021 nominis
1130 4966 1474 5031 secundum,
1501 4966 1771 5020 abbatem
1795 4972 2019 5022 Sancta:

371 5054 563 5110 Mariae
590 5053 911 5120 Florentiae,
938 5055 992 5108 in
1017 5054 1218 5109 charta
1241 5055 1681 5109 restaurationis
1706 5055 2015 5125 cujusdam

369 5141 677 5215 hospitalis
734 5144 886 5216 apud
940 5142 1354 5199 Pucciuellium
1409 5143 1630 5213 (Chron.
1678 5144 1854 5199 abbot.
1900 5146 2016 5199 Flo-

304 5294 307 5295 r
368 5234 532 5300 rent.,
556 5247 612 5301 p.
633 5233 782 5301 254);
806 5248 942 5287 nam
965 5232 1196 5287 Theuzo
1215 5233 1455 5286 eremita
1485 5231 1877 5285 verisimiiiter
1899 5250 2012 5288 non

367 5318 478 5372 fuit
518 5320 826 5387 sacerdos;
882 5318 1224 5376 sacrimmzta
1269 5319 1445 5387 enim,
1506 5325 1651 5375 teste
1705 5320 2010 5387 Damiano,

365 5406 555 5460 divina
605 5422 708 5477 per
751 5410 915 5462 totius
955 5411 1094 5463 anni
1130 5409 1402 5463 circulum
1465 5410 1691 5463 nonnisi
1744 5411 1931 5478 semel,
1962 5419 2013 5465 et

367 5498 479 5544 tum
519 5506 631 5544 non
667 5510 700 5545 a
746 5495 835 5547 sui
879 5497 1197 5549 monasterii
1237 5494 1626 5561 sacerdotibus,
1667 5495 1761 5550 sed
1788 5496 2011 5553 aliunde

368 5578 615 5650 quaesitis
645 5578 1021 5653 percipiebat.
1053 5580 1219 5639 Alius
1248 5583 1489 5639 domum
1521 5586 1612 5642 est
1640 5600 1674 5641 a
1701 5583 2008 5645 Theuzone

2134 4526 2244 4582 sub
2277 4543 2383 4581 sua
2416 4522 2767 4597 protectione
2799 4539 3066 4595 recepere
3095 4540 3248 4579 anno
3279 4522 3419 4578 4002
3457 4522 3589 4578 Otto
3621 4521 3692 4589 ΙΙ,
3724 4525 3783 4578 et

2131 4632 2282 4670 anno
2314 4615 2450 4669 1020
2494 4612 2799 4681 Henricus,
2835 4613 3239 4685 imperatores.
3267 4612 3514 4667 Petatur
3542 4610 3779 4666 Theuzo

2129 4704 2375 4758 eremita
2395 4705 2597 4757 auctor
2616 4701 3031 4757 Commentarii
3060 4700 3120 4755 in
3144 4699 3425 4772 Regulam
3447 4696 3634 4752 sancti
3666 4701 3778 4753 Pa-

2128 4792 2236 4847 tris
2267 4789 2584 4858 Benedicti,
2610 4806 2784 4861 qnem
2809 4789 3023 4845 dicavit
3044 4789 3313 4860 episcopo
3335 4783 3621 4840 Odelrico.
3648 4783 3779 4839 Dri-

2125 4880 2336 4935 xianus
2387 4878 2567 4950 hujus
2608 4878 2863 4934 nominis
2895 4878 3139 4933 antistes
3165 4874 3393 4929 vivebat
3422 4887 3576 4927 anno
3610 4872 3774 4943 1027,

2126 4974 2182 5023 et
2220 4968 2469 5024 decessit
2514 4983 2666 5021 anno
2704 4967 2853 5019 1048.
2906 4964 3065 5019 Alter
3110 4960 3411 5018 Odelricus
3462 4959 3775 5018 Firmanus

2128 5058 2438 5129 episcopus
2479 5054 2833 5125 subscripsit
2860 5051 3102 5107 concilio
3134 5052 3394 5107 Romano
3426 5066 3579 5106 anno
3613 5051 3771 5117 1059,

2125 5147 2218 5201 cui
2248 5147 2421 5201 etiam
2451 5142 2754 5216 epistolam
2779 5141 3107 5198 deditcirca
3130 5157 3351 5196 annum
3375 5140 3508 5195 1061
3534 5137 3771 5194 Damia-

2126 5253 2258 5290 nus.
2279 5234 2471 5289 Potuit
2500 5238 2695 5288 tamen
2725 5231 2913 5304 ipsius
2933 5228 3348 5287 Commentarii
3387 5233 3590 5285 auctor
3617 5244 3767 5297 esse,

2123 5324 2271 5378 alter
2299 5338 2427 5377 esse
2449 5321 2680 5376 Theuzo
2703 5321 3027 5377 monachus
3048 5320 3265 5393 pariter
3294 5318 3637 5375 Florentiae:
3667 5317 3767 5372 ah-

2121 5410 2313 5478 hatiae,
2341 5407 2427 5465 vel
2446 5408 2661 5479 aliquis
2678 5408 2829 5464 alius
2850 5409 3115 5480 ejusdem
3138 5407 3394 5465 nominis
3420 5405 3765 5475 monachus;

2120 5499 2239 5554 imo
2262 5498 2476 5569 pignus
2506 5497 2781 5551 daremus
2802 5496 3173 5554 Theuzonem
3196 5497 3443 5569 hujusce
3464 5499 3765 5552 Commen-

2117 5586 2251 5645 tarii
2297 5584 2643 5659 scriptorem
2694 5585 3104 5661 requirendam
3136 5602 3265 5646 esse
3293 5586 3446 5645 inter
3490 5582 3768 5645 Mediola-
