3966 6212
80 368 194 428 845

783 364 942 426 ODO
986 365 1312 427 FOSSAT.
1360 365 1817 429 MONACHUS.
1850 398 1931 415 --
1960 368 2282 431 NOTITIA
2324 369 2769 433 HISTORICA.

3357 370 3475 433 846

80 516 284 556 nenses
309 499 957 572 monachos.lntegrum
988 515 1135 570 opus
1161 476 1715 570 percurrimusmul-
1750 505 1799 566 Α
1832 501 2243 557 .llcdiolancnsis
2300 506 2621 559 monasterii
2662 503 2828 559 abbas
2869 510 3148 575 perpetuae
3195 501 3476 573 felicitatis

75 588 292 661 libique
323 605 386 644 se
417 592 622 644 auctor
652 588 845 660 prodit
873 587 1068 658 aliquo
1099 586 1335 649 indicio,
1371 587 1481 641 nisi
1533 588 1721 657 capite

76 679 163 743 14,
222 677 320 732 ubi
370 676 675 748 inquirens
712 676 972 748 quomodo
992 675 1318 747 peragenda:
1362 678 1475 730 sint
1516 678 1721 746 vigilite

72 769 132 820 in
160 766 439 820 natalitizs
479 773 809 831 sanctorum,
858 762 1191 836 exemplum
1241 763 1408 819 offert
1456 763 1719 819 Ecclesia

73 852 547 917 Mediolanensis,
592 853 691 908 ubi
740 868 969 923 corpora
1024 856 1315 907 servantur
1360 856 1413 907 et
1466 853 1722 908 coluntur

69 943 244 998 sancti
282 941 555 997 Ambrosii
597 950 649 997 et
696 946 1013 997 sanctorum
1071 941 1319 997 Gervasii
1362 949 1414 997 et
1453 943 1714 998 Protasii.

70 1031 139 1086 Et
168 1030 358 1103 capite
384 1031 449 1086 61
482 1029 731 1103 loquens
780 1032 852 1086 de
895 1029 1201 1085 monachis
1252 1029 1597 1101 peregrinis,
1654 1046 1719 1085 ac

71 1118 402 1191 exemplum
435 1120 732 1176 adducens
754 1121 1139 1174 formatarum
1165 1118 1719 1190 epistolarum,quas

71 1207 324 1264 scribere
353 1208 568 1263 debent
592 1208 831 1264 abhates
851 1206 1290 1280 episcopis,haac
1312 1206 1485 1261 verba
1504 1206 1678 1262 habet
1701 1225 1715 1262 :

72 1296 386 1354 Venerabili
436 1296 888 1353 Christicolarum
935 1298 1048 1352 vita
1097 1296 1362 1363 decorata,
1414 1297 1539 1366 plus
1588 1297 1718 1350 certo

71 1403 235 1458 quam
260 1389 428 1443 terra?
454 1387 654 1452 vicino,
685 1385 882 1440 domno
913 1384 998 1440 ill.
1030 1385 1263 1457 pra’suli
1296 1383 1603 1440 venerando
1634 1382 1715 1439 ill.

1832 591 2067 659 obpwlz’a
2096 594 2254 661 atque
2282 593 2651 661 angelicorum
2680 595 2908 664 synaxis
2946 592 3236 647 consortia.
3267 591 3478 647 Prieter

1829 679 2126 750 exemplar
2156 680 2489 735 chartarum
2515 681 2693 752 hujus
2713 680 3127 736 Commentarii
3149 679 3477 735 Theuzonis

1830 767 1984 837 quod
2017 768 2301 822 asservari
2335 768 2393 823 in
2426 768 2661 824 abbatis.
2692 768 3024 824 Florentino.
3070 768 3180 823 sub
3213 785 3377 823 num.
3406 769 3479 824 58

1830 854 2042 910 asserit
2074 854 2469 920 Mabillonius,
2504 857 2774 928 quodque
2806 857 3014 913 saeculo
3044 874 3138 912 xvr
3188 856 3297 911 fuit
3343 873 3475 913 con-

1830 942 2567 1014 scriptum,nitidissimum
2595 944 2841 1000 alterum
2866 944 3161 1017 exemplar
3188 946 3477 1002 membra-

1829 1030 2379 1101 naceum,saeculum
2412 1049 2508 1086 xw
2535 1032 2621 1088 vel
2649 1050 2718 1088 xv
2748 1038 3314 1098 exaratum,servant
3343 1050 3473 1089 mo-

1828 1119 1995 1175 nachi
2025 1119 2209 1175 nostri
2232 1120 2425 1174 Sancti
2449 1120 2677 1174 Mathim
2699 1121 2769 1175 de
2783 1121 3144 1190 Muriano,ex
3164 1138 3276 1191 quo
3296 1121 3473 1178 etiam

1827 1205 2134 1278 epistolam
2197 1205 2406 1278 ipisius
2455 1206 2942 1278 nuncupatoriam
2993 1208 3063 1261 ad
3120 1206 3473 1275 Odelricam,

1828 1311 1955 1366 qua:
1989 1295 2220 1366 praeﬁxa
2237 1299 2326 1350 est
2349 1294 2776 1350 Commentario
2793 1311 2894 1351 seu
2918 1296 3113 1367 potius
3142 1294 3471 1351 collectioni

1828 1398 1898 1438 ex
1926 1383 2100 1440 dictis
2130 1383 2580 1455 praecedentium
2614 1383 2871 1449 Patrum,
2905 1384 3136 1439 damus.

1457 1651 2088 1741 PROLOGUS

460 1839 1165 1932 EXPOSITIONIS
1207 1839 1627 1931 REGULIE
1683 1841 1769 1928 S.
1812 1840 1900 1927 P.
1946 1840 2041 1927 N.
2086 1838 2615 1928 BENEDICTI
2657 1839 3085 1929 ABBATIS

1249 2018 1527 2099 Scriptus
1556 2036 1593 2079 a
1622 2020 1955 2079 Taauzoua
1985 2018 2287 2079 monacho.

196 2183 418 2255 (Annal.
455 2161 725 2246 Camald.,
756 2185 899 2236 tom.
932 2179 1003 2248 Il,
1034 2179 1295 2251 Append.
1331 2195 1386 2250 p.
1422 2179 1542 2245 156,
1562 2193 1643 2302 διε
1675 2177 1872 2304 chice
1904 2177 2101 2321 saeculi
2133 2194 2235 2232 XIII
2268 2177 2607 2233 monasterii
2631 2178 2689 2233 S.
2726 2176 2957 2233 Mathiae
2982 2177 3053 2234 de
3084 2178 3351 2234 Muriano

1611 2265 1716 2305 ene
1744 2265 1955 2305 larum.

1611 2265 1955 2305 eneuarum.

885 2533 1108 2578 INCIPIT
1152 2532 1460 2578 EXPOSITIO
1504 2534 1747 2579 REGULE
1788 2535 1970 2580 BBATI
2015 2534 2335 2579 BENEDICTI
2377 2534 2657 2580 ABBATIS.

59 2685 227 2739 Verte
286 2679 615 2738 dilectionis
669 2677 1047 2751 praerogativa
1100 2676 1442 2733 circumﬂuo
1502 2678 1715 2733 domno
1746 2680 1794 2745 B
1826 2679 2121 2750 ingratus;
2157 2680 2259 2735 sed
2293 2679 2450 2751 quia,
2485 2683 2549 2733 ut
2577 2678 2656 2733 ait
2684 2679 2891 2734 beatus
2922 2677 3259 2751 Gregorius,
3289 2679 3469 2752 degu-

56 2774 360 2830 Onsuuco
390 2767 704 2826 venerabili
736 2766 1264 2839 episcopo,Theuzo
1293 2770 1557 2837 peccator
1587 2782 1714 2837 per-

55 2866 256 2936 petuae
286 2858 579 2915 felicitatis
618 2856 882 2924 obsonia,
916 2872 981 2912 ac
1012 2859 1306 2928 perpetuae
1347 2853 1719 2910 indeﬁcentia

54 2947 368 3007 ﬁdelitatis
398 2945 817 3003 emolumenta.

126 3039 508 3109 Quanquam,
541 3036 623 3091 mi
643 3034 968 3091 venerande
1001 3032 1169 3089 Pater
1197 3033 1351 3088 beati
1383 3033 1572 3088 Patris
1609 3032 1713 3086 Be-

52 3127 281 3185 nedicti
316 3125 546 3199 Regulae
578 3125 734 3180 dicta
764 3123 823 3178 in
855 3122 1150 3195 plerisque
1181 3122 1487 3177 videantur
1516 3125 1715 3192 aperta

53 3234 188 3274 esse
210 3221 275 3273 ct
302 3214 784 3283 dilucida,tamen
806 3211 866 3266 in
890 3212 1241 3283 quibusdam
1267 3212 1464 3266 minus
1491 3210 1712 3267 studio-

53 3308 159 3375 sis,
194 3310 282 3374 et,
316 3308 382 3361 ut
408 3304 490 3361 ita
530 3302 745 3371 dicam,
798 3301 1013 3356 imitari
1062 3304 1119 3356 et
1155 3300 1303 3356 scire
1354 3300 1710 3365 nolentibus,

52 3413 170 3452 non
206 3392 383 3450 facile
411 3397 553 3450 sunt
579 3391 861 3466 patentia,
907 3390 1231 3446 secundum
1272 3389 1426 3460 quod
1474 3389 1712 3444 illorum

52 3486 477 3541 demonstrant
514 3479 823 3553 opera.Qui
854 3479 905 3535 si
936 3478 1025 3534 vel
1055 3478 1258 3534 leviter
1277 3477 1589 3534 accedendi
1611 3495 1711 3550 po-

53 3574 358 3630 stularent
386 3570 714 3634 introitum,
747 3567 1053 3625 confestim
1085 3566 1195 3622 sibi
1228 3567 1417 3639 quoad
1440 3565 1716 3623 interiora

49 3667 373 3734 penetrare
398 3661 659 3730 possent,
683 3656 900 3712 ostium
933 3654 1260 3711 invenirent
1289 3655 1713 3727 apertum.Cla-

48 3751 137 3808 vis
167 3750 342 3807 enim
371 3746 639 3819 ejusdem
661 3744 798 3801 ostii
820 3743 1093 3800 continue
1115 3743 1330 3798 ibidem
1357 3744 1712 3815 dependens,

48 3856 170 3896 non
205 3855 275 3896 se
308 3835 663 3893 subduceret
682 3851 717 3890 a
736 3849 914 3888 manu
935 3830 1185 3888 libenter
1204 3831 1428 3903 operire
1450 3830 1712 3886 volentis.

1826 2771 1977 2821 stare
2018 2767 2289 2823 nolumus
2340 2767 2710 2824 dulcedinem
2765 2766 2925 2822 intus
2963 2767 3133 2823 nobis
3181 2772 3468 2840 paratam,

1828 2870 2096 2910 amamus
2129 2856 2265 2910 foris
2297 2856 2494 2912 miseri
2549 2856 2761 2911 famem
2812 2859 3112 2911 nostram:
3163 2859 3469 2929 prOpterea

1823 2959 1929 3015 ego
1959 2959 2027 2997 ex
2052 2943 2222 2999 dictis
2253 2945 2701 3015 praecedentium
2746 2944 2982 3000 Patrum
3036 2944 3145 2999 hoc
3194 2944 3464 3000 strictum

1822 3030 2190 3103 breviterque
2221 3032 2529 3103 perstrinxi
2560 3032 2937 3106 opusculum,
2978 3050 3092 3088 non
3142 3033 3377 3105 penitus
3432 3052 3467 3090 a

1825 3136 1917 3175 me
1947 3120 2193 3187 editum,
2224 3121 2322 3175 sed
2357 3137 2424 3175 ex
2454 3121 2656 3177 alienis
2699 3121 3000 3178 laboribus
3051 3126 3342 3194 carptum,
3394 3140 3466 3180 ne

1824 3209 1970 3265 forte
2008 3209 2119 3265 sibi
2151 3209 2283 3281 quis
2304 3209 2438 3266 velit
2457 3211 2890 3267 excusationem
2913 3211 3196 3268 asciscere
3217 3211 3463 3284 malum,

1825 3300 2050 3354 nudum
2083 3297 2313 3371 Regulze
2344 3314 2460 3353 non
2484 3305 2679 3371 posset
2699 3317 2934 3373 carpere
2957 3300 3467 3373 textum.Denique

1823 3388 2095 3444 eumdem
2142 3392 2389 3457 textum,
2440 3387 2835 3459 particulatim
2883 3405 2987 3462 per
3033 3404 3291 3460 congrua
3338 3389 3468 3446 loca

1824 3475 2099 3544 divisum,
2133 3477 2432 3543 ordinans,
2464 3476 2743 3549 virgulas,
2769 3495 2882 3550 quo
2913 3476 3142 3534 facilius
3175 3477 3465 3550 quidquid

1823 3582 1891 3620 ex
1925 3581 1991 3621 eo
2048 3565 2324 3637 quaeritur
2362 3564 2608 3621 inveniri
2668 3566 2872 3638 possit,
2924 3565 3261 3640 praenotavi.
3307 3566 3467 3622 Hanc

1822 3653 2005 3726 igitur
2051 3652 2451 3710 collectionem
2496 3658 2697 3710 vestra;
2743 3656 3077 3727 paternitati
3125 3656 3466 3712 examinan-

1824 3744 1960 3798 dam
1992 3741 2198 3797 offerre
2227 3742 2445 3811 curavi,
2478 3747 2563 3814 ut,
2596 3743 2646 3798 si
2679 3744 2824 3799 forte
2863 3745 2934 3799 ad
2967 3745 3311 3802 tumulorum
3343 3763 3467 3802 ma-

1825 3848 1938 3886 nus
1967 3829 2162 3885 delata
2192 3829 2385 3899 fuerit,
2407 3848 2523 3887 non
2562 3830 2643 3886 ibi
2695 3831 3019 3904 quidquam
3052 3836 3208 3907 quod
3259 3834 3470 3891 canina

47 3928 178 3992 Quo
214 3928 271 3985 si
304 3925 439 3998 quis
468 3923 650 3981 semel
670 3916 923 3979 intrasse
942 3920 1120 3977 fuerit
1138 3918 1623 3993 dignus,ulterius
1645 3920 1717 3976 de
1759 3992 1790 3998 _
1824 3919 1996 3974 dente
2026 3918 2353 3986 corrodaut,
2388 3919 2488 3974 sed
2520 3918 2715 3991 potius
2744 3920 2816 3975 ad
2848 3937 2948 3976 eos
2980 3922 3053 3977 ab
3083 3923 3310 3981 infelice
3340 3939 3467 3997 per-

47 3992 517 4087 caducishtque
543 4012 793 4070 terrenis
831 3992 1223 4067 incommodis
1252 4022 1393 4066 non
1451 4007 1721 4065 existeret
1749 3992 1792 4058 (ἶ
1824 4006 2042 4063 tinacia
2069 4011 2379 4077 removeat,
2413 4007 2664 4079 reperire
2693 4012 2929 4078 queant.
2961 4009 3182 4069 Valete.

47 4158 3477 4209 Ν

1426 4294 1591 4342 ANNO
1631 4293 1847 4341 DOIINI
1889 4292 2112 4340 HLVIII.

976 4423 2580 4724 MONACHUgggSATENSIS

1286 4957 1682 5032 NOTITIA
1734 4956 2268 5031 HISTORICA.

699 5113 953 5181 (Fanum.
982 5110 1320 5166 Bibliotheca
1348 5109 1544 5167 media"
1573 5113 1623 5164 et
1655 5108 1865 5179 inﬁma:
1892 5110 2229 5178 Latinitatis,
2263 5112 2404 5164 tom.
2438 5109 2533 5177 IV,
2565 5116 2699 5181 pag.
2734 5108 2864 5180 158)

10 5378 33 5390 ν
124 5367 288 5434 Odo,
337 5359 663 5417 monachus
701 5362 1047 5427 Fossalenszs,
1099 5359 1338 5431 scripsit
1383 5376 1537 5415 anno
1586 5361 1726 5416 4058
1755 5367 1799 5430 D
1829 5359 2033 5415 Jacobi
2065 5360 2142 5413 du
2177 5359 2368 5423 Breul,
2396 5360 2752 5415 Benedictini
2776 5358 3187 5433 supplemento
3210 5354 3486 5429 Antiqui-

47 5458 265 5512 Vitam
302 5450 498 5507 domui
525 5449 831 5505 Burchardi
859 5448 1092 5504 comitis
1125 5449 1583 5514 Melodunensis,
1629 5449 1727 5522 qui
1838 5453 2024 5503 tutum
2058 5446 2500 5513 Parisiensium,
2536 5449 2715 5517 Paris,
2757 5449 2917 5517 16M,
2950 5449 3002 5517 4,
3062 5454 3118 5504 et
3151 5449 3209 5503 in
3247 5446 3487 5503 Andreae

5 5524 11 5541 ’
50 5544 223 5620 apud
271 5541 581 5613 Hugonem
612 5534 893 5613 Capetum
919 5542 975 5592 et
1007 5537 1322 5592 Robertum
1363 5538 1492 5609 ejus
1541 5538 1726 5593 filium
1839 5537 1916 5590 du
1947 5535 2194 5603 Chesue,
2227 5539 2269 5589 t.
2307 5534 2375 5588 ιν
2406 5536 2770 5606 Scriptorum
2804 5539 2875 5593 de
2906 5538 3080 5593 rebus
3111 5538 3485 5602 Francorum,

50 5632 397 5713 gratiosus,
430 5629 585 5687 diem
616 5628 762 5686 obiit
787 5629 852 5685 A.
888 5625 1047 5684 1012.
1080 5624 1282 5682 Exstat
1312 5626 1371 5682 in
1401 5625 1577 5683 Brolii
1610 5626 1729 5683 sive
1838 5644 1897 5703 p.
1932 5626 2057 5695 115,
2089 5627 2148 5681 et
2173 5621 2763 5695 Gallice,Sebastiano
2803 5623 3139 5684 Roulliardo
3159 5625 3485 5700 interpretw
