3966 6212
362 314 479 377 843

906 310 1216 374 THEUZO
1258 308 1614 370 EREMITA
1658 308 1755 367 ΕΤ
1800 302 2253 367 MONACHUS.
2285 337 2363 349 -—
2393 305 2712 367 NOTITIA
2755 303 3197 369 HISTORICA.

3642 310 3771 371 844

363 449 461 521 qui
492 446 701 503 renuit.
731 445 848 517 Ego
879 446 1073 498 autem
1105 440 1410 497 confestim
1450 442 1515 495 ut
1542 439 1651 494 hoc
1695 438 1846 505 novi,
1879 436 1996 491 vidi
2026 436 2083 503 Α
2112 437 2456 505 stiﬁeentur,
2490 437 2589 507 qui
2612 439 2683 494 ab
2711 454 2778 494 eo
2800 442 2939 494 sunt
2954 436 3226 495 ordinati.
3250 437 3450 511 Neque
3481 440 3770 498 ecclesias

365 537 666 610 praefatum
697 528 1505 603 archiepiscopum,voluique
1528 528 1577 583 ei
1603 528 1696 581 am
1708 543 1894 582 rmare
1918 525 2003 581 di-

365 629 587 680 rectum
617 625 673 677 et
701 621 771 676 de
803 636 895 674 me
927 623 983 674 et
1012 618 1083 673 de
1112 618 1360 690 conjuge
1391 635 1519 672 mea
1547 621 1603 672 et
1633 617 1702 671 de
1729 615 2005 671 omnibus

366 712 512 769 meis
545 707 844 782 injudieio
866 708 957 764 sui
980 706 1209 763 dioecesi
1233 707 1637 779 episcoporum
1668 710 1723 761 et
1751 704 2005 777 episCOpi

363 799 598 855 Arelate
619 815 722 872 per
742 798 941 853 decem
962 796 1147 851 millia
1170 795 1407 864 solidos;
1436 795 1534 867 qui
1560 794 1772 849 renuit.
1790 794 2005 849 Deinde

364 889 423 946 in
447 886 671 961 judicio
702 886 877 961 legati
907 885 1207 958 apostolici
1242 890 1299 940 et
1328 885 1506 955 hujus
1532 888 1744 939 sanctae
1778 882 2003 955 synodi;

363 982 420 1035 et
442 976 844 1050 huncsprevit.
862 975 945 1030 Ad
968 974 1242 1029 ultimum
1257 990 1390 1029 vero
1403 972 1717 1028 exclamavi
1740 977 2006 1027 sanctum

366 1068 602 1125 Petrum
633 1065 994 1137 etjudicium
1019 1063 1218 1118 domui
1243 1062 1541 1135 apostolici
1566 1061 1789 1117 utirem
1814 1078 2007 1117 coram

368 1173 456 1222 eo,
487 1155 622 1211 etin
652 1154 779 1225 ejus
811 1170 985 1208 manu
1019 1151 1069 1205 ei
1104 1140 1458 1205 afﬁrma'rem
1500 1150 1805 1205 directum.
1845 1150 2009 1203 llune

370 1244 555 1301 multo
579 1241 964 1316 parvipendit;
980 1241 1080 1296 sed
1098 1230 2012 1295 excommunicavitinclementer

371 1337 545 1405 atque
574 1332 795 1403 injuste
824 1346 918 1385 me
943 1333 999 1384 et
1032 1344 1219 1384 meam
1242 1343 1502 1394 uxorem,
1522 1344 1799 1398 meosque
1821 1327 2009 1381 infan-

370 1426 479 1490 tes,
512 1424 569 1478 et
587 1436 821 1477 omnem
855 1421 1111 1474 nostram
1144 1420 1383 1481 terram,
1412 1420 1535 1470 tam
1567 1414 1899 1483 crudeliter,
1932 1416 2012 1471 ita

371 1515 438 1566 ut
465 1508 664 1565 nullus
697 1507 779 1563 ibi
801 1506 1126 1579 baptizetur
1154 1504 1253 1576 (3),
1278 1521 1382 1559 nec
1403 1502 1883 1571 communicetur,
1910 1522 2012 1559 nec

372 1598 709 1672 sepeliatur.
757 1596 874 1652 Nos
903 1599 1120 1661 autem,
1152 1593 1263 1650 nisi
1295 1592 1469 1648 timor
1510 1592 1609 1647 Dei
1645 1598 1817 1660 esset,
1852 1595 2011 1664 parvi

374 1691 763 1763 penderemus
793 1702 962 1741 suam
1002 1681 1685 1749 exeommunicationem,
1722 1698 1895 1754 quem
1930 1688 2013 1739 tot

2116 542 2253 580 mem
2284 530 2447 580 terrae
2479 542 2817 583 consecrare
2846 526 3045 597 voluit,
3088 527 3273 583 donec
3302 528 3506 585 datum
3555 546 3767 587 earum

2114 615 2320 670 tenuit.
2346 614 2541 687 Nuper
2561 619 2755 670 autem
2781 616 2927 671 duos
2949 633 3110 672 meos
3132 616 3348 674 milites
3367 619 3671 677 venientes
3693 636 3772 677 ex

2114 704 2309 776 vigilia
2338 710 2551 759 sanetae
2583 704 2896 762 Salvatoris
2915 706 3168 775 Anianaa,
3194 707 3288 763 die
3308 707 3672 781 Epiphania,
3695 725 3767 765 eo

2108 796 2355 865 jubente
2386 799 2559 866 atque
2576 796 2953 869 suffragante,
2972 800 3110 851 sunt
3130 797 3283 869 capti
3314 801 3372 853 et
3400 798 3569 865 tenti,
3592 802 3652 855 et
3664 815 3769 856 eos

2118 883 2217 955 qui
2251 883 2381 939 illos
2433 889 2710 956 ceperunt
2738 885 3082 957 patrocinat,
3124 890 3179 942 et
3210 886 3313 942 dat
3342 886 3427 944 eis
3457 887 3763 945 solidatas.

2118 975 2250 1029 Ideo
2280 991 2384 1045 ego
2407 974 2710 1046 Berengari
2723 992 2788 1030 us
2807 975 3242 1046 prmfatushanc
3260 976 3426 1033 vobis
3442 980 3500 1033 et
3515 977 3767 1033 Domino

2118 1062 2232 1118 Deo
2264 1063 2410 1117 facio
2433 1062 2879 1134 querimoniam,
2905 1069 2961 1118 et
2977 1064 3547 1136 postulojustitiam;
3581 1082 3765 1139 quam

2122 1152 2230 1207 nisi
2268 1152 2671 1223 impetravero,
2696 1170 2813 1208 suae
2845 1153 3433 1209 excommunicationi
3448 1155 3610 1228 parvi
3624 1171 3768 1227 pen-

2120 1242 2278 1307 dero,
2318 1247 2374 1296 et
2414 1242 2471 1295 in
2497 1258 2686 1296 meam
2720 1244 2932 1296 terram
2967 1245 3233 1313 treguam
3265 1242 3489 1299 nullam
3528 1245 3766 1310 tenebo,

2121 1347 2311 1401 neque
2333 1329 2626 1401 judicium
2658 1329 2960 1401 apostolici
2989 1330 3247 1402 amplius
3277 1331 3632 1388 acclamabo.

2191 1419 2352 1484 Quod
2383 1436 2487 1489 ego
2517 1418 2899 1490 Berengarius
2930 1418 3010 1475 ita
3034 1420 3304 1492 superius
3332 1437 3541 1492 queror
3569 1422 3643 1477 ad
3678 1421 3769 1479 le-

2121 1514 2286 1582 gates
2309 1510 2527 1565 summi
2550 1508 2840 1580 pontiﬁcis
2862 1510 3157 1581 superius,
3188 1513 3245 1565 et
3263 1510 3334 1566 ad
3364 1514 3603 1567 cunctos
3630 1511 3765 1582 epi-

2123 1616 2329 1670 sc0pos
2360 1603 2416 1653 et
2436 1597 2694 1665 abbates,
2715 1597 2993 1669 quoniam
3018 1598 3090 1653 ad
3118 1598 3405 1671 synodum
3420 1597 3639 1655 Arelati
3659 1615 3762 1655 eo-

2124 1690 2334 1743 nubam
2376 1688 2699 1754 ostendere.
2742 1688 2853 1743 Sed
2899 1687 3179 1759 quoniam
3226 1687 3373 1743 nihil
3420 1687 3657 1760 profuit,
3691 1688 3771 1744 ad

374 1779 546 1835 malis
578 1775 846 1833 novimus
877 1772 1244 1837 sceleratum,
1277 1778 1331 1827 et
1370 1788 1403 1825 a
1432 1788 1582 1843 papa
1610 1772 1840 1828 Victore
1879 1790 2012 1830 cum
2039 1802 2090 1873 B
2125 1778 2410 1832 domuum
2459 1776 2840 1848 apostolicum
2881 1777 3008 1831 ideo
3038 1775 3227 1832 libens
3272 1777 3501 1832 mittere
3547 1776 3768 1832 curavi.

370 1884 480 1924 cxx
509 1864 795 1938 episcopis
811 1860 1368 1918 anathematizatum
1389 1861 1483 1931 (4),
1508 1865 1563 1915 et
1589 1861 2010 1931 Simoniacum,

375 1958 476 2030 qui
498 1972 701 2013 omnes
721 1953 956 2008 ordines
987 1969 1127 2007 suos
1154 1950 1432 2018 vendidit,
1458 1951 1556 2021 qui
1576 1968 1778 2008 omnes
1800 1953 2015 2025 episco-

372 2064 500 2120 pos,
530 2050 755 2101 taceam
777 2043 847 2098 de
864 2040 1089 2109 alienis,
1114 2041 1212 2097 sed
1236 2055 1439 2095 omnes
1461 2058 1609 2111 quos
1630 2041 1687 2096 in
1713 2059 1842 2098 mea
1865 2048 2016 2100 terra

374 2133 683 2203 ordinavit,
717 2148 904 2204 usque
933 2131 1005 2186 ad
1037 2129 1421 2185 novissimum
1454 2131 1839 2200 quadrantem
1868 2134 2015 2187 redi-

375 2241 532 2281 mere
553 2223 704 2280 fecit.
733 2220 897 2286 Quod
916 2219 964 2275 si
988 2236 1104 2275 non
1135 2219 1393 2283 creditis,
1417 2220 1797 2275 Lutevensem
1822 2222 2016 2293 requi-

376 2314 486 2371 rite
532 2311 875 2384 episcopum
906 2314 964 2364 et
992 2307 1373 2364 Helenensem
1414 2312 1471 2363 et
1500 2308 1560 2362 hi
1599 2309 1709 2365 hoc
1740 2310 1901 2366 vobis
1932 2315 2013 2367 te-

450 2491 527 2558 (3)
557 2488 755 2543 Nullus
778 2486 859 2541 ibi
878 2487 1204 2556 baptizatur.
1225 2485 1448 2558 Durum
1472 2484 1615 2541 illud
1640 2504 1705 2543 ac
1734 2488 1899 2544 valde
1928 2490 2017 2545 in-

377 2556 731 2624 humanum,
762 2560 819 2611 et
847 2572 1088 2629 prorsus
1113 2556 1468 2629 contrarium
1498 2558 1716 2629 regulis
1747 2560 2018 2617 ecclesia-

382 2632 566 2699 sticis,
600 2646 728 2702 quas
743 2626 1004 2702 tempore
1026 2626 1322 2702 interdicti
1348 2626 1791 2702 servanflocum
1817 2632 2022 2689 huma-

1879 2723 2021 2760 ωηι-

384 2720 575 2770 ηιιᾶιι,
626 2720 1007 2757 οοηοθαευιεδ
1052 2720 1344 2768 uapusma
1382 2720 1782 2770 parvuxorum,
1838 2720 2021 2774 ρωῐιι-

380 2774 595 2831 tentias
608 2768 1005 2848 morientium,
1030 2769 1304 2823 viaticum
1324 2770 1383 2825 in
1405 2771 1563 2826 exitu
1584 2774 1810 2848 mortis,
1834 2777 2026 2848 sepul-

382 2852 577 2923 t_ura_m
608 2841 975 2923 clericorum,
1002 2857 1351 2923 pauperum,
1374 2841 1839 2923 peregrinorum,
1864 2841 2027 2923 etin-

382 2915 634 2999 fantitum
659 2930 698 2994 ρ.
730 2911 1220 2999 bimalu‘etinfra,
1243 2911 1680 2999 benedictiones
1711 2918 2025 2999 nuptiales,

383 2981 1179 3059 purificationesmulierum,
1204 2989 1376 3059 prout
1398 2984 1455 3037 in
1485 2987 1661 3039 variis
1693 2981 2029 3058 regionibus

385 3052 598 3130 regulae
619 3053 961 3130 va_riant_._ln_
974 3052 1311 3130 universum
1334 3058 1526 3130 tamen
1552 3052 1846 3130 afﬁrmare
1872 3060 2026 3124 licet,

382 3123 644 3201 tempore
674 3124 966 3201 interdicti
988 3123 1340 3201 permissum
1375 3125 1554 3181 fuisse
1576 3128 1871 3201 baptisma
1892 3123 2028 3201 par.

383 3193 676 3268 vulorum,
716 3193 1416 3267 itemque—pmnitentiam
1456 3193 1853 3254 morientium.
1883 3193 2029 3258 Vide

384 2703 575 2770 nitati,
616 2698 1007 2770 concedentes
1052 2698 1344 2770 baptisma
1382 2699 1782 2770 parvulorum,

2123 1867 2305 1931 Quem
2356 1882 2517 1938 rogo,
2552 1882 2651 1937 per
2675 1864 2859 1920 Deum
2893 1870 2949 1919 et
2976 1869 3248 1920 sanctum
3297 1869 3559 1934 Petrum,
3591 1867 3659 1919 ut
3694 1863 3771 1919 ab

2125 1955 2234 2010 hac
2255 1953 2852 2010 excommunicatione
2880 1954 2983 2021 Zme
3022 1951 3303 2020 absolvat,
3337 1968 3585 2023 meoque
3622 1968 3777 2025 pra:-

2126 2043 2240 2099 suli
2272 2044 2341 2097 de
2364 2060 2456 2096 me
2487 2041 2825 2105 satisfaciat,
2850 2039 3127 2110 quoniam
3171 2055 3356 2109 usque
3383 2040 3630 2094 Romam
3660 2056 3780 2111 ego

2124 2131 2401 2186 libentius
2424 2130 2757 2184 satisfacere
2786 2128 2865 2181 ire
2887 2143 3003 2181 non
3034 2126 3268 2198 ambigo
3292 2144 3305 2193 ;
3338 2125 3455 2195 ille,
3482 2128 3599 2183 nisi
3621 2126 3778 2199 liga-

2126 2224 2241 2287 tus,
2278 2218 2518 2289 inquam
2550 2222 2758 2286 sponte
2782 2232 2895 2269 non
2919 2215 3041 2273 ibit.

2128 2504 2278 2559 cap.,
2296 2488 2650 2559 lnquisitioni
2666 2494 2792 2553 tuae,
2813 2484 3159 2559 Desentent.
3178 2481 3778 2559 excommun.§ALuz.

2241 2528 2278 2552 .,
2296 2505 2648 2559 [ηᾳῑηδῑιιοηι
2666 2505 2893 2553 (£168,110
2911 2505 3159 2540 ΞΘΠιΒΠι.
3178 2505 3548 2538 ΘΧΟΟΠΠΠΠΠ.
3563 2505 3778 2538 ῡΑιιυΖ.

2196 2505 2276 2631 ᾗ)
2300 2558 2855 2631 Anathematizatani.
2888 2554 3184 2631 Nimirum
3201 2553 3258 2631 in
3284 2553 3528 2631 concilio
3553 2552 3785 2631 Floren-

2129 2624 2273 2695 tino,
2316 2631 2477 2711 quod
2502 2646 2543 2711 ἐξ
2573 2646 2724 2711 pana
2753 2628 2980 2711 Yictore
3008 2627 3061 2711 ,ΙΙ
3092 2624 3361 2711 habitum
3404 2624 3592 2706 fuerat
3621 2640 3783 2680 anno

2132 2694 2452 2773 superiore.
2498 2694 2601 2756 Cui
2641 2694 2885 2773 concilio
2940 2695 3273 2773 intertyisse
3311 2711 3428 2773 exir-
3474 2694 3787 2773 episcopos

2133 2765 2300 2829 docet.
2321 2775 2416 2828 hic
2438 2772 2620 2836 uicus.
2645 2771 2729 2823 Ad
2756 2785 2882 2823 eam
2902 2782 3072 2837 porro
3094 2765 3356 2820 Guifredi
3381 2765 3789 2837 Narbonensis

2136 2835 2795 2901 excommunicationem
2844 2835 3167 2910 respexisse
3196 2836 3429 2892 videtur
3448 2835 3791 2910 ‘Gregorius

2136 2914 2253 2980 VI],
2286 2918 2427 2970 dum
2465 2914 2584 2968 haec
2624 2911 2679 2964 in
2723 2906 2967 2963 concilio
3002 2909 3259 2963 Romano
3301 2906 3612 2964 sanciebat'
3628 2925 3791 2966 anno

2140 2989 2279 3042 1048
2313 3006 2324 3043 ;
2362 2991 2701 3041 Renovamus
2730 2982 2895 3034 etiam
2926 2980 3606 3053 excommunicationema
3633 2996 3790 3053 prae-

2137 3057 2507 3113 decessoribus
2560 3054 2765 3107 nostris
2810 3054 3017 3121 [actam
3063 3066 3227 3122 super
3250 3049 3570 3121 Gai/rectum
3601 3049 3793 3107 archi-

2141 3131 2447 3200 episcopum
2478 3125 2897 3200 Narbonensem,
2921 3126 2972 3176 et
2988 3122 3189 3200 absque
3217 3122 3335 3177 ulla
3355 3124 3796 3200 recaperationis

2140 3195 2232 3266 spe
2260 3195 2329 3257 ab
2352 3196 2644 3269 episcopali
2672 3195 2851 3265 ofﬁcio
2879 3210 3003 3249 eum
3018 3195 3417 3249 submovemus.
3450 3195 3532 3249 Io.

2030 3333 2033 3334 ν
2044 3333 2047 3334 ν

1804 3461 1967 3508 ANNO
2009 3461 2159 3508 DOMI
2201 3459 2367 3507 MLVII

1676 3594 2485 3725 THEUZO

1139 3790 1466 3847 EREMITA
1504 3791 1595 3847 ET
1635 3792 2023 3851 MONACHUS
2060 3794 2119 3850 S.
2162 3792 2437 3850 MARLJE
2475 3791 2565 3846 DE
2602 3789 3018 3846 FLORENTIA.

1510 4035 1980 4123 NOTITIA
2037 4033 2655 4124 HISTORICA

1399 4183 1662 4244 (Annales
1690 4185 2153 4257 Camaldulenses,
2184 4189 2328 4241 tom.
2363 4185 2433 4253 Il,
2466 4198 2597 4255 pag.
2635 4182 2759 4251 163)

1877 4337 2278 4351 ψ

454 4428 916 4503 Distinguendus
964 4434 1053 4487 est
1082 4431 1313 4486 Theuzo
1340 4432 1580 4488 eremita
1617 4437 1672 4489 et
1698 4435 2022 4491 monachus
2050 4437 2098 4502 Ι)
2130 4432 2435 4500 monacho,
2459 4427 3779 4502 cujusinterventuPrataliensemonasterium

376 4518 597 4574 Sanctae
630 4516 821 4573 Mariae
843 4519 915 4575 de
948 4519 1237 4575 Florentia
1268 4520 1340 4575 ab
1372 4520 1484 4575 alio
1515 4520 1726 4577 celebri
1769 4528 1825 4578 et
1855 4524 2020 4579 beato

375 4606 702 4674 Theuzone,
743 4607 926 4663 sancti
955 4608 1201 4664 Joannis
1229 4607 1523 4663 Gualberti
1575 4609 1883 4683 discipulo,
1916 4613 2015 4683 qui

374 4697 576 4753 eodem
598 4699 855 4767 tempore
876 4697 1103 4753 vivebat
1126 4716 1138 4765 ;
1164 4697 1235 4752 de
1259 4713 1372 4768 quo
1394 4698 1734 4754 consulendi
1752 4704 2018 4756 auctores

378 4784 870 4841 Vallumbrosani.
922 4785 1090 4841 Alius
1130 4786 1347 4859 pariter
1382 4786 1610 4842 videtur
1662 4805 1695 4843 a
1743 4788 2019 4845 Theuzonc

370 4872 634 4929 monacho
654 4877 705 4928 et
724 4873 952 4943 indigno
975 4874 1265 4938 sacerdote,
1298 4873 1396 4944 qui
1438 4890 1499 4929 se
1539 4874 1855 4930 subscribit
1885 4880 2018 4948 post

368 4960 627 5031 Petrum,
648 4961 827 5034 hujus
851 4962 1104 5018 nominis
1128 4963 1472 5027 secundum,
1499 4962 1769 5018 abbatem
1793 4968 2017 5018 Sancta:

369 5049 562 5105 Maria:
588 5049 910 5118 Florentiae,
935 5051 990 5104 in
1015 5050 1216 5105 charta
1238 5052 1679 5106 restaurationis
1704 5052 2012 5121 cujusdam

367 5137 675 5211 hospitalis
733 5140 884 5212 apud
939 5139 1352 5195 Puceinellium
1407 5140 1628 5211 (Clu-on.
1675 5141 1852 5195 abbat.
1898 5143 2014 5195 Flo-

367 5229 530 5295 rent.,
555 5243 610 5297 p.
632 5229 780 5297 254);
805 5244 940 5283 nam
963 5228 1195 5283 Theuzo
1214 5229 1455 5283 eremita
1483 5228 1874 5283 verisimililer
1896 5247 2011 5285 non

368 5313 477 5368 fuit
516 5316 824 5384 sacerdos;
880 5314 1224 5373 sacriimcnta
1267 5315 1443 5383 enim,
1504 5321 1648 5371 teste
1702 5316 2008 5384 Damiano,

365 5400 553 5456 divina
604 5418 706 5473 per
749 5406 914 5459 totius
953 5408 1093 5459 anni
1129 5406 1401 5461 circulum
1463 5406 1690 5459 nonnisi
1742 5408 1928 5474 semel,
1961 5415 2011 5462 et

367 5492 479 5539 tum
518 5503 629 5541 non
665 5506 699 5542 a
745 5492 833 5543 sui
878 5494 1195 5546 monasterii
1235 5491 1624 5558 sacerdotibus,
1665 5490 1759 5546 sed
1785 5492 2008 5549 aliunde

369 5574 613 5643 quaesitis
643 5575 1019 5649 percipiebat.
1051 5578 1216 5636 Alius
1246 5580 1487 5636 demum
1519 5582 1610 5639 est
1638 5596 1672 5636 θ.
1699 5578 2006 5641 Theuzoue

2132 4522 2241 4578 sub
2275 4538 2382 4577 sua
2413 4518 2766 4593 protectione
2797 4535 3064 4592 recepere
3093 4536 3245 4575 anno
3276 4518 3417 4574 4002
3455 4517 3587 4574 Otto
3619 4517 3690 4586 Il,
3722 4522 3782 4574 et

2129 4627 2280 4666 anno
2312 4611 2448 4665 1020
2491 4608 2798 4677 Henricus,
2833 4609 3237 4681 imperatores.
3265 4607 3512 4663 Putatur
3541 4606 3778 4662 Theuzo

2127 4700 2372 4754 eremita
2393 4701 2595 4753 auctor
2614 4697 3029 4754 Commentarii
3058 4697 3118 4751 in
3142 4694 3424 4768 Regulam
3444 4692 3632 4748 sancti
3664 4697 3777 4750 Pa-

2127 4788 2234 4842 tris
2265 4785 2582 4854 Benedicti,
2608 4802 2784 4857 qnem
2807 4785 3021 4841 dicavit
3041 4785 3311 4856 episcopo
3333 4779 3618 4836 Odelrico.
3646 4779 3777 4835 Bri-

2124 4876 2334 4931 xianus
2385 4875 2566 4946 hujus
2606 4875 2861 4930 nominis
2892 4874 3137 4929 antistes
3163 4870 3391 4925 vivebat
3421 4882 3574 4924 anno
3608 4868 3773 4939 102⁵7,

2124 4970 2181 5019 et
2218 4964 2468 5020 decessit
2512 4980 2664 5018 anno
2703 4964 2851 5015 1048.
2904 4960 3063 5015 Alter
3108 4956 3409 5015 Odelricus
3460 4955 3774 5014 Firmanus

2126 5054 2436 5125 episcopus
2477 5050 2830 5122 subscripsit
2858 5047 3100 5104 concilio
3132 5048 3392 5103 Romano
3424 5063 3577 5102 anno
3611 5047 3770 5113 1059,

2123 5143 2216 5197 cui
2246 5143 2419 5197 etiam
2449 5140 2753 5213 epistolam
2778 5137 2935 5194 dedit
2951 5138 3105 5194 circa
3128 5153 3348 5193 annum
3373 5136 3507 5191 1061
3532 5133 3769 5191 Damia-

2124 5249 2256 5286 nus.
2276 5230 2469 5285 Potuit
2497 5234 2693 5285 tamen
2724 5228 2911 5301 ipsius
2931 5225 3346 5283 Commentarii
3386 5229 3587 5281 auctor
3615 5240 3765 5293 esse,

2120 5319 2269 5375 alter
2298 5335 2426 5374 esse
2447 5317 2678 5373 Theuzo
2701 5317 3025 5373 monachus
3046 5317 3263 5389 pariter
3291 5314 3635 5371 Florentinis
3665 5313 3765 5369 ab-

2119 5406 2311 5475 batiae,
2340 5404 2425 5462 vel
2445 5404 2660 5476 aliquis
2677 5405 2827 5460 alius
2847 5405 3113 5476 ejusdem
3135 5403 3392 5462 nominis
3419 5402 3764 5470 monachus;

2117 5495 2236 5551 imo
2260 5495 2474 5566 pignus
2504 5493 2779 5547 daremus
2800 5492 3171 5550 Theuzonem
3194 5494 3442 5565 hujusce
3461 5496 3763 5549 Commen-

2114 5582 2250 5642 tarii
2295 5581 2642 5656 scriptorem
2692 5581 3102 5658 requirendam
3135 5599 3263 5642 esse
3291 5582 3445 5641 inter
3488 5578 3765 5641 Mediola-
