3966 6212
84 368 198 428 845

788 364 947 426 ODO
990 365 1317 428 FOSSA'I‘.
1365 366 1822 430 MONACHUS.
1855 399 1935 415 --
1965 368 2286 432 NOTITIA
2328 370 2773 434 HISTORICA.

3362 370 3481 433 846

84 517 290 557 nenses
314 498 963 572 monachoslntegrum
993 515 1140 570 opus
1166 477 1721 570 percurrimusmul-
1754 505 1803 566 Α
1838 501 2247 557 .llrdiolanensis
2304 506 2625 559 monasterii
2667 503 2833 559 abbas
2873 510 3153 575 perpetuae
3200 502 3481 574 felicitatis

80 589 297 662 libique
327 605 391 644 se
422 592 627 645 auctor
657 589 850 661 prodit
878 587 1073 658 aliquo
1104 586 1340 649 indicio,
1376 587 1485 641 nisi
1538 588 1726 658 capite

80 679 168 744 14,
228 678 324 733 ubi
374 677 680 749 inquirens
717 676 978 748 quomodo
997 676 1323 747 peragendae
1368 678 1480 730 sint
1522 678 1725 746 vigilia:

77 769 137 821 in
165 767 443 821 natatitizs
484 773 814 831 sanctorum,
863 763 1196 836 exemplum
1246 764 1413 819 offert
1461 764 1724 819 Ecclesiae

77 853 552 918 Mediolanensis,
596 854 695 908 ubi
745 868 973 923 corpora
1030 856 1321 908 servantur
1366 856 1419 907 et
1471 853 1727 908 coluntur

73 944 249 999 sancti
286 942 560 998 Ambrosii
602 951 653 998 et
700 945 1018 998 sanctorum
1076 940 1324 997 Gervasii
1367 949 1419 997 et
1459 943 1719 997 Protasii.

74 1031 143 1087 Et
172 1030 363 1104 capite
389 1032 455 1086 61
487 1029 736 1103 loquens
785 1032 857 1086 de
900 1029 1207 1086 monachis
1257 1029 1602 1101 peregrinis,
1659 1046 1724 1085 ac

75 1119 407 1191 exemplum
439 1120 737 1175 adducens
758 1121 1145 1174 formatarum
1170 1118 1724 1189 epistolarum,quas

75 1208 329 1265 scribere
358 1208 572 1264 debent
597 1209 837 1264 abbates
856 1206 1295 1281 episcopis,hzec
1317 1207 1491 1261 verba
1509 1206 1684 1262 habet
1707 1224 1720 1262 :

75 1297 390 1355 Venerabili
441 1297 893 1353 Christicolarum
940 1298 1053 1352 vita
1102 1296 1367 1362 decorata,
1419 1297 1544 1366 plus
1593 1297 1723 1350 certo

74 1403 241 1458 quam
264 1390 432 1443 terra?
458 1387 659 1453 vicino,
690 1385 887 1441 domno
918 1384 1003 1440 ill.
1034 1385 1267 1457 praesuli
1302 1384 1608 1440 venerando
1638 1382 1720 1439 ill.

1837 591 2072 659 obpwiia
2100 595 2259 661 atque
2286 593 2655 662 angelicorum
2685 594 2913 665 synaxis
2951 593 3241 648 consortia.
3272 591 3483 647 Prmter

1834 679 2131 750 exemplar
2161 680 2493 735 chartarum
2519 681 2698 752 hujus
2719 680 3132 737 Commentarii
3154 680 3483 736 Theuzonis

1835 767 1988 837 quod
2022 768 2305 822 asservari
2339 768 2398 823 in
2431 769 2666 824 abbatis.
2697 768 3029 825 Florentius
3075 769 3185 824 sub
3218 786 3382 824 num.
3411 770 3484 825 58

1835 854 2046 910 asserit
2078 855 2474 920 Mabillonius,
2509 857 2780 928 quodque
2811 857 3020 913 saeculo
3050 875 3143 912 xv;
3192 857 3303 912 fuit
3348 874 3480 913 con-

1835 942 2573 1014 scriptum,nitidissimum
2600 944 2846 1000 alterum
2871 945 3166 1018 exemplar
3193 947 3481 1003 membra-

1833 1030 2384 1100 naceum,saeculum
2416 1049 2513 1086 xxv
2540 1032 2627 1088 vel
2654 1050 2723 1088 xv
2753 1038 3319 1098 exaratum,servant
3348 1051 3478 1090 mo-

1833 1119 2000 1174 nachi
2030 1119 2213 1174 nostri
2236 1120 2430 1174 Sancti
2454 1120 2682 1174 Mathiaa
2705 1121 2774 1175 de
2789 1120 3150 1190 Muriano,ex
3169 1138 3281 1192 quo
3301 1122 3478 1178 etiam

1832 1205 2138 1278 epistolam
2202 1205 2410 1277 ipisius
2460 1206 2947 1277 nuncupatoriam
2998 1208 3068 1261 ad
3126 1207 3477 1275 Odelricam,

1832 1310 1960 1366 quae
1994 1295 2224 1366 praeﬁxa
2241 1299 2330 1350 est
2353 1293 2781 1350 Commentario
2799 1311 2901 1350 seu
2924 1295 3118 1366 potius
3148 1295 3476 1351 collectioni

1833 1398 1903 1437 ex
1931 1383 2104 1439 dictis
2134 1383 2585 1455 prmeedentium
2619 1383 2877 1449 Patrum,
2910 1384 3141 1439 damus.

1462 1651 2092 1741 PROLOGUS

465 1840 1170 1932 EXPOSITlONlS
1212 1840 1632 1931 REGULIE
1687 1841 1774 1928 S.
1816 1840 1904 1927 P.
1951 1840 2045 1928 N.
2090 1839 2620 1929 BENEDIGTI
2662 1840 3090 1930 ABBATIS

1254 2018 1532 2100 Scriptus
1560 2037 1598 2080 a
1626 2020 1959 2080 Tnsuzone
1990 2018 2292 2079 monacho.

200 2183 423 2255 (Ann-at.
460 2161 729 2246 Camatd.,
760 2185 903 2236 tom.
936 2180 1007 2248 ll,
1038 2179 1300 2252 Append.
1335 2195 1390 2250 p.
1427 2179 1547 2245 156,
1567 2193 1648 2303 δι(
1680 2178 1877 2305 οῗᾴἱοθ
1908 2178 2106 2322 δεῖσυιί
2137 2195 2239 2233 x111
2272 2178 2611 2234 monasterii
2636 2178 2695 2234 S.
2731 2177 2961 2233 Mathiae
2987 2178 3059 2234 de
3089 2178 3356 2235 Muriano

1616 2266 1721 2305 ene
1749 2265 1959 2305 tarum.

1616 2265 1939 2305 eneuarum
1948 2292 1959 2303 .

890 2534 1113 2578 INCIPIT
1157 2532 1464 2578 EXPOSITIO
1510 2534 1752 2579 REGULE
1793 2536 1975 2580 BEATI
2020 2535 2340 2580 BENEDICTI
2382 2535 2661 2581 ABBATIS.

62 2685 231 2740 Versa
292 2679 619 2738 dilectionis
673 2678 1052 2751 praerogativa
1105 2677 1447 2733 circumfluo
1506 2678 1720 2733 domno
1751 2681 1799 2745 B
1830 2680 2126 2751 ingratus;
2161 2682 2263 2737 sed
2298 2680 2455 2752 quia,
2489 2684 2554 2734 ut
2581 2679 2661 2734 ait
2689 2680 2897 2735 beatus
2928 2679 3265 2752 Gregorius,
3294 2681 3474 2754 degu-

59 2774 365 2830 Onsuuco
394 2767 707 2826 venerabili
740 2766 1269 2840 episcopo,Theuzo
1297 2770 1562 2838 peccator
1592 2783 1718 2838 per-

58 2867 260 2937 petua:
290 2858 584 2915 felicitatis
623 2856 886 2924 obsonia,
920 2873 985 2912 ac
1016 2860 1310 2928 perpetuae
1352 2854 1724 2911 indelicentia

58 2947 373 3008 ﬁdelitatis
403 2945 821 3003 emolumenta.

130 3039 512 3109 Quanquam,
546 3036 627 3091 mi
647 3034 973 3091 venerande
1006 3033 1173 3089 Pater
1202 3034 1355 3088 beati
1388 3034 1577 3088 Patris
1615 3032 1718 3087 Be-

55 3127 285 3185 nedicti
321 3125 550 3199 Regulae
582 3125 739 3180 dicta
768 3123 827 3178 in
860 3122 1155 3196 plerisque
1186 3123 1492 3179 vidcantur
1521 3126 1719 3193 aperta

56 3234 192 3274 esse
214 3221 279 3274 et
307 3214 789 3283 dilucida,tamen
810 3211 871 3267 in
894 3212 1246 3285 quibusdam
1272 3212 1469 3267 minus
1496 3211 1717 3267 studio-

56 3308 163 3375 sis,
199 3310 287 3374 et,
320 3309 386 3361 ut
412 3304 495 3363 ita
534 3302 750 3372 dicam,
802 3302 1017 3357 imitari
1066 3305 1123 3357 et
1160 3301 1307 3358 scire
1359 3301 1715 3366 nolentibus,

56 3413 175 3452 non
211 3392 388 3451 facile
415 3397 557 3450 sunt
584 3392 865 3465 patentia,
912 3391 1236 3447 secundum
1277 3390 1430 3462 quod
1479 3389 1717 3445 illorum

55 3486 482 3541 demonstrant
519 3480 827 3554 opera.Qui
859 3480 909 3536 si
940 3479 1029 3534 vel
1060 3478 1262 3535 leviter
1283 3478 1593 3535 accedendi
1615 3495 1716 3551 po-

7 3558 15 3593 ’
56 3574 363 3630 stularent
390 3570 718 3635 introitum,
751 3567 1058 3625 confestim
1089 3567 1200 3623 sibi
1232 3568 1421 3639 quoad
1444 3566 1721 3623 interiora

52 3667 377 3735 penetrare
402 3661 663 3731 possent,
688 3656 905 3713 ostium
937 3655 1264 3712 invenirent
1294 3656 1718 3727 apertum.Cla-

52 3751 141 3808 vis
172 3750 346 3808 enim
376 3746 644 3819 ejusdem
666 3745 803 3802 ostii
824 3744 1098 3801 continue
1119 3744 1334 3799 ibidem
1361 3745 1717 3816 dependens,

52 3856 174 3896 non
210 3855 280 3896 se
313 3835 668 3893 subduceret
687 3851 722 3890 a
741 3850 919 3889 manu
940 3831 1189 3889 libenter
1208 3832 1432 3904 operire
1454 3831 1717 3887 volentis.

1831 2771 1982 2822 stare
2022 2768 2294 2824 nolumus
2345 2768 2715 2825 dulcedinem
2771 2768 2930 2823 intus
2969 2768 3138 2824 nobis
3186 2772 3473 2841 paratam,

1832 2871 2101 2910 amamus
2134 2857 2270 2911 foris
2301 2856 2500 2913 miseri
2553 2857 2767 2912 famem
2817 2860 3118 2913 nostram:
3168 2860 3474 2930 prOpterca

1828 2960 1934 3015 ego
1964 2960 2032 2998 ex
2057 2943 2227 3000 dictis
2258 2946 2707 3016 praecedentium
2751 2945 2989 3001 Patrum
3041 2944 3150 3000 hoc
3199 2945 3468 3001 strictum

1828 3031 2195 3104 breviterque
2226 3033 2535 3104 perstrinxi
2566 3033 2942 3107 opusculum,
2983 3051 3097 3089 non
3147 3034 3382 3106 penitus
3436 3052 3471 3091 a

1829 3137 1922 3176 me
1952 3121 2197 3187 editum,
2229 3122 2328 3176 sed
2362 3138 2430 3177 ex
2459 3122 2662 3179 alienis
2706 3123 3006 3179 laboribus
3056 3126 3347 3195 carptum,
3400 3140 3470 3180 ne

1829 3210 1975 3266 forte
2013 3210 2124 3265 sibi
2156 3211 2288 3283 quis
2310 3210 2443 3267 velit
2462 3212 2895 3269 excusationem
2918 3211 3201 3269 asciscere
3222 3211 3468 3284 malum,

1830 3301 2054 3355 nudum
2088 3299 2318 3373 Regulae
2349 3316 2466 3355 non
2491 3306 2685 3372 posset
2704 3318 2939 3373 carpere
2961 3300 3471 3374 textum.Deniquc

1827 3389 2100 3445 eumdem
2147 3393 2394 3457 textum,
2446 3389 2839 3460 particulatim
2888 3406 2992 3462 per
3037 3405 3295 3461 congrua
3343 3388 3472 3446 loca

1829 3476 2104 3544 divisum,
2138 3478 2438 3544 ordinans,
2470 3477 2748 3550 virgulas,
2774 3496 2887 3550 quo
2917 3477 3147 3534 facilius
3179 3478 3468 3551 quidquid

1828 3583 1896 3621 ex
1930 3582 1996 3622 eo
2053 3566 2330 3638 quaeritur
2368 3565 2613 3622 inveniri
2674 3566 2877 3639 possit,
2929 3566 3264 3641 prmnotavi.
3311 3566 3471 3623 Hanc

1827 3653 2011 3727 igitur
2057 3654 2456 3711 collectionem
2502 3659 2703 3711 vestrae
2748 3657 3082 3727 paternitati
3129 3657 3470 3713 examinan-

1829 3744 1965 3799 dam
1998 3742 2203 3798 offerre
2233 3743 2451 3811 curavi,
2484 3748 2568 3814 ut,
2602 3743 2652 3799 si
2684 3744 2829 3799 forte
2868 3746 2938 3800 ad
2971 3746 3315 3803 aemulorum
3347 3763 3471 3802 ma-

1830 3848 1943 3887 nus
1973 3830 2167 3886 delata
2197 3830 2390 3899 fuerit,
2414 3849 2529 3887 non
2568 3831 2648 3886 ibi
2700 3831 3023 3904 quidquam
3056 3837 3212 3907 quod
3262 3834 3473 3892 canina

51 3928 183 3992 Quo
218 3928 277 3985 si
310 3925 444 3999 quis
473 3923 654 3982 semel
674 3916 927 3979 intrasse
946 3921 1124 3978 fuerit
1143 3919 1628 3994 dignus,ulterius
1649 3921 1721 3977 de
1764 3992 1795 3999 _
1830 3920 2002 3975 dente
2032 3919 2359 3987 corrodant,
2394 3920 2494 3975 sed
2525 3919 2719 3991 potius
2749 3920 2821 3975 ad
2853 3937 2953 3977 eos
2984 3923 3057 3978 ab
3087 3923 3314 3982 infelice
3343 3940 3471 3998 per-

51 3992 521 4087 caducis—atque
550 4012 797 4070 terrenis
836 3992 1231 4068 incommodis
1256 4022 1397 4067 non
1456 4008 1726 4065 existeret
1754 3992 1797 4059 C
1830 4007 2047 4065 tinacia
2074 4012 2384 4077 removeat,
2418 4008 2669 4080 reperire
2697 4013 2934 4079 queant.
2965 4010 3186 4070 Valete.

50 4159 3480 4209 ψ

1431 4294 1596 4342 ANNO
1636 4293 1853 4342 DOIINI
1894 4293 2118 4341 HLVIH.

981 4424 2585 4723 MONACHUSOEOOSSATENSIS

1292 4958 1687 5033 NOTITIA
1739 4957 2273 5033 HISTORICA.

703 5113 958 5181 (FABRIC.
987 5111 1324 5167 Bibliotheca
1355 5111 1550 5167 media'
1579 5115 1629 5165 et
1660 5110 1871 5180 inﬁmae
1900 5111 2234 5178 Latinitatis,
2268 5113 2408 5164 tom.
2444 5110 2538 5177 IV,
2570 5116 2703 5181 pag.
2738 5107 2868 5180 158)

1578 5263 2001 5272 ————_———-————

14 5378 37 5391 ί
127 5368 292 5436 Odo,
341 5360 667 5418 monachus
705 5363 1052 5426 Fossatenszs,
1104 5361 1343 5433 scripsit
1389 5378 1543 5416 anno
1592 5362 1731 5417 4058
1762 5368 1805 5432 D
1834 5360 2039 5417 Jacobi
2071 5360 2147 5414 du
2182 5360 2373 5424 Breul,
2400 5359 2756 5416 Benedictini
2779 5358 3191 5433 supplemento
3214 5353 3490 5429 Antiqui-

51 5458 270 5513 Vitam
307 5452 502 5508 damni
529 5450 836 5507 Burchardi
864 5449 1097 5504 comitis
1131 5449 1588 5515 Melodunensis,
1633 5451 1732 5523 qui
1844 5454 2030 5504 tutum
2064 5447 2504 5513 Parisiensium,
2539 5449 2719 5517 Paris,
2761 5449 2921 5517 46M,
2954 5450 3006 5517 4,
3066 5454 3123 5504 et
3154 5450 3212 5504 in
3251 5447 3491 5503 Andrem

7 5524 15 5543 ’
54 5545 229 5620 apud
275 5542 587 5614 Hugonem
616 5535 898 5614 Capetum
924 5542 980 5593 et
1012 5537 1327 5592 Robertum
1368 5539 1497 5609 ejus
1546 5540 1732 5594 ﬁlium
1844 5539 1921 5592 du
1952 5536 2199 5603 Chesne,
2232 5539 2273 5589 t.
2311 5535 2379 5589 IV
2411 5536 2773 5607 Scriptorum
2807 5539 2878 5593 de
2910 5538 3084 5593 rebus
3115 5539 3489 5601 Francorum,

53 5633 403 5715 gratiosus,
434 5630 590 5688 diem
621 5629 767 5687 obiit
792 5630 857 5686 A.
892 5626 1052 5684 1012.
1086 5625 1287 5683 Exstat
1317 5626 1377 5682 in
1407 5626 1583 5683 Brolii
1615 5627 1734 5685 sive
1843 5644 1902 5703 p.
1937 5627 2062 5696 145,
2095 5627 2153 5681 et
2178 5621 2766 5696 Gallice,Sebastiano
2807 5624 3143 5684 Roulliardo
3163 5625 3489 5701 interprete
