3966 6212
360 316 477 380 843

903 314 1214 376 THEUZO
1256 311 1612 373 EREMITA
1656 311 1753 371 ET
1798 306 2250 370 MONACHUS.
2282 341 2361 353 —
2390 309 2710 371 NOTITIA
2753 307 3195 373 HISTORIGA.

3639 315 3770 376 844

361 451 460 523 qui
490 448 699 506 renuit.
728 447 846 519 Ego
876 450 1071 501 autem
1102 443 1408 500 confestim
1448 446 1512 498 ut
1539 443 1648 498 hoc
1693 441 1843 508 novi,
1878 439 1992 495 vidi
2024 440 2080 506 Α
2110 441 2453 509 stiﬁcentur,
2488 441 2586 511 qui
2610 443 2681 498 ab
2709 458 2775 498 eo
2798 446 2937 498 sunt
2952 440 3223 499 ordinati.
3248 441 3447 515 Neque
3479 445 3769 503 ecclesias

362 540 663 613 prmtatum
695 533 1216 605 archiepiscopum,
1232 531 1503 603 voluique
1525 531 1575 586 ei
1600 532 1892 585 afﬁrmare
1915 529 2000 584 di-

363 631 585 682 rectum
615 628 670 680 et
699 624 769 678 de
800 639 892 677 me
924 624 980 677 et
1009 622 1080 677 de
1110 621 1357 693 conjuge
1388 638 1517 675 mea
1545 625 1601 675 et
1630 620 1699 675 de
1727 619 2003 674 omnibus

364 715 509 771 meis
542 710 842 785 injudicio
864 710 954 766 sui
977 709 1206 766 dioecesi
1230 711 1634 782 episcoporum
1666 712 1721 764 et
1749 708 2001 781 episcopi

361 802 596 858 Arelate
616 818 719 875 per
739 800 939 856 decem
958 799 1145 854 millia
1168 798 1404 867 solidos;
1432 799 1531 871 qui
1557 797 1769 853 renuit.
1788 797 2003 853 Deinde

361 892 421 949 in
444 890 669 963 judicio
698 888 874 963 legati
905 888 1205 961 apostolici
1240 892 1296 944 et
1325 888 1503 958 hujus
1530 891 1741 942 sancta:
1775 886 2001 959 synodi;

361 986 417 1037 et
440 978 842 1053 huncsprevit.
859 978 944 1033 Ad
966 977 1239 1032 ultimum
1254 993 1387 1032 vero
1400 975 1715 1031 exclamavi
1737 980 2002 1032 sanctum

363 1071 598 1127 Petrum
630 1068 991 1140 etjudicium
1016 1066 1214 1121 domni
1240 1065 1538 1138 apostolici
1563 1065 1787 1120 utirem
1811 1082 2004 1120 coram

365 1176 453 1224 eo,
484 1158 619 1213 etin
649 1157 777 1227 ejus
808 1173 982 1211 manu
1016 1154 1067 1209 ei
1101 1144 1455 1208 afﬁrma’rem
1497 1154 1802 1208 directum.
1841 1153 2006 1207 Ilnnc

367 1246 552 1303 multo
575 1244 961 1319 parvipendit;
978 1244 1077 1299 sed
1095 1234 2009 1298 excommunieavitinclementer

368 1340 541 1407 atque
570 1334 791 1406 injuste
822 1348 915 1388 me
940 1336 996 1387 et
1028 1347 1217 1386 meam
1239 1347 1499 1398 uxorem,
1519 1347 1796 1401 meosque
1818 1330 2006 1385 infan-

367 1429 476 1493 tes,
509 1428 566 1480 et
585 1439 819 1479 omnem
852 1424 1108 1477 nostram
1142 1423 1379 1484 terram,
1410 1423 1531 1473 tam
1564 1417 1895 1487 crudeliter,
1930 1420 2009 1475 ita

369 1517 435 1568 ut
462 1511 661 1567 nullus
695 1510 774 1566 ibi
798 1509 1123 1581 baptizatur
1152 1508 1250 1579 (3),
1275 1524 1379 1562 nec
1400 1506 1880 1575 communicatur,
1906 1526 2008 1564 nec

369 1601 705 1674 sepeliatur.
754 1599 871 1655 Nos
900 1602 1117 1665 autem,
1149 1596 1260 1653 nisi
1291 1596 1466 1651 timor
1507 1596 1606 1651 Dei
1642 1602 1813 1665 esset,
1849 1598 2006 1668 parvi

370 1693 759 1765 penderemus
790 1704 959 1744 suam
999 1685 1682 1753 excommunicationem,
1718 1702 1891 1757 quem
1926 1692 2010 1743 tot

2114 545 2251 583 meae
2282 534 2445 584 terrae
2476 545 2815 586 consecrare
2843 531 3043 601 voluit,
3086 531 3270 587 donec
3300 533 3503 590 datum
3552 551 3767 592 earum

2112 618 2317 674 tenuit.
2343 619 2538 691 Nuper
2558 624 2753 675 autem
2778 620 2924 676 duos
2946 637 3107 676 meos
3130 621 3345 679 milites
3365 623 3669 682 venientes
3690 641 3771 682 ex

2110 708 2308 780 vigilia
2335 713 2549 764 sanctae
2580 709 2893 766 Salvatoris
2912 710 3166 779 Apianae,
3191 711 3285 768 die
3305 712 3669 786 Epiphaniae,
3692 730 3767 771 eo

2106 799 2352 869 jubente
2383 803 2556 870 atque
2573 800 2950 873 suffragante,
2969 804 3107 855 sunt
3127 801 3280 874 capti
3312 807 3369 857 et
3398 802 3566 870 tenti,
3589 808 3649 859 et
3662 820 3769 861 eos

2115 888 2214 959 qui
2248 887 2379 943 illos
2431 893 2707 960 ceperunt
2735 888 3080 960 patrocinat,
3121 895 3176 946 et
3208 890 3310 946 dat
3339 892 3424 948 eis
3454 892 3761 950 solidatas.

2116 978 2247 1033 Ideo
2278 994 2381 1049 ego
2404 978 2708 1049 Berengari
2720 996 2786 1034 us
2804 978 3239 1051 praii‘atusbanc
3258 981 3423 1037 vobis
3439 984 3498 1038 et
3512 982 3767 1038 Domino

2115 1066 2229 1121 Deo
2262 1066 2407 1121 facio
2431 1067 2876 1137 querimoniam,
2902 1072 2958 1123 et
2975 1068 3544 1140 postulojustitiam;
3579 1087 3763 1144 quam

2118 1155 2228 1210 nisi
2264 1156 2668 1226 impetravero,
2693 1174 2811 1212 suae
2843 1158 3433 1214 excommunicationi
3446 1160 3607 1232 parvi
3622 1176 3766 1233 pen-

2117 1246 2275 1312 dere,
2315 1251 2371 1300 et
2412 1246 2468 1298 in
2494 1262 2683 1299 meam
2717 1248 2930 1300 terram
2964 1250 3230 1317 treguam
3262 1247 3487 1304 nullam
3525 1250 3763 1315 tenebo,

2118 1350 2307 1405 neque
2330 1333 2623 1404 judicium
2655 1333 2957 1405 apostolici
2986 1334 3245 1407 amplius
3274 1336 3629 1393 acclamabo.

2188 1423 2350 1487 Quod
2380 1440 2484 1493 ego
2516 1422 2897 1494 Berengarius
2928 1424 3007 1479 ita
3031 1424 3301 1497 superius
3330 1442 3539 1497 queror
3567 1426 3640 1482 ad
3676 1426 3767 1484 le-

2118 1519 2283 1586 gatos
2306 1513 2524 1568 summi
2548 1512 2837 1584 pontiﬁcis
2859 1514 3154 1586 superius,
3185 1518 3242 1569 et
3260 1515 3331 1570 ad
3361 1518 3600 1571 cunctos
3627 1516 3761 1587 epi-

2119 1619 2325 1674 scopos
2356 1606 2413 1657 et
2433 1601 2691 1669 abbates,
2712 1602 2990 1673 quoniam
3016 1603 3089 1658 ad
3115 1603 3402 1676 synodum
3418 1601 3635 1659 Arelati
3656 1619 3760 1659 co-

2120 1693 2332 1746 nabam
2373 1692 2696 1758 ostendere.
2740 1692 2850 1747 Sed
2897 1692 3177 1763 quoniam
3223 1691 3369 1747 nihil
3417 1691 3654 1764 profuit,
3688 1693 3769 1748 ad

371 1782 543 1837 malis
574 1779 843 1836 novimus
874 1775 1240 1841 sceleratum,
1274 1782 1327 1830 et
1367 1791 1399 1829 a
1428 1791 1579 1846 papa
1608 1775 1837 1831 Victore
1875 1794 2008 1833 eum
2035 1807 2087 1876 Β
2122 1781 2407 1837 domnum
2456 1780 2837 1852 apostolicum
2878 1781 3005 1836 ideo
3035 1779 3223 1836 libens
3269 1781 3498 1837 mittere
3544 1781 3765 1836 curavi.

368 1887 477 1926 cxx
506 1867 792 1941 episcopis
808 1863 1364 1921 anathematizatum
1385 1866 1480 1935 (4),
1504 1868 1561 1919 et
1586 1864 2007 1935 Simoniacum,

372 1960 473 2033 qui
495 1975 698 2015 omnes
718 1956 953 2011 ordines
984 1972 1123 2011 suos
1150 1953 1429 2021 vendidit,
1454 1954 1552 2025 qui
1572 1972 1775 2012 omnes
1796 1957 2011 2029 episco.

369 2066 496 2123 pos,
527 2053 751 2104 taceam
773 2046 844 2101 de
861 2043 1085 2112 alienis,
1110 2044 1209 2100 sed
1232 2058 1435 2099 omnes
1458 2060 1605 2114 quos
1627 2045 1683 2100 in
1708 2063 1838 2102 mea
1860 2051 2013 2105 terra

371 2136 679 2206 ordinavit,
713 2151 900 2207 usque
930 2133 1002 2189 ad
1034 2132 1417 2188 novissimum
1451 2134 1836 2204 quadrantem
1866 2138 2011 2192 redi-

372 2243 528 2284 mere
549 2226 701 2283 fecit.
729 2223 893 2289 Quod
913 2222 960 2278 si
984 2240 1101 2278 non
1132 2222 1389 2287 creditis,
1412 2223 1794 2279 Lutevensem
1818 2226 2013 2296 requi-

373 2316 482 2373 rite
529 2314 871 2387 episcopum
902 2317 961 2367 et
989 2310 1370 2367 Helenensem
1411 2316 1467 2367 et
1497 2311 1556 2365 hi
1595 2312 1705 2368 hoc
1735 2314 1898 2370 vobis
1929 2318 2009 2371 te-

446 2493 524 2561 (3)
553 2491 751 2546 Nullus
774 2489 855 2543 ibi
874 2490 1201 2559 baptizetur.
1222 2487 1444 2561 Durum
1469 2487 1611 2544 illud
1636 2508 1701 2547 ac
1730 2491 1895 2548 valde
1925 2493 2013 2549 in-

373 2559 727 2627 humanum,
758 2563 815 2614 et
844 2575 1084 2633 prorsus
1110 2559 1464 2633 contrarium
1495 2561 1713 2633 regulis
1744 2564 2014 2621 ecclesia-

377 2634 562 2701 sticis,
596 2649 724 2704 quae
739 2634 1001 2704 tempore
1023 2630 1319 2704 interdicti
1344 2630 1787 2704 servant'locum
1814 2636 2019 2693 buma-

380 2706 571 2778 nitati,
613 2701 1003 2778 concedentes
1048 2701 1339 2778 baptisma
1379 2703 1778 2778 parvulorum,
1836 2709 2017 2778 poeni-

375 2771 590 2833 tentias
603 2771 1001 2851 morientium,
1025 2772 1301 2827 viaticum
1321 2771 1559 2829 in'exitu
1579 2778 1806 2851 mortis,
1830 2771 2021 2851 sepul-

377 2855 572 2926 t_ura_m
604 2844 972 2926 clericorum,
1000 2860 1347 2926 pauperum,
1371 2844 1835 2926 peregrinorum,
1861 2844 2022 2926 etin-

378 2918 694 3002 fantilumﬂa
725 2914 1216 3002 bimatu‘etinfra,
1240 2914 1676 3002 benedictiones
1707 2914 2021 3002 nuptiales,

378 2984 1175 3062 purificationesmulierum,
1199 2992 1372 3055 prout
1394 2987 1450 3041 in
1481 2990 1658 3043 variis
1688 2984 2025 3062 regionibus

381 3055 593 3132 regulae
615 3056 957 3132 variant_._ln_
969 3055 1307 3132 universum
1330 3061 1521 3132 tamen
1548 3055 1842 3117 affirmare
1869 3064 2022 3129 licet,

378 3126 639 3204 tempore
669 3126 960 3204 interdicti
984 3126 1337 3204 permissum
1370 3130 1550 3185 fuisse
1573 3132 1866 3204 baptisma
1898 3126 2024 3204 par;

378 3196 671 3271 vulorum,
711 3199 968 3270 itemque
986 3196 1413 3269 pcenitentiam
1453 3196 1849 3259 morientium.
1880 3196 2024 3261 Vide

2056 3167 2098 3232 C

2119 1872 2302 1935 Quem
2354 1886 2513 1942 rogo,
2550 1886 2649 1941 per
2672 1869 2856 1924 Deum
2889 1874 2946 1924 et
2974 1873 3244 1924 sanctum
3293 1874 3557 1940 Petrum,
3587 1872 3656 1924 ut
3691 1869 3769 1924 ab

2122 1959 2231 2014 hac
2252 1956 2849 2014 exeommunicatione
2877 1958 2981 2025 ,me
3019 1955 3300 2024 absolvat,
3334 1972 3582 2028 meoque
3619 1973 3773 2029 prae-

2123 2047 2237 2103 suli
2269 2048 2338 2101 de
2360 2064 2453 2101 me
2483 2045 2822 2108 satisfaciat,
2847 2043 3123 2114 quoniam
3167 2060 3353 2113 usque
3380 2044 3627 2099 Romam
3657 2061 3777 2117 ego

2122 2135 2398 2191 libentius
2421 2134 2753 2189 satisfacere
2782 2132 2861 2185 ire
2884 2147 3000 2186 non
3031 2131 3264 2203 ambigo
3289 2149 3302 2199 ;
3336 2130 3452 2200 ille,
3480 2132 3595 2188 nisi
3618 2131 3776 2204 liga-

2122 2229 2237 2291 tus,
2276 2223 2515 2293 inquam
2547 2225 2753 2291 sponte
2780 2236 2892 2274 non
2916 2219 3038 2278 ibit.

2124 2508 2274 2563 cap.,
2293 2491 2647 2563 lnquisitioui
2662 2498 2789 2557 tuae,
2810 2489 3155 2563 Desentent.
3175 2486 3773 2563 excommumBawz.

2238 2532 2274 2557 ο,
2293 2508 2645 2563 mquzsutom
2662 2508 2789 2557 ιῑιειξ,
2810 2508 2889 2544 UB
2908 2508 3155 2544 εθηιθηι.
3175 2508 3545 2543 ΕΧΟΟΠΠΠΠΠ.
3560 2508 3773 2543 DALUZ.

2193 2508 2272 2634 ᾗ)
2297 2563 2851 2634 Anaihematizaiuin.
2884 2559 3181 2634 Nimirum
3197 2558 3255 2634 in
3281 2558 3524 2634 concilio
3549 2558 3781 2634 Floren-

2125 2629 2270 2697 tino,
2312 2635 2473 2715 quod
2499 2651 2539 2715 ta
2570 2650 2721 2715 papa
2750 2631 2977 2715 Victore
3005 2632 3060 2715 ,ΙΙ
3088 2629 3357 2715 habiturn
3400 2629 3589 2711 fuerat
3618 2646 3778 2686 anno

2128 2699 2448 2777 superiore.
2494 2699 2597 2760 Cui
2637 2699 2881 2777 concilio
2936 2701 3270 2777 interiliisse
3308 2715 3424 2777 cxi
3471 2699 3782 2777 episcopos

2130 2770 2295 2833 docet
2317 2778 2412 2832 hic
2434 2777 2615 2840 incus.
2641 2775 2724 2827 Ad
2752 2789 2879 2827 eam
2899 2787 3069 2842 porro
3091 2770 3353 2825 Guifredi
3378 2770 3784 2842 Narbonensis

2132 2846 2791 2905 excommunicationem
2841 2840 3163 2915 respexisse
3192 2841 3426 2897 videtur
3444 2840 3786 2915 _Gregorius

2132 2916 2249 2983 VII,
2282 2922 2423 2975 dum
2461 2919 2581 2972 haec
2621 2916 2675 2968 in
2719 2912 2964 2969 concilio
2998 2914 3256 2968 Romano
3297 2912 3605 2969 sanciebat’
3624 2931 3787 2971 anno

2137 2994 2275 3046 10.18
2309 3010 2320 3046 :
2358 2996 2698 3045 Renovamus
2726 2987 2892 3039 etiam
2923 2986 3603 3058 excommunicationema
3630 3002 3786 3058 pra:-

2134 3062 2502 3117 deressnribus
2556 3059 2761 3112 nostris
2806 3059 3014 3126 [actam
3059 3071 3222 3126 super
3247 3054 3565 3127 Cui/rectum
3596 3054 3790 3112 archi-

2137 3136 2441 3204 episcon
2474 3129 2893 3192 Narbonensem,
2917 3131 2967 3181 et
2984 3127 3186 3253 absque
3213 3127 3331 3181 ulla
3351 3129 3792 3199 recuperationis

2137 3219 2228 3253 sne
2256 3203 2322 3253 ab
2348 3201 2640 3253 episcopali
2669 3200 2846 3253 ofﬁcio
2875 3214 2999 3253 eum
3015 3214 3080 3252 su
3118 3213 3413 3253 movemus.
3446 3199 3528 3253 In.

2136 3199 2228 3271 spe
2256 3199 2325 3260 ab
2348 3201 2640 3273 episcOpali
2669 3200 2846 3270 ofﬁcio
2875 3214 2999 3253 eum
3015 3199 3413 3254 submovemus.
3446 3199 3528 3255 Io.

379 3338 3781 3370 m

1799 3464 1963 3511 ANNO
2005 3465 2154 3511 DOMI
2197 3464 2363 3511 MLVII

1671 3597 2481 3729 THEUZO

1135 3793 1461 3850 EREMITA
1501 3794 1591 3850 ET
1631 3796 2018 3855 MONACHUS
2056 3798 2115 3854 S.
2158 3796 2433 3853 MARLE
2471 3794 2561 3850 DE
2597 3793 3014 3850 FLORENTIA.

1506 4038 1975 4127 NOTITIA
2032 4036 2651 4128 HISTORICA

1394 4186 1657 4247 (Annales
1686 4189 2148 4261 Camaldulenses,
2180 4193 2323 4245 tom.
2359 4189 2428 4258 Il,
2462 4201 2592 4259 pag.
2631 4186 2753 4256 163)

1873 4340 2273 4354 *-

449 4430 911 4505 Distinguendus
959 4437 1047 4490 est
1076 4434 1308 4489 Theuzo
1334 4436 1575 4492 eremita
1613 4442 1667 4492 et
1693 4439 2017 4495 monachus
2045 4440 2093 4506 Β
2125 4436 2430 4504 monacho,
2455 4433 3774 4506 cujusinterventuPrataliensemonasterium

371 4521 592 4576 Sancta:
624 4519 816 4576 Mariae
838 4522 909 4578 de
943 4523 1232 4578 Florentia
1263 4522 1335 4578 ab
1367 4523 1480 4578 alio
1510 4524 1721 4581 celebri
1764 4532 1820 4582 et
1851 4528 2015 4583 beato

370 4608 696 4676 Theuzone,
737 4611 921 4666 sancti
950 4611 1195 4668 Joannis
1225 4610 1519 4667 Gualberti
1570 4612 1878 4686 discipulo,
1911 4616 2010 4687 qui

369 4699 571 4755 eodem
593 4702 850 4769 tempore
870 4700 1098 4756 vivebat
1121 4719 1134 4768 ;
1159 4700 1229 4755 de
1254 4716 1367 4771 quo
1388 4701 1729 4757 consulendi
1747 4708 2013 4759 auctores

373 4786 865 4843 Vallumbrosani.
916 4788 1085 4844 Alius
1124 4789 1342 4862 pariter
1377 4789 1605 4845 videtur
1656 4809 1690 4846 a
1738 4792 2012 4848 Theutcne

364 4875 629 4932 monacho
649 4879 700 4931 et
719 4876 947 4945 indigno
970 4877 1260 4941 sacerdote,
1293 4876 1391 4948 qui
1433 4893 1494 4932 se
1534 4878 1850 4933 subscribit
1879 4883 2013 4951 post

363 4963 620 5035 Petrum,
643 4964 822 5037 hujus
846 4965 1099 5020 nominis
1123 4966 1467 5031 secundum,
1494 4966 1764 5021 abbatem
1788 4971 2011 5022 Sancta:

363 5052 556 5109 Mariaa
582 5052 904 5120 Florentiae,
930 5054 985 5107 in
1009 5054 1211 5109 charta
1233 5055 1674 5109 restaurationis
1699 5055 2007 5125 cujusdam

361 5140 670 5214 hospitalis
727 5143 878 5215 apud
933 5142 1346 5198 Pueeinellium
1402 5142 1623 5213 (Chron.
1670 5144 1846 5199 abl/at.
1893 5146 2009 5199 Iv‘lo-

295 5291 298 5295 ,
360 5232 524 5298 rent.,
549 5246 604 5300 p.
626 5232 775 5299 254);
799 5247 935 5285 nam
958 5231 1189 5287 Theuzo
1207 5232 1447 5286 eremita
1478 5231 1869 5285 vei-isimiliter
1891 5250 2005 5288 non

359 5317 471 5371 fuit
510 5319 819 5387 sacerdos;
874 5318 1218 5375 sacramenta
1262 5318 1438 5387 enim,
1499 5324 1643 5375 teste
1697 5320 2003 5387 Damiano,

357 5405 547 5459 divina
598 5421 700 5476 per
743 5409 908 5462 totius
947 5411 1087 5462 anni
1123 5408 1395 5463 circulum
1458 5410 1684 5462 nonnisi
1736 5411 1923 5478 semel,
1955 5419 2005 5466 et

358 5497 472 5543 tum
512 5504 623 5544 non
660 5508 693 5544 a
739 5494 828 5546 sui
872 5496 1190 5549 monasterii
1230 5494 1618 5562 sacerdotibus,
1660 5494 1753 5550 sed
1780 5496 2003 5554 aliunde

359 5576 607 5649 quaesitis
637 5577 1014 5652 percipiebat.
1046 5580 1211 5639 Alius
1241 5583 1481 5639 domum
1514 5587 1604 5643 est
1632 5599 1666 5641 a
1693 5582 2000 5645 Theuzone

2127 4527 2237 4582 sub
2270 4542 2377 4581 sua
2408 4522 2760 4597 protectione
2792 4539 3059 4596 recepere
3088 4541 3240 4579 anno
3272 4523 3412 4579 4002
3450 4523 3582 4580 Otto
3614 4522 3685 4591 Il,
3717 4527 3777 4579 et

2124 4632 2275 4670 anno
2307 4615 2443 4669 1020
2486 4612 2792 4682 Henricus,
2828 4613 3232 4686 imperatores.
3261 4613 3508 4668 Putatur
3536 4610 3773 4667 Theuzo

2122 4704 2368 4758 eremita
2388 4705 2590 4757 auctor
2608 4701 3024 4758 Commentarii
3054 4702 3114 4756 in
3137 4699 3419 4773 Regulam
3441 4698 3628 4753 sancti
3659 4702 3772 4754 Pa-

2122 4792 2229 4846 tris
2260 4789 2577 4857 Benedicti,
2604 4806 2778 4861 quem
2801 4789 3015 4846 dicavit
3036 4790 3306 4861 episcopo
3328 4784 3614 4841 Odelrico.
3641 4784 3772 4839 Dri-

2119 4880 2329 4935 xianus
2380 4878 2560 4951 hujus
2601 4879 2856 4935 nominis
2888 4878 3132 4934 antistes
3159 4875 3386 4931 vivebat
3416 4888 3569 4928 anno
3604 4873 3768 4943 1027,

2119 4974 2175 5023 et
2213 4968 2461 5024 decessit
2507 4984 2659 5023 anno
2696 4968 2845 5020 1048.
2900 4965 3059 5020 Alter
3103 4962 3404 5020 Odelricus
3454 4961 3769 5020 Firmanus

2120 5058 2431 5129 episcopus
2472 5054 2824 5126 subscripsit
2852 5053 3095 5109 concilio
3126 5054 3387 5108 Romano
3418 5068 3573 5107 anno
3605 5052 3764 5118 1059,

2118 5147 2211 5201 cui
2240 5147 2414 5201 etiam
2444 5144 2747 5218 epistolam
2772 5142 2931 5198 dedit
2946 5143 3099 5199 circa
3123 5158 3343 5198 annum
3368 5142 3501 5196 1061
3527 5139 3764 5196 Damia—

2118 5253 2250 5291 nus.
2271 5235 2464 5290 Potuit
2492 5240 2687 5289 tamen
2718 5232 2906 5306 ipsius
2925 5230 3340 5288 Commentarii
3380 5234 3583 5287 auctor
3611 5245 3760 5298 esse,

2115 5324 2263 5379 alter
2292 5339 2420 5378 esse
2442 5322 2672 5377 Theuzo
2695 5321 3020 5378 monachus
3040 5321 3258 5394 pariter
3286 5319 3629 5376 Florentinis
3659 5318 3761 5374 ab-

2114 5411 2306 5478 batiaa,
2334 5408 2419 5465 vel
2439 5408 2654 5480 aliquis
2671 5409 2821 5465 alius
2842 5410 3108 5481 ejusdem
3130 5408 3387 5466 nominis
3413 5406 3758 5476 monachus;

2112 5499 2231 5554 imo
2253 5498 2468 5569 pignus
2498 5497 2774 5552 daremus
2795 5496 3165 5555 Theuzonem
3188 5499 3436 5571 hujusce
3456 5501 3758 5554 Commen-

2109 5586 2244 5645 tarii
2290 5584 2652 5660 scriptorem
2687 5585 3097 5662 requirendam
3129 5604 3258 5647 esse
3285 5587 3439 5647 inter
3482 5585 3761 5647 Mediola-
