3966 6212
71 372 186 433 845

676 370 679 373 “
776 369 935 431 ODO
978 370 1303 433 FOSSAT.
1352 371 1810 434 MONACHUS.
1842 403 1923 420 --
1952 374 2274 437 NOTITIA
2316 375 2761 439 HISTORICA.

3350 376 3468 439 846

70 521 279 561 ncnscs
302 503 949 577 monachos.lntegrum
981 520 1127 575 opus
1152 481 1707 575 percurrimusmnl-
1742 510 1791 570 Α
1824 506 2235 562 .lh’diolanensis
2290 511 2613 564 monasterii
2654 509 2820 564 abbas
2860 516 3139 580 perpetiar
3187 507 3469 579 felicitatis

65 593 287 666 tibique
316 610 380 649 se
411 597 615 650 auctor
646 593 838 665 prodit
866 592 1060 662 aliquo
1092 591 1328 655 indicio,
1363 592 1473 646 nisi
1525 593 1713 662 capite

68 684 155 748 14,
216 682 313 738 ubi
363 681 669 754 inquirens
706 681 965 752 quomodo
984 681 1310 752 peragenda:
1354 682 1466 735 sint
1509 683 1713 750 vigilia:

64 774 124 826 in
153 771 432 825 natalitizs
472 778 802 836 sanctorum,
851 768 1183 841 exemplum
1233 769 1399 824 offert
1447 769 1711 824 Ecclesiae

64 857 540 923 Mediolanensis,
585 859 684 913 ubi
734 873 961 928 corpora
1016 861 1307 912 servantur
1352 861 1405 912 et
1458 858 1715 913 coluntur

60 949 237 1003 sancti
274 947 548 1003 Ambrosii
590 956 642 1003 et
688 950 1005 1002 sanctorum
1063 945 1311 1002 Gervasii
1354 954 1406 1002 et
1446 948 1707 1002 Protasii.

62 1036 131 1091 Et
160 1036 351 1109 capite
377 1037 443 1091 61
476 1034 724 1108 loquens
772 1037 844 1091 de
888 1034 1193 1091 monachis
1243 1035 1590 1106 peregrinis,
1646 1051 1711 1091 ac

63 1124 396 1196 exemplum
428 1125 724 1180 adducens
746 1126 1132 1179 formatarum
1157 1124 1711 1195 epistolarum,quas

63 1213 317 1270 scribere
346 1213 560 1269 debent
585 1213 823 1269 abbates
843 1211 1282 1285 episcopis,haac
1304 1212 1477 1267 verba
1496 1212 1671 1266 habet
1694 1229 1707 1267 :

64 1302 379 1360 Venerabili
429 1302 880 1358 Christicolarum
927 1303 1041 1357 vita
1089 1301 1354 1368 decorata,
1406 1302 1531 1371 plus
1581 1302 1711 1355 σαοίο

63 1409 229 1463 quam
253 1394 421 1448 terra?
446 1393 646 1457 vicino,
677 1390 874 1446 domno
905 1390 990 1445 ill.
1022 1390 1255 1461 praesuli
1288 1388 1595 1445 venerando
1625 1387 1707 1444 ill.

1824 596 2057 664 obpudia
2088 600 2246 666 atque
2274 598 2643 667 angelicorum
2672 600 2900 670 synawis
2937 598 3228 653 consortia.
3259 597 3470 653 Praeter

1822 684 2119 755 exemplar
2148 685 2481 740 chartarum
2508 686 2685 757 hujus
2706 686 3119 742 Commentarii
3141 685 3469 741 Theuzonis

1823 772 1977 842 quod
2009 772 2293 827 asservari
2327 773 2385 828 in
2418 774 2653 829 abbatia
2684 774 3016 830 Florentius.
3062 774 3171 829 sub
3204 791 3369 830 num.
3397 775 3471 830 58

1823 859 2035 915 asserit
2066 860 2462 925 Mabillonius,
2496 862 2767 933 quodque
2798 862 3006 919 saeculo
3036 880 3130 917 xv1
3178 862 3289 918 fuit
3334 879 3467 919 cou-

1822 947 2559 1019 scriptum,nitidissimum
2587 949 2833 1005 alterum
2858 950 3152 1023 exemplar
3180 952 3468 1008 membra-

1820 1035 2371 1105 naceum,sreculum
2404 1054 2500 1091 xxv
2527 1037 2615 1092 vel
2641 1055 2711 1093 xv
2740 1044 3305 1104 exaratum,servant
3334 1056 3465 1096 mo-

1821 1124 1987 1180 nachi
2017 1124 2200 1179 nostri
2223 1125 2417 1179 Sancti
2441 1124 2669 1179 Mathiae
2692 1126 2762 1180 de
2775 1126 3135 1194 Muriano,ex
3155 1144 3267 1197 quo
3286 1128 3464 1183 etiam

1819 1210 2126 1282 epistolam
2189 1210 2398 1282 ipisius
2447 1212 2934 1283 nuncupatoriam
2985 1213 3054 1267 ad
3111 1212 3464 1280 Odelricam,

1821 1315 1948 1370 quae
1981 1299 2211 1370 praefixa
2229 1303 2318 1354 est
2341 1299 2769 1355 Commentario
2786 1317 2887 1355 seu
2911 1301 3105 1372 potius
3134 1301 3462 1357 collectioni

1820 1403 1890 1442 ex
1918 1388 2092 1444 dictis
2122 1388 2573 1460 praecedentium
2607 1388 2864 1454 Patrum,
2897 1389 3128 1445 damus.

1449 1656 2080 1746 PROLOGUS

452 1844 1157 1937 EXPOSITIONIS
1200 1844 1619 1935 REGULE
1675 1846 1761 1933 S.
1804 1845 1891 1932 P.
1938 1845 2032 1932 N.
2077 1844 2607 1934 BENEDIGTI
2649 1844 3076 1935 ABBATIS

1241 2024 1519 2105 Scriptus
1548 2041 1585 2084 a
1614 2025 1947 2084 Tesuzone
1977 2023 2279 2084 monacho.

188 2187 411 2260 (Annal.
447 2165 716 2251 Gamald.,
748 2190 890 2240 tom.
924 2184 994 2253 II,
1025 2183 1287 2256 Append.
1322 2200 1378 2255 p.
1414 2184 1534 2250 156,
1554 2198 1636 2307 ὃς
1668 2182 1864 2309 αίέςὶὶθθ
1896 2182 2094 2326 saeculi
2125 2199 2227 2237 xm
2260 2182 2597 2239 monasterii
2623 2184 2681 2238 S.
2717 2182 2948 2239 Matbiae
2974 2183 3045 2240 de
3077 2183 3343 2240 Muriano

1604 2270 1709 2310 ene
1736 2270 1946 2309 larum.

1604 2270 1926 2310 eneuarum
1936 2297 1946 2308 .

876 2538 1099 2583 INCIPIT
1144 2538 1452 2583 EXPOSI'I‘IO
1495 2538 1739 2585 ιιΕθυιΕ
1780 2540 1963 2585 ΒΕΔΤῙ
2007 2540 2327 2585 BENEDICTI
2369 2540 2648 2586 ABBATIS.

55 2690 219 2744 Versa
279 2683 606 2743 dilectionis
661 2683 1039 2756 praerogativa
1091 2682 1434 2738 circumﬂuo
1494 2684 1708 2739 domno
1738 2686 1786 2750 B
1818 2685 2113 2756 ingratus;
2148 2687 2251 2741 sed
2285 2685 2442 2757 quia,
2476 2689 2541 2739 ut
2568 2684 2647 2739 ait
2675 2685 2883 2740 beatus
2914 2683 3251 2756 Gregorius,
3280 2685 3460 2758 degu-

51 2778 352 2834 Onsnmco
382 2772 695 2831 venerabili
727 2771 1256 2845 episcopo,Theuzo
1284 2775 1549 2842 peccator
1579 2788 1706 2843 per-

51 2871 247 2940 petuas
277 2862 570 2920 felicitatis
610 2861 874 2928 obsonia,
908 2878 973 2917 ac
1004 2865 1297 2933 perpetua
1338 2859 1711 2915 indeﬁcentia

49 2952 359 3012 ﬁdelitatis
390 2949 808 3008 emolumenta.

121 3043 500 3113 Quanquam,
532 3040 613 3095 mi
635 3039 960 3096 venerande
994 3038 1161 3094 Pater
1189 3038 1342 3094 beati
1375 3039 1564 3093 Patris
1602 3037 1706 3091 Be-

48 3132 274 3189 nedicti
306 3129 538 3203 Regule
569 3129 726 3185 dicta
755 3127 815 3183 in
846 3126 1142 3200 plerisque
1173 3128 1479 3182 vidcantur
1508 3131 1707 3198 aperta

49 3238 180 3279 esse
202 3225 266 3278 et
294 3219 776 3288 dilucida,tamen
799 3216 858 3272 in
882 3216 1233 3289 quibusdam
1260 3217 1456 3272 minus
1483 3216 1703 3272 studio-

49 3312 154 3379 sis,
187 3315 274 3379 et,
307 3314 373 3366 ut
400 3309 482 3366 ita
522 3307 737 3376 dicam,
789 3306 1005 3361 imitari
1054 3310 1111 3362 et
1147 3305 1295 3362 scire
1346 3306 1702 3370 nolentibus,

49 3417 164 3457 non
200 3396 374 3455 facile
402 3401 544 3454 sunt
571 3396 853 3470 patentia,
899 3395 1223 3451 secundum
1265 3394 1417 3466 quod
1465 3394 1704 3449 illorum

49 3490 468 3545 demonstrant
505 3484 815 3559 opera.Qui
847 3484 895 3540 si
928 3484 1016 3539 vel
1047 3483 1250 3539 leviter
1269 3482 1581 3539 accedendi
1602 3500 1703 3555 po-

50 3578 350 3634 stularent
376 3575 705 3640 introitum,
738 3571 1045 3630 confestim
1077 3571 1187 3627 sibi
1219 3572 1409 3644 quoad
1432 3570 1707 3628 interiora

46 3671 364 3738 penetrare
389 3667 650 3736 possent,
674 3661 892 3717 ostium
925 3660 1251 3716 invenirent
1281 3661 1705 3732 apertum.Cla-

0 3736 1 3759 ‘
45 3736 132 3813 vis
161 3755 333 3813 enim
362 3752 631 3824 ejusdem
653 3749 789 3806 ostii
811 3747 1085 3806 continue
1108 3748 1321 3804 ibidem
1348 3749 1704 3820 dependens,

45 3861 164 3900 non
198 3860 267 3901 se
300 3840 654 3898 subduceret
673 3856 708 3895 a
728 3854 906 3893 manu
927 3836 1176 3892 libenter
1195 3837 1419 3908 operire
1443 3835 1703 3892 volentis.

46 3932 172 3996 Quo
206 3933 263 3990 si
296 3931 430 4004 quis
459 3928 640 3986 semel
660 3921 914 3983 intrasse
933 3924 1111 3983 fuerit
1129 3923 1615 3999 dignus,ulterius
1636 3926 1708 3981 de

1818 2776 1969 2827 stare
2009 2773 2281 2829 nolumus
2332 2773 2701 2829 dulcedinem
2756 2772 2916 2828 intus
2955 2773 3124 2829 nobis
3172 2777 3459 2846 paratam,

1819 2876 2088 2915 amamus
2121 2862 2257 2916 foris
2288 2861 2485 2917 miseri
2540 2862 2753 2916 famem
2803 2864 3104 2917 nostram:
3155 2865 3460 2935 propterea

1814 2964 1921 3021 ego
1951 2965 2018 3003 ex
2044 2948 2214 3004 dictis
2245 2950 2693 3020 praecedentium
2738 2949 2975 3005 Patrum
3027 2949 3137 3005 hoc
3185 2950 3455 3007 strictum

1814 3036 2181 3109 breviterque
2211 3037 2520 3109 perstrinxi
2551 3038 2928 3112 opusculum,
2969 3056 3083 3094 non
3134 3039 3369 3111 penitus
3423 3057 3458 3096 a

1816 3141 1909 3181 me
1938 3126 2184 3192 editum,
2215 3127 2314 3180 sed
2349 3143 2416 3180 ex
2446 3126 2648 3183 alienis
2690 3127 2992 3184 laboribus
3043 3131 3333 3200 carptum,
3386 3146 3457 3186 ne

1816 3215 1961 3270 forte
1999 3214 2111 3270 sibi
2142 3214 2275 3287 quis
2297 3214 2429 3271 velit
2448 3216 2881 3273 excusationem
2904 3216 3188 3274 asciscere
3208 3216 3454 3289 malum,

1816 3305 2041 3359 nudum
2074 3303 2305 3377 Regulae
2337 3320 2452 3358 non
2476 3311 2671 3376 posset
2690 3322 2926 3377 carpere
2947 3306 3458 3379 textum.Denique

1814 3394 2087 3449 eumdem
2134 3396 2380 3462 textum,
2431 3392 2826 3464 particulatim
2874 3411 2979 3467 per
3024 3410 3282 3466 congrua
3330 3394 3459 3451 loca

1816 3481 2090 3549 divisum,
2124 3482 2423 3547 ordinans,
2455 3481 2735 3554 virgulas,
2760 3500 2874 3554 quo
2905 3482 3133 3539 facilius
3167 3483 3455 3556 quidquid

1814 3587 1882 3625 ex
1916 3586 1983 3626 eo
2040 3571 2316 3642 quaeritur
2354 3569 2599 3625 inveniri
2661 3571 2864 3643 possit,
2915 3571 3251 3645 prmnotavi.
3298 3572 3458 3628 Hanc

1815 3658 1997 3731 igitur
2043 3658 2442 3715 collectionem
2487 3663 2689 3715 vestrm
2735 3662 3069 3732 paternitati
3116 3662 3457 3718 examinan-

1816 3748 1951 3803 dam
1984 3747 2189 3802 otl'erre
2219 3748 2436 3817 curavi,
2470 3753 2554 3819 ut,
2588 3748 2638 3803 si
2671 3749 2815 3803 forte
2855 3750 2926 3805 ad
2958 3751 3302 3808 aemulorum
3334 3769 3458 3808 ma-

1817 3853 1930 3891 nus
1959 3835 2153 3891 delata
2183 3834 2376 3904 fuerit,
2400 3853 2513 3892 non
2554 3836 2635 3891 ibi
2687 3836 3010 3909 quidquam
3044 3842 3199 3912 quod
3250 3840 3461 3897 canina

1817 3925 1988 3980 dente
2017 3923 2344 3992 corrodant,
2379 3924 2479 3979 sed
2510 3924 2707 3996 potius
2736 3925 2808 3980 ad
2840 3942 2940 3982 eos
2971 3927 3044 3982 ab
3074 3929 3302 3987 infelice
3331 3946 3481 4003 per-7

46 3997 508 4092 caducis-atque
534 4017 784 4075 terrenis
822 3997 1216 4072 incommodis
1245 4027 1385 4071 non
1443 4012 1712 4070 existeret
1741 3997 1784 4064 C
1816 4012 2033 4069 tinacia
2061 4017 2370 4081 removeat,
2404 4013 2655 4085 reperire
2684 4018 2921 4084 queant.
2952 4015 3173 4075 Valete.

46 4163 3467 4214 Ἥ

0 4318 13 4373 5
1418 4299 1583 4347 anno
1624 4298 1839 4347 DOIINI
1880 4298 2103 4345 utvnt.

968 4428 2572 4729 MONACHUgggSATENSIS

1278 4964 1673 5038 NOTITIA
1725 4963 2259 5037 HISTORICA.

690 5118 944 5186 (FABRIC.
974 5116 1309 5172 Bibliotheca
1341 5115 1535 5172 media?
1565 5120 1615 5170 et
1647 5116 1857 5185 inﬁmae
1885 5116 2219 5183 Latinitatis,
2252 5118 2395 5170 tom.
2429 5115 2524 5181 IV,
2556 5122 2689 5186 pag.
2724 5113 2854 5185 158)

1564 5268 1986 5277 ——-——————_

14 5382 35 5392 ’
123 5372 281 5441 Odo,
327 5365 654 5424 monachus
691 5368 1039 5432 Fossatensts,
1090 5365 1329 5437 scripsit
1374 5383 1528 5421 anno
1577 5367 1717 5422 1058
1748 5373 1791 5436 D
1820 5366 2024 5421 Jacobi
2056 5366 2132 5420 du
2168 5365 2359 5431 Breul,
2387 5365 2742 5421 Bcnedictini
2766 5365 3177 5439 supplemento
3200 5361 3477 5436 Antiqui-

0 5506 9 5527 λ
50 5462 259 5518 Vitam
294 5457 489 5513 damni
515 5455 822 5512 Burchardi
850 5455 1083 5509 comitis
1116 5454 1574 5519 Mclodunensis,
1619 5456 1718 5527 qui
1830 5458 2016 5509 tatum
2050 5452 2490 5519 Parisiensium,
2525 5454 2705 5522 Paris,
2747 5456 2907 5524 1614,
2940 5456 2992 5522 4,
3053 5460 3109 5510 et
3140 5456 3199 5510 in
3238 5454 3478 5509 Andreae

0 5512 16 5559 >
54 5512 573 5624 apud—Hugonem
603 5540 884 5619 Capetum
911 5548 966 5598 et
996 5542 1313 5598 Robcrtum
1355 5545 1483 5614 ejus
1533 5512 1718 5599 ﬁlium
1830 5543 1907 5597 du
1939 5541 2185 5609 Chesnc,
2217 5545 2259 5595 t.
2296 5540 2366 5594 IV
2397 5512 2760 5613 Scriptorum
2794 5545 2865 5599 de
2896 5512 3071 5599 rebus
3101 5544 3477 5605 Francorum,

53 5637 388 5719 gratiosus,
421 5635 576 5694 diem
608 5634 753 5693 obiit
777 5636 843 5692 A.
879 5631 1038 5690 1012.
1071 5630 1273 5687 Exstat
1302 5631 1362 5687 in
1392 5630 1569 5689 Brolii
1601 5632 1720 5689 sive
1829 5650 1888 5708 p.
1921 5632 2048 5701 115,
2080 5633 2139 5687 et
2163 5627 2752 5701 Gallice,Sebastiano
2793 5630 3129 5689 Roulliardo
3150 5631 3476 5705 interprete
