3966 6212
485 389 603 449 84⁵7
614 436 617 439 ι

1547 387 1834 448 ODONIS
1878 385 2400 448 FOSSATENSIS
2447 387 2610 502 MOI?
2621 386 2826 449 ACHI.

3773 370 3880 452 848

490 521 548 574 in
579 521 707 590 ejus
735 519 990 575 Historia
1016 516 1277 575 Civitatis
1296 518 1746 575 Meloduneusis.
1771 518 2121 586 Paris.l628,
2153 518 2208 586 Α
2238 518 2496 574 Odonem
2528 519 2839 591 prodierat,
2869 520 3016 575 forte
3045 522 3241 576 tamen
3273 518 3347 575 ab
3391 517 3501 576 hoc
3527 519 3662 594 ipso
3691 519 3881 581 Odone

489 609 540 661 4.
574 609 596 630 ’
626 608 746 663 Sub
776 606 956 679 hujus
985 607 1286 681 scriptoris
1316 608 1552 664 nomine
1583 607 1834 680 legimus
1874 607 2132 664 indicata

484 695 640 766 apud
671 695 1042 753 Montlaucon
1072 696 1567 754 Bibliothecarum
1600 713 1732 769 pag.
1769 696 1926 765 1278,
1951 698 2132 753 Vitam

480 782 536 840 8.
569 783 746 840 Mauri
775 789 960 842 metro
989 790 1046 842 et
1075 804 1248 859 prosa
1282 786 1583 858 scriptam,
1616 801 1795 856 quam
1828 785 1885 839 in
1934 786 2130 841 nescio

480 889 598 944 qua
612 874 827 946 (neque
846 876 1005 931 enim
1025 876 1266 948 iudicat)
1290 874 1510 931 Gallica
1524 873 1881 929 Bibliotheca
1903 878 2131 930 exstare

482 961 643 1019 dicit.
678 963 1001 1037 Scriptores
1031 964 1296 1022 Historia
1326 963 1619 1020 litterariae
1653 961 1800 1019 Gall.
1835 968 1978 1019 tom.
2005 963 2129 1032 VII,

485 1068 617 1125 pag.
677 1052 801 1121 494,
855 1057 1096 1111 censent
1140 1053 1333 1109 Vitam
1384 1052 1545 1108 illam
1606 1053 1664 1108 S.
1720 1052 1906 1107 Mauri
1959 1068 2133 1124 prosa

481 1142 761 1215 scriptam
792 1142 967 1200 aliam
999 1160 1115 1199 non
1146 1159 1273 1199 esse
1304 1143 1376 1198 ab
1406 1158 1475 1198 ea
1503 1158 1631 1213 qua:
1654 1142 1782 1212 jam
1823 1140 1963 1196 olim
1996 1144 2130 1196 ante
2169 1165 2173 1169 -

2240 607 2877 664 recensitam.Alterum
2898 626 3031 664 vero
3055 612 3237 664 metro
3264 606 3551 680 scriptum
3575 610 3882 668 facilehuic

2240 697 2351 768 ipsi
2384 697 2568 753 Odoni
2602 697 2779 753 tribui
2809 714 2980 770 posse
3011 700 3268 753 censent.
3293 698 3531 755 Monent
3560 697 3807 774 Insuper
3824 684 3886 758 ex

2240 786 2579 842 Mabillonio
2611 787 2670 842 in
2706 788 2862 842 Actis
2895 787 2996 842 SS.
3043 787 3558 844 Benedictinorum
3617 793 3765 846 tom.
3818 791 3886 859 II,

2242 892 2373 947 pag.
2406 876 2532 944 596,
2563 874 2789 931 calamo
2820 875 3084 946 ejusdem
3114 874 3333 932 Odonis
3380 876 3581 934 deberi
3629 878 3889 952 Respon-

2241 957 2396 1019 soria
2419 965 2479 1019 in
2510 963 2791 1020 honorem
2822 965 2885 1021 S.
2924 963 3383 1038 Barolini,primi
3417 966 3650 1024 abbatis
3681 969 3887 1025 Fossa-

2239 1053 2444 1121 tensis,
2480 1070 2608 1125 quis
2638 1053 2777 1109 olim
2826 1054 2885 1108 in
2934 1054 3129 1110 ofﬁcio
3187 1054 3318 1111 festi
3376 1056 3643 1127 ejusdem
3699 1044 3889 1115 sancti

2241 1142 2395 1213 apud
2427 1142 2746 1199 ccenobitas
2776 1141 2910 1199 illos
2934 1143 3313 1199 canebantur.
3864 1150 3871 1157 ’

483 1293 3892 1328 W

1382 1420 1670 1512 VlTA
1739 1417 2146 1512 DOMIN
2155 1420 2195 1510 Ι
2265 1419 2995 1513 BURCHARDI

1771 1623 2245 1679 VENERABILIS
2285 1622 2598 1679 COMITIS.

1198 1776 1330 1856 Qui
1362 1774 1482 1842 sub
1522 1778 1805 1864 Hugone
1848 1775 2097 1864 Capeto
2137 1786 2196 1840 et
2236 1774 2381 1863 ejus
2419 1774 2558 1846 ﬁlio
2590 1775 2878 1844 Roberto
2902 1776 3159 1865 ﬂoruit,

1359 1945 1723 2007 AUCTORE
1766 1945 2030 2006 ODUNE
2073 1944 2452 2007 MONACHO
2497 1946 3001 2007 FOSSATENSI.

482 2105 673 2180 (Apud
700 2103 1017 2174 Duchesn.,
1048 2104 1246 2176 Script.
1279 2105 1402 2159 Rer.
1434 2104 1825 2180 Franc.,__tom.
1861 2102 1951 2180 I_V,
1975 2118 2116 2180 pag'
2137 2102 2275 2180 _145,
2308 2120 2375 2180 ex
2404 2102 2664 2180 editione
2689 2102 2889 2180 Jacobi
2931 2104 3146 2173 Brodii,
3182 2106 3454 2162 monachi
3488 2112 3544 2165 Β.
3605 2109 3893 2169 Germani

1541 2175 1611 2229 de
1642 2174 1849 2242 Pratis,
1884 2174 1937 2228 in
1971 2172 2370 2246 Supplement.
2403 2173 2595 2244 Antiq.
2629 2172 2836 2243 Paris.)

1636 2468 2048 2558 INCIPIT
2114 2464 2743 2558 PROLOGUS

555 2655 950 2723 ηειίρίοεονανη
1006 2652 1159 2719 gesta
1214 2652 1493 2715 virorum,
1551 2649 1662 2702 vita
1720 2648 1826 2703 Deo
1884 2647 2134 2716 ﬁdeliter,
2168 2648 2215 2715 B
2239 2648 2677 2717 persecutionem
2705 2648 3016 2718 patiuntur,
3040 2649 3163 2719 jam
3189 2648 3328 2706 dicto
3359 2650 3471 2707 loco
3501 2652 3572 2708 ad
3611 2670 3891 2717 summam

478 2742 834 2816 placentium,
908 2740 1191 2795 memoriae
1245 2736 1461 2793 tradere
1506 2741 1852 2808 posterorum
1907 2735 2133 2807 dignum
2243 2737 2481 2791 miserim
2512 2736 2881 2791 calamitatem
2904 2735 3196 2806 decidente,
3227 2746 3522 2811 antequam
3545 2746 3773 2814 penitus
3819 2748 3893 2804 ad

482 2836 601 2904 [ore
629 2838 980 2887 autumamus
1012 2835 1169 2898 atque
1186 2828 1577 2899 justissimum.
1610 2826 2130 2881 Pertranseuntibus
2244 2826 2358 2879 ima
2385 2828 2628 2890 σοι-ναιιί,
2674 2840 2831 2893 cogor
2876 2826 3124 2879 nativum
3167 2827 3478 2901 relinquere
3526 2832 3724 2904 solum,
3783 2853 3888 2908 quo

486 2922 638 2976 enim
665 2918 880 2990 generis
925 2917 1159 2971 humani
1203 2916 1477 2981 aetatibus,
1527 2915 1792 2971 oblivioni
1839 2915 2134 2970 traduntur
2237 2914 2546 2985 pueriliter,
2580 2922 2639 2968 ut
2689 2913 2899 2969 Christo
2944 2915 3209 2984 placitum
3250 2917 3381 2986 fuit,
3432 2918 3689 2977 educatus
3735 2940 3886 2981 sum.

488 3025 607 3081 qua
631 3013 901 3077 geruntur
929 3021 964 3059 a
981 3002 1371 3074 ﬁdelibus,nisi
1389 3006 1529 3074 forte
1553 3006 1841 3072 contigerit
1857 3003 2133 3074 aliquibus
2241 3004 2517 3057 Pressuris
2545 3002 2813 3073 siquidem
2832 3003 3091 3073 plurimis
3118 3005 3450 3072 stimulatus,
3472 3010 3892 3080 infestationum

488 3095 827 3152 membranis
888 3095 1126 3148 inserere
1153 3109 1271 3165 quae
1317 3092 1384 3146 ab
1415 3092 1566 3163 ipsis,
1611 3092 1743 3146 dum
1770 3092 1977 3159 visunt,
2005 3108 2130 3162 per-
2232 3092 2439 3162 jaculis
2468 3091 2838 3162 colaphizatus
2866 3100 3026 3163 atque
3047 3094 3511 3164 fugatus,exteras
3539 3102 3698 3172 cupio
3726 3102 3893 3159 adire

483 3192 724 3255 aguntur
773 3183 1165 3239 honestissime.
1239 3181 1607 3236 Commonitus
1664 3181 1848 3250 itaque
1904 3180 2134 3234 Patrum
2239 3180 2508 3243 nationes,
2540 3181 2820 3248 ignorans,
2853 3182 2993 3235 sicut
3020 3181 3153 3237 dicit
3189 3183 3473 3255 Apostolus
3517 3186 3584 3243 de
3624 3204 3702 3256 se,
3753 3192 3895 3262 quid

479 3275 734 3346 priorum
762 3270 1048 3342 exemplis,
1073 3272 1170 3342 qui
1196 3269 1269 3324 de
1293 3269 1481 3324 multis
1519 3271 1610 3323 sui
1659 3270 1914 3337 temporis
1969 3270 2135 3339 gestis
2239 3269 2380 3322 mihi
2404 3268 2659 3337 futurum
2712 3271 2802 3323 sit.
2858 3270 2984 3335 Nec,
3040 3271 3137 3326 hoc
3184 3273 3414 3343 agendo,
3463 3279 3619 3332 extra
3661 3279 3894 3339 Domini

480 3363 729 3435 plurima
757 3360 914 3416 nobis
938 3359 1230 3430 reliquere,
1262 3358 1507 3413 maxime
1551 3358 1691 3413 beati
1735 3356 1983 3426 Gregorii
2030 3358 2132 3413 Ro-
2236 3366 2566 3428 praeceptum
2620 3359 2802 3428 facere
2851 3361 3192 3429 pertimesco,
3243 3365 3340 3433 qui
3391 3380 3513 3420 suos
3565 3366 3777 3435 ﬁdeles,
3829 3349 3890 3425 ut

486 3468 666 3507 mana
703 3449 857 3506 urbis
898 3449 1204 3521 apostolici,
1255 3448 1353 3519 qui
1398 3446 1461 3502 de
1505 3448 1762 3518 plurimis
1821 3455 2134 3502 sanctorum
2242 3448 2416 3501 vitare
2442 3447 2682 3502 valerent
2709 3448 2917 3503 rabiem
2937 3453 3398 3522 persequentium,
3437 3453 3501 3509 de
3552 3457 3778 3513 civitate
3826 3462 3891 3516 in

482 3543 650 3616 gestis
680 3545 793 3597 tam
824 3542 884 3596 in
915 3538 1139 3607 Dialogo
1168 3554 1265 3593 suo
1291 3553 1455 3609 quam
1486 3538 1544 3590 in
1583 3536 1848 3591 Ilomeliis
1894 3536 2130 3603 disserit,
2242 3536 2515 3591 civitatem
2561 3537 2750 3606 fugere
2788 3537 2964 3608 jubet.
3022 3540 3199 3610 Ipsius
3241 3543 3423 3598 tamen
3471 3560 3630 3616 posco
3685 3556 3891 3609 sanctae

486 3630 673 3688 studui
700 3630 889 3702 aliqua
914 3626 1182 3699 fratribus
1210 3626 1536 3681 Fossatensis
1563 3625 1822 3681 Ecclesia?
1864 3628 2135 3698 perscrip-
2238 3625 2634 3682 misericordia:
2663 3625 3063 3696 largitatem,ut
3090 3629 3157 3684 ab
3177 3629 3548 3690 hostiumiam
3577 3635 3891 3695 visibilium

488 3722 632 3789 bere,
665 3719 901 3791 qualiter
928 3715 1257 3773 venerabilis
1287 3731 1459 3770 comes
1500 3714 1865 3784 Burchardus,
1915 3716 2136 3786 eiusque
2243 3732 2408 3787 quam
2452 3715 2757 3770 visibilium
2812 3717 3035 3773 incursu
3080 3722 3325 3791 ereptum
3363 3722 3579 3793 jugiter
3632 3704 3898 3796 dignetur

485 3811 635 3881 ﬁlius
663 3808 869 3880 praesul
895 3808 1106 3863 scilicet
1134 3803 1496 3876 Ragenaldus,
1519 3811 1704 3859 sancto
1746 3803 1961 3875 Spiritu
1988 3820 2131 3859 com-
2237 3808 2539 3876 protegere,
2571 3820 2727 3875 quem
2746 3807 2982 3876 pretioso
3010 3808 3102 3861 sui
3126 3810 3305 3864 sancti
3331 3813 3622 3880 sanguinis
3660 3813 3893 3885 redemit

483 3907 753 3969 monente,
783 3895 1027 3954 eumdem
1058 3896 1235 3951 locum
1265 3893 1561 3949 honoribus
1607 3909 1671 3947 ac
1707 3894 2134 3963 possessionibus
2241 3910 2452 3950 cruore.
2486 3894 2785 3964 Antequam
2820 3910 2945 3967 ergo
2992 3897 3208 3952 itineris
3234 3914 3330 3954 seu
3364 3902 3686 3958 mutationis
3733 3919 3898 3967 assu-

482 3988 942 4053 sublimaverunt,
1002 3993 1166 4055 atque
1229 3980 1591 4053 postmodum,
1659 3983 2132 4054 appropinquante
2159 4016 2202 4081 C
2241 4001 2389 4039 mam
2445 3983 2703 4046 laborem,
2760 3983 2860 4039 hoc
2906 3987 3168 4057 scriptum
3199 3988 3324 4059 jam
3366 3989 3527 4047 dictae
3580 3993 3901 4050 Fossatensi

482 4078 610 4148 fine,
642 4077 931 4147 religionis
961 4074 1170 4129 habitu.
1202 4073 1362 4134 Nam,
1396 4073 1521 4126 licet
1551 4073 1722 4126 multa
1763 4088 1952 4126 eorum
1999 4072 2131 4127 bene
2160 4058 2202 4082 ”
2239 4074 2499 4129 Ecclesiae
2548 4072 2739 4128 studui
2801 4074 3130 4145 relinquere,
3187 4058 3247 4131 ut
3309 4080 3529 4148 fratres,
3589 4080 3898 4139 devotionis

481 4172 631 4235 gesta
660 4165 762 4220 hac
786 4166 977 4219 nostra
1004 4169 1172 4219 atate
1224 4161 1496 4216 oblivione
1542 4162 1654 4216 sint
1704 4160 1903 4227 deleta,
1954 4176 2132 4231 pauca
2237 4170 2415 4234 atquze
2442 4169 2645 4217 sancta:
2674 4161 2981 4219 dilectionis
3007 4180 3249 4221 amorem
3274 4168 3423 4223 circa
3448 4170 3896 4241 meexhibentes,

480 4259 685 4324 tamen,
716 4268 843 4325 quae
872 4251 1051 4307 adhuc
1077 4249 1313 4321 perspici
1337 4258 1565 4320 possunt
1610 4253 1661 4303 et
1713 4264 1837 4320 quae
1888 4249 1954 4304 ab
1998 4253 2132 4305 ante
2239 4250 2369 4306 dum
2398 4250 2541 4306 docti
2569 4250 2636 4305 ab
2653 4250 2870 4308 indocto
2885 4256 3227 4324 perceperint
3248 4257 3409 4313 verba
3428 4258 3595 4328 huius
3617 4259 3894 4329 lectionis,

479 4344 630 4398 natis
657 4342 924 4414 comperi,
957 4339 1020 4394 ob
1050 4354 1239 4394 eorum
1263 4341 1586 4409 perpetuum
1614 4338 1931 4393 memoriale
1959 4355 2130 4394 remc-
2237 4341 2350 4394 sint
2406 4355 2666 4395 memores
2723 4340 2922 4397 Odonis
2973 4347 3296 4413 peccatoris,
3362 4354 3633 4418 quatenus
3701 4364 3786 4404 eor
3804 4365 3900 4404 um

478 4430 973 4501 morandum,stylo
1000 4443 1323 4500 percurrere
1349 4443 1608 4499 aggresus
1636 4428 1846 4486 sum.At
1874 4429 2133 4498 quoniam
2238 4430 2442 4484 sanctis
2471 4429 2718 4500 precibus
2737 4446 2952 4486 merear
2974 4436 3097 4503 post
3126 4442 3353 4490 mortem
3397 4438 3583 4492 carnis
3633 4441 3904 4511 consequi

479 4519 775 4575 secundum
821 4517 1046 4573 Domini
1090 4515 1318 4585 dictum,
1364 4515 1677 4571 abundante
1734 4517 2026 4586 iniquitate
2080 4519 2133 4571 et
2244 4517 2495 4573 braviu-m
2521 4521 2745 4575 uterum
2761 4519 3072 4589 felicitatis.
3103 4522 3292 4579 Amen.

480 4610 859 4680 refrigescente
892 4605 1182 4677 charitate,
1214 4620 1398 4661 omnes
1445 4605 1543 4676 qui
1569 4605 1662 4675 pie
1717 4605 1905 4660 volunt
1954 4606 2133 4661 vivere

1756 4778 1761 4785 .
1872 4747 2149 4793 EXPLICIT
2191 4746 2505 4795 PROLOGUS.

1758 4917 2224 5013 INCIPIT
2297 4919 2608 5014 VITA.

546 5125 803 5200 Inclytus
851 5123 1249 5188 Burchardus,
1294 5121 1477 5179 nobili
1529 5124 1709 5196 stirpe
1757 5122 2119 5197 progenitus,
2154 5137 2198 5202 ι)
2232 5124 2536 5182 aulaenim
2558 5125 2795 5199 gloriosi
2821 5125 3450 5200 HugonisFrancorum
3472 5127 3629 5201 regis
3651 5132 3892 5191 cunctis

472 5232 639 5274 sacro
667 5215 1025 5289 baptismate
1054 5217 1140 5269 est
1165 5213 1743 5287 ingeneratus,alque
1771 5212 2044 5269 nobiliter
2065 5213 2123 5269 in
2233 5218 2353 5270 tam
2386 5213 2720 5273 ccelestibus
2750 5233 2927 5290 quam
2959 5214 3311 5272 militaribus
3336 5215 3721 5275 imbuebatur
3769 5220 3895 5279 ins-

470 5304 748 5377 religione
777 5302 1065 5361 catholica
1099 5302 1337 5358 militari
1370 5301 1636 5357 tirocinio
1668 5303 1927 5358 edoctus.
1977 5302 2119 5359 Nam
2230 5302 2443 5359 titutis.
2477 5303 2629 5359 Dum
2677 5321 2811 5361 vero
2868 5304 3269 5362 adolescentiae
3322 5308 3498 5378 atque
3545 5305 3893 5377 juventutis

470 5392 735 5467 pueritiae
764 5397 1029 5463 tempora
1068 5392 1211 5447 dum
1261 5390 1631 5462 transigeret,
1683 5392 1857 5447 curia:
1915 5390 2117 5464 regali,
2231 5390 2683 5463 appulitadnos,
2718 5392 3895 5468 Dominiprovidentegratia,qui{idelem

471 5496 634 5539 more
665 5481 1021 5536 Francorum
1054 5495 1383 5549 procerum,
1416 5496 1449 5534 a
1497 5479 1838 5551 parentibus
1868 5480 2121 5536 traditus
2232 5478 2477 5535 militem
2510 5479 2621 5535 sibi
2652 5498 2787 5538 eum
2822 5484 3160 5555 providebat
3189 5484 3700 5557 futurum,magno
3724 5476 3901 5544 dilec-

472 5574 581 5626 est.
627 5568 758 5633 Qui,
806 5566 1268 5622 Christianitatis
1318 5568 1592 5639 operibus
1640 5567 1889 5640 pollens,
1938 5568 2119 5624 totius
2228 5566 2806 5644 tionisamorearege
2833 5572 3616 5645 amplectitur,intantumut
3647 5564 3898 5633 cunctos

472 5653 795 5730 prudentiae
826 5654 1000 5724 atque
1028 5651 1351 5709 honestatis
1373 5656 1696 5728 assumpsit
1718 5658 2117 5715 commoda.In
2228 5660 2546 5717 comtaneos
2577 5660 2990 5723 transcendere
3029 5662 3343 5727 videretur.
3363 5663 3690 5724 Amabatur
3732 5665 3897 5726 enim
