3966 6212
113 318 233 384 849

1332 313 1512 376 \‘l’l‘A
1561 312 1956 377 BUCllABDl
2003 315 2341 378 COMITIS.

3395 306 3516 368 850

121 471 154 512 a
182 449 741 524 cunctis,honorque
771 448 1064 508 maximus
1095 448 1144 504 ei
1176 449 1246 504 ab
1279 448 1552 503 omnibus
1583 448 1756 502 Fran-
1789 446 1840 513 Α
1873 446 2025 512 tulit,
2055 452 2111 504 et
2142 463 2341 502 secum
2370 444 2719 519 cogitatione
2748 441 2945 512 tacita,
2999 439 3293 515 quomodo
3339 438 3449 497 hoc
3482 457 3516 495 a

119 560 318 600 eorum
337 541 675 616 proceribus
694 539 1160 613 impendebatur.
1185 541 1515 592 Honoratur
1531 551 1764 606 quoque

119 634 192 689 ab
218 631 432 705 inclyte
464 648 616 704 rege,
648 646 905 700 auroque
935 633 990 683 et
1019 633 1278 700 argento,
1304 625 1508 680 castris
1533 639 1764 695 quoque

117 739 184 778 ac
214 720 687 794 possessionibus
719 717 919 773 multis
951 716 1187 783 ditatur,
1238 715 1543 786 ipsiusque
1573 711 1762 766 consi-

118 808 318 865 liarius
353 807 738 863 ﬁdelissimus
760 805 1028 861 efﬁcitur.
1064 803 1317 876 Contigit
1337 804 1530 873 itaque
1554 801 1760 855 iisdem

119 897 499 970 temporibus,
535 895 634 950 Dei
667 895 1012 966 disponente
1033 893 1279 964 judicio,
1315 898 1380 946 ut
1409 906 1604 946 comes
1634 889 1766 943 Cor-

119 985 256 1043 boili
288 984 489 1050 castri,
521 983 760 1040 nomine
788 987 1028 1055 Haymo,
1071 982 1138 1037 ad
1192 980 1398 1036 limina
1427 983 1762 1034 sanctorum

119 1073 522 1146 apostolorum
553 1072 707 1129 Petri
739 1075 794 1127 et
819 1071 982 1127 Pauli
1006 1069 1286 1126 orationis
1307 1068 1490 1141 gratia
1520 1068 1764 1122 Romam

119 1166 410 1234 pergeret,
438 1161 773 1232 ibidemque
800 1158 861 1214 in
895 1159 1099 1215 eodem
1130 1159 1334 1213 itinere
1367 1158 1542 1212 ﬁnem
1591 1155 1766 1225 hujus

116 1251 246 1306 vitae
277 1250 584 1322 acciperet.
627 1249 748 1313 Quo
798 1249 1091 1316 defuncto,
1144 1248 1490 1302 admonetur
1517 1247 1768 1299 strenuae

111 1339 440 1411 juventutis
474 1337 582 1394 tiro
614 1337 990 1393 Burchardus
1019 1342 1141 1392 tam
1161 1353 1338 1408 arege
1353 1349 1528 1406 quam
1547 1331 1768 1388 caeteris

119 1428 474 1484 Francorum
497 1426 854 1498 primoribus
879 1430 941 1480 ut
953 1425 1210 1498 praedicti
1225 1422 1421 1479 comiti
1439 1437 1669 1476 uxorem
1691 1420 1769 1474 si—

117 1516 176 1571 bi
207 1516 478 1589 conjugio
501 1515 822 1588 copularet.
848 1513 948 1569 Ille
965 1530 1120 1580 vero,
1136 1507 1771 1584 quemjamjuventutis

124 1622 228 1660 seu
257 1609 479 1660 natura:
501 1605 772 1660 humanae
797 1602 1116 1658 necessitas
1141 1601 1281 1657 talia
1304 1601 1487 1655 facere
1508 1599 1770 1669 cogebat,

114 1693 425 1766 praeceptis
455 1693 750 1766 regalibus
770 1691 1016 1748 libenter
1029 1691 1239 1762 paruit.
1260 1690 1442 1744 Datur
1467 1703 1602 1758 ergo
1620 1686 1772 1740 dono

114 1781 300 1854 regali
313 1782 364 1836 ei
378 1798 522 1837 uxor
523 1783 647 1852 jam
662 1774 1769 1843 dicticomitisHaimonis,Elisabethvo—

115 1871 317 1938 citata,
347 1869 526 1926 nobili
551 1869 823 1942 progenie
845 1873 900 1923 et
918 1869 1044 1940 ipsa
1060 1872 1286 1933 exorta;
1313 1867 1770 1936 conjunguntur-

116 1977 230 2032 que
265 1963 388 2014 toro
421 1957 687 2030 nuptiali,
721 1961 786 2012 ut
817 1957 1141 2012 secundum
1168 1954 1399 2010 Domini
1432 1951 1766 2024 imperium,

113 2047 279 2120 prole
310 2046 655 2103 dulcissima
676 2045 1051 2117 postmodum
1073 2044 1430 2099 laetarentur.
1458 2043 1521 2096 In
1548 2057 1661 2112 quo
1684 2056 1770 2095 co-

115 2135 269 2208 pulze
302 2135 558 2190 thalamo
591 2134 751 2189 dedit
779 2134 944 2206 Hugo
976 2150 1074 2188 rex
1105 2133 1216 2188 sibi
1253 2130 1406 2186 ﬁdeli
1429 2129 1598 2184 militi
1635 2129 1769 2183 Cas-

115 2231 284 2280 trum
309 2222 685 2287 Milidunum,
711 2223 1024 2293 atquejam
1047 2221 1269 2276 dictum
1292 2217 1647 2286 Corboilum,
1676 2233 1768 2271 co-

114 2313 522 2381 mitatumque
553 2310 857 2365 Parisiacae
888 2309 1088 2375 urbis;
1119 2308 1426 2380 taliterque
1457 2322 1651 2361 comes
1682 2321 1770 2359 re-

113 2399 271 2473 galis
291 2399 972 2469 etﬁcitur.Susceptoque
992 2397 1210 2451 honore
1231 2393 1772 2467 temporali,guber-

112 2489 301 2544 nabat
326 2487 436 2563 sibi
468 2487 845 2542 commissam
881 2485 1164 2541 familiam
1196 2485 1515 2540 secundum
1542 2481 1767 2537 Domini

110 2577 501 2634 voluntatem.
537 2577 673 2630 Erat
700 2575 857 2631 enim
882 2574 1072 2629 ﬁdelis
1103 2575 1370 2629 defensor
1389 2572 1767 2628 ecclesiarum

106 2683 241 2738 quae
274 2665 385 2721 sub
418 2663 663 2735 imperio
682 2663 843 2735 regni
867 2663 1222 2717 Francorum
1245 2662 1630 2726 habebantur,
1653 2659 1766 2713 lar-

104 2754 268 2826 gitor
300 2752 824 2823 eleemosynarum,
893 2749 1222 2806 consolator
1266 2750 1639 2814 miserorum,
1670 2764 1767 2802 su-

99 2842 380 2899 blevator
396 2839 697 2912 piissimus
720 2839 1161 2903 monachorum,
1185 2837 1548 2904 clericorum,
1571 2837 1770 2890 vidua-

107 2947 274 2997 rum,
304 2921 482 3001 atque
500 2928 794 3000 virginum
817 2927 875 2982 in
898 2927 1178 2983 coenobiis
1201 2927 1316 2982 Deo
1343 2925 1764 2982 millitantium.

173 3113 333 3163 Cum
354 3106 533 3178 igitur
562 3105 656 3171 his
677 3109 735 3160 et
756 3105 887 3161 aliis
909 3105 1114 3161 multis
1136 3105 1377 3161 Domino
1395 3104 1622 3176 placere
1648 3108 1767 3158 stu-

97 3198 274 3254 deret
298 3194 637 3263 virtutibus,
659 3199 858 3267 utpote
877 3195 966 3249 vir
987 3194 1247 3250 saeculari
1273 3194 1492 3248 militize
1510 3193 1764 3258 deditus,
1795 3179 1837 3244 C

96 3286 361 3358 atquein
376 3283 601 3338 cunctis
617 3283 820 3338 mundi
836 3284 1081 3356 negotiis
1098 3283 1434 3354 implicitus,
1450 3283 1576 3354 ejus
1599 3298 1765 3337 mens

95 3375 250 3448 Regi
283 3389 494 3445 regum
535 3371 784 3427 ﬁdeliter
821 3373 1026 3428 devota
1063 3373 1283 3427 mundo
1317 3372 1560 3425 minime
1592 3370 1766 3425 celari

96 3462 329 3538 potuit.
355 3461 482 3516 Non
503 3460 660 3516 enim
685 3461 928 3532 dignum
951 3464 1076 3515 erat
1098 3465 1162 3514 ut
1184 3459 1420 3514 lucerna
1440 3460 1549 3513 sub
1573 3458 1766 3514 modio

94 3551 306 3626 posita
341 3548 562 3603 diutius
592 3547 800 3603 lateret
829 3549 886 3601 in
919 3549 1196 3614 tenebris,
1223 3549 1323 3602 sed
1347 3563 1524 3619 super
1552 3548 1767 3602 cande—

93 3641 354 3697 labrum
387 3640 719 3708 poneretur,
754 3639 818 3689 ut
849 3635 1313 3691 lumenlucernae
1335 3635 1486 3690 clare
1508 3635 1767 3690 ardentis

91 3727 396 3786 omnibus
424 3723 486 3778 in
531 3722 736 3778 limine
777 3727 990 3777 sancta:
1042 3721 1307 3777 Ecclesiae
1339 3723 1768 3777 introeuntibus

88 3815 461 3889 patesceret.
524 3812 811 3882 Tempore
859 3827 994 3882 ergo
1044 3811 1172 3880 jam
1231 3811 1369 3864 dicti
1416 3811 1768 3865 Francorum

90 3905 263 3976 regis
297 3899 588 3972 Hugonis,
633 3898 879 3954 ecclesia
935 3899 1298 3954 Fossatensis
1343 3899 1608 3962 ccenobii,
1643 3916 1770 3968 quae

91 3992 246 4048 olim
284 3989 366 4045 ab
387 3985 648 4059 antiquis
672 3987 908 4058 regibus
932 3985 1205 4041 nobiliter
1227 3987 1414 4041 fuerat
1435 3985 1769 4055 sublimata,

93 4098 221 4154 prta
257 4077 497 4135 caeteris
527 4081 653 4131 erat
684 4075 950 4136 contusa.
984 4079 1160 4146 atque
1185 4075 1342 4129 omni
1376 4074 1644 4129 humanae
1673 4092 1772 4130 ne-

63 4197 69 4202 -
95 4164 504 4226 cessitudinis
534 4164 748 4220 auxilio
779 4162 1076 4219 destituta.
1110 4167 1228 4219 Hoc
1259 4170 1452 4218 autem
1487 4163 1777 4218 acciderat

99 4256 338 4328 partim
363 4252 608 4323 justitize
655 4251 918 4323 penuria,
963 4252 1172 4323 partim
1223 4268 1454 4323 quoque
1487 4256 1776 4307 rectorum

103 4341 502 4416 negligentia.
538 4341 749 4396 Iisdem
775 4357 1029 4412 namque
1050 4340 1257 4395 diebus
1282 4341 1670 4412 Magenardus
1692 4341 1780 4395 vir

104 4433 366 4497 nobilis,
391 4430 714 4485 secundum
736 4429 916 4500 hujus
937 4430 1140 4485 caduci
1163 4429 1358 4484 saeculi
1382 4429 1659 4485 honorem
1684 4447 1781 4485 no-

1872 537 2203 591 sanctuario
2257 535 2356 590 Dei
2412 534 2703 607 prohiberi
2755 536 2975 605 posset,
3028 529 3228 586 sedule
3269 529 3516 584 medita-

1873 625 2061 679 batur.
2098 624 2382 679 Omnibus
2412 641 2547 694 ergo
2578 623 2985 688 inscientibus,
3047 619 3256 676 abbate
3287 633 3519 690 quoque

1873 712 2198 784 ignorante,
2231 713 2569 784 religiosum
2603 713 2747 767 adiit
2774 711 3068 776 comitem,
3124 712 3394 764 cunctam
3427 707 3518 762 sui

1874 802 2065 856 cordis
2098 803 2147 857 ei
2181 803 2444 874 pandens
2473 801 2854 868 voluntatem,
2880 817 2946 855 ac
2971 798 3246 854 omnibus
3268 813 3401 852 eum
3424 813 3520 851 ex-

1874 907 2046 945 orans
2081 891 2369 961 precibus,
2403 895 2468 944 ut
2495 889 2686 944 locum
2720 890 2914 960 ipsum
2941 903 3166 943 memor
3183 887 3521 943 suaaanimae

1871 980 1932 1033 in
1964 979 2277 1050 pristinum
2309 985 2525 1034 statum
2561 978 2866 1033 restituere
2897 977 3259 1048 dignaretur.
3293 978 3366 1030 At
3393 990 3516 1030 me-

1876 1072 2138 1123 moratus
2170 1084 2385 1131 comes,
2416 1066 2556 1122 talia
2585 1071 2778 1121 mente
2807 1067 3188 1137 pertractans,
3230 1063 3520 1136 promittit

1877 1173 1939 1212 se
1967 1158 2093 1227 ejus
2126 1157 2397 1228 precibus
2429 1172 2733 1210 assensum
2757 1154 3156 1226 prmbiturum.
3180 1155 3522 1210 Accendens

1875 1247 2073 1317 itaque
2103 1246 2174 1301 ad
2206 1245 2358 1317 regis
2388 1243 2778 1317 praesentiam,
2833 1241 3045 1296 humili
3091 1245 3285 1297 mente
3306 1260 3371 1298 ac
3389 1259 3525 1298 voce

1879 1336 2052 1406 ccepit
2083 1335 2304 1389 dicere:
2341 1357 2367 1383 «
2403 1334 2579 1398 Licet,
2615 1349 2710 1386 rex
2743 1332 3096 1386 Francorum
3129 1330 3398 1402 gloriose,
3425 1335 3526 1387 tua

1879 1423 2092 1495 regalis
2122 1424 2522 1495 Majestaspraa
2545 1421 2768 1477 caeteris
2790 1420 2934 1476 aulae
2984 1423 3094 1474 tuae
3143 1419 3395 1474 effecerit
3433 1435 3525 1473 me

1881 1512 2089 1567 castris
2119 1529 2184 1568 ac
2200 1511 2400 1567 multis
2422 1510 2743 1566 honoribus
2763 1509 3006 1564 terrenis
3029 1507 3320 1577 ditiorem,
3341 1523 3523 1561 unum

1883 1607 2078 1657 tamen
2111 1601 2300 1656 adhuc
2333 1601 2564 1672 requiro
2583 1604 2694 1654 tuze
2717 1597 3086 1671 benignitati,
3117 1598 3270 1669 quod
3296 1613 3366 1651 ne
3392 1613 3524 1668 pro-

1881 1690 2103 1756 hibeas,
2166 1707 2341 1762 super
2397 1689 2624 1743 cunctis
2673 1687 3006 1759 precatibus
3062 1702 3154 1740 me
3213 1686 3524 1757 deposcere

1882 1795 2184 1851 agnoscas.
2218 1802 2244 1826 »
2274 1778 2356 1833 Ad
2385 1794 2559 1849 quem
2582 1793 2677 1831 rex
2710 1793 2719 1829 :
2755 1801 2777 1824 α
2809 1777 2975 1841 Quid,
3000 1774 3212 1846 inquit,
3238 1773 3383 1830 illud
3410 1778 3523 1843 est,

1881 1867 2245 1934 charissime,
2306 1867 2460 1938 quod
2521 1865 2625 1919 tibi
2687 1865 2745 1918 in
2823 1881 3000 1935 regno
3058 1867 3256 1918 nostro
3334 1863 3526 1934 possit

1879 1956 2126 2028 negari?
2159 1978 2178 2004 ι
2241 1955 2343 2010 Cui
2399 1954 2764 2010 venerandus
2823 1968 3052 2007 comes:
3088 1975 3113 2001 «
3175 1953 3298 2006 Non
3355 1951 3524 2006 valde

1880 2044 2251 2116 multumque
2282 2043 2462 2114 larga,
2498 2043 2596 2097 sed
2629 2057 2807 2112 parva
2826 2040 3056 2094 videtur
3076 2055 3170 2095 res
3188 2055 3317 2095 esse
3345 2056 3520 2111 quam

1881 2133 2134 2205 requiro.
2196 2133 2307 2187 Oro
2365 2147 2619 2202 namque
2675 2133 2741 2185 ut
2795 2128 3103 2184 ecclesiam
3159 2128 3523 2184 Fossatensis

1880 2221 2145 2287 coenobii,
2175 2238 2304 2292 quae
2336 2219 2516 2292 regali
2548 2219 2785 2274 subdita
2803 2222 2890 2274 est
2912 2217 3194 2285 dominio,
3217 2221 3524 2288 vesterque

1879 2311 2057 2366 ﬁscus
2090 2311 2208 2363 fore
2242 2309 2489 2374 videtur,
2515 2305 2659 2362 mihi
2681 2306 2980 2361 servitutis
3002 2309 3205 2360 vestrae
3225 2305 3525 2378 obsequiis

1880 2400 2104 2472 parenti
2139 2403 2234 2453 tua
2257 2396 2531 2469 praecelsa
2555 2396 2827 2467 majestas
2849 2395 3161 2451 concedere
3183 2393 3520 2466 dignetur.»

1879 2489 1976 2542 Cui
2013 2506 2107 2542 rex
2141 2488 2257 2541 ait:
2293 2511 2318 2535 «
2369 2489 2513 2540 Cum
2564 2484 2836 2540 omnibus
2887 2486 3111 2539 constet
3142 2483 3523 2555 praedecesso-

1877 2595 2006 2632 rum
2040 2581 2372 2632 nostrorum
2403 2574 2764 2646 temporibus
2795 2571 3049 2645 regalem
3081 2589 3313 2643 semper
3340 2573 3520 2628 fuisse

1877 2666 2194 2733 abbatiam,
2230 2664 2520 2736 quomodo
2551 2662 2701 2719 valet
2744 2662 2867 2717 ﬁeri
2911 2665 2978 2717 ut
3025 2678 3058 2716 a
3104 2666 3306 2717 nostra
3337 2661 3516 2735 regali

1878 2759 2160 2826 potestate
2190 2752 2526 2825 separetur!
2563 2751 2622 2806 Si
2653 2751 2810 2806 enim
2841 2751 2950 2806 hoc
3003 2768 3036 2805 a
3085 2749 3252 2806 nobis
3301 2751 3518 2806 factum

1879 2844 2072 2909 fuerit,
2107 2842 2251 2896 forte
2282 2846 2414 2913 post
2441 2841 2526 2895 tui
2559 2840 2816 2912 corporis
2846 2839 3094 2907 obitum,
3119 2837 3417 2895 hmredum
3442 2839 3519 2894 si-

1876 2949 1942 2988 ve
1973 2947 2381 2986 successorum
2415 2935 2648 2984 tuorum
2692 2928 2970 3000 nequitiis
3019 2929 3403 2996 subvertetur,
3437 2931 3522 2983 at-

1879 3037 1993 3093 que
2024 3024 2162 3076 tunc
2193 3018 2584 3092 culpabimur,
2618 3019 3159 3088 detrimentumque
3190 3016 3396 3073 animas
3428 3034 3525 3090 pa-

1878 3111 2113 3178 tiemur,
2147 3126 2281 3164 cum
2314 3107 2512 3163 nullus
2536 3106 2780 3178 justitize
2812 3107 2986 3162 fuerit
3014 3105 3519 3173 locus,fratribus-

1876 3217 1988 3271 que
2020 3199 2077 3253 in
2110 3215 2175 3253 eo
2207 3197 2552 3270 degentibus
2584 3195 2878 3250 inﬁnitum
2905 3195 3179 3250 acciderit
3203 3195 3517 3251 detrimen-

1874 3293 2020 3342 tum.
2057 3310 2084 3336 »ν
2118 3287 2201 3341 Ad
2236 3286 2354 3340 haec
2387 3301 2582 3341 comes
2613 3301 2960 3356 responsum
2990 3283 3278 3339 reddidit:
3317 3284 3517 3339 «Dum

1827 3448 1836 3456 _
1876 3377 2118 3431 minime
2148 3391 2303 3429 nunc
2335 3375 2646 3445 impetrare
2694 3372 2855 3426 valeo
2905 3375 2970 3425 ut
3018 3371 3162 3425 mihi
3194 3371 3514 3443 perpetuali

1877 3465 2229 3520 concedatur
2258 3464 2429 3526 dono,
2466 3460 2673 3515 saltem
2704 3460 2814 3515 hoc
2865 3459 3157 3513 tribuatur
3203 3463 3286 3530 ut,
3318 3475 3518 3514 emen-

1878 3551 2129 3608 dationis
2161 3567 2226 3605 ac
2258 3547 2700 3605 restaurationis
2729 3547 2933 3619 gratia,
2966 3563 3145 3602 causa
3173 3562 3405 3618 quoque
3426 3565 3524 3603 sa-

1877 3641 2016 3696 lutis
2047 3645 2376 3695 nostrarum
2411 3637 2766 3705 animarum,
2816 3636 2926 3691 hoc
2973 3635 3272 3708 petitionis
3303 3637 3523 3691 donum

1880 3729 2176 3800 suscipere
2203 3744 2445 3781 merear.
2478 3724 2577 3778 Val
2589 3726 2658 3779 de
2671 3724 2886 3796 quippe
2901 3724 3156 3779 delector
3171 3729 3292 3780 tam
3305 3725 3525 3796 pretio-

1882 3833 2014 3873 sum
2049 3815 2241 3870 locum
2275 3815 2345 3868 ad
2382 3812 2814 3868 emendandum
2866 3813 3181 3884 suscipere,
3213 3816 3526 3885 vestroque

1881 3903 2158 3961 suﬁ‘ultus
2189 3901 2421 3968 auxilio,
2451 3901 2774 3957 honoribus
2804 3919 2870 3957 ac
2900 3901 3372 3974 possessionibus
3403 3901 3528 3974 plu-

1882 3993 2067 4059 rimis,
2100 3993 2149 4048 si
2179 3993 2297 4046 vita
2327 3995 2439 4046 Deo
2472 3990 2720 4062 propitio
2752 4007 2945 4046 comes
2976 3990 3167 4062 fuerit,
3210 3990 3530 4048 sublimore

1883 4088 2060 4154 atque
2091 4082 2147 4135 in
2167 4079 2482 4152 pristinum
2507 4084 2722 4134 statum
2752 4081 2989 4152 erigere.
3016 4079 3271 4136 Salutem
3299 4095 3533 4152 quoque

1886 4188 2025 4226 mea:
2057 4169 2287 4236 animae,
2316 4173 2488 4240 atque
2506 4166 2791 4222 scelerum
2810 4172 3245 4241 etpeccatorum
3267 4185 3531 4224 meorum

1886 4257 2340 4316 diminutionem
2361 4257 2859 4328 eleemosynarum
2882 4257 3191 4330 largitione
3209 4275 3312 4330 per
3331 4257 3526 4331 ipsum

1887 4349 2100 4414 locum,
2132 4347 2246 4402 Deo
2270 4350 2583 4411 annuente,
2605 4363 2772 4417 spero
2796 4345 3094 4419 consequi.
3119 4347 3188 4402 Et
3208 4351 3338 4420 post
3356 4347 3537 4420 hujus

1891 4435 2090 4492 caduci
2126 4433 2321 4490 saeculi
2354 4433 2689 4500 decursum,
2724 4433 2913 4506 fragili
2938 4435 3050 4490 mei
3073 4436 3332 4508 corporis
3352 4453 3536 4492 mem-

104 4523 328 4579 biliter
385 4523 580 4583 natus,
613 4519 840 4607 eadem
893 4518 1257 4590 gubernabat
1303 4519 1628 4574 ecclesiam.
1672 4520 1779 4585 Qui
1819 4545 1860 4607 D
1890 4525 1996 4579 bra
2025 4523 2150 4578 volo
2186 4522 2402 4578 ibidem
2435 4521 2734 4576 tumulari.
2770 4545 2797 4572 »
2830 4523 3084 4578 Cernens
3115 4523 3313 4596 itaque
3342 4541 3441 4580 rex
3472 4541 3540 4580 ex

103 4629 234 4668 non
265 4610 444 4680 juxta
475 4605 657 4678 patris
689 4605 980 4660 Benedicti
1015 4607 1329 4677 imperium
1368 4608 1784 4680 agens,sa:culo

100 4700 292 4757 valde
324 4696 582 4765 deditus,
641 4693 975 4750 animarum
1029 4711 1095 4750 ac
1139 4712 1448 4768 corporum
1481 4698 1787 4752 commoda

104 4785 538 4862 postponebat.
572 4782 988 4839 Delectabatur
1018 4783 1174 4838 enim
1207 4801 1419 4840 canum
1452 4790 1626 4856 atque
1655 4786 1785 4839 bes-

103 4879 349 4933 tiarum
375 4873 784 4929 venationibus
816 4872 1129 4943 aviumque
1165 4872 1476 4929 volatibus.
1520 4875 1788 4944 Dumque

101 4963 350 5023 alicubi
381 4962 651 5018 voluntas
681 4961 961 5033 pergendi
995 4961 1246 5027 adesset,
1275 4963 1558 5033 depositis
1587 4979 1786 5017 mona-

101 5052 404 5111 chalibus
434 5049 823 5115 indumentis,
849 5048 1234 5120 pretiosarum
1265 5050 1505 5120 pellium
1531 5055 1789 5122 tegmen-

98 5143 186 5200 tie
228 5140 652 5207 exornabatur,
686 5136 1209 5207 calamaneumquc
1239 5140 1363 5207 lal.,
1396 5139 1788 5194 calamantum

103 5231 435 5305 optimum
471 5242 575 5297 pro
606 5225 818 5297 capitio
871 5224 1082 5279 humili
1133 5226 1310 5296 capiti
1354 5228 1787 5299 imponebatur.

101 5313 397 5388 Subjecti
423 5313 600 5368 etiam
634 5311 852 5383 quique
881 5328 984 5383 pro
1015 5328 1187 5383 posse
1212 5319 1268 5368 et
1297 5315 1407 5386 ipsi
1440 5316 1640 5371 eadem
1675 5332 1793 5371 sec-

101 5408 437 5466 tabantur.
469 5403 552 5456 Ne
580 5417 717 5472 ergo
749 5400 1023 5472 cuiquam
1056 5417 1193 5473 erga
1223 5401 1578 5459 habitatores
1606 5405 1792 5475 ipsius

103 5494 232 5553 loci
265 5491 587 5548 molestum
608 5490 892 5554 videatur,
916 5487 1012 5543 hic
1034 5506 1163 5545 mos
1185 5509 1217 5546 a
1238 5493 1466 5547 cunctis
1492 5492 1794 5548 monachis

112 5584 320 5644 istius
343 5581 505 5654 regni
528 5580 829 5655 agebatur.
854 5578 1217 5650 Dumitaque
1249 5580 1369 5635 haec
1411 5579 1796 5635 ctmultaalia

111 5675 481 5748 agerentur,
504 5670 745 5742 quidam
767 5667 1073 5738 ccenobita,
1101 5670 1322 5726 Adicus
1345 5668 1599 5737 nomine,
1625 5685 1796 5740 grave

1896 4613 1990 4668 Dei
2023 4611 2319 4667 voluntate
2350 4627 2478 4666 esse
2509 4612 2661 4682 quod
2714 4629 2747 4666 a
2793 4616 2954 4667 tanto
3002 4613 3354 4684 poscebatur
3392 4613 3538 4679 viro,

1895 4718 2074 4756 causa
2103 4699 2528 4755 emendationis
2561 4716 2625 4754 ac
2657 4700 3075 4768 benefaciendi,
3110 4699 3264 4755 sicut
3300 4699 3541 4772 pollice-

1897 4790 2091 4854 batur,
2123 4790 2250 4859 ejus
2277 4787 2646 4858 providentiae
2679 4789 2974 4843 commisit
3013 4793 3076 4843 ut
3125 4787 3454 4844 sublevator
3475 4789 3540 4842 ﬁ-

1899 4877 2046 4933 delis
2068 4882 2242 4947 atque
2265 4876 2534 4931 defensor
2558 4876 2744 4947 ipsius
2766 4876 3022 4932 ecclesias
3043 4876 3323 4931 adversus
3343 4875 3544 4932 hostes

1899 4965 2190 5038 malignos
2239 4969 2643 5034 terrarumque
2690 4965 2986 5020 invasores
3032 4964 3323 5019 existeret.
3379 4963 3543 5028 Quod

1899 5055 2073 5109 alacri
2107 5053 2295 5108 cordis
2319 5052 2532 5123 gaudio
2564 5052 2912 5122 suscipiens,
2943 5052 3260 5124 gratiarum
3282 5052 3398 5109 Deo
3421 5053 3547 5108 lau-

1900 5144 2001 5197 des
2036 5141 2272 5212 regique
2304 5138 2534 5194 mortali
2565 5139 2839 5194 reddidit.

1971 5229 2094 5285 lllis
2123 5230 2301 5300 igitur
2328 5228 2533 5282 diebus
2557 5227 2711 5281 fama
2733 5227 3077 5284 venerabilis
3099 5228 3292 5285 Maioli
3315 5231 3549 5286 abbatis

1901 5319 2303 5374 Cluniacensis
2336 5315 2646 5370 laudabilis
2679 5333 2781 5388 per
2809 5333 3041 5373 omnem
3091 5317 3338 5374 Galliam
3369 5320 3549 5376 habe-

1903 5408 2093 5462 batur.
2127 5409 2373 5478 Accepta
2404 5407 2598 5476 itaque
2627 5421 2823 5461 comes
2844 5407 2996 5478 regis
3016 5407 3269 5475 licentia,
3289 5409 3362 5463 ad
3383 5426 3548 5465 eum-

1903 5497 2035 5550 dem
2069 5500 2334 5549 sanctum
2368 5493 2552 5548 virum
2583 5494 2851 5565 perrexit.
2883 5497 3146 5568 Cumque
3179 5497 3250 5552 ab
3282 5513 3348 5552 eo
3388 5515 3549 5554 reve-

1904 5587 2116 5648 renter,
2179 5589 2242 5634 ut
2299 5585 2542 5652 dignum
2593 5588 2718 5638 erat
2765 5589 3073 5657 susceptus
3117 5585 3323 5642 fuisset
3365 5587 3548 5640 humo

1904 5675 2256 5744 prostratus,
2290 5675 2410 5724 tam
2443 5669 2847 5728 admirabilem
2871 5672 3222 5730 humilitatis
3243 5672 3550 5730 exhibitio-
