3966 6212
467 372 579 438 831

1523 375 1808 437 ODONIS
1853 372 2380 436 FOSSATENSIS
2427 374 2805 437 MONACHI.

3757 379 3870 442 852

469 513 1014 579 nemadventusque
1035 509 1162 579 ejus
1187 479 1413 564 ad’eum
1437 525 1672 565 causam
1695 526 1728 564 a
1748 514 1866 564 tam
1886 509 2104 583 longiu-
2137 507 2192 572 Α
2221 506 2812 577 cipiens,adhortante
2842 527 2975 565 eum
3008 509 3216 566 comite
3246 510 3583 569 Burchardo
3616 516 3873 575 contulit

469 616 586 671 qua
613 598 798 670 patria
823 598 1115 668 inquirere
1146 598 1392 653 studuit.
1437 599 1539 653 Cui
1595 615 1828 655 comes:
1863 621 1889 648 «
1925 601 2108 655 Labo-

467 704 590 743 rem
621 687 762 740 tanti
800 686 1023 741 itineris
1053 703 1385 749 assumens.
1417 704 1528 741 non
1562 687 2006 744 causalevitatis
2035 691 2104 744 ad

464 779 520 831 te
549 775 778 830 venisse
813 776 1167 830 credendum
1188 779 1293 830 est.
1321 775 1576 847 Supplex
1599 793 1854 846 namque
1879 777 2108 848 requiro

465 869 530 919 ut
560 863 856 936 petitionis
889 881 1026 919 meae
1057 865 1231 919 verba
1263 864 1572 935 suscipias,
1608 881 1675 918 ne
1708 865 1994 936 paenitens
2025 867 2110 920 in-

463 952 683 1018 veniar,
729 957 850 1007 tam
901 953 1073 1025 longo
1124 953 1330 1008 itinere
1380 953 1675 1023 fatigatus,
1727 956 1845 1007 tam
1877 952 2106 1026 longin-

464 1059 642 1114 quam
673 1042 867 1098 adisse
898 1042 1167 1113 patriam.
1195 1043 1403 1097 Locum
1429 1041 1718 1112 siquidem
1744 1043 2108 1099 Fossatensis

461 1131 715 1187 ecclesia:
747 1149 932 1200 nuper
963 1150 996 1185 a
1039 1132 1253 1186 domno
1303 1130 1544 1201 Ilugone
1589 1134 1942 1185 Francorum
1974 1149 2108 1203 rege

461 1220 888 1276 emendationis
917 1220 1104 1291 gratia
1134 1220 1385 1290 suscepi,
1419 1235 1590 1289 quem
1626 1218 1873 1288 deposco
1917 1226 2105 1276 vestro

460 1309 757 1365 emendari
791 1328 855 1364 ac
886 1309 1188 1364 sublimari
1215 1309 1502 1380 praesidio,
1527 1313 1814 1378 quatenus
1843 1309 1899 1364 S.
1926 1311 2106 1366 Bene-

458 1399 596 1454 dicti
631 1398 924 1454 institutio
955 1398 1168 1452 ibidem
1205 1399 1468 1468 religiose
1491 1400 1769 1452 servetur.
1796 1397 1920 1452 Non
1943 1400 2098 1455 enim

457 1486 708 1556 alicujus
730 1487 1011 1541 auxilium
1036 1487 1326 1558 requirere
1341 1486 1559 1540 studui.
1584 1485 1692 1539 nisi
1713 1489 1898 1550 tuum,
1923 1505 2099 1558 quem

458 1573 575 1628 Deo
596 1572 822 1644 placere
847 1572 1121 1644 comperi.
1151 1593 1171 1622 ι
1201 1573 1302 1628 Cui
1325 1577 1486 1643 pater
1510 1571 1751 1627 Maiolus
1775 1574 2099 1643 admirans,

457 1662 791 1733 respondit:
827 1685 854 1710 ‹‹
890 1661 1032 1716 Cum
1059 1662 1244 1716 multa
1278 1661 1630 1716 monasteria
1661 1661 1719 1714 in
1767 1666 1957 1717 vestro
1992 1665 2102 1719 ha-

456 1750 704 1805 beantur
730 1766 906 1821 regno
937 1767 1040 1804 cur
1069 1751 1141 1805 ab
1170 1749 1284 1804 illis
1317 1767 1428 1804 non
1462 1748 1723 1818 accipitis
1755 1751 1907 1818 quod
1942 1769 1974 1805 a
2006 1771 2103 1807 no-

455 1837 546 1893 bis
577 1837 876 1909 requiritis
899 1839 926 1892 ?
955 1838 1134 1892 Valde
1155 1839 1308 1892 enim
1336 1839 1692 1897 laboriosum
1708 1842 1874 1897 nobis
1897 1848 1984 1898 est
2005 1860 2100 1897 ex-
2133 1873 2180 1938 B

451 1929 606 1982 teras
637 1930 809 1998 atque
841 1926 1165 1997 incognitas
1187 1927 1342 1981 adire
1365 1928 1654 2001 regiones,
1674 1936 1988 2004 nostraque
2011 1949 2100 1987 re-

451 2014 735 2086 linquere,
796 2019 853 2070 et
910 2019 1101 2070 vestra
1159 2019 1446 2086 appetere.
1508 2019 1791 2074 Avestris
1823 2036 1958 2092 ergo
1990 2021 2098 2076 hoc

453 2103 654 2176 potius
682 2104 890 2158 vicinis
905 2105 1292 2174 expetendum
1316 2109 1598 2176 estquam
1618 2124 1651 2162 a
1674 2109 1841 2164 nobis
1865 2108 2096 2182 longin-

453 2192 587 2264 quis
618 2196 674 2248 et
699 2193 935 2265 ignotis.
973 2216 999 2241 »
1027 2193 1143 2248 Hoc
1175 2209 1371 2249 comes
1401 2195 1665 2264 audiens,
1715 2197 1881 2252 valde
1913 2199 2096 2255 tristis

452 2287 626 2353 atque
655 2287 901 2336 maestus
931 2283 1215 2346 redditur,
1247 2283 1462 2338 timens
1492 2288 1719 2339 tantum
1750 2285 1857 2340 iter
1903 2287 1962 2341 in
1993 2305 2096 2342 va-

451 2388 595 2427 num
626 2371 1038 2441 assumpsisse.
1078 2373 1291 2426 lterum
1313 2387 1448 2442 ergo
1475 2377 1648 2443 atque
1671 2373 1881 2430 iterum
1905 2377 1975 2431 ad
1997 2393 2094 2447 pe-

452 2459 556 2514 des
587 2459 773 2513 sancti
805 2458 909 2512 viri
943 2459 1348 2529 prosternitur,
1375 2475 1617 2529 poscens
1642 2467 1702 2516 ut
1724 2463 1964 2518 all‘ectus
1995 2465 2093 2518 de-

453 2545 652 2602 siderii
684 2546 808 2616 ejus
859 2546 1270 2618 susciperetur.
1322 2547 1569 2604 Sanctus
1618 2549 1815 2621 itaque
1845 2552 2093 2608 Maiolus

453 2634 654 2691 multis
683 2635 992 2690 venerandi
1025 2635 1254 2690 comitis
1286 2636 1546 2693 devictus
1576 2639 1868 2710 precibus,
1903 2659 2095 2714 accep-

452 2723 647 2796 tisque
695 2723 1138 2794 perfectioribus
1189 2725 1280 2779 sui
1333 2727 1576 2782 rmnobii
1632 2729 1929 2798 fratribus,
1959 2748 2092 2786 cum

450 2813 655 2868 eodem
667 2810 877 2866 comite
891 2812 963 2866 ad
977 2811 1332 2868 Parisiacum
1349 2829 1532 2884 usque
1547 2818 1823 2886 pervenit,
1841 2835 2094 2890 cumque

451 2900 522 2955 ad
536 2902 769 2970 portum
782 2898 989 2954 villula:
1004 2916 1179 2970 super
1192 2900 1432 2956 fluvium
1447 2902 1720 2959 Matrona:
1737 2907 2091 2962 monasterio

451 2988 782 3044 Fossatensi
809 2987 1081 3059 proximae
1094 2989 1513 3060 pervenissent,
1523 2992 1691 3061 jubet
1703 3010 1898 3048 comes
1920 2995 2094 3050 abba-

448 3081 567 3132 tem
599 3081 987 3147 cunctamque
1018 3078 1527 3148 congregationem
1558 3080 1670 3135 sibi
1693 3080 1847 3137 ultra
1876 3083 2092 3138 flumen

449 3178 770 3219 occurrere.
798 3163 880 3218 Illi
898 3164 1292 3236 autemignari
1315 3165 1662 3234 futurorum,
1685 3167 1983 3240 alacriterj
1997 3188 2090 3227 us-

2217 596 2469 652 ecclesiae
2504 598 2839 653 Fossatensi
2869 599 3066 654 villam
3099 618 3225 671 quae
3258 599 3478 656 dicitur
3502 603 3870 676 Mansiones,

2218 703 2350 741 cum
2384 686 2665 752 ecclesiis,
2698 692 2755 742 et
2783 705 2917 744 cum
2943 689 3890 762 cunctissibiadjacentiis,sitam'

2217 774 2277 828 in
2301 775 2588 830 Parisiaco
2606 775 2755 831 inter
2772 776 3102 848 Sequanam
3120 783 3176 834 et
3197 779 3545 850 Matronam,
3570 783 3730 840 sicut
3753 787 3876 858 ipse

2217 880 2342 918 eam
2378 864 2552 935 regali
2577 867 2712 936 jure
2743 866 2960 922 habere
2991 867 3314 923 videbatur.
3349 869 3522 926 Facto
3556 872 3764 945 itaque
3793 880 3877 930 te-

2219 957 2509 1008 stamento
2536 960 3038 1026 monogrammate
3054 956 3340 1024 firmatur,
3365 958 3496 1014 etin
3513 976 3581 1016 eo
3604 963 3877 1034 sigillum

2217 1039 2429 1113 regalis
2462 1043 2784 1112 majestatis
2817 1062 2850 1098 a
2882 1044 3215 1116 Ragenaldo
3247 1047 3594 1105 cancellario
3627 1051 3756 1107 filio
3790 1071 3880 1108 co-

2218 1129 2400 1196 mitis,
2436 1136 2634 1201 postea
2667 1131 3020 1188 Parisiorum
3055 1134 3323 1205 praesule,
3358 1135 3687 1207 imponitur
3716 1157 3876 1196 anno

2215 1217 2502 1273 incarnati
2534 1220 2704 1274 Verbi
2738 1221 2862 1287 988,
2896 1223 3007 1277 sub
3038 1222 3129 1277 die
3161 1241 3241 1277 xu
3276 1223 3516 1294 Kalend,
3546 1228 3875 1296 Juliarum,

2217 1311 2610 1378 perpetuoque
2642 1309 2699 1362 in
2733 1310 2934 1365 eodem
2971 1312 3322 1368 monasterio
3346 1321 3749 1372 conservatur.
3786 1318 3871 1373 0b

2216 1396 2322 1449 hoc
2355 1396 2528 1450 etiam
2552 1397 2675 1452 dies
2698 1398 2892 1453 obitus
2915 1400 3102 1469 ipsius
3125 1401 3279 1472 regis
3299 1420 3352 1455 ix
3373 1403 3496 1458 Kal.
3516 1405 3871 1462 Novembris

2216 1501 2403 1555 usque
2418 1485 2589 1540 hodie
2603 1485 2662 1540 in
2676 1484 2802 1558 ipso
2819 1490 3171 1544 monasterio
3185 1491 3500 1548 solenniter
3511 1493 3869 1551 celebratur.

2215 1573 2314 1627 His
2349 1574 2524 1644 igitur
2555 1574 2634 1629 ita
2685 1577 2955 1647 peractis,
3007 1582 3247 1633 sanctus
3298 1580 3465 1636 Pater
3508 1582 3753 1639 Maiolus
3791 1585 3870 1639 ad

2215 1662 2448 1732 propria
2481 1663 2704 1735 regredi
2727 1663 3104 1722 accelerabat.
3129 1667 3488 1725 Commitcns
3509 1687 3640 1743 ergo
3658 1671 3868 1727 locum

2213 1749 2445 1804 cuidam
2481 1751 2752 1823 religioso
2785 1754 2925 1822 viro,
2975 1755 3209 1811 nomine
3260 1759 3530 1826 Teutoni,
3581 1777 3761 1830 quem
3795 1762 3873 1816 de

2211 1837 2486 1895 Cluniaco
2520 1858 2719 1896 secum
2752 1860 2886 1898 cum
2919 1844 3140 1900 caeteris
3171 1845 3513 1917 adduxerat,
3547 1849 3672 1920 ipse
3703 1850 3870 1905 unde

2212 1932 2446 1983 venerat
2478 1945 2743 1986 reversus
2773 1936 2879 1987 est.

2280 2107 2416 2160 Post
2468 2107 2720 2160 multum
2773 2123 2902 2162 vero
2947 2107 3246 2178 temporis,
3298 2109 3441 2164 dum
3491 2116 3740 2168 sanctus
3784 2114 3875 2169 vir

2209 2192 2456 2248 Maiolus
2489 2194 2546 2247 in
2581 2193 2820 2248 Galliam
2855 2194 3057 2250 reverti
3089 2195 3364 2266 differret,
3421 2198 3701 2255 defuncto
3729 2203 3870 2272 jam

2207 2281 2420 2352 inclyto
2451 2298 2584 2353 rege
2617 2282 2877 2354 I‘Iugone,
2911 2300 3045 2338 cum
3079 2284 3185 2355 piae
3234 2287 3530 2341 memoriae
3565 2287 3867 2347 Robertus

2206 2387 2302 2424 rex
2332 2369 2487 2425 filius
2517 2371 2647 2440 ejus
2678 2387 2922 2443 regnum
2953 2371 3328 2444 suscepisset,
3355 2373 3600 2431 consilio
3629 2382 3687 2432 et
3721 2377 3870 2435 hor-

2203 2463 2325 2513 tatu
2358 2458 2589 2513 comitis
2620 2459 2810 2514 eidem
2844 2461 3092 2516 Teutoni
3123 2462 3365 2516 domum
3395 2463 3641 2520 abbatis:
3667 2466 3863 2524 isdem

2204 2564 2300 2602 rex
2322 2547 2499 2617 dedit,
2523 2565 2775 2618 eumque
2797 2549 3064 2604 abbatem
3087 2551 3358 2607 ordinare
3375 2554 3666 2624 praecepit.
3691 2558 3861 2622 Quod

2204 2653 2338 2691 cum
2371 2637 2442 2691 ad
2501 2653 2674 2692 aures
2731 2636 3204 2694 Cluniacensium
3250 2641 3630 2710 pervenisset,
3687 2644 3860 2700 valde

2203 2725 2402 2782 tristes
2426 2725 2612 2781 effecti
2636 2730 2792 2792 sunt,
2818 2727 2956 2797 quia
2981 2727 3288 2798 cupiebant
3308 2728 3421 2784 sibi
3443 2729 3638 2801 ipsum
3661 2731 3860 2789 locum

2204 2815 2274 2869 ad
2303 2813 2509 2870 cellam
2540 2814 2819 2886 redigere.
2853 2815 3171 2872 Ordinatus
3203 2821 3401 2873 autem
3425 2820 3739 2889 pradictus
3770 2823 3862 2877 vir

2203 2903 2274 2958 ad
2295 2903 2573 2959 honorem
2595 2904 2919 2976 regiminis,
2940 2921 3150 2976 magno
3165 2906 3358 2962 studio
3371 2909 3858 2967 conabaturonus

2204 2996 2542 3063 susceptum
2573 3010 2736 3063 aequo
2767 2993 3074 3065 disponere
3108 2995 3527 3065 moderamine,
3557 3014 3624 3052 ac
3667 2999 3859 3055 eccle—

2203 3080 2350 3134 siam
2371 3080 2482 3134 sibi
2506 3081 2882 3135 commissam
2899 3099 3131 3138 summo
3148 3083 3470 3141 sublimare
3490 3085 3731 3143 honore.
3755 3089 3856 3143 Pa-

2204 3167 2409 3222 riestes
2423 3168 2576 3223 enim
2591 3168 2777 3239 ipsius
2791 3168 2956 3236 aulaz,
2973 3171 3073 3242 qui
3087 3172 3157 3226 ab
3173 3173 3432 3244 antiquis
3445 3175 3857 3234 fuerantcons—

450 3250 536 3307 sis
565 3250 792 3307 comitis
825 3250 1123 3306 obediunt.
1157 3251 1421 3323 Cumque
1451 3254 1641 3308 cuncti
1674 3255 1910 3310 adunati
1944 3235 2087 3314 fuis-
2121 3235 2163 3300 Ο
2204 3256 2400 3322 tructi,
2429 3235 2916 3313 nimia—vetustate
2937 3235 3101 3314 erant
3121 3235 3475 3334 consumpti.
3503 3265 3664 3328 Quod
3696 3265 3854 3322 idem

451 3344 598 3407 sent,
633 3339 904 3412 praecepit
934 3341 1120 3411 utqui
1143 3357 1277 3395 cum
1302 3341 1509 3395 abbate
1531 3342 1739 3398 Maiolo
1765 3361 2000 3401 manere
2031 3347 2090 3402 in

449 3429 711 3484 ccnnobio
740 3429 1081 3496 voluissent,
1113 3431 1558 3501 ejusquejussis
1579 3430 1635 3485 in
1660 3432 1933 3488 omnibus
1963 3435 2093 3491 obe-

447 3518 592 3583 dire,
643 3517 886 3574 liberam
919 3518 1200 3574 haberent
1247 3517 1540 3574 licentiam
1591 3523 1932 3577 revertendi.
1979 3525 2088 3590 Qui

443 3623 574 3663 vero
605 3606 844 3675 nollent,
879 3607 1107 3662 abirent
1136 3623 1250 3678 quo
1283 3606 1508 3662 vellent.
1547 3607 1631 3662 llli
1664 3613 1858 3664 autem
1893 3612 2089 3670 tristes

441 3696 759 3752 admodum
807 3696 1013 3766 ell‘ecti,
1065 3701 1264 3767 utpote
1309 3695 1468 3750 omni
1527 3697 1782 3753 humano
1823 3700 2085 3756 destituti

439 3785 870 3858 auxilio,magis
891 3785 1191 3857 elegerunt
1211 3786 1333 3840 vias
1354 3785 1545 3840 cordis
1579 3787 1789 3858 proprii
1815 3795 2086 3861 appetere

437 3890 615 3945 quam
649 3890 784 3929 cum
806 3874 1012 3929 abbate
1042 3873 1127 3929 vel
1161 3875 1463 3930 monachis
1494 3875 1604 3929 sibi
1641 3875 1853 3947 ignotis
1884 3880 1955 3933 ad
1989 3897 2081 3935 ec-

435 3962 676 4018 clesiam
711 3963 918 4018 redire.
943 3962 1172 4018 Nemini
1202 3963 1358 4018 enim
1390 3962 1554 4017 licuit
1583 3980 1650 4018 ex
1682 3963 1774 4019 his
1822 3984 1948 4038 quze
1982 3969 2080 4023 ba-

433 4051 652 4107 hebant
699 4069 898 4107 secum
955 4051 1277 4122 quidquam
1327 4052 1570 4118 deferre,
1621 4055 1875 4126 exceptis
1908 4057 2078 4112 indu-

434 4139 648 4194 mentis
679 4139 1102 4210 quibusinduti
1125 4146 1306 4194 erant.
1335 4140 1529 4194 Abbas
1552 4146 1746 4196 autem
1776 4143 2076 4215 Magenar-

431 4227 564 4292 dus,
598 4226 720 4297 qui,
755 4231 820 4281 ut
850 4226 1129 4293 diximus,
1165 4227 1380 4282 nobilis
1403 4230 1828 4299 progenieerat,
1846 4249 1915 4287 ex
1942 4251 2075 4289 san-

431 4313 717 4386 guinitate
745 4315 900 4369 enim
935 4314 1204 4369 Ansoaldi
1244 4315 1441 4369 divitis
1496 4317 1796 4373 Parisiacae
1825 4321 2076 4379 civitatis

427 4400 730 4468 existebat,
762 4402 820 4456 in
854 4403 1114 4457 cmnotio
1147 4403 1332 4456 sancti
1367 4403 1573 4470 Mauri,
1624 4407 1776 4476 quod
1821 4407 2072 4467 Glanna-

427 4488 633 4544 folium
665 4489 984 4557 dicebatur,
1019 4491 1407 4546 transmissus
1439 4497 1546 4559 est,
1582 4499 1647 4548 ut
1687 4494 1902 4552 ibidem
1937 4516 2068 4570 pas-

2205 3344 2371 3398 Pater
2392 3361 2658 3411 cernens,
2689 3362 2936 3417 eamque
2978 3347 3338 3405 meliorando
3388 3355 3719 3409 restaurare
3751 3371 3855 3410 cu-

2202 3434 2389 3504 piens,
2410 3449 2581 3488 omne
2603 3434 2911 3489 aediﬁcium
2934 3435 3091 3492 illius
3109 3437 3408 3495 solotenus
3427 3441 3651 3507 evertit,
3676 3448 3854 3516 atque

2201 3521 2373 3576 aliam
2393 3523 2635 3592 majoris
2656 3522 3130 3594 amplitudiniset
3149 3527 3534 3583 excellentiori
3558 3530 3848 3602 dignitate

2198 3611 2595 3680 conspicuam,
2623 3612 2737 3666 Deo
2759 3612 2869 3667 sibi
2893 3612 3227 3682 auxiliante,
3251 3617 3595 3684 construxit,
3627 3619 3846 3677 Deinde

2197 3699 2493 3772 duosigna
2511 3701 3010 3772 pretiosa,nomen
3059 3720 3233 3758 suum
3279 3705 3378 3759 uni
3425 3707 3841 3778 imponens,ad

2195 3789 2472 3844 honorem
2495 3789 2726 3844 Domini
2745 3791 2928 3846 facere
2942 3792 3180 3864 praecepi
3192 3798 3231 3848 t.
3249 3793 3379 3848 Haec
3413 3794 3610 3867 itaque
3623 3803 3682 3853 et
3695 3798 3845 3853 mul-

2193 3882 2250 3932 ta
2272 3877 2386 3932 alia
2417 3879 2541 3950 ipse
2559 3883 2670 3934 Deo
2715 3879 2930 3951 dignus
2956 3881 3136 3936 abbas
3179 3882 3332 3938 bona
3377 3883 3436 3938 in
3481 3886 3686 3942 eodem
3717 3886 3842 3943 loco

2193 3971 2463 4038 operatus
2510 3972 2597 4023 est
2641 3984 2835 4039 opera.
2896 3968 3254 4026 Venerabilis
3305 3976 3504 4027 autem
3538 3989 3735 4030 comes
3769 3977 3839 4030 de

2191 4054 2378 4110 salute
2435 4072 2553 4110 suae
2609 4055 2815 4110 animae
2864 4055 3030 4112 valde
3087 4057 3396 4128 sollicitus,
3443 4066 3647 4119 sancto
3702 4080 3836 4120 eum

2189 4143 2408 4213 Spiritu
2443 4143 2808 4212 adhortante,
2842 4144 3087 4200 contulit
3133 4146 3356 4205 dilectae
3404 4150 3516 4205 sibi
3553 4151 3835 4221 ecclesiae,

2186 4237 2517 4303 sanctasque
2549 4232 2723 4288 matri
2755 4233 2987 4288 Domini
3018 4233 3236 4302 Mariae,
3284 4241 3340 4292 et
3389 4239 3672 4309 apostolis
3700 4243 3829 4313 ejus

2184 4321 2350 4375 Petro
2381 4325 2434 4374 et
2458 4321 2654 4390 Paulo,
2689 4338 2914 4377 necnon
2942 4324 3255 4379 venerabili
3281 4325 3483 4383 Mauro
3513 4330 3830 4387 confessori

2184 4424 2275 4464 res
2308 4409 2697 4480 possessionis
2723 4427 2860 4475 suae,
2897 4427 3022 4482 quae
3055 4413 3321 4484 pretiosa:
3353 4414 3464 4471 sibi
3509 4434 3637 4473 esse
3673 4419 3829 4475 vide-

2181 4498 2413 4553 bantur.
2470 4497 2768 4554 Helizabet
2798 4516 3033 4570 quoque
3059 4502 3366 4559 comitissa
3396 4505 3598 4561 sociali
3622 4509 3826 4578 conju-

424 4582 514 4633 tor
542 4577 788 4634 fratrum
821 4577 940 4633 illic
969 4579 1302 4651 degentium
1336 4580 1622 4638 existeret.
1659 4583 1766 4650 Qui
1807 4588 2065 4656 quandiu
2102 4603 2148 4665 Β
2177 4586 2271 4658 gio
2303 4586 2627 4656 illijuncta,
2656 4604 2790 4642 cum
2815 4587 3146 4661 Ragenaldo
3169 4607 3276 4646 suo
3296 4591 3557 4664 filiojam
3580 4577 3830 4666 praesule

422 4666 584 4735 vixit,
619 4667 677 4722 in
709 4667 912 4723 eodem
946 4667 1069 4722 loco
1102 4675 1473 4723 conversatus
1495 4674 1601 4724 est.
1625 4671 1746 4734 Quo
1770 4674 2062 4742 defuncto,

420 4756 790 4812 antevultum
819 4757 1077 4812 cruciﬁxi
1104 4757 1332 4812 Domini
1359 4757 1417 4812 in
1441 4759 1685 4816 ecclesia
1705 4779 1918 4836 corpus
1939 4765 2068 4835 ejus

415 4843 712 4917 sepultum
744 4851 851 4902 est.

487 4933 735 4990 Sanctus
767 4933 946 5006 igitur
995 4933 1263 5002 Maiolus,
1314 4937 1656 5008 sepefatum
1707 4938 1899 4996 locum
1931 4959 2064 4999 cum

414 5021 536 5077 suis
565 5023 898 5095 suscipiens
942 5023 1268 5092 monachis,
1325 5025 1745 5083 dislrictionem
1777 5031 2062 5101 regularis

414 5110 637 5167 ordinis
667 5113 934 5168 districte
965 5113 1271 5168 observare
1305 5115 1498 5185 coepit,
1535 5121 1597 5170 ut
1643 5119 1880 5174 omnino
1914 5120 2062 5176 nihil

411 5201 954 5270 praetermitteretur
984 5219 1050 5257 ex
1072 5201 1164 5256 his
1181 5218 1307 5273 quae
1333 5203 1516 5257 sancti
1541 5205 1832 5261 Benedicti
1858 5211 2057 5279 praeci-

413 5287 499 5357 pit
529 5289 747 5359 regula.
801 5290 1061 5362 Cumque
1111 5291 1457 5362 regulariter
1505 5292 1665 5347 intus
1715 5301 1770 5349 et
1804 5299 2056 5356 exterius

411 5381 622 5431 cuncta
652 5376 867 5434 ibidem
901 5385 1211 5452 agerentur
1237 5397 1301 5434 ac
1321 5379 1568 5436 sollicite
1594 5384 1810 5452 omnia,
1837 5391 1900 5441 ut
1921 5405 2054 5458 pos-

408 5461 577 5517 sibile
589 5470 732 5530 erat,
757 5469 1065 5522 emendata
1081 5467 1297 5521 fuissen
1310 5473 1347 5532 t,
1365 5470 1646 5525 accedens
1661 5472 1730 5526 ad
1748 5473 2050 5545 l-Iugonem

405 5553 756 5607 Francorum
783 5572 1000 5625 regem,
1022 5549 1396 5610 exoratuscst
1421 5565 1473 5609 ul
1499 5557 1684 5614 victus
1711 5560 2048 5620 alimoniam

405 5651 703 5692 servorum
738 5640 834 5694 Dci
871 5641 978 5694 sub
1011 5659 1075 5695 co
1099 5644 1567 5699 conversantium
1599 5648 2048 5720 multiplicando

405 5720 694 5788 adaugere
725 5725 1081 5794 dignaretur.
1115 5728 1295 5797 Cujus
1317 5746 1515 5799 preces
1537 5748 1636 5787 rex
1655 5734 1900 5807 benigne
1916 5756 2045 5796 sus-

2181 4676 2344 4732 urbis
2374 4675 2577 4732 Parisii
2609 4675 2832 4744 effecto,
2864 4677 2996 4734 talis
3029 4679 3161 4734 facti
3194 4697 3551 4749 assensores,
3586 4687 3644 4738 et
3673 4685 3828 4742 desi-

2179 4765 2348 4832 derii,
2379 4763 2472 4819 sui
2507 4764 2818 4835 participes
2848 4765 3215 4822 exstiterunt.
3248 4768 3535 4848 Accedens
3579 4785 3720 4841 ergo
3753 4775 3830 4829 ad

2179 4853 2329 4924 regis
2359 4853 2750 4924 praesentiam,
2784 4859 3055 4912 exoratus
3087 4860 3175 4912 est
3205 4860 3268 4911 ut
3295 4854 3471 4926 regali
3519 4871 3684 4912 more
3716 4859 3827 4918 hoc

2176 4946 2233 4996 et
2262 4941 2387 5012 ipse
2417 4946 2718 5009 annuerat,
2752 4947 3282 5015 testamentumque
3314 4960 3431 4999 suae
3453 4945 3825 5007 auctoritatis

2167 5030 2402 5100 juberet
2432 5029 2549 5084 fieri
2587 5047 2652 5084 ac
2684 5047 2789 5086 suo
2817 5031 2984 5104 signo
3017 5033 3253 5098 muniri,
3285 5036 3580 5104 quatenus
3609 5051 3716 5107 per
3737 5038 3824 5094 tu-

2174 5125 2303 5173 tura
2335 5125 2598 5189 tempora
2644 5118 2865 5174 eisdem
2924 5121 3101 5178 rebus
3156 5121 3504 5194 praedictum
3536 5123 3824 5181 frueretur

2171 5206 2618 5276 monasterium,
2651 5211 2707 5262 et
2735 5208 2862 5278 ejus
2884 5209 3221 5266 memoriale
3243 5209 3302 5265 in
3329 5211 3660 5267 orationum
3691 5229 3819 5285 pre-

2168 5295 2394 5352 catibus
2426 5312 2658 5366 semper
2713 5295 3043 5355 haberetur.
3105 5300 3382 5356 Hortante
3439 5298 3635 5372 itaque
3668 5303 3814 5375 regis

2165 5383 2535 5440 clementiam
2569 5385 2697 5453 ejus
2722 5387 3001 5458 genitrice
3020 5387 3315 5454 Adelaide,
3339 5393 3398 5444 et
3419 5390 3548 5460 ejus
3569 5391 3812 5464 conjuge

2164 5472 2363 5544 regina
2394 5470 2623 5539 Bertha,
2659 5490 2785 5545 quae
2816 5493 2849 5531 a
2882 5481 3042 5533 tanto
3074 5477 3468 5549 poscebantur
3487 5478 3608 5534 viro
3631 5477 3810 5535 liben-

2160 5560 2388 5616 tissime
2418 5561 2643 5616 annuit.
2667 5562 2836 5619 Dedit
2858 5565 3052 5637 itaque
3079 5567 3428 5638 saepedictus
3453 5583 3646 5622 comes
3667 5567 3810 5623 Bur-

2159 5648 2413 5704 chardus
2443 5647 2695 5704 ecclesia:
2756 5652 3086 5709 Fossatensi
3139 5654 3246 5711 has
3300 5655 3705 5727 possessiones
3740 5659 3808 5714 de

2158 5739 2332 5798 rebus
2365 5755 2482 5794 suae
2515 5740 2904 5812 proprietatis,
2938 5742 3134 5803 villam
3164 5743 3457 5815 videlicet,
3487 5761 3615 5817 quae
3636 5745 3804 5804 Nobi-
