3966 6212
126 349 247 416 853

1311 350 1496 415 Vl'l‘A
1541 349 1996 415 BCRCHARDI
2041 351 2383 419 COMITIS.

3427 351 3547 416 85L

154 485 328 547 incus
371 484 617 555 dicitur,
667 482 729 543 in
792 482 1130 560 episcopatu
1190 484 1572 544 Parisiacensi
1623 501 1801 559 super
1826 483 1882 552 Α
1908 485 2210 546 tribueret.
2245 487 2342 546 Ille
2368 505 2522 559 vero,
2563 488 2661 564 qui
2714 488 2953 564 optabat
2995 493 3061 547 ut
3105 487 3297 548 cuncti
3329 490 3545 556 milites

126 578 354 636 ﬂumen
376 577 652 635 Matronae
673 576 868 641 sitam,
902 592 1036 631 cum
1060 576 1432 632 advocatione
1464 580 1518 631 et
1551 575 1784 643 vicaria,

126 684 266 725 cum
287 666 535 726 ecclesia
557 665 814 733 etaltari,
841 669 1049 721 etcum
1065 664 1344 721 omnibus
1361 683 1485 737 quas
1505 666 1574 720 ad
1598 666 1787 737 ipsam

122 757 440 829 aspiciunt.
472 757 617 810 Item
640 754 698 808 in
722 754 928 810 eodem
964 770 1138 825 pago,
1177 754 1236 809 in
1267 754 1545 809 comitatu
1569 754 1785 809 Corbo-

130 845 331 903 liensis
347 844 546 912 castri,
576 842 636 898 in
667 842 806 898 villa
834 859 961 914 quia
990 846 1228 898 vocatur
1258 844 1465 912 Licias,
1510 859 1783 898 mansum

129 932 402 1007 Algardis
431 948 565 988 cum
597 930 876 987 omnibus
915 932 986 986 ad
1030 929 1200 986 illum
1234 932 1687 1003 pertinentibus.
1724 933 1784 985 in

128 1021 467 1079 Vastinensi
499 1036 736 1092 quoque
777 1035 950 1092 pago,
982 1019 1040 1073 in
1074 1019 1354 1074 comitatu
1404 1020 1786 1087 Nantonensi,

129 1116 303 1184 atque
317 1111 379 1166 in
395 1110 736 1183 episcopatu
754 1109 1108 1164 Senonensis
1123 1108 1307 1177 urbis,
1331 1109 1549 1181 praedia
1561 1126 1615 1163 m
1631 1108 1786 1180 juris

129 1201 244 1268 sui,
296 1200 454 1272 quod
506 1201 886 1270 nuncupatur
934 1198 1086 1262 Scia,
1140 1214 1273 1252 cum
1328 1199 1701 1253 advocatione
1732 1201 1789 1252 et

130 1290 370 1356 vicaria,
394 1292 570 1360 atque
586 1286 927 1351 ecclesia,et
947 1302 1079 1341 cum
1103 1287 1331 1341 cunctis
1348 1302 1475 1357 quas
1498 1288 1565 1341 ad
1592 1287 1784 1358 ipsum

134 1378 450 1452 aspiciunt.
483 1378 546 1431 In
579 1375 856 1432 comitatu
898 1376 1074 1429 etiam
1118 1375 1497 1430 Milidunensi
1530 1375 1785 1442 alodum,

134 1468 233 1541 qui
265 1470 506 1523 vocatur
533 1464 869 1531 Curciacus,
904 1480 1036 1518 cum
1068 1464 1439 1519 advocatione
1468 1469 1525 1519 et
1553 1464 1786 1530 vicaria,

134 1561 342 1612 etcum
382 1554 668 1609 omnibus
697 1554 770 1607 ad
803 1568 939 1608 eum
980 1552 1426 1625 pertinentibus.
1461 1554 1620 1607 Hanc
1651 1569 1787 1625 ergo

135 1662 253 1701 suae
282 1647 496 1700 sanctae
524 1641 855 1696 devotionis
882 1639 1240 1696 voluntatem
1271 1640 1509 1713 plurimi
1543 1642 1786 1695 Franco-

133 1750 267 1789 rum
288 1732 549 1786 videntes
559 1728 1096 1801 etaudientes,erga
1112 1729 1385 1784 eumdem
1398 1728 1589 1784 locum
1608 1729 1787 1800 etipsi

132 1838 203 1877 ex
215 1818 466 1893 pr0priis
477 1818 650 1874 rebus
663 1817 952 1872 multacon
963 1817 1549 1889 ferebantJnterquos
1565 1818 1686 1872 vice
1699 1833 1789 1872 co-
1815 1851 1864 1915 B

137 1906 1780 1973 mesMillidunensisCastri,nomineJoscelinus,exoratus

136 2002 226 2054 est
243 2002 354 2053 Deo
376 1997 649 2051 devotum
676 1994 972 2062 comitem,
991 1999 1056 2050 ut
1076 1996 1128 2051 ei
1170 1995 1494 2064 ecclesiam,
1519 2013 1647 2067 quae
1670 1996 1783 2052 sita

136 2084 312 2141 estin
342 2084 466 2140 vico
498 2083 599 2155 qui
649 2084 937 2139 Nociacus
982 2084 1174 2140 siccus
1221 2084 1451 2153 dicitur,
1503 2102 1676 2156 quam
1710 2085 1780 2140 de

136 2174 263 2245 ejus
282 2172 563 2229 beneficio
584 2171 944 2244 possidebat,
969 2172 1085 2228 Deo
1109 2178 1167 2229 et
1188 2175 1407 2229 sanctis
1428 2175 1556 2246 ejus
1577 2190 1780 2229 conce-

137 2261 272 2327 dere
293 2261 650 2333 dignaretur.
674 2260 880 2316 Comes
893 2277 1048 2325 vero,
1066 2262 1280 2333 gaudio
1298 2262 1573 2334 repletus,
1595 2265 1652 2316 et
1671 2261 1782 2316 hoc

138 2349 335 2422 ipsum
356 2348 559 2404 libenti
583 2348 778 2404 animo
812 2350 1120 2415 concessit,
1158 2350 1284 2421 ipse
1306 2367 1537 2422 quoque
1560 2350 1783 2405 viceco-

138 2453 287 2505 mes,
318 2436 618 2509 cingulum
666 2436 885 2491 militiae
938 2455 1041 2510 pro
1090 2438 1322 2495 Christo
1370 2440 1691 2511 deponens,
1724 2438 1782 2492 in

139 2526 342 2582 eodem
372 2526 634 2582 coenobio
664 2526 988 2582 monachus
1020 2529 1392 2599 postmodum
1414 2531 1502 2583 est
1522 2528 1781 2593 etl'ectus,

138 2619 309 2686 atque
330 2615 505 2687 digne
527 2614 704 2670 finem
738 2632 856 2670 suae
896 2615 1197 2687 complens
1229 2616 1380 2681 vitae,
1404 2616 1618 2672 ibidem
1642 2616 1787 2671 obiit

138 2704 247 2759 sub
277 2703 369 2758 die
397 2720 496 2758 xw
522 2701 769 2758 Kalend.
801 2702 1114 2775 Aprilium.
1149 2704 1339 2775 SupEr
1366 2704 1458 2759 his
1488 2720 1624 2776 ergo
1659 2720 1785 2758 om-

136 2792 312 2847 nibus
340 2791 594 2864 inclytus
625 2807 724 2846 rex
754 2791 1039 2847 Robertus
1070 2793 1433 2847 auctoritatis
1470 2810 1587 2848 sua:
1608 2795 1784 2847 testa-

134 2884 402 2936 mentum
432 2879 557 2935 iieri
571 2879 775 2951 jussit,
787 2880 1281 2952 traditionemque
1303 2882 1495 2937 abbati
1519 2881 1783 2945 Teutoni,

133 2984 235 3024 seu
268 2966 515 3039 reliquis
545 2967 870 3035 monachis,
922 2969 1075 3037 fecit,
1129 2975 1185 3025 et
1232 2972 1482 3043 prmfatze
1530 2968 1784 3025 ecclesiae

133 3056 554 3113 muniﬁcentiae
587 3073 704 3111 suae
735 3063 1020 3131 praecepto
1053 3059 1450 3126 confirmavit;
1498 3076 1601 3131 per
1629 3060 1783 3130 quod

132 3145 407 3217 praecepit
420 3145 641 3216 jubens
657 3148 739 3210 ut,
765 3147 1032 3218 usquein
1057 3148 1231 3203 finem
1251 3148 1468 3216 saeculi,
1488 3148 1783 3204 cocnobitae

1900 579 2250 635 Francorum
2275 579 2484 635 similia
2507 584 2870 653 peragerent,
2888 578 3131 636 liberam
3171 580 3332 636 dedit
3351 581 3435 637 illi
3455 584 3546 639 fa-

1897 667 2172 724 cultatem
2210 669 2385 724 dandi
2430 669 2713 741 quidquid
2738 670 2865 740 ejus
2885 670 3081 725 animo
3104 669 3383 741 placitum
3408 671 3548 729 fuis-

1899 760 2003 812 set.
2043 758 2298 813 Veniens
2342 758 2539 830 itaque
2571 759 2642 812 ad
2692 757 2801 813 sibi
2849 757 3126 814 dilectum
3177 775 3292 830 prec
3325 761 3546 817 caeteris

1894 845 2108 913 locum,
2145 863 2277 901 cum
2298 864 2404 901 sua
2425 847 2690 917 conjuge,
2717 863 2843 917 quae
2868 847 3281 903 Ermensendis
3310 848 3544 905 diceba-

1896 939 2009 995 tur.
2031 936 2283 990 innotuit
2301 935 2569 1006 religioso
2603 935 2799 990 abbati
2823 935 3064 991 Teutoni
3092 951 3158 991 ac
3180 936 3402 992 caeteris
3426 937 3544 994 fra-

1896 1022 2085 1075 tribus
2110 1024 2199 1078 sui
2223 1023 2411 1077 cordis
2435 1028 2741 1078 secretum.
2763 1023 3128 1096 Qui,gratias
3152 1028 3263 1080 Deo
3283 1029 3542 1097 agentes,

1896 1111 1953 1165 in
1984 1113 2107 1166 suis
2137 1112 2499 1166 orationibus
2538 1112 2842 1183 praedictos
2875 1113 3154 1182 conjuges
3183 1114 3543 1186 suscipiunt,

1897 1202 2097 1272 sicque
2131 1199 2446 1255 familiares
2477 1200 2575 1254 Dei
2608 1217 2902 1255 servorum
2934 1201 3119 1255 cil‘ecti
3162 1206 3321 1265 sunt,
3369 1207 3545 1275 atque

1898 1290 2086 1345 locum
2102 1306 2223 1343 suae
2244 1289 2649 1343 tumulationis
2665 1293 2795 1359 post
2808 1288 3217 1344 resolutionem
3233 1307 3543 1363 corporum

1897 1381 2263 1448 acceperunt.
2298 1376 2591 1431 Dederunt
2617 1392 2752 1447 ergo
2782 1375 2997 1430 ibidem
3032 1376 3335 1447 praedium,
3371 1394 3543 1450 supe-

1898 1466 2019 1520 rius
2053 1465 2417 1519 nominatum
2467 1465 2733 1532 Jureum,
2781 1481 2959 1535 super
3005 1464 3222 1519 flumen
3263 1470 3543 1536 Sequanae

1899 1556 2100 1621 situm,
2133 1553 2448 1609 distantem
2482 1571 2516 1609 a
2545 1556 2737 1608 castro
2767 1552 3033 1609 Corboilo
3065 1552 3342 1608 milliario
3372 1557 3429 1608 et
3457 1554 3544 1609 di-

1897 1644 2098 1709 midio,
2130 1641 2434 1697 ecclesiam
2466 1658 2702 1714 quoque
2732 1645 2789 1696 et
2817 1642 3114 1710 vicariam,
3139 1645 3195 1697 et
3215 1642 3543 1697 advocatio-

1900 1748 2056 1798 nem,
2106 1749 2243 1786 cum
2276 1731 2551 1786 omnibus
2597 1732 2664 1786 ad
2709 1747 2838 1781 rum
2877 1730 3324 1801 pertinentibus.
3358 1730 3542 1787 Simili

1896 1821 2070 1876 etiam
2094 1821 2266 1875 modo
2289 1821 2660 1875 donationem
2682 1820 2942 1873 fecerunt
2977 1819 3048 1873 de
3072 1817 3344 1888 villajam
3367 1819 3542 1887 dicta,

1895 1926 2022 1981 quae
2043 1913 2282 1965 vocatur
2307 1908 2513 1975 Licias,
2535 1907 2597 1962 in
2625 1907 2900 1978 praedicto
2938 1922 3087 1978 pago
3121 1907 3255 1973 sita,
3286 1907 3546 1964 distante

1889 2016 1923 2053 a
1953 2002 2145 2055 castro
2179 1996 2453 2052 milliario
2497 2001 2555 2051 et
2602 1995 2886 2062 dimidio;
2919 2011 3096 2066 quam
3147 1995 3219 2051 de
3262 1996 3543 2052 beneficio

1888 2087 2210 2144 Burchardi
2238 2086 2468 2143 comitis
2492 2089 2551 2140 et
2571 2084 2673 2139 filii
2687 2084 2815 2155 ejus
2826 2084 3047 2140 honore
3063 2083 3383 2157 pontiﬁcali
3404 2095 3549 2157 prae“

1890 2177 2138 2232 cluentis
2188 2174 2451 2231 Rainaldi
2504 2174 2798 2228 tenebant.
2845 2172 3103 2235 Quorum
3155 2188 3445 2228 consensu
3487 2180 3545 2229 et

1890 2265 2185 2321 voluntate
2235 2265 2344 2319 hoc
2393 2263 2616 2319 donum
2666 2262 2931 2316 fecerunt
2981 2278 3084 2333 pro
3144 2265 3369 2316 aeterna:
3413 2263 3542 2317 vita:

1892 2353 2377 2419 remuneratione,
2410 2355 2468 2406 et
2499 2367 2601 2423 pro
2632 2351 2965 2405 animarum
2993 2366 3257 2415 suarum,
3292 2350 3411 2405 sive
3439 2350 3544 2406 Ge-

1891 2443 2063 2512 lonis,
2097 2443 2187 2498 cui
2222 2456 2594 2498 successores
2624 2438 2968 2505 existebant,
3012 2442 3187 2509 atque
3234 2442 3541 2509 parentum

1893 2549 2111 2597 eorum,
2136 2530 2525 2593 absolutione,
2548 2544 2679 2582 cum
2706 2527 3081 2582 advocatione
3107 2529 3163 2580 et
3190 2525 3541 2581 vicariorum

1894 2625 2196 2695 potestate,
2230 2624 2286 2674 et
2308 2635 2443 2673 cum
2475 2614 2701 2672 cunctis
2730 2633 2859 2687 quas
2885 2616 2956 2670 ad
2990 2615 3181 2687 ipsam
3227 2613 3540 2687 ascipiunt.

1894 2712 2123 2767 Donum
2156 2725 2291 2780 ergo
2321 2709 2531 2762 harum
2566 2721 2757 2761 rerum
2783 2721 2961 2776 super
2982 2703 3163 2759 altare
3183 2704 3405 2759 Sanctae
3426 2705 3543 2759 Ma-

1895 2800 1991 2854 riae
2023 2797 2337 2869 Sanctique
2370 2795 2519 2850 Petri
2551 2793 2799 2866 apostoli
2854 2796 3178 2865 posuerunt
3208 2797 3408 2848 tenore
3437 2792 3542 2847 tali

1894 2886 2275 2942 utannuatim
2290 2882 2742 2956 recognitionem
2755 2880 2979 2953 exipsis
2994 2881 3275 2936 haberent
3287 2881 3544 2936 denomi-
3626 2892 3639 2901 ’

1894 2981 2117 3044 natam,
2141 2973 2412 3029 ambolus
2440 2988 2572 3027 vero
2595 2972 2666 3025 ab
2692 2970 2801 3025 hac
2823 2969 2951 3025 luce
2971 2969 3387 3041 migrantibus,
3411 2986 3542 3041 per-

1894 3069 2069 3138 petuo
2100 3062 2403 3118 habendas
2433 3059 2816 3133 possiderent.
2851 3058 2988 3113 Post
3028 3057 3152 3112 haec
3183 3057 3358 3113 etiam
3389 3058 3542 3130 regis

1897 3156 2178 3211 adeuntes
2209 3150 2599 3224 praesentiam,
2642 3148 2930 3220 deprecati
2958 3150 3098 3203 sunt
3143 3150 3210 3202 ut
3236 3146 3358 3201 haec
3388 3147 3543 3201 dona

133 3231 294 3289 illius
325 3234 435 3289 loci
467 3233 589 3289 haec
622 3233 820 3290 omnia
850 3240 1110 3291 tenerent
1138 3240 1312 3308 atque
1335 3236 1583 3308 pleniter
1603 3237 1784 3309 possi-
1813 3220 1856 3286 (ἶ
1896 3241 2165 3316 praecepti
2198 3220 2289 3296 sui
2313 3238 2654 3294 auctoritate
2674 3237 2971 3292 roboraret
2990 3240 3047 3291 et
3081 3234 3284 3291 annuli
3308 3236 3398 3290 sui
3430 3235 3542 3290 im-

134 3321 364 3393 derent,
415 3321 734 3394 nullusque
778 3340 895 3392 rex,
955 3323 1156 3380 nullus
1202 3325 1530 3397 episcopus,
1585 3324 1784 3381 nullus

134 3426 353 3480 comes,
387 3414 490 3467 aut
510 3410 630 3466 ulla
648 3411 916 3467 mortalis
931 3416 1188 3484 potestas
1206 3413 1341 3469 illas
1364 3430 1455 3469 res
1476 3415 1785 3486 disponere
1814 3481 1817 3485 ι

132 3503 234 3554 aut
257 3499 317 3556 in
344 3516 457 3555 sua
475 3503 762 3570 potestate
784 3499 1106 3571 quidquam
1126 3501 1337 3556 horum
1360 3503 1665 3558 decernere
1685 3507 1786 3557 aut

132 3587 405 3661 delegare
451 3592 866 3658 praesumeret;
919 3590 1020 3644 sed
1073 3595 1353 3662 perpetua
1393 3591 1685 3647 soliditate
1724 3592 1783 3646 in

129 3674 400 3749 ipsorum
413 3676 545 3745 jure
564 3675 969 3744 consisterent,
984 3677 1329 3749 disponendi
1345 3683 1519 3750 atque
1538 3678 1784 3734 faciendi

131 3764 202 3820 ad
224 3764 550 3820 utilitatem
572 3761 680 3818 loci
705 3763 993 3835 quidquid
1014 3764 1345 3837 elegissent.
1365 3766 1580 3822 Utvero
1596 3767 1786 3838 ipsius

134 3850 542 3927 praeceptionis
565 3853 740 3923 atque
770 3852 1157 3909 roborationis
1178 3854 1430 3909 edictum
1456 3872 1558 3926 per
1576 3860 1787 3909 cuncta

132 3941 230 3995 ωνί
268 3946 540 4013 tempora
558 3938 954 3997 inviolabilem
977 3940 1263 3997 obtineret
1300 3943 1593 3998 ﬁrmitatis
1621 3944 1788 4015 vigo-

134 4045 279 4098 rem,
294 4046 463 4087 more
477 4026 660 4102 regali
675 4046 853 4085 manu
878 4030 1113 4102 propria
1125 4032 1574 4100 conﬁrmavit,et
1584 4031 1788 4087 annuli

139 4117 231 4173 sui
244 4119 636 4191 impressione
667 4118 939 4191 insigniri
963 4119 1163 4190 jussit.
1183 4121 1345 4187 Quod
1360 4121 1641 4193 Rogerius
1658 4137 1788 4176 can-

141 4204 414 4263 cellarius
435 4206 635 4262 devote
656 4205 899 4280 peregit,
925 4207 1026 4278 qui
1039 4213 1260 4278 postea,
1281 4213 1392 4263 Deo
1414 4209 1784 4278 concedente,

139 4294 208 4349 ad
239 4294 527 4352 honorem
558 4295 934 4367 pontiﬁcatus
963 4295 1024 4350 in
1057 4297 1200 4351 urbe
1239 4297 1571 4353 Belvacensi
1603 4298 1786 4354 subli-

145 4386 337 4440 matus
364 4388 475 4439 est.
498 4388 643 4440 Acta
665 4388 804 4440 sunt
823 4389 1019 4440 autem
1041 4384 1162 4440 haec
1181 4384 1240 4440 in
1260 4385 1489 4441 civitate
1502 4387 1785 4455 Parisius,

145 4484 296 4527 anno
319 4471 607 4526 incarnati
624 4472 799 4528 Verbi
820 4473 946 4542 998,
970 4490 1123 4529 anno
1147 4490 1279 4529 vero
1300 4476 1528 4530 Roberti
1550 4476 1703 4548 regis
1719 4475 1784 4543 X,

144 4558 252 4613 sub
283 4559 381 4614 die
407 4576 508 4613 xm
542 4559 663 4615 Kal.
702 4561 1003 4616 Maiarum.

212 4647 346 4703 Fuit
377 4647 555 4703 etiam
585 4647 732 4720 ipsis
761 4649 968 4706 diebus
998 4651 1169 4707 miles
1209 4654 1448 4724 quidam
1495 4654 1787 4725 egregius,

146 4735 422 4806 potentiis
452 4740 511 4792 et
540 4735 765 4793 divitiis
795 4738 992 4794 saeculi
1022 4739 1191 4796 valde
1211 4741 1505 4808 sublimis,
1524 4758 1799 4798 veneran-

147 4821 333 4895 doque
366 4824 564 4882 comiti
591 4824 803 4894 fidelis,
836 4827 1072 4884 nomine
1092 4829 1526 4897 Ermenfredus,
1554 4830 1801 4887 ﬁdeliter

149 4909 262 4968 Deo
307 4913 672 4988 complacere
735 4915 1095 4972 desiderans.
1160 4918 1262 4973 Hic
1320 4919 1538 4990 itaque,
1590 4936 1799 4989 pavore

150 5002 344 5058 aeterni
368 5003 641 5076 supplicii
664 5004 1005 5077 perterritus
1026 5006 1374 5078 etexcmplis
1387 5008 1512 5078 jam
1537 5008 1675 5062 dicti
1691 5007 1797 5063 viri

151 5087 416 5161 religiose
444 5093 767 5159 animatus,
800 5091 1002 5147 retulit
1050 5097 1106 5147 et
1155 5094 1407 5149 multum
1459 5095 1650 5151 locum
1685 5096 1796 5151 sibi

152 5179 532 5235 commissum
562 5181 824 5254 diligere,
856 5198 922 5236 ac
952 5181 1022 5236 de
1049 5183 1299 5254 propriis
1322 5185 1792 5255 possessionibus

153 5279 212 5318 se
236 5265 383 5322 velle
411 5268 472 5323 in
502 5285 568 5325 eo
596 5269 819 5342 largiri.
874 5274 1221 5342 Deprecatus
1267 5278 1357 5327 est
1405 5273 1602 5344 itaque
1632 5290 1791 5338 eum,

153 5357 444 5424 quatenus
471 5356 691 5426 villam,
724 5375 901 5430 quam
938 5359 1011 5414 de
1052 5360 1180 5430 ejus
1230 5360 1509 5418 beneﬁcio
1543 5363 1791 5428 tenebat,

156 5455 280 5511 quea
320 5444 511 5503 Licias
552 5446 744 5519 (Lices)
777 5446 1123 5519 appellatur,
1165 5449 1418 5505 ecclesiae
1465 5450 1794 5506 Fossatensi

156 5528 337 5600 daret,
366 5533 448 5591 ita
470 5539 534 5591 ut
552 5536 729 5592 etiam
750 5535 1033 5609 praedium
1056 5553 1174 5592 suae
1205 5539 1615 5610 possessionis,
1641 5539 1795 5609 quod

156 5616 353 5679 Jurem
402 5624 580 5698 (Jury)
637 5624 872 5693 dicitur,
930 5630 1251 5696 spontanca
1295 5627 1588 5683 voluntate
1618 5626 1799 5682 simul

1894 3330 2196 3404 pressione
2218 3328 2448 3384 munire
2469 3328 2829 3399 dignaretur.
2856 3326 2983 3396 Ipse
3013 3341 3245 3396 quoque
3267 3340 3386 3380 suae
3415 3339 3539 3378 ma-

1891 3421 1997 3475 tris
2018 3417 2333 3476 Adelaidis.
2355 3415 2670 3485 uxorisque
2684 3413 2905 3468 Berthaa
2927 3410 3427 3483 suggestionibus,
3454 3410 3539 3466 uti

1892 3511 2164 3579 precatus
2195 3506 2401 3570 fuerat,
2436 3502 2674 3575 peregit.
2725 3500 3062 3571 Conscripto
3111 3498 3307 3572 itaque
3357 3502 3536 3554 testa-

1893 3600 2110 3660 mento,
2143 3611 2207 3649 ac
2230 3594 2730 3663 monogrammate
2750 3588 2904 3661 regis
2925 3604 3103 3643 manu
3124 3588 3293 3655 facto,
3317 3588 3536 3642 Franco

1893 3690 2034 3741 tunc
2084 3680 2487 3747 cancellarius,
2544 3683 2745 3750 postea
2789 3693 2922 3732 vero
2961 3675 3268 3748 episcopus
3330 3673 3539 3729 Parisii

1894 3774 2106 3837 factus,
2128 3769 2446 3840 imaginem
2470 3765 2617 3838 regit
2636 3764 2944 3836 imposuit.
2970 3764 3211 3819 Factum
3231 3766 3322 3818 est
3340 3765 3534 3818 autem

1894 3862 2005 3915 hoc
2031 3860 2089 3914 in
2103 3856 2377 3931 praedicta
2390 3856 2533 3909 urbe
2545 3870 2697 3909 anno
2710 3852 3131 3909 incarnationis
3146 3850 3360 3907 Christi
3374 3850 3534 3915 1000,

1895 3948 2212 4003 indictione
2232 3962 2330 4011 xu,
2356 3960 2508 3998 anno
2529 3959 2661 3998 vero
2692 3941 2855 4014 regni
2894 3939 3094 4012 inclyti
3130 3939 3284 4012 regis
3306 3937 3542 3993 Roberti

1894 4055 1975 4092 x11
2006 4034 2267 4092 feliciter.

1968 4124 2070 4179 His
2092 4123 2174 4177 ita
2196 4120 2465 4187 narratis,
2491 4119 2561 4174 ad
2583 4121 2848 4174 nostrum
2866 4115 3267 4173 Burchardum
3292 4114 3545 4171 reﬂecta-

1896 4218 1994 4268 tur
2023 4212 2229 4285 stylus.
2263 4209 2408 4264 Huic
2438 4224 2573 4279 ergo
2602 4207 2932 4262 venerando
2976 4204 3195 4271 comiti,
3228 4204 3545 4277 instigante

1898 4300 2141 4357 humani
2172 4298 2402 4372 generis
2442 4296 2699 4362 inimico,
2748 4294 2996 4351 infestus
3047 4297 3221 4367 atque
3268 4293 3544 4349 inimicus

1902 4390 2185 4447 existebat
2205 4388 2371 4443 valde
2393 4386 2513 4442 Cdo
2536 4401 2753 4450 comes,
2793 4385 3039 4455 ejusque
3058 4382 3229 4438 bonis
3254 4382 3549 4438 invidebat

1899 4479 2147 4544 actibus,
2173 4476 2309 4550 quia
2328 4474 2495 4530 illum
2517 4474 2576 4528 in
2608 4472 2742 4528 aula
2763 4473 2915 4545 regis
2936 4472 3048 4528 sibi
3074 4472 3352 4544 praeponi,
3373 4475 3548 4542 atque

1820 4587 1868 4652 D
1898 4567 2192 4633 honorari,
2218 4570 2274 4621 et
2294 4564 2458 4636 diligi
2482 4581 2515 4618 a
2535 4562 2764 4618 cunctis
2786 4561 3199 4633 conspiciebat.
3241 4561 3466 4652 Quade
3487 4576 3548 4615 re

1901 4658 1998 4713 sed
2008 4656 2235 4711 uctione
2248 4653 2497 4725 quadam
2514 4656 2688 4723 atque
2703 4650 3011 4705 traditione
3023 4650 3292 4705 Castrum
3307 4647 3546 4703 Milidu-

1909 4762 2049 4800 num
2082 4744 2129 4799 ei
2166 4744 2392 4798 furatus
2419 4743 2526 4796 est.
2551 4739 2713 4805 Quod
2736 4755 2867 4793 cum
2887 4737 3206 4803 didicisset,
3233 4733 3550 4790 auxiliante

1906 4832 2018 4888 sibi
2054 4848 2203 4903 rege,
2239 4830 2563 4885 coadunato
2614 4828 2966 4882 Francorum
3014 4824 3291 4888 exercitu,
3344 4821 3550 4877 multis

1906 4920 2170 4976 millibus
2189 4917 2442 4973 militum
2461 4909 3407 4980 circumvallavit.Cernensitaque
3429 4909 3551 4965 Odo

1911 5027 2021 5065 non
2056 5026 2117 5063 se
2158 5022 2328 5079 posse
2377 5004 2592 5059 ibidem
2643 5002 2905 5073 quietum
2954 5014 3207 5065 manere,
3260 5012 3365 5052 nec
3393 4997 3551 5054 idem

1907 5103 2164 5154 castrum
2202 5093 2432 5166 proprio
2464 5091 2711 5145 retinere
2755 5088 3035 5155 dominio,
3083 5085 3232 5142 clam
3262 5102 3395 5141 cum
3429 5086 3555 5142 suis

1901 5188 2103 5243 abiens
2153 5183 2320 5255 fugit.
2370 5178 2741 5235 Burchardus
2796 5195 2929 5231 vero
2978 5177 3374 5248 introgressus
3421 5193 3554 5249 pro-

1903 5275 2093 5347 prium
2120 5270 2335 5341 reet'pit
2357 5270 2636 5331 castrum.
2664 5265 2953 5320 Galterius
2987 5279 3145 5331 vero,
3173 5262 3344 5335 cujus
3376 5263 3555 5320 tradi-

1903 5364 2060 5418 tione
2083 5361 2193 5414 hoc
2222 5362 2450 5413 tantum
2474 5354 2641 5409 nefas
2675 5355 3072 5425 perpetratum
3114 5355 3205 5408 est
3234 5350 3296 5406 in
3337 5357 3555 5420 monte,

1906 5450 2194 5523 quicidem
2211 5443 2441 5517 βπερθωὶ
2455 5446 2706 5504 net,cum
2720 5440 3303 5513 suaconjugelaqueo
3315 5458 3564 5515 suspen—

1907 5556 2009 5595 sus
2031 5542 2136 5593 cst.
2163 5536 2288 5591 Alio
2312 5547 2544 5606 quoque
2565 5530 3094 5604 tempore,inimico
3112 5530 3271 5603 pacis
3292 5529 3562 5604 lucisque

1909 5626 2238 5683 adversario
2272 5623 2637 5690 adhortante,
2680 5621 2742 5676 hi
2792 5621 2907 5678 duo
2958 5620 3204 5679 comites
3250 5619 3312 5676 in
3352 5622 3561 5678 eodem
