3966 6212
383 345 503 417 858

1449 352 1731 414 ODQNIS
1777 349 2300 413 FOSSA'I‘ENSIS
2346 350 2723 416 MONACHI.

3642 344 3786 409 ‘853

384 500 535 556 pago
557 481 927 542 Milidunensi
951 481 1324 537 denominato
1348 481 1457 537 sibi
1480 481 1603 537 loco
1629 481 1846 538 bellum
1873 482 2024 537 inter
2051 484 2107 553 Α
2135 482 2404 539 abbatem
2435 486 2789 557 suscepisse,
2833 500 2937 541 nec
2964 482 3174 541 debere
3227 497 3362 539 eum
3404 478 3618 553 recipi,
3638 480 3788 554 quia

386 588 448 626 se
478 573 877 627 condixerunt.
920 572 1184 641 Cumque
1230 571 1445 625 ibidem
1497 570 1888 635 advenissent,
1919 587 2023 642 pu-

382 660 699 733 gnaqueab
716 661 979 730 utrisque
1000 659 1261 731 partibus
1278 660 1557 715 acerrime
1581 663 2022 731 prapararetur,

381 747 691 818 praedictus
723 747 888 802 miles
921 748 1355 815 Ermenfredus,
1382 748 1563 804 solius
1587 753 1723 803 tunc
1747 748 1900 820 regis
1922 752 2022 802 do-

381 836 562 907 minio
582 837 876 902 subditus,
900 838 1026 894 suis
1066 838 1338 893 manibus
1361 856 1424 893 ac
1456 838 1584 909 ejus
1621 838 1889 911 potestati
1914 836 2022 891 hu-

380 924 597 981 militer
623 942 684 981 se
715 926 1011 982 submisit.
1062 930 1185 981 Non
1216 927 1388 981 enim
1442 944 1569 981 mos
1611 931 1753 993 erat,
1802 943 1905 981 nec
1935 929 2026 981 est

382 1013 637 1080 Francis,
661 1015 719 1070 in
743 1014 913 1083 bello,
940 1016 1135 1088 aliquo
1159 1016 1328 1072 modo
1350 1016 1590 1071 introire
1625 1016 1847 1086 absque
1880 1032 2023 1086 prae-

384 1102 571 1158 sentia
601 1108 701 1159 aut
729 1105 905 1176 jussu
956 1104 1173 1177 proprii
1220 1104 1490 1160 senioris.
1541 1103 1857 1160 Humiliato
1887 1118 2024 1174 ergo

383 1192 715 1249 Burchardo
744 1194 909 1249 valde
942 1193 998 1249 in
1022 1199 1336 1265 conspectu
1373 1194 1489 1261 Dei,
1514 1197 1804 1265 quatenus
1824 1196 2026 1247 contra

381 1280 610 1336 hostem
628 1282 1256 1355 superbum,cervieem
1274 1282 1531 1355 corporis
1544 1285 1599 1336 et
1613 1280 1808 1336 cordis
1840 1280 2024 1352 rigide

382 1370 722 1443 erigentem,
745 1370 982 1427 victoria
997 1371 1105 1426 sibi
1135 1372 1391 1437 daretur,
1415 1372 1469 1425 in
1495 1386 1766 1443 campum
1789 1368 2021 1434 villulas,

382 1462 474 1518 cui
497 1478 706 1517 nomen
739 1460 1044 1517 Orceiacus
1076 1461 1293 1533 (Orsay)
1325 1464 1435 1526 est,
1482 1458 1660 1515 simul
1710 1456 2022 1531 pugnaturi

380 1549 751 1606 conveniunt.
784 1550 902 1604 Illis
936 1550 1129 1621 itaque
1163 1550 1220 1604 in
1261 1550 1386 1604 acie
1431 1547 1887 1613 decertantibus,
1921 1545 2021 1600 Dei

371 1636 597 1708 judicio
618 1636 1133 1692 exercitusOdonis
1154 1636 1303 1691 intra
1318 1635 1697 1707 semetipsum
1711 1634 2021 1697 dimicans,

384 1742 599 1799 magna
626 1726 778 1781 caede
800 1725 1206 1797 prosternitur.
1240 1725 1612 1779 Burchardus
1634 1741 1785 1789 vero,
1822 1722 1879 1776 in
1911 1722 2019 1776 Do-

382 1814 543 1869 mino
593 1813 941 1869 fiducialiter
988 1814 1307 1877 confidens,
1359 1829 1535 1884 super
1581 1812 1781 1866 hostes
1829 1810 2018 1874 irruit,

383 1902 707 1974 multisque
736 1901 999 1958 millibus
1030 1901 1370 1968 interfectis,
1403 1900 1643 1955 victoria
1666 1898 1745 1954 illi
1780 1899 1849 1953 dc
1881 1896 2023 1953 cmlo

381 1991 679 2046 tribuitur.
712 1991 929 2045 Videns
957 2007 1192 2063 quoque
1219 1990 1341 2045 Odo
1370 1988 1626 2044 multum
1657 2004 1832 2042 suum
1864 2002 2021 2040 exer-

383 2078 565 2135 citum
580 2078 788 2146 minui,
810 2078 1005 2151 valdeq
1018 2095 1107 2148 ue,
1125 2077 1381 2134 occisum
1402 2094 1504 2150 per
1518 2075 1705 2147 campi
1720 2074 1853 2147 plan
1865 2073 2022 2128 itiem

376 2174 593 2245 jacere,
618 2187 721 2226 nec
744 2169 841 2224 illa
862 2168 953 2223 die
979 2167 1212 2241 penitus
1237 2182 1407 2239 posse
1444 2165 1715 2220 victorem
1757 2164 2025 2229 existere,

385 2276 594 2334 pavore
604 2255 1460 2326 validotremefactusvaldeque
1472 2253 1709 2308 effectus
1722 2269 1825 2306 con
1837 2251 2024 2315 fusus,

383 2350 630 2406 timebat
650 2347 891 2403 minime
914 2346 1047 2401 inde
1068 2345 1331 2412 evadere,
1359 2343 1459 2398 sed
1475 2341 1722 2397 latenter
1741 2339 2023 2396 auxilium

382 2441 534 2513 fugae
563 2437 850 2494 citissime
880 2434 1064 2507 petiit.
1100 2434 1193 2488 Sic
1226 2432 1422 2503 itaque
1448 2432 1562 2486 Deo
1592 2429 1780 2485 fidelis
1808 2446 2024 2497 comes,

383 2528 567 2586 victor
613 2526 888 2591 existens,
937 2523 1188 2577 laudans
1238 2537 1372 2575 cum
1421 2519 1544 2575 suis
1590 2518 1925 2586 Dominum,
1954 2518 2025 2573 ad

384 2615 620 2691 propria
646 2631 779 2670 cum
806 2612 1018 2685 gaudio
1047 2610 1369 2666 revertitur.

457 2704 784 2777 Religiosus
816 2700 1067 2771 denique
1098 2698 1279 2754 abbas
1303 2696 1789 2768 Teuto,jejuniis,
1823 2700 1880 2751 et
1910 2712 2033 2750 ora-

387 2794 669 2860 tionibus,
702 2788 1156 2862 vigiliarumque
1207 2786 1749 2858 pernoctationibus
1797 2784 2033 2840 assidue

386 2884 670 2946 intentus,
700 2879 813 2934 Deo
845 2893 1075 2948 semper
1104 2875 1329 2947 placere
1363 2873 1610 2929 fideliter
1638 2873 2031 2939 desiderabat,

391 2987 524 3028 cum
552 2985 688 3042 ergo
724 2967 782 3021 in
813 2966 939 3021 loco
975 2964 1083 3019 sibi
1108 2963 1423 3020 commisso
1445 2964 1714 3029 arduam,
1739 2966 1803 3016 ut
1834 2960 2034 3033 cupie-

390 3063 513 3128 bat,
541 3058 742 3123 vitam,
774 3055 847 3111 ob
880 3052 1186 3128 pastoralis
1224 3052 1502 3108 custodias
1529 3067 1752 3116 curam,
1793 3048 2035 3103 minime

392 3127 620 3207 servare
649 3148 866 3218 posset,
906 3127 1212 3198 Reinensis
1245 3140 1406 3195 urbis
1429 3156 1645 3211 pagum
1669 3139 1740 3193 ad
1766 3137 2034 3192 habitan-

2132 571 2461 627 animarum
2491 590 2689 628 curam
2731 573 2964 646 penitus
3012 572 3350 645 reliquerat.
3402 570 3547 626 Cum
3583 575 3780 629 autem

2127 658 2238 731 ipsi
2266 660 2363 715 Dei
2389 678 2551 716 servo
2576 662 2682 717 hoc
2707 663 3037 718 nuntiatum
3085 662 3308 731 fuisset,
3333 659 3498 716 valde
3520 666 3774 718 mmstus

2131 748 2401 814 efficitur,
2436 750 2711 822 ignorans
2757 751 2897 824 quid
2954 768 3125 825 agere
3167 754 3270 805 aut
3318 765 3433 822 quo
3465 765 3529 805 se
3559 755 3783 807 vertere

2132 838 2387 893 deberet.
2422 839 2679 894 Tandem
2714 840 3035 896 meditatus
3065 840 3124 894 in
3157 839 3329 894 corde
3377 854 3506 905 suo,
3550 840 3784 895 confor-

2133 929 2293 981 tante
2316 925 2482 983 illum
2506 928 2774 995 Domino,
2802 930 3221 1002 quisperantes
3240 927 3297 982 in
3319 943 3384 983 se
3402 943 3516 983 non
3541 928 3783 996 deserit,

2133 1013 2369 1071 salubre
2391 1016 2704 1073 concilium
2731 1018 2964 1090 reperit.
2990 1018 3136 1074 Nam
3173 1021 3408 1089 repente
3448 1017 3519 1072 ad
3543 1017 3784 1075 Clunia-

2133 1119 2265 1159 cum
2291 1104 2380 1159 sui
2407 1106 2653 1161 ecenobii
2680 1105 2873 1162 locum
2901 1107 3094 1163 rediit.
3113 1105 3314 1177 Ibique
3332 1106 3481 1161 duos
3513 1107 3781 1176 abbates,

2134 1191 2230 1262 qui
2255 1197 2385 1263 post
2405 1193 2599 1265 ipsum
2630 1194 2687 1249 in
2711 1195 2821 1250 sibi
2849 1194 3165 1251 commisso
3190 1194 3315 1250 loco
3339 1193 3594 1251 ordinati
3617 1196 3785 1267 sunt,

2133 1281 2471 1351 supervixit,
2495 1288 2670 1354 atque
2688 1282 2746 1338 in
2771 1288 2973 1340 sancta
2993 1282 3453 1355 conversatione,
3495 1290 3560 1339 ut
3596 1300 3786 1357 carpe-

2133 1373 2240 1435 rat,
2277 1371 2615 1441 permansit.
2648 1372 2826 1428 Nemo
2856 1373 3012 1427 enim
3046 1372 3282 1427 illorum
3313 1372 3413 1427 diu
3455 1373 3642 1430 vivere
3670 1391 3784 1446 po-

2132 1457 2265 1523 tuit,
2298 1459 2454 1529 quia,
2490 1459 2719 1514 Domini
2770 1461 3116 1533 disponente
3153 1459 3400 1532 judicio,
3435 1465 3784 1533 potestatem

2133 1546 2436 1615 regiminis
2487 1548 2720 1602 nonnisi
2762 1548 3024 1621 quinque
3047 1549 3219 1606 annis
3240 1554 3569 1606 tenuerunt.
3607 1553 3780 1606 Com-

2134 1632 2502 1707 pletofigitur
2528 1636 2801 1706 termino,
2843 1638 2941 1709 qui
2973 1638 3255 1710 praeteriri
3299 1655 3413 1693 non
3440 1643 3645 1711 potest,
3675 1638 3788 1694 ibi-

2131 1721 2264 1776 dem
2291 1722 2535 1778 feliciter
2560 1725 2704 1781 obiit
2735 1726 2847 1781 sub
2878 1727 2972 1782 die
3013 1727 3180 1782 ldum
3222 1727 3785 1799 SeptembriumxAd

2132 1810 2303 1880 cujus
2334 1811 2696 1884 sepulcrum,
2729 1818 2793 1869 ut
2825 1814 3036 1870 referre
3086 1815 3443 1881 audivimus,
3497 1815 3664 1872 multi
3694 1814 3786 1870 in-

2131 1896 2285 1953 ﬁrmi
2320 1905 2521 1971 postea
2553 1902 2861 1958 sanitatem
2897 1907 3254 1975 receperunt.

2204 1986 2305 2041 His
2334 2004 2470 2061 ergo
2501 1989 2559 2045 in
2593 1990 2865 2056 narratis,
2899 1991 2969 2046 ad
3002 2007 3071 2046 ea
3094 2007 3221 2062 qua:
3269 1989 3489 2046 omissa
3518 1994 3665 2046 sunt
3694 2005 3792 2046 re-

2133 2073 2398 2131 ﬂectatur
2446 2077 2655 2150 stylus.
2717 2078 2927 2133 Audito
2970 2078 3168 2149 itaque
3231 2093 3328 2132 rex
3374 2077 3534 2149 quod
3585 2078 3798 2133 taliter

2131 2167 2296 2235 pater
2318 2169 2497 2220 Teuto
2523 2165 2714 2220 locum
2748 2165 3071 2237 fratresque
3124 2164 3476 2235 reliquisset,
3525 2167 3787 2221 tractare

2132 2250 2375 2307 sollicite
2404 2269 2535 2307 cum
2566 2252 2995 2309 venerabilibus
3016 2254 3174 2321 viris,
3198 2253 3538 2308 Burchardo
3561 2251 3789 2309 scilicet

2133 2343 2305 2411 atque
2354 2340 2632 2397 Rainaldo
2681 2342 2949 2413 presule,
2998 2342 3191 2414 ccepit,
3238 2341 3533 2412 quomodo
3573 2358 3643 2397 ex
3672 2341 3787 2398 Do-

2136 2427 2277 2482 mini
2301 2427 2594 2485 voluntate
2620 2428 3032 2502 ipsumlocum
3072 2430 3343 2485 ordinare
3378 2433 3637 2501 possent.
3672 2430 3785 2495 Qui

2134 2516 2329 2571 solerti
2345 2518 2633 2574 industria
2646 2517 3313 2583 eommoniti,ﬁliumHai
3325 2518 3517 2573 monis
3529 2518 3787 2583 comitis,

2137 2604 2374 2660 fratrem
2410 2606 2600 2678 ipsius
2629 2606 2910 2678 episcopi,
2944 2607 3183 2663 nomine
3229 2606 3655 2674 Theobaldum,
3688 2608 3791 2678 qui

2130 2694 2257 2763 jam
2290 2694 2551 2749 ccenobio
2582 2694 3005 2750 Cormaricensi
3057 2698 3321 2767 praeerat,
3373 2694 3446 2749 ad
3495 2710 3559 2749 se
3589 2695 3798 2750 venire

2138 2783 2502 2854 praecipiunt.
2537 2784 2638 2839 Cui
2673 2800 2772 2839 rex
2802 2785 3023 2839 donum
3056 2784 3300 2839 abbatis:
3323 2783 3503 2850 dedit,
3533 2798 3801 2855 eumque

2140 2875 2363 2942 patrem
2388 2872 2809 2929 monachorum
2841 2873 2961 2928 fore
2989 2872 3317 2938 constituit,
3342 2872 3482 2944 quia
3503 2876 3560 2927 et
3573 2871 3701 2944 ipse
3723 2889 3797 2929 ex

2140 2957 2625 3016 Cluniacensibus
2684 2966 2830 3027 erat,
2899 2965 3074 3033 atque
3129 2960 3317 3017 sancti
3366 2960 3549 3033 patris
3596 2960 3795 3018 Maioli

2140 3047 2506 3104 institutione
2530 3050 2775 3105 edoctus
2799 3050 3005 3106 fuerat.
3047 3048 3363 3106 Nobilitate
3394 3053 3593 3105 autem
3615 3049 3799 3122 hujus

2143 3136 2348 3189 mundi
2382 3135 2658 3191 sublimis
2703 3153 2900 3192 comes
2932 3154 3046 3193 non
3090 3136 3283 3193 solum
3313 3137 3374 3192 in
3421 3137 3546 3194 loco
3575 3137 3645 3193 de
3675 3154 3795 3209 quo

390 3240 532 3295 dum
562 3209 672 3295 sibi
705 3232 894 3305 elegit.
940 3232 1197 3287 Habetur
1245 3209 1536 3301 siquidem
1586 3227 1726 3282 illuc
1765 3225 2031 3298 quaedam
2065 3209 2108 3276 C
2144 3239 2338 3279 sermo
2364 3223 2578 3295 agitur,
2610 3241 2809 3280 verum
2841 3225 3017 3280 etiam
3070 3243 3173 3297 per
3220 3224 3407 3281 multa
3436 3227 3799 3283 monasteria.

393 3320 890 3401 possessiuncula,
923 3336 1098 3393 quam
1130 3317 1420 3392 gloriosus
1443 3334 1542 3371 rex
1570 3314 1811 3372 Carolus
1831 3313 2037 3401 Calvus

387 3414 644 3474 ecclesiae
674 3409 1027 3475 Fossatensi,
1076 3406 1388 3477 abbatique
1439 3404 1794 3472 Godofredo,
1825 3400 2033 3473 refugii

386 3521 566 3563 causa
592 3505 828 3575 propter
845 3504 1311 3554 Normannorum
1337 3492 1822 3566 persecutionem,
1847 3489 2034 3557 dedit,

383 3595 444 3651 in
476 3609 594 3666 qua
608 3591 786 3648 etiam
805 3603 1020 3660 corpus
1035 3584 1221 3641 sancti
1243 3582 1429 3638 Mauri
1455 3580 1658 3636 multis
1684 3579 1854 3636 annis
1877 3594 2034 3634 reve-

384 3686 579 3739 renter
604 3678 859 3735 traditur
887 3676 1314 3731 conservatum.
1350 3669 1495 3725 Illuc
1524 3685 1661 3741 ergo
1683 3669 1810 3740 jam
1843 3666 2035 3723 dictus

387 3772 591 3836 abbas,
622 3768 866 3827 arduam
898 3780 1001 3837 pro
1031 3762 1265 3823 Christe
1283 3775 1567 3832 peragens
1588 3757 1788 3820 vitam.
1819 3756 2034 3812 multo-

388 3864 650 3932 tempore
677 3856 1055 3913 conservatus
1085 3854 1193 3906 est.
1226 3852 1349 3915 Quo
1379 3863 1646 3920 pergens.
1696 3846 2034 3917 ibidemque

390 3960 733 4021 permanere
761 3942 1123 4007 desiderans,
1145 3937 1416 3994 baeulam
1436 3952 1585 3991 curae
1609 3933 1916 4007 pastoralis
1935 3949 2037 4005 per

390 4033 718 4092 suiservitii
742 4031 1105 4097 ministrum,
1128 4027 1363 4083 nomine
1384 4024 1707 4092 Valterum,
1722 4040 1894 4097 quem
1912 4023 2037 4095 ipse

389 4125 452 4180 in
483 4123 716 4180 Domini
764 4121 974 4176 timore
1007 4116 1346 4181 nutriverat,
1380 4115 1657 4170 fratribus
1683 4113 2033 4184 transmisit,

388 4212 678 4269 mandans
706 4212 771 4263 ut
799 4208 911 4263 sibi
942 4205 1265 4262 secundum
1296 4202 1510 4258 Christi
1554 4201 1911 4258 voluntatem
1942 4202 2032 4256 di-

385 4316 569 4373 gnum
601 4300 893 4369 pastorem
923 4293 1222 4365 eligerent.
1256 4290 1373 4345 Hoc
1421 4306 1557 4362 ergo
1604 4289 1902 4344 cmnobitas
1930 4305 2033 4346 au-

392 4388 642 4451 dientes,
673 4383 841 4439 valde
884 4380 1077 4438 mirati
1127 4383 1301 4451 atque
1347 4378 1547 4434 tristes
1593 4377 1802 4444 effecti,
1835 4378 2033 4434 comiti

384 4474 677 4551 praecipuo
708 4489 775 4529 ac
804 4473 932 4542 ejus
965 4469 1082 4525 filio
1113 4467 1468 4524 Parisiorum
1492 4464 1725 4538 praesuli
1750 4466 2031 4522 Rainaldo

2145 3311 2305 3382 regni
2353 3312 2705 3367 Francorum
2750 3312 2937 3369 multa
2978 3314 3132 3370 bona
3173 3312 3438 3379 contulit,
3483 3314 3635 3370 inter
3662 3330 3793 3386 quae

2144 3398 2470 3455 cmnobium
2491 3402 2688 3456 Sancti
2715 3401 2863 3457 Petri
2884 3400 3314 3470 Milidunensis,
3337 3403 3488 3475 quod
3508 3402 3800 3475 Siguinus

2143 3486 2889 3559 archipraasulSenonensis
2918 3490 3205 3546 aedificare
3237 3494 3511 3563 eruperat,
3537 3491 3796 3564 propriis

2144 3577 2492 3633 muneribus
2522 3577 2708 3633 ditare
2746 3579 2991 3634 studuit.
3025 3579 3205 3635 Erant
3250 3585 3445 3636 autem
3475 3582 3532 3635 et
3561 3580 3622 3634 in
3655 3580 3798 3636 aliis

2142 3666 2309 3738 pagis
2341 3666 2594 3739 plurima
2634 3668 2686 3722 ei
2734 3672 2948 3735 castra,
2993 3684 3063 3724 ex
3109 3669 3327 3740 quibus
3377 3668 3784 3725 Vendocinum

2143 3754 2469 3825 (Venddme),
2537 3755 2891 3811 Lavazinum
2967 3757 3308 3828 (Lavardin),
3376 3763 3436 3813 et
3505 3757 3796 3815 Montem-

2143 3860 2384 3899 aureum
2409 3845 2687 3916 (Montoir)
2716 3844 2947 3917 proprio
2983 3846 3269 3902 retinebat
3309 3846 3592 3915 dominio,
3625 3862 3798 3904 exce-

2143 3932 2260 4003 ptis
2291 3932 2444 4002 aliis,
2476 3949 2725 4003 quorum
2752 3934 2994 3988 nomina
3027 3933 3173 3989 mihi
3205 3934 3408 4007 ignota
3426 3935 3705 4003 existunt,
3738 3940 3798 3991 et

2143 4038 2273 4093 qua:
2295 4021 2465 4077 multi
2508 4021 2726 4077 milites
2778 4021 3043 4077 beneficii
3073 4026 3133 4078 et
3161 4022 3462 4079 fidelitatis
3490 4024 3679 4096 gratia
3716 4025 3791 4080 ab

2142 4110 2270 4183 ipso
2304 4110 2700 4183 possidebant.
2732 4110 2946 4166 Statuit
2972 4110 3225 4184 denique
3258 4112 3555 4168 decretum
3582 4116 3647 4168 ut
3666 4113 3796 4185 qui-

2141 4214 2371 4269 cunque
2403 4198 2663 4253 fidelium
2696 4215 2940 4254 suorum
2970 4216 3040 4255 ex
3069 4199 3195 4256 suis
3225 4200 3436 4257 castris
3475 4200 3647 4259 vellet
3682 4199 3791 4257 ali-

2142 4302 2318 4358 quam
2339 4290 2562 4358 partem
2576 4290 2860 4342 terrarum
2875 4285 3132 4343 ecclesias
3157 4288 3492 4345 Fossatensi
3509 4289 3789 4358 tribuere,

2141 4374 2383 4431 liberam
2415 4374 2653 4431 haberet
2682 4374 2978 4431 licentiam
3007 4376 3209 4444 dandi,
3261 4377 3486 4451 absque
3519 4379 3791 4450 jussione

2140 4479 2381 4519 suorum
2429 4480 2857 4533 successorum,
2907 4464 3191 4537 quidquid
3250 4466 3447 4521 animo
3496 4466 3788 4523 libuisset.

382 4563 649 4639 protinus
671 4558 1436 4619 studuerunt.innotescere.
1462 4554 1755 4610 Illiautem
1777 4554 1899 4610 haec
1913 4572 2033 4610 om-
2061 4571 2109 4636 Β
2140 4552 2304 4617 Quod
2337 4570 2371 4607 a
2400 4553 2758 4623 quibusdam
2791 4557 3106 4618 servatum,
3156 4559 3362 4626 postea
3402 4554 3587 4611 multa
3620 4556 3793 4612 nobis

383 4654 482 4710 nia
513 4652 664 4725 regis
693 4650 936 4708 auribus
984 4649 1386 4703 innotuerunt.
1436 4642 1801 4698 Venerabilis
1831 4648 2026 4699 autem

385 4746 552 4817 pater
577 4744 778 4805 Teuto,
808 4739 867 4794 in
891 4739 1016 4809 jam
1050 4735 1203 4791 dicta
1235 4733 1370 4787 villa
1394 4730 1595 4787 multis
1638 4732 1846 4787 diebus
1868 4748 2029 4786 com-

384 4834 672 4899 moratus,
688 4830 748 4886 in
762 4827 1010 4901 jejuniis
1047 4830 1105 4881 et
1123 4822 1506 4888 orationibus,
1531 4827 1703 4891 atque
1724 4820 1781 4875 in
1803 4822 2029 4877 cunctis

383 4922 671 4980 bonorum
690 4934 933 4992 aperum
947 4909 1425 4977 exhibitionibus,
1441 4910 1536 4981 inq
1548 4912 1789 4965 uantum
1804 4910 2026 4966 homini

385 5007 618 5066 mortali
648 5004 925 5081 possibile
950 5002 1078 5067 fuit,
1113 5000 1226 5056 Deo
1249 4997 1361 5055 sibi
1378 5014 1548 5069 opem
1573 4997 1812 5066 ferente,
1837 4997 2030 5055 solita-

383 5098 533 5154 riam
553 5095 778 5171 peregit
796 5093 994 5149 vitam.
1020 5088 1399 5146 Postmodum
1422 5103 1554 5141 vero
1571 5086 1813 5159 cupiens
1834 5087 2027 5143 locum

379 5186 491 5243 sibi
514 5185 920 5250 commissum,
937 5182 1260 5250 fratresque
1273 5193 1421 5248 quos
1435 5174 1746 5247 reliquerat
1761 5175 2023 5244 revisere,

379 5291 570 5346 usque
617 5275 688 5330 ad
736 5272 1120 5344 Novigentum
1195 5264 1800 5339 (Nogent-sur-Jfarne)
1853 5281 2026 5337 prope

380 5362 802 5418 monasterium
827 5358 1107 5434 pervenit.
1135 5356 1354 5411 Ibidem
1378 5370 1516 5425 ergo
1531 5353 1714 5425 figens
1730 5369 2023 5425 gressum,

378 5450 620 5507 mandat
649 5450 928 5505 fratribus
958 5465 1018 5503 se
1040 5445 1293 5515 “adesse,
1335 5446 1510 5513 atque
1540 5442 1611 5496 ad
1661 5457 1760 5496 eos
1790 5458 1852 5497 se
1882 5442 2023 5497 velle

373 5535 588 5591 venire.
621 5538 782 5602 Quod
832 5534 999 5590 multi
1044 5534 1367 5598 audientes,
1408 5530 1558 5585 hanc
1584 5529 1711 5599 ejus
1747 5529 2019 5586 desiderii

379 5622 739 5678 devotionem
785 5622 1231 5696 prohibuerunt,
1280 5620 1540 5672 dicentes
1590 5633 1697 5673 suo
1744 5617 1867 5674 loco
1890 5618 2017 5689 jam

2139 4640 2334 4714 largiti
2366 4646 2523 4696 sunt.
2558 4642 2806 4697 Dederat
2834 4646 3029 4698 autem
3056 4643 3291 4700 cuidam
3314 4660 3422 4699 suo
3452 4645 3789 4716 prmposito,

2138 4731 2371 4785 nomine
2401 4730 2641 4795 Badoni,
2671 4746 2737 4785 ac
2766 4731 2997 4786 duobus
3019 4730 3206 4803 ipsius
3226 4731 3576 4798 haaredibus,
3598 4733 3790 4802 quod-

2137 4818 2273 4873 dam
2298 4817 2642 4874 beneficium
2668 4818 2860 4874 taliter
2885 4822 2968 4886 ut,
2991 4818 3332 4876 diebussuas
3361 4818 3504 4886 vita,
3532 4833 3785 4876 censum

2137 4906 2324 4978 ipsius
2357 4906 2706 4962 monasterio
2740 4906 3153 4979 persolverent,
3204 4907 3260 4961 id
3300 4910 3387 4961 est
3416 4920 3571 4961 mm
3603 4920 3788 4966 num-

2137 5012 2296 5059 mos;
2332 4995 2449 5051 illis
2477 5012 2609 5050 vero
2642 4994 2714 5050 ab
2744 4994 2852 5050 hac
2880 4994 3008 5052 luce
3036 4994 3403 5063 substractis,
3437 4993 3632 5067 ipsam
3666 5001 3787 5054 ter-

2137 5101 2258 5140 ram
2290 5088 2566 5157 perpetuo
2587 5083 2883 5139 ccenobita:
2905 5085 3290 5157 possiderent.
3330 5083 3604 5155 Sed,jam
3627 5085 3787 5155 dicte

2138 5176 2258 5230 viro
2290 5176 2561 5239 obeunte,
2594 5172 2751 5230 {ilius
2789 5173 3000 5247 ipsius,
3048 5174 3343 5232 Alrannus
3391 5174 3650 5247 nomine,
3683 5177 3786 5249 qui

2136 5264 2364 5337 primus
2392 5263 2575 5318 haeres
2606 5262 2927 5331 exstiterat,
2953 5263 3243 5337 cujusque
3263 5278 3475 5321 nomen
3501 5262 3561 5319 in
3583 5264 3788 5323 charta

2133 5351 2565 5416 continebatur,
2585 5350 2867 5407 accedens
2887 5352 2958 5407 ad
2981 5352 3264 5422 Odonem,
3283 5353 3386 5426 qui
3406 5354 3786 5426 postmodum

2131 5440 2258 5495 loco
2309 5438 2539 5510 praefuit
2583 5442 2816 5510 accepto
2860 5440 3066 5511 pretio,
3112 5459 3292 5514 super
3336 5442 3522 5498 altare
3568 5447 3784 5500 sancta

2131 5525 2324 5583 Mariae
2344 5526 2609 5581 eamdem
2631 5528 2826 5597 posuit
2847 5527 3196 5598 chartulam,
3218 5535 3394 5602 atque
3424 5534 3635 5588 cuncta
3655 5546 3787 5603 qua

2132 5616 2193 5673 in
2226 5631 2294 5670 ea
2322 5613 2616 5686 descripta
2644 5620 2809 5671 erant
2839 5616 3037 5673 abbati
3067 5634 3134 5674 ac
3166 5618 3471 5676 monachis
3516 5618 3785 5677 tradidit.
