3966 6212
192 372 326 436 887

1385 364 1570 430 VITA
1621 366 2071 431 BURCHARDI
2117 365 2461 429 COMITIS.

3511 374 3631 434 858

195 506 366 562 Sunt
398 507 594 562 autem
621 502 766 578 ipsa
799 518 890 558 res
931 517 1045 557 non
1081 515 1338 575 magna,
1393 503 1494 558 sed
1543 503 1861 558 admodum
1895 506 1948 568 Α
1976 516 2175 557 vocem
2225 503 2374 557 servi
2423 502 2520 557 Dei
2573 506 2628 558 et
2675 501 2944 572 precibus
2989 505 3173 558 sancti
3225 507 3315 560 sui
3357 511 3628 562 exoratus

200 612 430 668 parvae,
476 595 598 650 sitze
632 593 689 648 in
739 591 1122 648 Parisiacensi
1172 608 1317 663 pago
1350 609 1464 646 non
1505 589 1675 660 longe
1707 608 1739 645 a
1781 607 1869 644 ca-

199 684 388 740 stello
419 682 704 747 Corboilo,
729 683 827 738 sed
865 681 920 735 in
944 681 1189 736 circuitu
1223 681 1486 752 ejusdem
1519 679 1714 734 castri.
1756 679 1870 732 IIoc

198 778 298 829 est
334 773 397 828 in
428 772 566 827 villa
592 789 719 843 qua:
752 773 988 826 vocatur
1023 770 1233 838 Licias,
1271 768 1532 830 villulam
1567 786 1694 840 qum
1727 765 1869 821 diei-

196 865 307 917 tur
338 862 774 936 Burgunnaria,
800 878 864 915 eo
895 860 1049 932 quod
1077 859 1154 914 ibi
1179 859 1621 931 Burgundiones
1648 857 1871 914 habita-

196 955 444 1019 verunt,
496 949 848 1006 ubihabetur
893 949 1039 1005 silva
1078 965 1212 1004 cum
1264 955 1416 1004 terra
1465 946 1692 1003 arabili.
1729 947 1868 1001 Item

201 1056 397 1112 prope
444 1046 704 1095 castrum
757 1039 1124 1104 l'arinarium,
1175 1038 1328 1109 quod
1381 1042 1617 1092 vocatur
1647 1035 1866 1102 Tolvia,

201 1145 349 1184 cum
401 1128 646 1184 dimidio
692 1128 972 1199 aripcnno
1013 1132 1199 1194 terrm,
1245 1127 1314 1182 ad
1355 1125 1786 1190 aedificandum,
1821 1123 1871 1179 si

203 1218 396 1275 fuerit
424 1236 591 1290 opus.
633 1220 692 1274 In
725 1218 852 1290 ipso
893 1233 1124 1287 quoque
1153 1216 1278 1272 loco
1321 1214 1752 1288 aliquantulum
1801 1215 1870 1269 de

203 1313 374 1365 terra
415 1307 613 1364 Sancti
666 1304 968 1378 Stephani.
1013 1303 1228 1360 Caetera
1285 1321 1416 1359 vero
1467 1308 1625 1370 sunt,
1676 1303 1731 1357 id
1784 1307 1870 1357 est

203 1403 426 1454 contra
455 1395 764 1452 castellum
810 1393 995 1449 sancti
1039 1393 1332 1465 Exuperii,
1363 1398 1419 1449 et
1461 1394 1517 1447 in
1555 1392 1779 1463 juniori
1813 1397 1870 1447 et

205 1488 270 1542 in
296 1487 480 1543 veteri
503 1484 789 1551 Corboilo,
819 1491 874 1538 et
905 1483 962 1537 in
986 1484 1200 1548 Ateias,
1233 1487 1288 1537 et
1318 1484 1376 1537 in
1406 1481 1658 1549 Sosiaco,
1693 1487 1870 1552 atque

206 1577 269 1632 in
302 1577 548 1634 Sintrio.
581 1576 716 1639 Quae
749 1573 848 1645 qui
891 1577 1099 1627 cuncta
1129 1589 1366 1628 noscere
1397 1571 1576 1643 cupit,
1614 1571 1670 1625 in
1703 1571 1867 1626 char-

205 1672 365 1735 tula,
399 1667 521 1722 sive
565 1666 622 1720 in
656 1667 1004 1720 testamento
1035 1661 1265 1716 Roberti
1306 1661 1481 1733 regis,
1529 1662 1681 1732 quod
1718 1678 1870 1716 anno

209 1755 511 1810 incarnati
541 1753 711 1809 Verbi
756 1753 910 1818 1028,
944 1767 1097 1804 anno
1129 1767 1260 1805 vero
1293 1750 1451 1822 regni
1487 1749 1574 1804 sui
1616 1767 1717 1814 xu,
1752 1750 1868 1804 fac-

211 1848 350 1899 tum
384 1848 493 1912 est,
528 1846 722 1914 aperte
755 1839 1001 1912 reperire
1034 1837 1264 1893 valebit.

291 1933 377 1989 Eo
430 1931 611 2004 igitur
634 1937 912 2000 tempore,
937 1928 1075 1982 dum
1103 1929 1455 1982 Francorum
1497 1943 1742 1998 regnum
1777 1943 1874 1998 op-

213 2023 370 2077 tima
402 2037 540 2093 pace
571 2037 605 2076 a
634 2020 884 2075 Roberto
916 2015 1166 2088 glorioso
1200 2033 1330 2087 rege
1361 2017 1787 2088 gubernaretur
1817 2022 1872 2070 et

214 2109 486 2166 Ecclesia
505 2108 603 2164 Dei
627 2107 788 2180 pacis
808 2105 1115 2161 concordia
1137 2104 1472 2175 replerctur,
1499 2104 1694 2159 subito
1718 2104 1872 2158 idem

220 2215 474 2270 regnum
508 2195 766 2268 maligna
787 2193 1169 2248 conturbatur
1189 2192 1558 2247 allversitate.
1586 2191 1747 2247 Unde
1779 2208 1870 2246 ac-

219 2287 371 2342 cidit
401 2291 466 2341 ut
508 2285 746 2357 quidam
795 2281 974 2351 hujus
1021 2279 1238 2347 saeculi,
1287 2285 1527 2336 ventosa
1574 2280 1872 2335 nobilitate

221 2375 532 2447 praedives,
562 2373 843 2429 Arnulfus
865 2371 1172 2436 vocitatus,
1193 2370 1506 2425 comitatus
1529 2369 1717 2425 officio
1738 2369 1875 2426 insi-

221 2464 454 2536 gnitus,
483 2467 683 2519 contra
702 2463 982 2516 domuum
1012 2459 1327 2514 Robertum
1353 2459 1698 2530 insurgeret,
1733 2475 1872 2513 cun-

218 2557 319 2609 cta
350 2570 475 2625 qua:
498 2553 625 2623 ejus
652 2549 852 2606 ditioni
874 2549 1138 2620 subjecta
1159 2548 1276 2602 fore
1296 2549 1643 2603 videbantur
1675 2548 1874 2602 incen-

217 2641 320 2696 dio
352 2644 774 2708 concremaret,
797 2643 854 2692 et
885 2655 950 2692 ea
982 2636 1136 2691 mala
1158 2654 1284 2708 quae
1318 2635 1528 2690 inferre
1560 2639 1785 2707 poterat
1815 2634 1875 2689 in

217 2729 499 2786 monibus
520 2730 844 2785 adhiberet.
861 2729 983 2790 Qua
1006 2725 1298 2780 discordia
1319 2723 1662 2796 praevalente
1680 2728 1735 2779 et
1756 2723 1877 2778 dia-

217 2817 338 2872 boli
393 2819 614 2874 sazvitia
649 2820 960 2890 praeeunte,
995 2813 1320 2870 cmnobium
1355 2813 1545 2869 sancti
1595 2811 1874 2867 Walarici

218 2907 391 2972 adiit,
425 2907 692 2961 incendio
724 2911 934 2960 cuncta
962 2921 1087 2976 quae
1120 2901 1309 2975 potuit
1337 2902 1749 2967 concremavit,
1780 2905 1872 2955 at-

215 3012 338 3068 que
369 2995 565 3068 ipsum
607 3011 816 3066 corpus
861 2992 1209 3048 confessoris
1239 2989 1716 3062 Christﬁproprio
1767 2991 1872 3044 do-

215 3084 387 3140 mino
434 3082 714 3139 subdidit.
762 3082 882 3145 Qua
913 3081 984 3137 de
1017 3097 1076 3136 re
1126 3079 1365 3135 tristitia
1406 3095 1618 3150 magna
1666 3077 1868 3150 repleti

212 3171 515 3240 monachi,
550 3177 708 3227 tanto
741 3175 1001 3226 carentes
1031 3174 1297 3242 patrono,
1341 3168 1511 3224 celeri
1545 3185 1748 3241 gressu
1785 3185 1869 3222 re-

210 3277 350 3334 gem
372 3262 722 3316 Francorum
748 3260 982 3325 adeunt,
1007 3263 1309 3331 poscentes
1335 3263 1398 3312 ut
1421 3258 1504 3313 eis
1528 3274 1867 3312 succurrere

211 3349 582 3422 dignaretur.
633 3348 739 3415 Qui
778 3349 863 3403 eis
907 3347 1274 3419 prazsentiam
1307 3347 1396 3401 sui
1442 3345 1713 3401 exhibere
1755 3363 1869 3400 non

206 3439 438 3506 valens,
472 3439 754 3493 domuum
779 3436 1149 3492 Buchardum
1183 3436 1470 3490 exorando
1503 3435 1867 3507 deprecatur,

210 3532 277 3582 ut
307 3527 398 3582 eis
431 3543 541 3581 sua
578 3526 700 3582 vice
731 3529 1185 3592 succurreret,et
1215 3523 1300 3577 eis
1330 3539 1542 3594 corpus
1573 3528 1867 3590 sanctum,

205 3632 328 3687 quo
362 3613 599 3681 valeret,
629 3613 931 3683 juvamine
964 3613 1200 3666 reddere
1220 3611 1450 3666 faceret.
1488 3610 1866 3666 Venerandus

201 3718 346 3758 vero
398 3700 773 3755 Burchardus
804 3716 998 3754 comes
1051 3698 1188 3753 illuc
1247 3699 1584 3764 adveniens,
1647 3699 1715 3754 de
1766 3698 1866 3754 Dei

205 3789 413 3864 gratia
481 3789 654 3845 corde
709 3787 1028 3852 confidens,
1105 3786 1377 3841 comitem
1451 3785 1870 3841 Flandrensem

205 3878 374 3945 adiit,
415 3876 574 3948 regia
605 3876 820 3947 profert
858 3875 1049 3941 verba,
1082 3880 1140 3929 et
1173 3891 1306 3928 eum
1339 3875 1630 3929 exorando
1663 3875 1870 3946 depre-

207 3972 405 4034 catur,
440 3969 732 4037 quatenus
778 3963 1130 4018 confcssoris
1168 3962 1381 4018 Christi
1417 3963 1699 4030 membra,
1744 3980 1870 4033 quae

207 4054 429 4127 iniqua
474 4052 790 4125 cupiditate
839 4049 1176 4116 sustulerat,
1229 4048 1523 4105 voluntate
1564 4054 1619 4105 et
1650 4050 1873 4106 miseri-

210 4144 419 4199 cordia
459 4141 560 4198 Dei
591 4144 906 4213 praeeunte,
948 4139 1070 4196 solo
1103 4140 1437 4195 restitueret
1467 4140 1719 4211 proprio.
1763 4139 1871 4202 Qui

209 4234 341 4304 ejus
377 4229 654 4303 precibus
685 4245 994 4285 assensum
1025 4228 1310 4300 praebens,
1343 4244 1543 4298 pacem
1575 4227 1707 4282 fecit
1736 4244 1870 4284 cum

211 4337 344 4394 rege
373 4325 438 4374 et
477 4320 735 4386 Francis,
768 4324 826 4373 et
857 4318 1011 4390 quod
1042 4335 1076 4372 a
1108 4320 1266 4372 tanto
1315 4315 1525 4372 comite
1566 4317 1871 4388 petebatur

209 4408 484 4464 celeriter
541 4407 914 4479 adimpletur.
986 4408 1248 4477 Cumque
1313 4405 1611 4460 venissent
1651 4406 1720 4460 ad
1766 4405 1873 4459 flu-

209 4497 368 4553 vium
410 4497 510 4568 qui
545 4496 790 4552 Su-mma
828 4495 1063 4564 dicitur,
1097 4500 1153 4550 et
1182 4495 1316 4550 inde
1347 4494 1596 4549 transire
1631 4493 1866 4564 vellent,

210 4592 453 4658 repente
506 4600 666 4640 mare
715 4590 962 4640 cernunt
1003 4584 1344 4650 inundasse,
1387 4589 1442 4638 et
1481 4583 1632 4638 viam
1663 4588 1864 4639 sancto
1899 4601 1944 4664 ι)
1976 4584 2307 4640 consolator
2375 4584 2747 4655 miserorum,
2825 4586 3160 4643 sublevator

213 4675 470 4747 corpori,
504 4675 822 4745 comitique
870 4673 1226 4740 Burchardo,
1259 4678 1314 4728 et
1345 4672 1567 4727 caeteris
1599 4672 1697 4745 qui
1730 4689 1864 4728 cum

213 4779 280 4817 eo
308 4769 497 4835 erant,
533 4764 838 4836 denegare.
871 4763 1032 4818 Tunc
1065 4779 1280 4830 comes,
1315 4761 1412 4833 qui
1452 4761 1687 4833 bajulus
1741 4780 1871 4818 san-

216 4853 290 4906 cti
323 4852 587 4926 corporis
617 4858 760 4918 erat,
791 4852 1017 4908 cunctis
1047 4851 1420 4907 audientibus
1445 4855 1501 4906 et
1529 4850 1714 4908 Deum
1754 4857 1870 4907 tota

221 4946 417 4998 monte
448 4939 1040 5014 ignorantibus,dixit
1074 4956 1085 4992 :
1124 4962 1150 4988 ‹‹
1185 4938 1428 4994 Domine
1447 4939 1586 4994 Jesu
1618 4939 1864 5008 Christe,

221 5028 269 5084 si
294 5029 696 5086 misericordia
725 5027 1039 5085 voluntatis
1069 5033 1181 5083 tua
1205 5028 1398 5083 existit
1428 5033 1493 5083 ut
1521 5046 1733 5101 corpus
1764 5028 1868 5084 hu-

213 5117 315 5188 jus
345 5119 532 5174 sancti
577 5117 661 5172 tui
711 5118 943 5189 proprio
976 5117 1318 5172 restituatur
1346 5117 1630 5188 cmnobio,
1657 5118 1867 5188 jubcas

221 5207 391 5260 nobis
411 5206 522 5260 hoc
552 5206 769 5260 flumen
804 5205 982 5260 maris
1013 5205 1321 5260 clementia
1347 5211 1456 5260 tuae
1480 5207 1758 5262 bonitatis
1789 5208 1870 5261 rli-

216 5293 435 5357 videre,
465 5297 521 5348 et
547 5294 702 5348 viam
735 5294 914 5364 hujus
959 5294 1188 5349 itineris
1219 5294 1531 5350 clementia
1570 5301 1670 5351 tua
1699 5297 1868 5352 nobis

219 5382 475 5452 pandere
517 5400 631 5437 non
672 5383 1040 5455 dedignetur,
1073 5386 1363 5454 quatenus
1394 5382 1512 5439 haec
1545 5384 1732 5456 plebs,
1767 5391 1868 5440 tuo

221 5469 443 5526 nomini
475 5470 754 5540 serviens,
779 5473 849 5526 ad
876 5470 1109 5527 laudem
1132 5471 1328 5543 gloria:
1360 5477 1471 5528 tuae
1503 5480 1559 5528 et
1589 5473 1660 5528 ad
1685 5473 1867 5528 hono-

221 5574 342 5614 rem
373 5559 552 5632 hujus
583 5560 766 5617 sancti
799 5560 882 5617 tui
915 5561 1086 5616 corde
1115 5561 1317 5616 devoto
1349 5577 1595 5617 munera
1627 5560 1870 5616 laudum

215 5645 347 5704 lauta
369 5649 961 5708 cordisexsultationc
980 5650 1301 5721 persolvere
1325 5649 1531 5705 valeat.
1560 5673 1588 5698 ››
1612 5650 1698 5703 Ad
1721 5649 1871 5706 hanc

1977 590 2283 659 Dominus,
2317 589 2510 646 subito
2543 609 2872 662 aequoreum
2923 608 3082 648 mare
3122 592 3202 647 ita
3249 593 3499 650 divisum
3543 602 3631 651 est

1979 685 2044 734 ut
2074 677 2256 749 bajuli
2308 680 2490 735 sancti
2535 682 2814 752 corporis,
2847 685 2904 736 et
2936 687 3180 737 cunctus
3213 683 3467 755 populus
3502 683 3628 740 lau-

1978 769 2170 822 dando
2186 769 2644 824 etbonedicendo
2664 770 2977 825 Dominum
3001 771 3205 840 Deum,
3229 790 3362 828 cum
3397 790 3630 830 summa

1977 856 2170 911 laudis
2197 858 2518 924 devotione,
2555 857 3044 930 illudzequoreum
3075 861 3253 917 maris
3277 863 3625 934 periculum,

1979 945 2149 1000 siccis
2171 946 2448 1017 vestigiis,
2471 947 2689 1019 absque
2714 947 2830 1003 ullo
2858 950 3036 1003 maris
3059 951 3336 1020 periculo,
3364 957 3626 1024 pertran-

1979 1035 2138 1088 siret.
2174 1035 2253 1089 Ex
2285 1051 2400 1104 quo
2432 1036 2582 1090 facto
2615 1035 2758 1091 illud
2806 1037 3090 1094 Dominus
3123 1039 3393 1096 reiterare
3425 1042 3626 1114 digna-

1979 1125 2075 1177 tus
2098 1123 2554 1191 estlmiraculum
2579 1125 2731 1194 quod
2755 1127 3094 1197 peritioysen
3119 1128 3405 1186 famulum
3429 1149 3626 1200 suum,

1979 1211 2339 1282 fugientibus
2373 1211 2506 1266 liliis
2545 1212 2739 1278 Israel,
2771 1231 2870 1284 per
2904 1216 3162 1272 medium
3210 1235 3367 1274 mare
3400 1219 3625 1291 operari

1979 1299 2254 1371 dignatus
2285 1305 2390 1356 est.
2426 1300 2570 1355 Illud
2615 1319 2848 1372 quoque
2894 1304 3221 1360 coenobium
3262 1307 3462 1363 multis
3495 1328 3607 1379 prae

1980 1389 2210 1443 diorum
2257 1407 2498 1444 suorum
2560 1391 3038 1460 possessionibus
3101 1394 3350 1449 ditatum
3394 1398 3632 1454 reddere

1979 1479 2244 1550 cupiens,
2277 1477 2464 1533 multa
2497 1479 2848 1534 intrinsecus
2877 1486 2933 1534 et
2955 1482 3316 1537 extrinsecus
3349 1487 3420 1538 ob
3451 1503 3624 1540 suum

1981 1572 2324 1638 perpetuum
2393 1567 2727 1623 memoriale
2775 1568 3074 1640 largiendo
3136 1571 3402 1626 contulit.
3468 1574 3630 1630 Unde

1980 1654 2152 1710 etiam
2197 1657 2412 1712 ibidem
2458 1657 2582 1713 dies
2624 1657 3006 1714 anniversarii
3059 1659 3245 1730 ipsius
3296 1659 3635 1719 solemniter

1981 1745 2325 1811 celebratur,
2351 1753 2486 1817 tanq
2499 1764 2633 1801 uani
2657 1748 2704 1802 si
2719 1765 2972 1818 prazsens
2986 1747 3101 1804 illic
3120 1750 3352 1806 adesset
3368 1768 3632 1824 corpore.

1980 1835 2088 1899 Qui
2136 1835 2308 1889 etiam
2343 1837 2610 1892 testando
2643 1837 3008 1912 profitentur,
3044 1838 3092 1893 si
3126 1840 3404 1910 possibile
3457 1848 3630 1907 esset,

1984 1928 2047 1978 ut
2075 1924 2228 1995 apud
2278 1923 2408 1979 illos
2457 1942 2666 1996 corpus
2708 1924 2867 1981 illius
2919 1927 3249 1992 haberetur,
3303 1931 3457 2001 quod
3506 1932 3629 1986 fieri

1985 2029 2099 2068 non
2123 2013 2290 2082 valet,
2313 2013 2452 2085 quia
2480 2014 2587 2069 hoc
2619 2014 2902 2070 voluntati
2934 2015 3033 2071 Dei
3082 2015 3308 2088 placere
3345 2036 3458 2073 non
3491 2037 3632 2075 con-

1984 2102 2252 2170 fidimus;
2303 2107 2500 2158 tamen
2545 2102 2704 2158 illius
2759 2105 3154 2160 venerandum
3199 2123 3410 2178 corpus
3458 2126 3635 2180 penes

1984 2191 2168 2245 sancti
2202 2190 2469 2246 Walarici
2503 2208 2716 2262 corpus
2750 2197 3078 2263 poneretur,
3116 2199 3407 2266 quatenus
3457 2215 3631 2268 quem

1984 2279 2269 2335 honorare
2300 2281 2528 2334 studuit
2554 2280 2612 2335 in
2647 2286 2796 2335 terra
2827 2299 2960 2336 cum
2993 2282 3118 2354 ipso
3152 2300 3385 2356 quoque
3414 2302 3447 2340 a
3479 2286 3632 2341 chri-

1985 2373 2072 2423 sto
2119 2365 2598 2422 honorificaretur
2645 2369 2701 2422 in
2752 2367 2894 2422 coelo
2945 2372 3000 2423 et
3050 2369 3106 2423 in
3155 2375 3327 2425 terra.
3363 2372 3495 2439 Sed,
3541 2372 3632 2428 his

1985 2457 2241 2522 omissis,
2266 2457 2337 2511 ad
2372 2461 2638 2511 nostrum
2674 2457 3074 2512 Burchardum
3101 2459 3468 2517 reflectamus
3500 2462 3633 2516 arti-

1986 2545 2206 2611 culum,
2263 2562 2328 2601 ac
2360 2544 2608 2616 qualiter
2637 2547 2706 2600 ad
2740 2563 2972 2601 sacrum
3006 2547 3267 2602 ordinem
3302 2550 3631 2617 accesserit,

1984 2640 2040 2690 et
2089 2635 2158 2690 ad
2202 2635 2498 2690 Christum
2533 2635 2907 2706 postmodum
2941 2637 3285 2707 pervenerit,
3320 2638 3634 2694 auxiliante

1985 2723 2253 2792 Domino,
2292 2727 2545 2779 vertatur
2575 2723 2781 2795 stylus,
2816 2730 2870 2777 et
2901 2725 3127 2779 cunctis
3159 2725 3267 2781 hoc
3314 2725 3634 2798 ignoranti-

1985 2813 2095 2868 bus
2142 2817 2340 2867 nostra
2382 2811 2642 2868 oratione
2679 2813 3103 2886 manifestaque
3135 2815 3356 2870 ratione
3403 2815 3631 2870 cunctis

1985 2902 2422 2956 demonstretur
2453 2901 2818 2957 mortalibus.

2057 2990 2270 3046 Diebus
2295 2990 2472 3062 igitur
2494 2990 2752 3061 praedicti
2776 2991 3024 3057 abbatis,
3049 2991 3214 3048 miles
3239 2991 3492 3049 invictus
3514 2994 3630 3050 Deo

1982 3078 2226 3134 devotus
2258 3095 2452 3134 comes
2487 3079 2859 3135 Burchardus
2893 3081 2951 3134 in
2983 3080 3345 3138 infirmitatis
3387 3081 3630 3155 languo-

1984 3184 2105 3222 rem
2138 3167 2371 3222 decidit.
2407 3168 2517 3222 Sed
2551 3168 2828 3239 quoniam
2878 3169 3070 3224 omnis
3102 3170 3258 3226 illius
3291 3170 3391 3243 qui
3423 3172 3628 3244 recipi-

1900 3239 1941 3306 C
1981 3259 2077 3310 tur
2103 3272 2135 3310 a
2166 3255 2280 3311 Deo
2314 3257 2783 3322 misericorditer,
2811 3239 3518 3329 flagellatur,desiderans
3544 3239 3632 3316 in-

1985 3345 2164 3398 veniri
2194 3344 2441 3416 vigilans
2471 3344 2677 3399 animae
2709 3363 2851 3415 suae,
2885 3352 3082 3402 custos
3115 3348 3356 3420 pervigil
3391 3350 3634 3406 existere

1981 3432 2268 3504 cupiebat.
2305 3433 2574 3489 Protinus
2605 3434 2760 3488 enim
2793 3434 3003 3490 militia
3032 3435 3326 3492 saecularis
3380 3443 3636 3494 contem-

1981 3519 2162 3587 nitur,
2212 3519 2573 3576 monachalis
2614 3521 2731 3575 vita
2763 3521 3074 3591 appetitur,
3120 3523 3346 3577 cwleste
3383 3540 3630 3596 regnum

1980 3612 2099 3664 toto
2133 3609 2344 3663 mentis
2374 3608 2588 3662 intuitu
2622 3608 3072 3679 concupiscitur.
3121 3611 3466 3667 Formidans
3497 3631 3633 3685 ergo

1982 3696 2186 3750 mortis
2238 3695 2564 3768 periculum
2615 3696 2856 3752 minime
2902 3715 3072 3768 posse
3102 3699 3363 3764 evadere,
3397 3707 3632 3773 accepto

1981 3801 2122 3842 auro
2164 3789 2219 3840 et
2259 3790 2521 3856 argento,
2556 3784 2863 3856 palliisque
2897 3791 2951 3840 et
2983 3786 3182 3842 multis
3214 3789 3632 3845 monasteriali-

1981 3875 2092 3928 bus
2125 3873 2505 3939 ornamentis,
2539 3874 2597 3928 in
2621 3879 2954 3929 constructo
2983 3882 3036 3930 et
3059 3876 3340 3931 aedificato
3365 3895 3398 3931 a
3420 3896 3481 3934 se
3506 3879 3631 3936 loco

1983 3961 2349 4017 monachiala
2378 3961 2723 4016 indumenta
2750 3962 2994 4034 requirit
3037 3970 3091 4019 et
3132 3964 3360 4036 accipit.
3395 3966 3484 4021 Fit
3515 3970 3634 4023 luc-

1983 4055 2076 4105 tus
2118 4051 2322 4122 ingens
2373 4051 2443 4104 ab
2483 4051 2759 4106 omnibus
2809 4052 3162 4108 Francorum
3206 4055 3565 4124 proceribus,
3600 4074 3634 4112 a

1983 4139 2306 4206 monachis,
2337 4157 2370 4195 a
2399 4139 2646 4208 clericis,
2691 4158 2723 4194 a
2756 4141 2966 4207 viduis,
3002 4159 3035 4196 a
3066 4143 3292 4198 cunctis
3323 4144 3633 4201 ordinibus

1981 4228 2288 4300 utriusque
2317 4246 2489 4284 sexus
2516 4234 2572 4283 et
2602 4228 2812 4297 aetatis,
2845 4247 2908 4285 eo
2942 4232 3096 4300 quod
3131 4231 3394 4302 ipsorum
3433 4238 3631 4305 patro-

1981 4335 2092 4372 nus
2125 4334 2221 4373 eos
2243 4318 2533 4374 desereret
2563 4334 2710 4389 quos
2743 4317 2962 4372 atfabili
2987 4319 3251 4387 consilio,
3286 4321 3632 4379 dulcissimo

1978 4405 2232 4478 alloquio
2276 4407 2597 4462 confortare
2629 4406 2868 4462 solebat.
2906 4407 3198 4481 Plangunt
3229 4412 3423 4466 cuncti
3476 4412 3630 4467 mili-

1979 4499 2088 4564 tes,
2167 4495 2564 4552 lamentantur
2632 4496 2888 4552 univeisi
2963 4514 3267 4570 pauperes,
3351 4502 3630 4572 quoniam

3244 4589 3592 4646 afﬂictorum
3616 4631 3629 4655 ,

1979 4679 2324 4730 cunctorum
2385 4673 2639 4730 militum
2683 4691 2820 4746 spes
2861 4681 2918 4731 et
2950 4677 3266 4748 refugium,
3301 4680 3371 4733 ab
3404 4696 3628 4745 eorum,

1979 4763 2432 4819 subtrahebatur
2458 4763 2812 4835 aspectibus,
2849 4768 2905 4818 et
2936 4765 3044 4835 ipsi
3078 4765 3414 4836 praesidium
3450 4767 3630 4821 totius

1979 4871 2097 4908 sua:
2129 4852 2336 4908 salutis
2367 4857 2422 4907 et
2460 4852 2875 4907 consolationis
2915 4853 3284 4909 amittebant.
3319 4856 3391 4907 At
3429 4860 3632 4909 contra

1977 4942 2298 5008 ccenobitzn,
2332 4941 2547 4996 Christi
2597 4941 2766 5008 servi,
2815 4939 2950 4996 licet
2995 4941 3064 4997 de
3096 4943 3222 5013 ejus
3256 4941 3628 4998 incommodo

1976 5031 2369 5096 tristarentur,
2431 5030 2768 5101 gaudebant
2837 5034 3052 5098 tamen,
3134 5030 3414 5101 quoniam
3507 5037 3628 5086 tam

1977 5120 2248 5192 egregius
2297 5117 2484 5181 miles,
2533 5115 2787 5172 comitati
2838 5117 3055 5172 honore
3116 5117 3491 5189 praefulgens,
3537 5136 3627 5175 se-

1977 5209 2233 5263 cundum
2281 5206 2509 5260 Domini
2561 5210 2932 5276 prmeeptum,
2991 5212 3200 5262 cuncta
3260 5206 3626 5279 relinquebat

1977 5298 2224 5368 ejusque
2262 5296 2475 5366 jugum
2516 5311 2690 5348 suave
2745 5300 2801 5348 et
2832 5309 2984 5348 onus
3015 5294 3139 5350 leve
3191 5299 3383 5352 mente
3425 5298 3629 5354 devota

1979 5385 2354 5456 suscipiebat.
2398 5382 2745 5437 Deferuntur
2789 5382 2986 5453 itaque
3019 5383 3170 5440 inter
3199 5391 3408 5442 caatera
3441 5387 3629 5454 ipsius

1980 5478 2343 5542 ornamenta,
2375 5489 2512 5528 vasa
2544 5471 2796 5543 plurima
2827 5489 3002 5527 aurea
3047 5479 3101 5528 et
3138 5482 3430 5546 argentea,
3482 5494 3630 5532 aerea

1979 5566 2036 5616 et
2069 5561 2278 5634 lignea,
2313 5558 2662 5616 candelabra
2685 5577 2918 5632 quoque
2938 5561 3212 5632 pretiosa.
3239 5565 3372 5629 Quae
3407 5565 3624 5632 omnia,

1980 5655 2046 5705 ut
2078 5650 2322 5720 dignum
2353 5652 2496 5716 erat,
2520 5649 2592 5704 ad
2625 5657 2835 5705 sancta:
2874 5649 3149 5720 ecclesiae,
3183 5669 3284 5711 seu
3314 5655 3499 5712 sancti
3549 5653 3631 5711 al-
