3966 6212
308 342 426 407 859
920 343 1202 408 ODONIS
1247 343 1726 410 FOSSATENIS
1771 345 2128 412 MONACHI
2173 352 2358 416 Vl'l‘A
2400 353 2856 421 BURCHARDI
2898 354 3085 422 COM.
3585 357 3714 422 860

307 477 448 534 taris
498 475 822 536 ministeria
865 480 1237 552 deputantur.
1297 480 1453 536 Inter
1495 480 1617 536 haec
1665 497 1800 555 ergo
1833 483 1948 540 duo
1977 482 2034 550 Α
2061 485 2306 543 chorum
2329 489 2580 561 agmine.
2600 490 2837 564 Corpori
2865 490 3278 565 persolvuntur
3298 490 3586 565 obsequia
3617 491 3709 549 fu-

302 584 441 622 vasa
465 568 716 638 pretiosa
745 569 812 624 ad
837 568 1120 641 limpham
1145 570 1500 625 fundendam
1523 571 1641 627 sive
1671 573 1949 645 recipien-

303 658 436 711 dam
471 657 527 711 in
562 658 876 712 sacerdotis
913 657 1205 722 manibus,
1241 676 1493 730 quorum
1534 679 1715 716 unum
1754 664 1945 717 mani-

303 747 507 816 pulum
549 763 844 808 vocamus,
897 763 962 800 eo
1004 748 1158 818 quod
1199 765 1374 802 manu
1426 749 1669 821 geritur,
1715 750 1772 806 in
1828 769 1942 824 quo

301 835 476 890 etiam
512 835 710 889 litterae
743 835 1032 890 habentur
1063 853 1188 907 quae
1222 839 1471 910 Abagari
1507 839 1658 908 regis
1690 841 1759 895 ad
1806 858 1939 896 san-

299 926 534 997 guinem
571 925 955 980 minuendum
987 943 1118 980 eum
1157 928 1334 981 fuisse
1367 931 1675 983 testantur.
1718 930 1780 984 In
1813 930 1938 1000 ipso

300 1031 529 1085 quoque
569 1014 694 1084 ipse
739 1031 836 1068 rex
894 1032 1024 1069 cum
1070 1033 1129 1071 se
1184 1016 1658 1087 phlebotomante
1710 1018 1939 1089 alioque

298 1104 406 1158 sibi
453 1103 756 1170 serviente,
806 1121 872 1157 ex
919 1105 1169 1176 pretioso
1205 1124 1463 1178 puroque
1501 1125 1642 1162 auro
1683 1109 1940 1163 cernitur

296 1192 671 1264 imaginatus,
705 1199 944 1264 tamque
998 1195 1312 1265 pretiosum
1348 1213 1410 1250 ac
1443 1197 1715 1252 decorum
1747 1215 1846 1252 vas
1879 1198 1933 1252 in

295 1282 404 1336 hac
428 1281 608 1352 patria
641 1283 880 1336 minime
911 1283 1123 1338 dicitur
1143 1284 1410 1339 inveniri.
1435 1287 1645 1340 'l‘extus
1671 1287 1844 1341 etiam
1868 1285 1934 1340 li-

293 1371 379 1425 bri
415 1371 596 1426 sancti
622 1373 938 1442 Evangelii,
973 1373 1190 1444 optime
1220 1373 1428 1428 litteris
1462 1375 1655 1428 aureis
1688 1375 1938 1430 conscri-

295 1466 447 1532 ptus,
482 1479 623 1515 auro
678 1465 733 1513 et
780 1466 1019 1532 argento
1052 1467 1223 1533 atque
1275 1463 1445 1517 ebore
1477 1462 1662 1517 inciso
1696 1464 1936 1534 pulchre

292 1555 585 1621 operatus,
619 1551 861 1606 minime
883 1551 1082 1606 defuit.
1113 1552 1330 1606 Aureus
1352 1569 1584 1623 quoque
1613 1553 1770 1607 ensis
1801 1571 1934 1608 cum

290 1637 521 1710 cingu‘o
571 1657 766 1704 aureo,
812 1658 879 1694 ex
910 1657 1024 1711 quo
1055 1641 1164 1695 hoc
1199 1657 1479 1708 magnum
1512 1643 1932 1697 monasterium

289 1730 507 1784 dicitur
554 1746 681 1785 esse
723 1730 1066 1801 incoeptum,
1109 1747 1142 1784 a
1171 1729 1390 1784 lumbis
1436 1729 1747 1796 resolutus,
1807 1733 1934 1801 ejus

2057 575 2280 643 nebria,
2321 582 2586 635 sanctam
2631 581 2746 636 Deo
2777 582 3255 638 commendantes
3285 581 3570 641 animam.
3613 582 3709 638 Fit

2056 669 2288 735 repente
2319 667 2538 723 clamor
2575 686 2677 740 per
2724 671 2949 736 urbem,
2983 687 3085 742 per
3113 670 3373 737 castella,
3422 671 3584 726 vicos
3646 676 3711 726 et

2054 754 2672 826 plateas.Concurrunt
2691 759 2930 826 milites,
2965 760 3173 815 divites
3194 763 3251 814 et
3275 775 3586 832 pauperes,
3618 777 3711 816 se-

2053 860 2156 899 nes
2184 846 2516 916 etjuvenes,
2540 849 2722 902 viduae
2746 852 2802 904 et
2828 848 3102 921 virgines,
3127 849 3320 904 cuncti
3349 847 3702 921 plangentes

2049 937 2104 988 et
2153 933 2459 1004 ejulantes,
2510 936 2713 1008 repleti
2756 936 2952 993 dolore
2999 943 3055 993 et
3112 937 3364 993 miseria.
3409 938 3702 1010 Impletur

2049 1022 2494 1079 Fossatusluctu
2528 1029 2582 1080 et
2613 1026 2833 1097 gemitu
2865 1026 3174 1097 omnisque
3195 1025 3414 1081 doloris
3441 1025 3704 1098 plenitu-

2047 1111 2200 1177 dine,
2234 1112 2511 1170 amittens
2541 1119 2849 1185 patronum
2881 1119 2939 1171 et
2975 1116 3342 1181 advocatum,
3375 1131 3552 1186 quem
3587 1115 3697 1170 hu.-

2047 1201 2182 1255 bere
2213 1202 2425 1256 meruit
2455 1203 2818 1259 defensorem
2859 1209 2915 1259 et
2958 1203 3382 1259 sublevatorem
3425 1204 3700 1260 ﬁdelissi-

2047 1290 2465 1346 mum.Clamat
2479 1308 2540 1346 se
2555 1292 2796 1348 minime
2809 1291 3064 1364 amplius
3081 1297 3273 1346 tamen
3287 1297 3688 1363 reperturum,

2047 1379 2215 1447 cujus
2232 1379 2532 1434 nobilitate
2550 1381 2786 1445 ditetur,
2803 1382 2972 1452 cujus
2995 1380 3336 1435 auxiliotam
3355 1379 3698 1437 ﬁdelissime

2049 1469 2377 1534 muniatur;
2410 1469 2509 1523 sed
2543 1470 2836 1525 morsibus
2858 1473 3054 1541 patere
3078 1468 3489 1541 malignorum,
3526 1470 3688 1525 inva-

2046 1556 2208 1610 sione
2221 1556 2390 1628 diripi
2411 1557 2693 1626 hostium,
2709 1561 2882 1628 atque
2898 1563 3242 1613 cunctorum
3257 1558 3685 1614 adversantium

2046 1643 2406 1714 malignitate
2435 1643 2806 1699 circumdari.
2840 1645 3000 1708 Quod
3032 1644 3111 1700 ita
3144 1647 3514 1716 postmodum
3543 1647 3689 1700 acci-

2045 1731 2225 1794 disse,
2274 1731 2501 1786 cunctis
2531 1732 2704 1789 hodie
2733 1750 2834 1806 per
2859 1735 3058 1790 orbem
3098 1735 3446 1807 degentibus
3490 1734 3690 1790 claret.

286 1820 440 1874 dono
471 1819 680 1875 allatus
730 1817 858 1873 fuit.
894 1820 1034 1873 Item
1075 1835 1175 1873 vas
1207 1818 1523 1889 pretiosum
1556 1818 1721 1873 valde
1751 1835 1816 1872 ex
1851 1820 1932 1875 la-
1967 1851 2011 1914 Β
2042 1819 2333 1890 Sepelitur
2363 1820 2543 1892 igitur
2568 1826 2684 1876 tam
2705 1822 2917 1878 nobilis
2943 1823 3046 1878 viri
3079 1825 3337 1895 corporis
3367 1824 3537 1896 gleba
3558 1828 3696 1879 ante

286 1909 439 1979 pide,
465 1925 637 1979 quem
659 1907 926 1963 berillum
951 1907 1222 1974 dicimus,
1244 1924 1311 1961 ex
1333 1924 1447 1977 quo
1470 1924 1622 1978 aqua
1640 1906 1700 1961 in
1729 1913 1932 1964 sancto

284 1997 460 2050 calice
493 1998 864 2064 fundebatur,
909 1995 1221 2066 locumque
1263 2013 1378 2066 quo
1419 1995 1633 2050 milites
1682 1998 1931 2052 exerceri

282 2085 473 2140 solent
501 2085 825 2140 cristallino
877 2084 1069 2156 lapide
1108 2084 1326 2156 optime
1376 2089 1678 2155 operatum
1731 2102 1929 2141 secum

282 2174 508 2231 detulit.
542 2177 853 2231 Servorum
887 2190 1116 2246 quoque
1160 2178 1216 2228 et
1247 2173 1589 2228 ancillarum
1629 2174 1927 2230 infinitum

281 2263 530 2319 contulit
559 2280 897 2318 numerum.
942 2262 1087 2326 Quid
1114 2262 1282 2334 plura
1304 2262 1331 2316 ?
1352 2279 1522 2317 nemo
1545 2263 1653 2317 hac
1697 2263 1928 2318 mortali

279 2370 452 2408 carne
484 2352 720 2424 tegitur,
757 2352 856 2424 qui
897 2357 1108 2406 cuncta
1141 2353 1270 2422 ejus
1313 2352 1465 2406 dona
1496 2351 1743 2423 pleniter
1783 2369 1926 2406 enu-

280 2457 504 2496 merare
562 2440 767 2495 valeat.
815 2440 958 2494 Cum
1021 2456 1156 2511 ergo
1213 2445 1333 2494 tam
1390 2439 1678 2511 gloriosus
1733 2457 1927 2496 comes

279 2529 606 2584 innumeris
630 2529 682 2582 in
713 2529 924 2583 saeculo
956 2528 1231 2583 claruerit
1261 2527 1600 2592 honoribus,
1634 2528 1777 2582 nulli
1809 2529 1924 2584 bte-

279 2619 505 2685 redum,
558 2616 703 2672 nulli
763 2617 1112 2683 amicorum,
1171 2616 1316 2672 nulli
1373 2634 1614 2672 suorum
1663 2617 1922 2672 fidelium

275 2712 458 2774 tanta,
505 2707 759 2778 exceptis
799 2705 1031 2771 castris,
1079 2706 1335 2778 reliquit,
1377 2710 1595 2776 quanta
1643 2707 1755 2762 Deo
1787 2724 1922 2761 san-

215 2833 227 2844 -
278 2796 506 2867 ctisque
535 2797 662 2866 ejus
687 2795 744 2850 in
779 2795 903 2851 loco
927 2795 1037 2850 sibi
1071 2812 1184 2866 prae
1207 2795 1432 2850 cunctis
1464 2795 1673 2850 dilecto
1697 2813 1799 2868 pro
1831 2813 1921 2850 sa-

277 2885 399 2941 lute
430 2903 548 2939 sua:
580 2884 788 2939 animae
823 2883 1087 2939 contulit.

346 2976 522 3029 Sacro
565 2973 742 3045 igitur
771 2972 1066 3028 schemate
1092 2972 1360 3044 religiose
1389 2973 1652 3038 indutus,
1677 2975 1733 3028 in
1750 2975 1922 3029 domo

277 3063 388 3118 sibi
408 3064 579 3133 juxta
603 3062 908 3118 ecclesiam
949 3068 1267 3134 praeparata
1301 3063 1573 3134 plurimis
1611 3063 1818 3118 diebus
1839 3064 1924 3118 in-

281 3151 486 3205 ﬁrmus
509 3150 714 3220 jacuit,
740 3153 1114 3222 postmodum
1139 3168 1379 3206 suorum
1403 3168 1700 3207 servorum
1725 3168 1924 3222 preces

276 3255 378 3310 pro
391 3256 456 3294 eo
472 3256 702 3310 semper
715 3240 1084 3295 fundentium
1099 3241 1376 3295 dominus
1391 3241 1521 3312 pius
1535 3239 1800 3312 placatus
1812 3257 1920 3295 con

273 3327 563 3384 valescere
593 3329 785 3399 coepit,
820 3333 994 3400 atque
1018 3346 1152 3384 cum
1182 3329 1402 3384 caeteris
1433 3329 1590 3383 abire
1620 3329 1917 3384 fratribus.

273 3416 417 3470 Cum
441 3415 635 3489 itaque
667 3417 901 3471 sanitati
933 3418 1201 3471 redditus
1237 3417 1478 3472 Domino
1510 3416 1758 3471 fideliter
1789 3416 1918 3488 pla-

279 3520 406 3559 cere
436 3506 717 3571 studeret,
750 3505 832 3558 illi
853 3505 1070 3577 jugiter
1101 3505 1321 3578 gratias
1351 3504 1638 3559 referebat
1666 3521 1919 3576 eumque

278 3591 485 3646 humili
512 3596 701 3648 mente
724 3594 1123 3658 benedicebat,
1143 3594 1281 3664 quia
1313 3610 1431 3646 sua:
1465 3597 1680 3648 sanctae
1699 3593 1922 3648 miseri-

276 3681 484 3736 cordiae
509 3675 758 3754 gratiam
790 3681 871 3736 illi
903 3681 1165 3736 etiam'in
1193 3681 1300 3736 hoc
1331 3681 1531 3736 ordine
1567 3682 1918 3738 conferebat.

277 3768 584 3824 Servitium
615 3786 847 3842 quoque
879 3773 1091 3825 sancta;
1124 3769 1406 3836 Eeclesize,
1440 3771 1593 3841 quod
1628 3786 1787 3825 more
1813 3787 1920 3824 caa-

278 3858 610 3913 nobitarum
642 3876 676 3913 a
706 3857 916 3914 saeculo
947 3858 1207 3914 conversi
1243 3863 1353 3913 Deo
1386 3859 1656 3914 exhibere
1686 3860 1919 3927 debent,

275 3946 401 4018 ipse
438 3947 523 4000 vir
565 3946 970 4002 nobilissimus
1011 3945 1219 4001 humili
1253 3947 1555 4006 devotione
1586 3949 1920 4021 peragebat.

277 4037 539 4108 Cumque
567 4036 617 4090 ei
650 4054 684 4091 a
709 4036 989 4091 fratribus
1012 4036 1301 4092 diceretur
1326 4054 1337 4092 :
1361 4038 1431 4093 Ut
1447 4037 1588 4110 quid
1611 4041 1731 4093 tam
1759 4038 1921 4094 nobi-

276 4123 350 4179 lis
378 4123 465 4179 vir
493 4124 757 4180 saeculari
788 4125 1070 4197 dignitate
1096 4125 1425 4198 praecelsus,
1459 4127 1775 4182 senectutis
1798 4127 1924 4196 jam

277 4211 474 4268 labore
522 4213 761 4277 fractus,
797 4229 858 4269 se
895 4213 1259 4270 humiliando
1307 4214 1564 4287 afﬂigere
1607 4214 1927 4287 dignatur?

279 4300 375 4356 ille
406 4301 826 4372 respondebat:
862 4303 991 4371 «Si,
1023 4302 1235 4375 inquit,
1276 4320 1408 4358 cum
1441 4302 1677 4358 militari
1707 4303 1925 4359 honore

281 4389 636 4446 sublimatus
650 4406 860 4459 essem,
877 4397 1074 4463 atque,
1090 4396 1155 4446 ut
1170 4392 1385 4458 dicitis,
1406 4391 1657 4446 militum
1673 4392 1925 4462 stipatus

279 4479 534 4551 agmine,
554 4479 867 4536 comitatus
889 4481 1174 4553 dignitate
1194 4479 1505 4552 fulgerem;
1540 4479 1771 4535 mortali
1804 4480 1926 4553 regi

2043 1909 2267 1963 vultum
2301 1911 2485 1965 nostri
2511 1911 2914 1982 Redemptoris
2945 1913 3004 1966 in
3029 1911 3223 1977 domo,
3259 1912 3357 1967 ubi
3381 1912 3588 1967 fratres
3615 1912 3688 1966 ad

2041 1998 2400 2053 matutinum
2432 2002 2488 2054 et
2519 1999 2838 2054 serotinum
2880 1999 3297 2054 conveniebant
3327 1999 3685 2068 capitulum.

2039 2086 2402 2142 Studuerunt
2430 2092 2625 2143 autem
2657 2088 2881 2158 antiqui
2913 2090 3108 2158 patres
3148 2088 3276 2156 ejus
3307 2087 3681 2141 mausoleum

2037 2173 2258 2230 talibus
2307 2176 2578 2230 decorare
2623 2175 2943 2241 versiculis,
2995 2192 3107 2246 quo
3157 2175 3285 2246 ejus
3332 2178 3688 2246 perpetuum

2038 2263 2375 2319 memoriale
2407 2263 2532 2318 sine
2556 2264 2669 2318 fine
2701 2267 2961 2318 maneret
2985 2261 3339 2318 inviolabile.

2133 2361 2224 2409 Hic
2253 2361 2334 2408 vir
2361 2373 2586 2422 magnus
2615 2363 2728 2409 erat
2775 2360 3047 2422 quondam
3083 2359 3209 2408 dum
3241 2372 3463 2421 corpore
3493 2359 3653 2416 vixit,

2129 2424 2350 2494 litamina
2381 2421 2859 2494 Burchardus,‘p’er
2885 2422 3073 2494 mundi
3102 2422 3326 2494 climata.
3346 2424 3526 2494 notus.

2131 2485 2310 2535 Celsus
2339 2488 2454 2534 erat
2481 2484 2702 2545 meritis,
2733 2483 2886 2533 dictis
2916 2484 3175 2546 factisque
3205 2483 3480 2532 modestus
3511 2498 3522 2532 :

2127 2548 2455 2608 Pauperibus
2485 2547 2686 2610 largus,
2714 2546 2890 2610 viduis
2919 2545 3234 2610 percuncta
3262 2545 3546 2610 benignus.

2127 2607 2294 2669 Ipsius
2322 2623 2390 2659 en
2421 2607 2614 2671 corpus
2645 2608 2850 2658 tumulo
2880 2607 3165 2671 requiescit
3193 2609 3249 2671 in
3279 2607 3401 2671 isto,

2126 2673 2346 2722 Martius
2375 2670 2609 2722 ostendit
2637 2674 2828 2734 quarto
2856 2670 3112 2734 migrasse
3145 2670 3412 2719 Kalendas

2035 2771 2138 2826 llla
2177 2773 2374 2826 autem
2405 2767 2605 2824 tabula
2624 2765 2876 2839 sepulcri
2898 2766 3083 2838 ipsius
3107 2767 3178 2821 ab
3210 2766 3682 2821 antecessoribus

2033 2859 2250 2915 nostris
2271 2857 2489 2930 optime
2512 2859 2748 2928 cperata
2767 2871 2834 2909 ac
2855 2855 3127 2910 decorata
3149 2852 3259 2908 fuit
3277 2869 3455 2926 super
3475 2858 3682 2926 pectus

2033 2949 2160 3018 ejus
2192 2965 2332 3002 crux
2376 2946 2655 3000 deaurata
2697 2960 2831 2998 cum
2862 2942 3070 2998 litteris
3094 2968 3125 2999 α
3155 2947 3210 2996 et
3244 2965 3281 2994 ω
3313 2943 3682 3015 superposita

2033 3037 2142 3091 fuit
2173 3052 2185 3092 :
2220 3041 2277 3092 et
2296 3051 2402 3090 nos
2426 3049 2660 3105 quoque
2686 3031 2945 3103 pueritiae
2965 3035 3172 3087 nostrze
3194 3035 3456 3103 tempore
3486 3031 3681 3087 oculis

2032 3124 2249 3180 nostris
2292 3122 2677 3194 inspeximus.
2713 3124 2847 3187 Quae
2879 3125 3090 3176 cuncta
3128 3123 3262 3190 post
3305 3121 3567 3189 modum,
3613 3127 3684 3176 ut

1951 3217 1994 3284 C
2033 3212 2205 3269 hodie
2236 3215 2414 3284 patet,
2449 3210 2683 3282 penitus
2715 3208 3011 3263 destructa
3044 3208 3320 3264 existunt.

2098 3298 2462 3357 Venerabilis
2493 3312 2725 3370 quoque
2756 3296 3011 3352 Elisabet
3034 3297 3337 3353 comitissa
3364 3315 3509 3352 uxor
3546 3299 3679 3369 ejus

2027 3390 2302 3446 eumdem
2333 3387 2529 3443 locum
2561 3387 2884 3442 secundum
2916 3402 3090 3440 sexus
3121 3386 3212 3440 sui
3244 3390 3514 3442 naturam
3548 3403 3677 3441 mu-

2029 3479 2161 3552 gnis
2193 3476 2535 3532 muneribus
2581 3474 2766 3529 ditare
2804 3473 3050 3541 studuit,
3089 3491 3215 3545 quae
3248 3492 3282 3530 a
3311 3473 3516 3530 saeculo
3562 3474 3677 3529 mi~

2029 3584 2207 3641 graus
2236 3566 2453 3620 ibidem
2480 3562 2710 3636 sepulta
2728 3564 2904 3634 jacet.
2939 3562 3120 3633 Cujus
3152 3563 3348 3620 obitus
3378 3563 3502 3618 dies
3548 3564 3675 3635 agi-

2029 3662 2126 3713 tur
2152 3673 2223 3711 xv
2254 3654 2375 3709 Kal.
2417 3652 2781 3709 Februarias.
2825 3650 3006 3722 Cujus
3055 3651 3232 3706 etiam
3283 3651 3671 3724 polyandrum

2030 3747 2125 3802 his
2150 3746 2453 3800 decoratur
2493 3739 2797 3797 versiculis
2825 3758 2837 3795 :

2126 3848 2228 3892 Hos
2257 3841 2455 3905 placuit
2485 3839 2714 3905 Domino
2743 3838 2897 3905 vivos
2919 3839 3242 3905 conjungere
3273 3839 3448 3905 binos,

2187 3900 2576 3967 Et'polyandra
2604 3901 2763 3967 simul
2786 3900 3018 3967 jungere
3051 3900 3134 3948 sic
3152 3901 3336 3967 voluit.

2128 3969 2239 4036 Hoc
2264 3963 2607 4036 quicunque,‘
2623 3963 2772 4036 legis,
2800 3963 3050 4036 persolve
3076 3963 3554 4036 carmiua‘psalmi,

2187 4024 2412 4092 Spiritus
2437 4024 2503 4076 ut
2525 4024 2742 4075 valeant
2770 4024 3025 4074 scandere
3057 4039 3223 4088 regna
3250 4024 3360 4089 poli

2033 4128 2168 4183 Haec
2211 4127 2282 4181 de
2330 4124 2534 4180 multis
2576 4121 2812 4178 Comitis
2844 4121 3026 4194 gestis
3057 4121 3312 4178 sufficiat
3353 4139 3678 4180 enarrasse.

2031 4220 2178 4271 Sunt
2197 4214 2447 4286 denique
2475 4212 2784 4266 innumera
2803 4210 3092 4266 bonorum
3114 4211 3242 4281 ejus
3263 4227 3506 4283 operum
3529 4216 3651 4268 acta
3666 4255 3678 4279 ,

2035 4322 2160 4377 qua:
2193 4301 2425 4359 fastidio
2447 4299 2828 4372 compellente
2849 4299 3259 4370 relinquimus,
3293 4301 3433 4371 quia
3464 4301 3535 4356 ad
3567 4300 3686 4356 alia

2034 4393 2288 4466 gerenda
2307 4391 2542 4446 festinat
2562 4388 2816 4445 animus.
2843 4388 3023 4444 Nobis
3045 4404 3200 4460 ergo,
3227 4389 3458 4458 fratres,
3484 4389 3681 4446 solerti

2036 4481 2229 4538 studio
2260 4479 2682 4552 providendum
2701 4480 2789 4534 est
2809 4480 2874 4532 ut
2893 4476 3064 4532 istius
3093 4476 3199 4531 viri
3222 4481 3686 4550 ceterorumque

276 4568 810 4640 lucernaindigenti
826 4585 1058 4625 cereum
1074 4584 1252 4623 manu
1268 4569 1683 4638 anteterebam,
1707 4574 1925 4641 quanto
1956 4586 2001 4652 D
2033 4570 2470 4626 benefactorum
2510 4565 2932 4638 eleemosynas,
2967 4581 3114 4636 quas
3146 4582 3250 4636 pro
3283 4567 3688 4639 redemptione

278 4655 467 4728 magis
500 4673 655 4712 nunc
677 4655 992 4712 immortali
1016 4655 1357 4728 Imperatori
1379 4657 1558 4712 debeo
1580 4658 1817 4725 servire,
1839 4662 1924 4713 at-

279 4763 391 4820 que
423 4750 556 4802 ante
587 4745 782 4818 ipsum
815 4744 1162 4800 candelabra
1193 4744 1455 4800 ardentia
1484 4747 1757 4802 manibus
1789 4763 1924 4802 cum

277 4835 632 4892 exhibitione
662 4833 1012 4889 humilitatis
1043 4837 1370 4888 reverenter
1410 4834 1596 4890 ferre?
1620 4858 1648 4886 ››
1679 4839 1801 4891 Hoc
1843 4835 1927 4890 di-

276 4941 414 4980 cens
434 4928 490 4979 et
513 4939 712 4995 agens,
734 4937 1015 4993 magnum
1041 4922 1111 4976 de
1132 4938 1194 4977 se
1217 4921 1570 4978 humilitatis
1593 4923 1924 4996 exemplum

276 5013 505 5069 cunctis
534 5010 869 5066 videntibus
907 5013 965 5065 et
994 5009 1371 5066 audientibus
1421 5013 1800 5084 proponebat.
1831 5012 1926 5068 Sic

276 5102 474 5175 itaque
528 5105 642 5155 Deo
692 5099 970 5173 probatus
1022 5104 1096 5164 et,
1147 5099 1305 5154 velut
1334 5117 1540 5155 aurum
1582 5101 1922 5172 pretiosum,

275 5191 411 5263 igne
443 5190 832 5254 examinatus,
866 5189 1075 5244 iterum
1107 5189 1408 5262 languoris
1457 5189 1725 5246 molestia
1752 5191 1926 5245 corri-

274 5281 452 5352 pitur,
477 5286 649 5350 atque
681 5279 750 5334 ad
774 5283 1033 5334 extrema
1053 5278 1380 5334 deducitur.
1405 5277 1567 5334 Sacri
1596 5278 1775 5351 igitur
1796 5295 1921 5335 cor-

275 5369 432 5439 poris
453 5374 511 5422 et
533 5368 836 5440 sanguinis
861 5368 1070 5423 Christi
1092 5368 1460 5439 perceptione
1478 5369 1764 5437 munitus,
1791 5369 1922 5424 bea-

273 5462 396 5510 tum
429 5456 674 5510 Domino
707 5456 976 5527 spiritum
1003 5455 1255 5510 reddidit
1277 5457 1387 5512 sub
1413 5457 1506 5511 die
1527 5474 1583 5510 1v
1615 5455 1922 5512 Kalendar.

274 5544 638 5598 Martiarum.
684 5547 804 5609 Quo
856 5545 1147 5611 defuncto,
1181 5545 1461 5600 continuo
1495 5547 1663 5600 adest
1711 5546 1924 5617 praesul

275 5649 409 5687 cum
432 5630 775 5686 clericorum
804 5647 1069 5705 numero,
1096 5633 1278 5688 abbas
1298 5651 1531 5708 quoque
1565 5651 1700 5691 cum
1723 5651 1926 5691 mona-

2034 4659 2349 4715 criminum
2380 4672 2622 4713 suorum
2669 4655 2806 4710 huic
2854 4653 2980 4709 loco
3042 4655 3435 4722 contulerunt,
3496 4655 3690 4711 taliter

2034 4751 2170 4804 ante
2218 4745 2415 4803 oculos
2452 4743 2780 4801 Conditoris
2811 4759 2916 4816 pro
2966 4743 3112 4815 ipsis
3147 4743 3567 4810 deserviamus,
3617 4750 3686 4798 ut

2034 4853 2174 4904 non,
2197 4835 2351 4908 quod
2382 4835 2602 4890 avertat
2622 4832 2776 4888 Deus
2808 4848 2842 4887 a
2867 4831 3061 4903 nobis,
3081 4833 3154 4888 ad
3176 4836 3445 4887 eternam
3471 4829 3680 4885 confu-

2034 4926 2258 4982 sionem
2290 4922 2651 4996 proveniant.
2686 4920 3004 4977 Sciendum
3035 4925 3124 4977 est
3153 4920 3305 4976 enim
3339 4919 3491 4991 quod
3525 4917 3681 4976 elee-

2034 5013 2295 5087 mosynis
2324 5013 2613 5068 bonorum
2642 5009 2900 5066 virorum
2931 5009 3229 5084 praesentis
3258 5007 3386 5064 vita
3408 5024 3680 5077 cursum,

2033 5103 2147 5157 Deo
2173 5099 2508 5161 auxiliante.
2533 5096 2940 5169 transigimus,
2975 5097 3220 5169 ideoque
3251 5095 3446 5151 animo
3475 5112 3685 5151 recou-

2035 5191 2293 5246 dendum
2338 5184 2807 5260 quod‘Dominus
2835 5186 3174 5242 terribiliter
3211 5189 3544 5258 peccatores
3583 5202 3684 5240 ex-

2038 5278 2372 5354 probrando
2421 5293 2524 5347 per
2552 5274 2899 5347 prophetam
2933 5274 3148 5330 clamat
3176 5275 3377 5330 dicens
3408 5291 3422 5330 ε
3457 5279 3691 5330 Peccam

2030 5367 2229 5442 populi
2254 5367 2366 5420 mei
2393 5363 2740 5419 comederunt
2767 5363 2907 5435 (Ose.
2939 5380 3016 5431 ιν,
3050 5365 3126 5436 8).

2107 5452 2522 5509 Anniversaria
2551 5451 2726 5507 etiam
2757 5451 2965 5508 horum
2997 5453 3319 5525 conjugum
3346 5451 3689 5509 solemnitcr

2039 5563 2073 5602 a
2102 5543 2284 5600 servis
2317 5541 2418 5597 Dei
2441 5541 2500 5596 in
2523 5541 2731 5596 diebus
2753 5541 3046 5613 praedictis
3063 5541 3344 5598 celebrari
3366 5542 3603 5609 debent,
3624 5547 3691 5598 ut

2039 5631 2349 5689 animabus
2399 5645 2600 5686 eorum
2641 5629 2901 5700 proficiat
2929 5632 3084 5702 quod
3117 5632 3275 5687 hunc
3313 5647 3428 5703 prae
3461 5629 3691 5688 caeteris
