3966 6212
303 368 419 438 861

1069 368 1334 439 DRUGO
1376 369 1708 435 BELLUV.
1757 368 2001 434 EPISC.
2034 404 2114 417 -—
2143 368 2461 433 NOTITIA
2508 367 2949 433 HISTORICA.

3592 370 3710 431 862

306 506 504 565 locum
535 505 886 572 dilexerunt,
908 508 967 561 et
993 521 1102 563 sua
1130 521 1373 577 corpora
1396 504 1613 561 ibidem
1669 504 1953 560 tumulari
1983 517 2039 583 Α
2068 504 2204 560 beth
2234 520 2367 560 vero
2397 504 2680 573 Cruciaci,
2709 521 2812 577 pro
2836 503 3117 560 Ramaldo
3148 503 3393 576 praesule
3418 503 3581 571 Scias,
3606 521 3709 576 pro

305 596 762 664 voluerunt,uta
780 594 1009 651 Christo
1030 594 1278 650 Domino
1301 594 1360 649 in
1381 594 1687 664 diejudicii
1703 593 1951 649 resusci-

307 686 423 742 tari
453 688 835 741 mererentur.
855 682 1051 754 Usque
1081 681 1253 740 hodie
1284 683 1461 751 enim,
1488 684 1544 738 id
1566 690 1655 737 est
1682 699 1870 753 usque
1886 681 1957 736 ad

308 778 658 847 praesentem
707 788 951 838 annum,
983 771 1085 843 qui
1116 777 1205 827 est
1232 771 1521 827 incarnati
1574 771 1746 827 Verbi
1801 772 1958 840 1058,

307 863 449 918 anni
480 878 612 917 vero
639 862 803 933 regni
826 861 981 933 regis
1001 861 1354 915 Francorum
1378 861 1606 916 Henrici
1629 878 1827 925 xxvm,
1851 860 1960 914 hoc

308 951 506 1023 ipsum
537 950 742 1006 devote
772 950 830 1004 in
859 949 969 1005 hac
1002 953 1299 1021 peractum
1330 954 1419 1005 est
1436 949 1697 1004 ecclesia.
1722 948 1883 1015 Quod
1907 952 1964 1003 et

309 1044 377 1095 ut
404 1041 466 1095 in
486 1043 785 1110 posterum
812 1039 912 1092 fiat
932 1037 1236 1093 humiliter
1258 1038 1559 1093 fatendum
1580 1043 1686 1092 est.
1711 1040 1755 1092 A
1778 1040 1962 1092 recto-

309 1126 477 1184 ribus
503 1144 736 1201 quoque
758 1126 867 1182 loci
897 1126 1019 1181 sive
1041 1126 1373 1182 aministris
1397 1142 1747 1199 magnopere
1763 1142 1963 1198 procu-

314 1216 567 1272 randum
597 1220 686 1271 est
717 1220 799 1281 ut,
834 1215 987 1270 sicut
1015 1214 1075 1269 in
1106 1214 1353 1271 ecclesia
1389 1217 1483 1286 agi
1540 1214 1816 1281 diximus,
1875 1214 1959 1267 sic

312 1320 547 1377 quoque
576 1303 812 1359 refectio
845 1320 911 1358 ex
944 1302 1213 1374 pretiosis
1244 1303 1494 1375 dapibus
1551 1308 1609 1359 et
1642 1302 1961 1375 pigmentis

321 1410 427 1465 pro
441 1393 702 1466 ipsorum
725 1392 1031 1463 spiritibus
1043 1390 1290 1447 solemni
1304 1396 1663 1464 praeparetur
1683 1391 1962 1462 obsequio

316 1480 476 1553 quia,
506 1485 572 1536 ut
600 1480 773 1553 vulgo
795 1480 1033 1547 dicitur,
1060 1479 1254 1536 inanis
1279 1481 1504 1536 videtur
1519 1497 1647 1538 esse
1677 1480 1841 1536 labor
1864 1480 1963 1552 qui

313 1570 504 1626 victus
525 1569 868 1625 alimoniam
900 1585 1016 1624 non
1036 1568 1266 1625 tribuit.
1291 1570 1360 1625 Et
1386 1586 1457 1625 ne
1478 1570 1587 1625 hoc
1609 1586 1824 1625 vanum
1847 1569 1966 1625 cui-

317 1664 608 1730 quamaut
628 1657 1168 1730 ﬂoccipendendum
1192 1657 1717 1725 videatur,abbatis
1744 1657 1964 1713 Giraldi

319 1762 424 1803 seu
455 1747 633 1802 totius
662 1745 1132 1817 congregationis
1155 1746 1345 1801 favore
1375 1762 1440 1802 ac
1454 1745 1750 1801 voluntate
1776 1750 1962 1802 statu-

2070 597 2312 665 Hugone
2344 609 2477 662 rege
2506 590 2900 661 Mansionum,
2936 610 3040 665 pro
3087 592 3464 648 Ermenfredo
3515 598 3708 649 autem

2068 685 2312 753 ejusque
2343 683 2593 754 conjuge
2624 682 2912 738 Liciarum
2943 686 3000 737 et
3026 682 3208 749 Jurei,
3242 700 3345 754 pro
3403 683 3711 737 abbatibus

2071 773 2249 838 uujus
2281 771 2745 843 congregationis
2778 772 3037 843 provisor
3095 776 3269 843 atque
3310 771 3712 827 thesaurarius

2071 860 2251 929 hujus
2305 858 2417 915 loci
2456 860 2782 931 diligenter,
2826 861 3049 932 absque
3095 862 3287 916 omnis
3347 860 3713 933 negligentia

2072 948 3062 1020 incursu,studerentperficere.Qui
3082 954 3276 1005 autem
3294 950 3401 1005 hoc
3415 950 3712 1004 decretum

2073 1037 2447 1107 postmodum
2480 1037 2778 1108 despicere
2802 1042 2902 1092 aut
2925 1037 3561 1104 destruereconaretur,
3586 1054 3713 1110 per-

2072 1131 2247 1196 petuo
2279 1125 2902 1181 excommunicationis
2922 1126 3290 1182 anathemate
3312 1128 3712 1182 damnaretur.

2147 1213 2566 1284 Proposueram
2593 1215 2649 1268 in
2684 1215 2963 1285 prommio
2996 1214 3174 1284 hujus
3204 1215 3409 1285 Operis
3435 1220 3565 1286 post
3594 1214 3717 1269 haec

2073 1303 2145 1357 de
2178 1303 2421 1373 pressule
2453 1302 2737 1358 Rainaldo
2768 1303 2963 1374 aliqua
2985 1304 3289 1366 dissm-ere,
3315 1324 3428 1373 quo
3450 1306 3577 1374 ejus
3603 1320 3716 1359 me—

2075 1391 2317 1445 moriale
2349 1392 2600 1462 posteris
2635 1398 2840 1446 notum
2872 1393 3051 1445 fieret.
3088 1392 3198 1446 Sed
3230 1392 3370 1462 quia
3400 1410 3513 1447 non
3538 1397 3627 1447 est
3655 1392 3714 1446 in

2075 1485 2360 1552 potestate
2391 1480 2648 1536 hominis
2682 1480 2795 1535 vita
2816 1481 2960 1550 ejus,
2987 1480 3190 1535 multis
3216 1480 3605 1535 incommodis
3631 1498 3721 1535 ur-

2074 1568 2365 1641 gentibus,
2392 1585 2484 1624 me
2507 1585 2661 1623 nunc
2684 1568 2793 1623 hoc
2819 1569 3089 1639 perficere
3113 1568 3354 1623 minime
3371 1567 3721 1631 libet,donec

2075 1661 2282 1728 optatae
2314 1658 2471 1728 pacis
2503 1664 2559 1712 et
2589 1657 3013 1728 tranquilitatis
3037 1662 3270 1728 tempus
3288 1656 3722 1712 adveniat.Gra-

2076 1745 2185 1801 tias
2212 1752 2408 1802 tamen
2439 1753 2498 1802 et
2528 1746 2586 1801 in
2619 1747 2912 1818 prosperis
2966 1751 3023 1801 et
3075 1746 3135 1801 in
3185 1746 3445 1802 adversis
3492 1761 3724 1817 semper

320 1840 449 1891 tum
471 1837 560 1891 est
590 1839 768 1906 utpro
790 1833 999 1889 comite
1014 1832 1367 1901 Burchardo,
1391 1833 1491 1905 qui
1506 1835 1960 1911 tantabeneﬁcia
1994 1883 2041 1947 B
2075 1851 2321 1907 agamus
2343 1836 2483 1891 Jesu
2507 1836 2754 1901 Christo,
2781 1840 3099 1906 sanctoque
3127 1834 3440 1903 Paracleto,
3468 1834 3568 1906 qui
3586 1833 3723 1889 vivit

321 1923 459 1947 L--:-
496 1922 746 1947 --_I--:...
780 1922 1020 1947 --.κιηιξι
1057 1927 1114 1947 .-ι
1141 1923 1388 1947 ,ηιμ-κ.--
1415 1939 1477 1947 -.-
1508 1923 1959 1947 __.._-_A:..-L_-I:
2076 1928 2125 1947 ,Α
2162 1929 2461 1947 ..--...-..-ι
2499 1942 2649 1947 ------..
2686 1925 2836 1947 Π----
2886 1923 3318 1947 Ξ-..12-.3-31..312ι-..
3361 1939 3465 1947 ..ρ-
3517 1926 3718 1947 --ι-...ιιι

320 1923 461 1979 huic
492 1922 748 1980 ecclesias
777 1922 1391 1994 contulit,utquisque
1411 1939 1479 1979 ex
1508 1923 1809 1994 praesentis
1827 1923 1961 1996 styli
1994 1922 2041 1947 υ
2073 1928 2130 1979 et
2160 1929 2466 1996 permanet
2487 1942 2652 1986 .unus
2683 1925 2839 1980 Deus
2886 1923 3319 1979 indivisibiliter
3361 1939 3465 1995 per
3513 1926 3725 1979 cuncta

319 2017 561 2069 narratu
583 2027 823 2068 noscere
851 2010 1291 2083 valet,provisor
1319 2011 1620 2079 Nobiliaci,
1645 2028 1748 2083 pro
1772 2010 1965 2068 Elisa-
2073 2011 2306 2068 saecula.
2340 2015 2545 2068 Amen.

1160 2170 1416 2209 EXPLICIT
1462 2171 1589 2208 VITA
1628 2170 1811 2209 DOMNI
1854 2170 2181 2210 BURCHARDI
2222 2172 2596 2211 VENERABILIS
2635 2172 2885 2211 COMITIS.

322 2306 3721 2348 ψ

1703 2467 1844 2507 ANNO
1883 2466 2083 2506 DOMINI
2123 2468 2327 2508 MLVIII.

1372 2627 2685 2829 ANSELMUS

1223 2930 1938 3027 CANONICUS
2037 2932 2822 3028 LEODIENSIS.

1632 3233 2415 3334 ANSBLMI

953 3421 1438 3569 HISTORIA
1526 3418 2265 3568 EPISCOPORUM
2350 3422 3087 3574 LEODIENSIUM.

309 3660 465 3734 (Vide
512 3662 878 3745 .Patrologiae
921 3663 1051 3748 torri.
1102 3661 1387 3748 ῼΧΧΧΙΧ,
1446 3664 1507 3748 in
1536 3661 1826 3748 Hsaicsao
1887 3661 2191 3748 Leqdiensz',
2251 3662 2321 3716 ad
2349 3665 2633 3748 an..1008,
2671 3664 2982 3748 Ansehnum
3012 3667 3080 3721 ab
3138 3672 3442 3748 [fen'geroj
3478 3680 3731 3748 quamvis

383 3732 549 3858 αηῗίξ
569 3732 977 3804 quinquaginta
987 3733 1287 3803 juniorem,
1315 3734 1537 3803 prapter
1563 3736 1773 3789 arctam
1803 3747 1929 3803 quae
1967 3734 2114 3788 inter
2163 3748 2297 3804 opus

387 3819 459 3860 no
484 3819 686 3859 mmus.

2079 3750 2114 3787 ir
2163 3748 2297 3804 apus
2344 3735 2632 3807 utriusque
2686 3739 2867 3791 exstat
2928 3732 3350 3816 connexioneh,
3407 3732 3726 3819 ἱίίᾒιιησένίέ

387 3820 667 3859 nomzmus
673 3846 686 3858 .

3112 3942 3279 3944 ,,_

1693 4069 1765 4106 AN
1773 4066 1840 4107 NO
1877 4067 2077 4108 DOMINI
2116 4069 2315 4108 MLVIII.

1683 4222 2335 4382 DBOGO

1098 4476 2142 4576 BELLOVACENSIS
2213 4481 2930 4580 EPISCOPUS.

1515 4764 1912 4839 NOTITIA
1965 4767 2505 4842 HISTORICA.

1218 4938 1423 5013 (Gallia
1450 4940 1777 5012 christiana,
1807 4960 1937 5001 nov.
1968 4944 2132 5000 edit..
2166 4949 2307 5001 tom.
2341 4945 2434 5014 IV,
2467 4962 2600 5019 pag.
2635 4949 2786 5021 708.)

376 5187 642 5246 Occurrit
695 5190 1136 5262 quamprimum
1193 5189 1384 5262 Drogo
1443 5207 1539 5247 an.
1603 5193 1764 5262 1035,
1812 5210 1950 5266 quo,
1983 5194 2028 5262 C
2067 5199 2207 5250 tom.
2252 5194 2296 5248 Ι.
2331 5209 2463 5270 pag.
2492 5195 2582 5262 50,
2611 5211 2705 5250 an.
2739 5196 2970 5253 circiter
3001 5201 3158 5269 1037,
3190 5198 3501 5260 ecclesiam
3542 5200 3726 5266 colle-

302 5275 653 5333 concedente
672 5277 1083 5350 Henricorege,
1109 5278 1372 5334 fundavit
1384 5295 1499 5335 non
1520 5280 1691 5354 longe
1711 5283 1784 5338 ab
1810 5284 1952 5340 urbe
2060 5283 2276 5355 giatam
2311 5283 2368 5338 S.
2399 5284 2731 5352 Laurentii;
2756 5291 2813 5341 et
2845 5288 3049 5343 eodem
3077 5306 3231 5347 anno
3253 5289 3371 5346 alia
3388 5290 3445 5349 S.
3470 5294 3718 5357 Bartho-

305 5364 731 5421 monasterium
758 5367 817 5422 S.
849 5365 1281 5439 Symphoriani.
1312 5370 1479 5424 Anno
1511 5371 1778 5442 sequenti
1837 5374 1952 5428 duo
2061 5371 2250 5426 lomaci
2302 5371 2607 5445 collegiata
2661 5376 2908 5433 fundata
2950 5382 3040 5433 est
3083 5379 3156 5434 ab
3208 5379 3446 5440 Hailone
3505 5384 3711 5451 milito.

302 5452 422 5511 alia
451 5455 807 5512 monasteria
834 5454 1218 5511 instauravit:
1243 5455 1573 5514 Flaviacum
1609 5476 1839 5533 nempe,
1874 5460 1953 5515 vi-
2060 5459 2307 5515 Henrico
2337 5477 2471 5533 rege
2500 5462 2906 5521 t’undationem
2962 5468 3369 5525 conﬁrmante.
3427 5474 3712 5538 Praeterea

303 5548 635 5612 rorum;et
689 5545 1007 5602 oratorium
1062 5545 1377 5619 virginum,
1439 5564 1595 5604 nunc
1656 5549 1714 5604 S.
1788 5549 1952 5605 Pauli
2060 5548 3705 5643 ejusconsiliomonachicumabbaterestitutisuntapud

303 5631 546 5690 nomine
594 5634 962 5707 insignitum.
1026 5635 1312 5692 Fundavit
1368 5636 1543 5693 etiam
1604 5654 1672 5693 ex
1694 5638 1949 5707 Luvetio,
2064 5634 2373 5694 Britolium
2395 5641 2452 5693 et
2472 5637 2597 5709 ipse
2628 5640 2788 5698 dedit
2819 5642 3115 5702 canonicis
3145 5646 3270 5704 suis
3324 5631 3605 5717 ecclesias.
3635 5661 3705 5716 de
