3966 6212
257 374 375 439 863

918 372 1315 439 DROGONIS
1356 374 1710 441 EPISCOPI
1754 376 2183 441 BELLOVAC.
2214 408 2295 426 --
2320 377 2710 447 EPISTOLA.
2747 379 2853 446 AD
2892 376 2997 443 W.

3534 373 3660 437 884

254 506 658 575 Haudivillari,
691 506 762 563 dc
792 504 992 564 Exulio
1023 510 1080 564 et
1107 506 1179 564 de
1208 510 1263 563 S.
1290 508 1567 578 Eusebia;
1594 509 1897 566 monachis
1927 512 1977 577 Α
2005 528 2157 584 papa
2185 516 2424 569 vocatus
2452 514 2525 569 ad
2547 511 2861 572 concilium
2882 512 3185 579 Remense,
3216 525 3321 568 nec
3348 507 3653 578 convenit,

250 614 384 653 vero
414 602 470 652 S.
502 595 735 651 Luciani
785 595 930 652 alias
989 595 1265 654 ecclesias
1318 614 1453 654 cum
1513 599 1791 654 comitatu
1841 603 1898 654 et

249 686 466 741 vicaria
493 684 762 750 Warlosi,
806 685 975 757 cujus
1044 685 1120 740 rei
1182 685 1444 742 chartam
1500 686 1682 743 babes
1740 688 1893 759 apud

250 775 555 831 Luvctium
590 778 729 829 tom.
768 775 837 846 II,
870 790 1000 847 pag.
1036 774 1152 830 l90.
1182 775 1347 831 Anno
1378 775 1517 831 1047
1546 776 1898 848 subscripsit

248 864 459 937 placito
493 862 777 919 Henricil
828 863 983 934 regis
1038 880 1140 935 pro
1199 863 1463 919 coenobio
1522 865 1581 920 S.
1636 865 1894 920 Medardi

248 951 688 1008 Suessionensis
720 952 1000 1007 adversus
1035 952 1347 1007 Robertum
1372 953 1782 1009 Codiacencem
1807 972 1820 1023 ;
1841 958 1897 1009 et

248 1040 546 1096 donationi
572 1039 834 1096 Balduini
855 1039 1185 1095 cancellarii
1206 1041 1261 1096 in
1284 1043 1534 1114 gratiam
1581 1042 1894 1098 monacho-

249 1146 377 1184 rum
392 1130 451 1185 S.
478 1128 731 1200 Priejecti
752 1128 1424 1202 Quintinopolitanorum
1454 1148 1605 1186 anno
1626 1131 1893 1204 sequenti

248 1218 434 1274 adfuit
461 1217 705 1274 concilio
722 1216 1159 1273 Silvanectcnsi.
1212 1219 1524 1275 ‘.nn01049
1543 1238 1577 1276 a
1610 1222 1796 1277 Leone
1824 1222 1894 1277 IX

2006 615 2111 655 nec
2142 599 2303 656 misit
2347 601 2819 671 excusationem;
2881 602 2983 659 sed
3040 603 3102 657 in
3152 598 3435 657 comitatu
3496 597 3652 671 regis

2004 705 2386 746 commanens
2414 690 2665 763 perrexit
2682 691 2753 746 ad
2778 690 2995 748 bellum
3020 705 3230 764 ;quarc
3250 687 3653 746 excommuni-

2005 783 2171 833 catus
2201 783 2291 834 est
2318 795 2451 834 cum
2509 779 2945 854 archiepiscopo
2977 778 3321 849 Senonensi,
3371 777 3653 857 episcopo

2002 866 2401 933 Ambianensi,
2433 871 2491 924 et
2516 868 2725 925 abbate
2748 870 2807 925 S.
2841 869 3121 925 Medardi.
3154 867 3266 923 Sed
3298 865 3474 939 paulo
3520 871 3658 938 post

2004 955 2079 1010 ab
2122 956 2724 1013 excommunicatione
2770 956 3033 1014 solutum
3085 956 3458 1028 conjicimus,
3516 971 3655 1011 nam

2000 1044 2314 1100 Ecclesium
2339 1062 2508 1102 suam
2537 1047 2863 1119 gubernare
2917 1045 3188 1120 perrexit,
3241 1046 3417 1116 atque
3468 1043 3529 1099 in
3587 1060 3658 1101 ea

2002 1133 2241 1206 pacifice
2278 1134 2431 1191 diem
2491 1134 2703 1191 clausit
2746 1139 3091 1193 extremum.
3145 1132 3373 1189 Obiisse
3430 1132 3650 1190 dicitur

2004 1239 2158 1279 anno
2180 1223 2336 1278 1058.

1529 1521 2379 1627 υηοθοπιε

727 1720 1337 1815 EPISTULA
1404 1721 1567 1813 AD
1639 1720 1775 1810 W.
1852 1720 2733 1817 COEPISCOPUM
2806 1724 3172 1820 SUUM.

1308 1926 1494 1998 (Apud
1528 1924 1719 1981 Baluz.
1748 1924 1984 1996 Capitul.
2010 1929 2151 1981 tom.
2180 1926 2249 1996 II,
2280 1925 2389 1983 col.
2416 1928 2577 1983 1549.

316 2162 600 2217 Consuttus
630 2178 665 2214 a
692 2158 1204 2231 Widoneepiscopo,
1227 2161 1288 2212 ut
1316 2157 1547 2231 ridetur,
1575 2156 1970 2231 Sitvanectensi
1996 2159 2130 2231 quid
2157 2159 2433 2230 agendum
2482 2162 2624 2230 foret
2667 2158 2732 2215 de
2778 2157 3104 2231 quibusdam
3163 2136 3477 2231 hominibus
3538 2177 3640 2231 qui

241 2232 567 2288 sacerdotem
596 2232 797 2286 acriter
825 2228 1264 2292 verberaverunt,
1296 2228 1575 2298 respondet
1599 2230 1743 2292 inter
1771 2230 1888 2284 alia
1916 2246 1987 2285 ex
2008 2228 2447 2300 Capitularibus,
2469 2228 2518 2286 et
2545 2234 2706 2300 caput
2718 2230 2797 2284 .98
2825 2229 2956 2300 libri
2974 2246 3061 2300 ivx.
3097 2233 3174 2285 De
3230 2228 3644 2289 sacerdotibus

240 2310 298 2361 et
325 2303 516 2360 levitis
546 2307 721 2375 atque
752 2301 1055 2357 monachis
1088 2300 1409 2356 interfectis
1441 2301 1525 2355 vel
1559 2299 1899 2371 debilitatis,
1929 2300 2000 2356 ad
2026 2299 2311 2358 sententis
2336 2317 2456 2360 suae
2481 2299 2852 2375 probationem
2880 2299 3121 2356 adducit.

314 2455 498 2512 Fratri
529 2459 586 2509 et
632 2453 972 2525 coepiscopo
1030 2453 1153 2522 W.,
1215 2456 1275 2505 D.
1295 2469 1309 2480 ν
1335 2449 1711 2506 Belvacorum
1760 2450 1878 2523 epi-
1909 2453 1957 2519 Β
1987 2451 2128 2507 eiter
2154 2451 2945 2507 emendentur.Postmodum
2965 2451 3176 2524 exigite
3197 2452 3269 2508 ab
3290 2450 3375 2508 eis
3398 2452 3649 2526 triginta

246 2561 481 2616 scopus.
515 2542 761 2598 salutem
774 2585 786 2596 .

313 2633 372 2687 Si
405 2648 497 2688 res
528 2631 609 2686 ita
653 2647 713 2686 se
772 2629 947 2685 habet
978 2634 1041 2684 ut
1098 2629 1260 2685 vobis
1311 2633 1502 2685 vester
1553 2627 1741 2683 fidelis
1798 2628 1883 2685 ill.

243 2721 520 2786 narravit,
555 2719 683 2774 illos
714 2718 1027 2791 sacrilegos
1059 2736 1172 2773 non
1192 2723 1311 2773 tam
1333 2718 1887 2774 excommunicastis

245 2827 422 2882 quam
469 2808 1004 2866 excommunicatos
1035 2824 1163 2863 esse
1193 2806 1603 2863 denuntiastis.
1632 2808 1777 2863 Nam
1837 2808 1884 2863 si

243 2899 506 2955 humana
562 2898 766 2970 lingua
816 2901 1024 2964 taceat,
1077 2896 1272 2951 divina
1323 2900 1517 2951 tamen
1572 2897 1889 2953 auctoritas

248 2993 381 3062 post
409 2991 705 3059 patratum
740 2984 1025 3058 ﬂagitium
1061 3001 1194 3039 mox
1225 2983 1355 3039 illos
1412 2984 1884 3041 anathematizat.

241 3077 403 3141 Quod
435 3092 502 3131 ex
535 3075 728 3130 verbis
752 3074 982 3130 Domini
1015 3072 1343 3145 colligimus
1373 3074 1457 3129 sic
1483 3073 1776 3146 loquentis
1815 3074 1884 3128 ad

241 3164 566 3237 discipulos
601 3180 778 3219 suos:
814 3164 920 3232 Qui
978 3178 1065 3217 ros
1120 3164 1329 3235 spernit
1354 3179 1443 3217 me
1494 3164 1723 3234 spernit.
1784 3163 1889 3230 Qui

249 3271 341 3310 vos
393 3254 592 3329 tangit,
654 3254 828 3323 tangit
878 3252 1151 3323 pupillam
1206 3252 1354 3306 oculi
1394 3255 1521 3306 mei.
1572 3251 1673 3307 lsti
1731 3250 1886 3305 enim

242 3343 507 3399 membra
527 3340 738 3397 Christi
771 3344 828 3395 et
855 3339 1139 3412 pupillam
1163 3340 1450 3395 Dominici
1473 3338 1627 3395 oculi
1650 3356 1762 3394 non
1792 3355 1886 3394 so-

241 3431 365 3487 lum
398 3429 945 3503 tetigerunt,sed,ut
975 3428 1170 3498 audio,
1185 3429 1395 3484 acriter
1412 3428 1882 3483 verberaverunt.

1992 2540 2175 2595 libras
2200 2556 2327 2610 qum
2342 2539 2535 2596 solent
2561 2540 2687 2595 dari
2714 2557 2817 2613 pro
2833 2539 3180 2596 infractione
3204 2540 3335 2596 atrii
3354 2538 3645 2598 ecclesias.

1993 2628 2176 2685 Multo
2196 2628 2355 2685 enim
2376 2628 2683 2701 pretiosior
2707 2632 2796 2685 est
2820 2626 2920 2684 Dei
2938 2628 3207 2684 minister
3225 2646 3403 2702 quam
3425 2630 3644 2686 atrium

1994 2717 2197 2790 templi
2217 2715 2306 2773 vel
2326 2717 2595 2790 parietes.
2620 2716 2901 2772 Praeterea
2914 2733 3175 2790 congrua
3192 2718 3536 2791 injungatur
3554 2719 3642 2777 eis

1996 2805 2337 2877 pmnitentia
2367 2810 2469 2862 aut
2497 2809 2721 2878 septem
2752 2809 2855 2862 aut
2874 2806 3136 2878 quinque
3160 2823 3473 2873 annorum,
3495 2811 3636 2864 utet

1994 2894 2091 2951 isti
2134 2894 2502 2968 corrigantur
2529 2897 2586 2950 et
2615 2893 2803 2950 caeteri
2833 2897 3056 2950 metum
3085 2893 3360 2951 habeant.
3404 2899 3521 2952 Hoc
3550 2901 3644 2953 est

1995 2986 2333 3056 excerptum
2345 2982 2589 3040 desexto
2620 2981 2768 3040 libro
2793 2982 3604 3056 Capituliarium,capitulo98
3627 3005 3641 3044 :

1996 3072 2059 3127 Si
2087 3074 2208 3144 quis
2235 3072 2564 3129 sacerdotem
2592 3073 2676 3128 vel
2704 3073 2929 3128 levitam
2957 3077 3053 3128 aut
3080 3074 3407 3130 monachum
3452 3073 3646 3130 debili-

1995 3163 2211 3227 taverit,
2237 3162 2404 3233 juxta
2422 3164 2625 3216 statuta
2650 3162 2905 3232 priorum
2949 3162 3320 3232 capitulorum
3366 3179 3487 3236 qum
3535 3164 3646 3236 legi

1995 3249 2195 3307 Salios:
2221 3253 2349 3304 sunt
2405 3248 2592 3304 addita
2647 3253 2951 3322 componat,
3010 3254 3063 3305 et
3117 3251 3343 3324 insuper
3397 3252 3644 3308 bannum

1993 3346 2258 3405 nostrum,
2290 3337 2347 3393 id
2377 3345 2456 3393 est
2482 3340 2775 3409 sexaginta
2801 3337 3002 3394 solidos
3031 3340 3187 3396 nobis
3235 3341 3530 3412 persolvat,
3586 3350 3641 3397 et

1992 3442 2153 3482 anna
2197 3427 2492 3498 relinquat,
2551 3430 2713 3499 atque
2768 3428 2830 3482 iu
2883 3430 3211 3484 monasterio
3266 3429 3450 3486 diebus
3501 3431 3638 3487 vita

245 3522 407 3578 Unde
428 3523 484 3576 et
504 3519 771 3592 protinus
792 3517 987 3573 divino
1009 3516 1657 3589 judiciocommunione
1678 3515 1886 3588 privati
1988 3521 2110 3572 suae
2158 3514 2258 3570 sub
2313 3514 2491 3571 ardua
2536 3517 2866 3588 paenitentia
2912 3516 3018 3572 Deo
3080 3519 3283 3573 serviat
3364 3535 3635 3590 nusquam

242 3610 496 3666 fuerunt.
530 3607 637 3664 Ubi
668 3607 738 3663 de
787 3623 848 3662 re
902 3606 1159 3678 peritura
1217 3606 1428 3678 agitur,
1487 3605 1691 3660 dandas
1747 3608 1888 3660 sunt
1986 3607 2108 3675 post
2143 3603 2585 3661 modumszculo
2613 3604 2696 3659 vel
2724 3604 3083 3660 saecularibus
3117 3607 3476 3675 militaturus,
3535 3623 3633 3664 ne-

240 3699 480 3755 forsitan
514 3697 571 3752 in
605 3696 959 3769 quibusdam
993 3694 1241 3768 negotiis
1276 3695 1482 3749 harum
1513 3693 1882 3750 vacationum

1993 3707 2098 3764 que
2116 3707 2345 3749 uxorem
2371 3692 2742 3764 caputaturus.

239 3786 567 3842 dilationes.
624 3762 864 3851 Quando
895 3762 1098 3839 autem
1121 3783 1231 3838 hoc
1259 3781 1374 3837 tale
1418 3786 1474 3838 et
1520 3785 1641 3837 tam
1691 3783 1880 3839 maxi-
1912 3824 1955 3891 Ο
2000 3762 2015 3764 ἡ
2063 3776 2349 3853 Tempore
2372 3762 2646 3837 Ludovici
2677 3781 2852 3855 regis,
2888 3781 3071 3855 patris
3118 3781 3400 3854 Lotharii,
3452 3762 3638 3840 t‘ertur

240 3892 403 3930 mum
434 3873 818 3930 committitur
848 3871 1241 3946 sacrilegium,
1271 3871 1328 3926 in
1363 3888 1478 3943 quo
1521 3887 1724 3927 verum
1782 3872 1879 3927 Dei
1913 3870 1955 3891 “'
1992 3870 2274 3943 quiddam
2305 3875 2523 3926 actum.
2547 3872 2699 3927 Cum
2722 3870 2961 3944 quidam
2992 3870 3080 3926 ira
3109 3876 3409 3944 permotus
3430 3890 3635 3945 quem-

238 3962 526 4036 templum
544 3979 659 4017 non
675 3978 853 4017 manu
863 3964 1078 4017 factum
1092 3959 1307 4015 violatu
1317 3960 1570 4027 r,eodcm
1585 3966 1882 4017 momento

239 4058 508 4124 operator
536 4049 1057 4122 hujusi‘niquitatis
1080 4063 1193 4105 non
1217 4052 1445 4104 tantum
1470 4065 1605 4105 reus
1634 4050 1887 4105 efﬁcitur

238 4138 882 4208 excommunicationis,
915 4139 1016 4194 sed
1042 4139 1217 4193 etiam
1251 4135 1504 4208 alicujus
1525 4137 1722 4211 magni
1744 4154 1885 4209 sup-

238 4228 397 4301 plicii
428 4229 585 4300 quod
617 4229 802 4300 possit
842 4232 900 4283 et
954 4227 1142 4298 ipsam
1203 4242 1480 4299 superare
1532 4226 1882 4297 gehennam.

239 4319 411 4374 Recte
441 4317 621 4389 igitur
649 4333 747 4372 eos
795 4318 1018 4387 absque
1073 4314 1355 4371 dilatione
1412 4314 1885 4370 excommunica-

240 4405 348 4463 stis
406 4404 508 4477 qui
591 4421 706 4459 non
790 4393 1118 4459 timuerunt
1184 4403 1492 4459 extendere
1549 4418 1761 4458 manus
1825 4402 1884 4457 in

238 4498 474 4550 sanctos
521 4493 643 4549 Dei.
694 4494 854 4558 Quod
889 4492 937 4548 si
992 4495 1288 4563 qumratur
1340 4491 1637 4562 quomodo
1695 4489 1886 4562 puniti

237 4582 324 4638 vel
355 4581 570 4654 corripi
600 4582 869 4646 debeant,
903 4580 1133 4652 expedit
1177 4579 1261 4634 eis
1316 4582 1382 4633 ut
1410 4577 1566 4634 mola
1632 4579 1889 4635 asinaria

238 4671 460 4745 gravati
492 4672 907 4741 demergantur
933 4668 991 4722 in
1025 4667 1382 4739 profundum
1407 4668 1606 4736 maris,
1639 4667 1738 4739 qui
1802 4668 1883 4722 fa-

237 4759 417 4816 mulis
447 4759 662 4815 Christi
686 4756 1031 4814 scandalum
1064 4756 1382 4811 inferentes
1411 4754 1750 4811 verberibus
1788 4771 1888 4812 eos

236 4854 295 4904 et
332 4848 706 4904 contumeliis
738 4846 1087 4902 afﬂixerunt.
1123 4845 1300 4917 Leges
1330 4845 1887 4917 quoquemundanm

236 4939 296 4993 in
326 4936 763 5009 Capitularibus
796 4932 1503 5006 praecipiunthujusmodi
1526 4937 1630 4989 aut
1654 4932 1888 5006 capitali

235 5027 529 5085 sententia
554 5024 773 5098 puniri,
806 5027 908 5079 aut
938 5021 1139 5078 exsilio
1168 5020 1484 5094 deportari,
1517 5026 1620 5077 aut
1676 5039 1890 5079 manus

236 5115 666 5171 incontinenter
689 5117 961 5168 extensae
991 5110 1245 5184 praecidi,
1279 5114 1381 5166 aut
1405 5111 1686 5182 depositis
1735 5111 1890 5167 mili-

1992 3959 2129 4015 dam
2158 3960 2520 4015 sacerdotem
2550 3958 2915 4031 gravissimis
2936 3959 3207 4015 aﬁ‘ectum
3232 3958 3470 4032 injuriis
3490 3965 3547 4018 et
3566 3963 3639 4018 ad

1993 4050 2316 4104 extremum
2345 4045 2537 4119 plagis
2577 4063 2692 4104 non
2738 4046 2972 4103 timeret
3027 4047 3286 4105 lacerare
3342 4049 3641 4123 plurimis,

1992 4140 2239 4207 uterque
2268 4151 2464 4191 coram
2510 4134 2670 4208 regia
2726 4151 2975 4192 censura
3021 4136 3304 4194 reductus
3361 4142 3470 4194 est.
3532 4139 3643 4205 Qui

1995 4223 2309 4297 diligenter
2338 4238 2577 4278 causam
2609 4223 2973 4290 examinans,
3005 4223 3221 4280 Christi
3245 4225 3536 4283 ministris
3578 4232 3646 4282 ut

1995 4311 2226 4368 doceret
2254 4327 2487 4367 omnem
2526 4309 2918 4368 exhibendam
2979 4313 3382 4383 reverentiam,
3437 4331 3646 4371 omnes

1994 4400 2441 4455 circumstantes
2461 4399 2571 4455 sibi
2604 4400 2688 4454 sic
2719 4398 3009 4455 allocutus
3039 4403 3129 4455 est
3155 4417 3169 4455 :
3204 4423 3234 4451 «
3260 4401 3487 4471 Omnis,
3557 4403 3646 4459 in-

1995 4488 2142 4561 quit,
2165 4492 2380 4544 nostraa
2400 4487 2703 4561 religionis
2731 4487 2926 4545 cultus
2957 4504 3060 4560 per
3089 4490 3461 4548 sacerdotum
3509 4493 3640 4549 ofﬁ-

1996 4577 2086 4633 cia
2112 4576 2582 4649 percelebratur;
2617 4575 2865 4648 ideoque
2887 4575 2971 4632 eis
3024 4577 3384 4636 omnimodis
3443 4579 3643 4637 cultus

1994 4665 2332 4722 reverentiae
2361 4664 2568 4721 divinas
2591 4665 2914 4732 exhibetur,
2948 4682 3065 4721 non
3092 4682 3295 4723 eorum
3325 4666 3643 4741 aliquando

1994 4755 2107 4811 hoc
2133 4754 2399 4828 exigente
2427 4753 2557 4810 vitae
2605 4753 2835 4820 merito,
2893 4754 2994 4811 sed
3028 4758 3094 4810 ut
3127 4755 3183 4810 in
3236 4756 3322 4812 eis
3376 4756 3644 4812 videatur

1996 4858 2030 4898 a
2054 4843 2224 4899 nobis
2262 4838 2657 4915 obtemperari
2687 4842 2940 4900 Christo.
2975 4843 3138 4900 Unde
3188 4843 3343 4900 hunc
3394 4844 3494 4916 qui
3551 4844 3639 4900 sic

1994 4922 2452 5005 intemperanter
2507 4931 2782 4989 efferatus
2837 4932 2897 4987 in
2957 4932 3059 4989 Dei
3119 4932 3475 4988 sacerdotem
3547 4938 3644 4989 est

1997 5020 2336 5087 deductum,
2397 5036 2603 5077 censeo
2652 5020 2724 5075 ad
2782 5020 3010 5076 arboris
3068 5020 3332 5093 stipitem
3405 5020 3644 5094 stringi,

1996 5109 2156 5165 omni
2209 5107 2691 5179 vestimentorum
2749 5108 3022 5181 adempto
3070 5109 3386 5167 tutamine.
3426 5134 3447 5160 ι
3494 5110 3645 5168 Cum

234 5204 460 5259 laribus
491 5203 673 5258 armis
706 5203 764 5256 in
799 5198 1174 5265 monasterio,
1209 5200 1319 5254 sub
1352 5203 1631 5271 perpetua
1663 5201 1882 5256 retrudi
1916 5192 1961 5258 D
1992 5198 2190 5269 itaque
2214 5199 2383 5270 juxta
2404 5198 2557 5270 regis
2588 5196 2939 5254 sententiam
2976 5198 3465 5270 comprehensus,
3520 5217 3634 5256 nu-

235 5291 599 5364 poanitentia.
636 5294 707 5346 At
735 5291 897 5346 vobis
927 5306 1031 5361 pro
1055 5293 1317 5361 tempore
1346 5291 1403 5343 et
1433 5288 1695 5344 smculari
1745 5306 1881 5344 con-

236 5380 549 5436 suetudine
581 5380 782 5435 mitins
812 5379 920 5434 erit
952 5377 1267 5451 agendum,
1297 5375 1565 5431 videlicet
1611 5381 1675 5432 ut
1719 5378 1884 5449 prius

234 5466 401 5521 vobis
423 5467 764 5522 emendetur
778 5483 973 5521 excom
985 5482 1036 5520 m
1049 5464 1300 5520 unicatio
1327 5482 1340 5532 ;
1363 5463 1574 5520 deinde
1587 5464 1882 5537 capitalia,

239 5554 289 5608 si
322 5553 515 5605 ablata
546 5554 682 5616 sint,
716 5571 849 5609 cum
883 5554 1007 5624 lege
1039 5552 1252 5624 triplici
1310 5552 1667 5608 reddandur.
1728 5555 1884 5610 lctus

238 5653 474 5713 quoque
495 5639 711 5710 singuli
743 5646 800 5694 et
822 5641 1133 5711 pensiones
1146 5639 1668 5714 secundumlegem
1690 5640 1884 5715 tripli-

1992 5287 2167 5343 datus
2212 5286 2283 5342 ad
2308 5285 2576 5343 arborem
2605 5284 2746 5342 foris
2775 5284 2985 5343 fuisset
3037 5288 3416 5358 constrictus,
3469 5292 3644 5346 tanta

1990 5374 2210 5431 ibidem
2228 5374 2476 5430 refertur
2505 5373 3076 5445 repenteadvenisse
3097 5377 3456 5449 permolesta
3486 5376 3648 5435 mul-

1991 5464 2182 5520 titudo
2213 5478 2552 5518 muscarum
2581 5466 2646 5519 ut
2692 5466 3076 5535 antequam...
3118 5480 3219 5523 rex
3272 5467 3513 5525 fecisset
3557 5484 3650 5524 re-

1995 5550 2263 5627 grediens
2285 5549 2649 5620 milliarium,
2685 5566 2857 5609 omne
2886 5567 3098 5624 corpus
3147 5555 3278 5626 ejus
3308 5560 3651 5614 comestum

1997 5640 2337 5698 referretur.
