3966 6212
194 342 311 402 867
1507 330 1896 410 STEPHANI
1940 349 1988 409 x
2032 350 2281 414 pAp/s.
3477 357 3603 419 ses

193 476 363 564 domo
396 474 561 564 ducis
580 475 985 550 Lotharingias,
1007 476 1345 534 Gothelonis
1378 479 1544 533 ducis
1579 480 1751 543 ﬁlius,
1784 485 1839 535 ct
1870 483 1917 547 Α
1954 482 2183 537 nalilms
2217 487 2490 543 munibus
2515 506 2647 544 cum
2671 490 2824 547 clero
2855 490 3187 564 populoque
3216 492 3477 544 Romano
3517 489 3590 543 ad

190 563 511 617 Uothii‘redi
546 564 616 618 IV
647 565 843 638 magni
864 566 1032 623 ducis
1064 567 1259 633 frater,
1292 568 1449 639 regio
1481 569 1833 625 Francorum

187 666 397 719 genere
427 651 732 722 oriundus,
768 655 1000 711 natione
1029 655 1252 727 Gallus,
1284 655 1625 712 liberalibus
1656 659 1838 713 disci-

188 738 365 809 plinis
393 756 427 794 a
456 757 635 812 puero
657 742 1004 810 instructus,
1032 749 1089 799 et
1108 744 1515 800 ecclesiasticis
1536 746 1833 818 obsequiis

186 828 460 895 traditus,
497 830 685 900 primo
717 832 873 886 enim
906 834 1225 889 canonicus
1256 833 1542 905 regularis
1574 836 1631 889 S.
1670 837 1831 890 Lam-

185 917 332 987 perti
379 916 438 972 in
484 918 858 991 Lothariugia
921 922 1128 977 factus.
1178 923 1309 976 Mox
1364 940 1397 977 a
1457 924 1625 978 beato
1684 940 1833 996 papa

181 1005 364 1061 Leone
415 1005 770 1063 Xdiaconus
816 1010 1151 1075 cardinalis,
1203 1017 1259 1065 et
1289 1011 1621 1082 apostolica:
1674 1013 1830 1068 sedis

181 1093 564 1151 cancellarius
594 1103 845 1163 creatus,
888 1098 1454 1170 Constantinopolim
1486 1098 1712 1171 legatus
1759 1102 1830 1156 de

181 1180 359 1237 latere
388 1200 520 1239 cum
558 1186 872 1241 [lumberto
899 1185 1169 1258 episcopo
1192 1172 1471 1242 cardinali
1497 1187 1663 1242 Silvae
1689 1190 1831 1244 Can-

179 1271 327 1325 dida:
355 1272 593 1340 missus,
623 1273 955 1329 Grmcorum
979 1291 1205 1330 errores
1236 1276 1573 1330 confutavit.
1608 1277 1828 1332 Deinde

180 1360 237 1414 in
278 1362 483 1417 urbem
531 1378 819 1430 reversus,
852 1367 1081 1419 mortuo
1129 1381 1279 1436 papa
1308 1365 1499 1420 Leone
1530 1381 1706 1430 nono,
1753 1367 1823 1421 ad

180 1449 601 1505 monasterium
644 1451 959 1508 Casinense
991 1454 1285 1524 profectus
1316 1458 1424 1521 est,
1460 1454 1555 1508 ubi
1589 1460 1825 1525 sumpto

177 1538 377 1608 (quam
410 1555 444 1594 a
464 1555 642 1610 puero
664 1556 898 1612 semper
917 1540 1175 1613 amavit),
1200 1541 1498 1613 religionis
1519 1542 1705 1598 sancti
1731 1547 1826 1598 Be-

178 1626 394 1682 nedicti
424 1626 655 1698 habitu,
708 1629 925 1684 ibidem
973 1646 1076 1701 per
1104 1629 1342 1701 aliquod
1378 1636 1611 1702 tempus
1643 1632 1821 1686 vitant

175 1716 475 1789 transegit.
512 1717 754 1773 Biennio
777 1734 909 1773 vero
939 1719 1012 1774 ab
1035 1720 1162 1789 ejus
1194 1719 1463 1791 ingressu
1484 1720 1576 1774 vix
1598 1725 1819 1786 exacto,

1942 589 2075 626 eum
2101 576 2550 642 conﬂuentibus,
2587 578 2645 634 in
2674 579 2953 636 Vaticano
2983 595 3198 652 magna
3236 577 3587 633 caeremonia

1943 670 2306 718 consecrant.
2331 666 2508 735 Sedit,
2531 669 2881 740 Imperatore
2896 668 3140 725 Henrico
3161 670 3390 740 quarto,
3421 681 3592 722 men-

1942 766 2039 807 ses
2068 769 2172 818 vrr,
2205 753 2329 810 dies
2348 772 2546 811 xxvm.

2012 844 2182 896 Anno
2220 842 2533 900 Dominicis
2580 846 2907 903 Nativitatis
2954 848 3113 912 4057,
3147 845 3240 901 die
3289 862 3352 901 ιιι
3390 845 3592 902 Nonas

1938 929 2207 1000 Augusti,
2233 931 2410 987 altero
2431 940 2563 1005 post
2583 935 2925 992 electionem
2945 937 3059 1001 die,
3079 937 3138 990 in
3159 934 3400 992 basilica
3421 934 3589 991 Prin-

1940 1016 2086 1087 cipis
2108 1020 2528 1090 apostolorum,
2557 1024 2615 1077 in
2640 1024 2979 1096 episcOpum
3003 1029 3060 1080 et
3080 1023 3412 1095 pontiﬁcem
3436 1040 3594 1096 papa

1941 1106 2273 1177 Stephanus
2320 1109 2364 1163 X
2394 1111 2588 1166 Romae
2618 1118 2990 1169 consecratus
3020 1119 3129 1179 est,
3171 1129 3289 1168 suae
3332 1128 3579 1169 corona-

1936 1193 2115 1250 tionis
2145 1195 2400 1268 insignia
2424 1201 2683 1272 suscepit
2706 1218 2807 1273 per
2823 1201 3192 1258 Mainardum
3219 1201 3278 1257 S.
3303 1202 3370 1257 R.
3404 1202 3466 1257 E.
3501 1218 3591 1258 ar-

1937 1282 2368 1341 chidiaconum.

2005 1374 2335 1445 Stephanus
2359 1378 2697 1448 pontificatu
2724 1380 2892 1448 inito,
2914 1380 3204 1453 extemplo
3224 1379 3485 1453 legatum
3511 1382 3586 1439 ad

1933 1463 2213 1533 Agnetem
2232 1466 2580 1537 Augustam,
2603 1468 2831 1524 Henrici
2865 1470 3059 1541 quarti
3081 1472 3351 1535 matrem,
3383 1468 3578 1527 Hilde-

1933 1550 2227 1607 brandum
2246 1553 2427 1625 misit,
2452 1556 2552 1627 qui
2575 1556 2645 1612 de
2675 1558 2850 1613 rebus
2879 1558 3025 1615 actis
3056 1575 3184 1616 eam
3218 1560 3471 1629 doceret,
3501 1564 3581 1617 at-

1933 1655 2047 1709 que
2075 1640 2211 1695 inde
2241 1642 2313 1695 ad
2345 1644 2837 1715 prosequendam,
2870 1662 2998 1717 quas
3028 1647 3300 1705 instituta
3327 1650 3470 1717 erat,
3502 1664 3587 1704 re-

1930 1726 2341 1784 formationem
2373 1730 2643 1787 Ecclesiaa
2675 1748 2737 1789 se
2766 1736 3067 1792 convertit.
3117 1736 3395 1794 Restabat
3421 1736 3581 1794 enim

174 1804 506 1909 tricesimus
536 1806 824 1909 sextus‘in
849 1807 1078 1864 abbatis
1113 1808 1342 1906 Roberti
1377 1808 1693 1906 demortui,
1717 1809 1816 1880 qui
1851 1845 1898 1909 Β
1930 1814 2139 1887 ingens
2173 1833 2308 1872 cum
2342 1818 2468 1889 ipso
2498 1820 2745 1877 Henrico
2771 1823 2900 1894 ejus
2922 1823 3042 1880 filio
3064 1829 3381 1894 certamen,
3414 1823 3517 1899 qui
3549 1842 3587 1882 a

172 1893 339 1950 illum
373 1901 724 1968 susceperat,
750 1896 964 1961 locum,
989 1898 1170 1951 abbas
1188 1896 1519 1952 Casinensis
1550 1898 1817 1952 omnium

174 1984 593 2040 monachorum
628 2000 917 2040 consensu
956 1985 1318 2058 designatus.
1368 1985 1474 2040 Pro
1514 2002 1815 2041 consecra-

170 2072 325 2127 tione
354 2078 573 2139 autem,
605 2077 671 2128 ut
698 2090 827 2128 mos
848 2077 991 2141 erat,
1015 2074 1088 2129 ad
1120 2074 1450 2129 Romanum
1484 2074 1816 2146 pontiﬁcem

171 2160 459 2216 Victorem
491 2162 836 2228 secundum,
865 2161 967 2233 qui
998 2166 1124 2216 tum
1156 2161 1457 2217 Florentiae
1490 2179 1815 2219 commora-

171 2250 362 2317 batur,
386 2251 645 2318 veniens,
662 2254 789 2306 octo
810 2251 1113 2306 monachis
1133 2251 1466 2316 comitatus,
1491 2268 1603 2306 non
1625 2250 1816 2307 solum

172 2338 229 2393 in
271 2339 541 2395 abbatem
571 2339 951 2396 Casinensem
982 2345 1070 2394 est
1100 2344 1497 2407 consecratus,
1528 2356 1728 2395 verum
1761 2345 1818 2396 et

168 2428 468 2500 presbyter
526 2427 841 2483 cardinalis
889 2428 949 2482 in
995 2428 1165 2482 titulo
1201 2428 1417 2499 .Sancti
1458 2428 1815 2501 Chrysogoni

170 2517 474 2572 ordinatus
490 2518 649 2572 est.A
663 2534 694 2588 q
707 2534 777 2571 uo
791 2517 862 2571 ad
882 2516 1302 2572 monasterium
1322 2517 1817 2574 suumCasinenee

172 2622 510 2661 reversurus
532 2604 859 2674 discedens,
888 2621 1021 2659 cum
1045 2605 1290 2661 Romam
1312 2605 1587 2674 venisset,
1615 2605 1812 2661 statim

172 2694 363 2750 obitus
385 2710 547 2766 papa
576 2692 825 2749 Victoris
855 2693 1095 2749 secundi
1128 2694 1496 2749 renuntiatus
1524 2700 1631 2751 est.

240 2783 359 2839 Hoc
390 2782 594 2838 nuntio
628 2783 874 2838 Romam
898 2781 1092 2851 allato,
1129 2783 1372 2839 Romani
1401 2784 1688 2855 extemplo
1719 2802 1813 2841 co-

172 2872 335 2927 mitia
357 2871 727 2943 subrogando
751 2870 1007 2943 pontifici
1034 2871 1383 2942 habuerunt,
1416 2872 1495 2927 ibi
1527 2872 1660 2929 aliis
1692 2873 1814 2928 Hil-

170 2961 560 3028 debrandum,
592 2959 693 3032 qui
725 2977 858 3015 cum
898 2959 1127 3016 Victore
1158 2966 1301 3029 erat,
1335 2963 1812 3034 exspectandum,

170 3048 303 3105 aliis
315 3064 541 3104 moram
557 3047 781 3103 nullam
801 3047 1029 3102 comitis
1048 3048 1529 3120 interponendam
1546 3066 1675 3105 esse
1686 3066 1815 3105 cen-

170 3138 458 3193 sentibus.
487 3138 702 3193 Omnes
732 3137 968 3191 demum
994 3154 1107 3193 uno
1134 3154 1420 3193 consensu
1454 3139 1811 3194 Fridericum

167 3228 363 3299 ipsum
376 3225 1043 3290 cardinalem,exTuscia
1055 3226 1181 3298 ipsa
1192 3227 1366 3299 paulo
1378 3232 1510 3282 ante
1524 3244 1813 3282 reversum

168 3316 407 3381 adeunt,
451 3332 703 3387 eumque
740 3332 841 3387 per
878 3315 994 3370 vim
1025 3332 1093 3369 ex
1122 3315 1375 3388 hospitio
1414 3317 1710 3384 eductum,
1744 3317 1814 3370 ad

168 3405 469 3461 basilicam
501 3404 697 3460 Sancti
738 3404 888 3460 Petri
932 3404 1003 3459 ad
1056 3404 1300 3460 Vincula
1329 3405 1593 3470 trahunt,
1641 3411 1815 3475 atque

167 3494 500 3567 pontificem
521 3493 735 3550 lectum
756 3494 1115 3566 Stephanum
1145 3495 1379 3550 nomine
1398 3493 1729 3565 appellant;
1765 3494 1815 3549 is

166 3584 324 3639 enim
353 3582 477 3639 dies
508 3588 631 3639 erat
658 3601 713 3639 ιν
742 3583 937 3639 Nonas
966 3584 1239 3656 Augusti,
1265 3600 1380 3655 quo
1406 3583 1498 3637 die
1531 3583 1816 3637 memoria

168 3672 354 3728 sancti
403 3671 681 3744 Stephani
737 3672 1031 3744 pontificis
1069 3677 1125 3727 et
1151 3670 1425 3743 martyris
1455 3671 1527 3726 ab
1561 3669 1814 3725 Ecclesia

167 3760 397 3817 colitur.
412 3759 751 3832 Atqueinde
764 3760 1181 3832 plaudentibus
1203 3760 1479 3815 omnibus
1493 3760 1562 3814 ad
1586 3760 1812 3815 Latera-

170 3868 309 3906 num
342 3851 669 3921 deducunt;
702 3851 979 3922 postridie
1007 3868 1138 3908 vero
1159 3850 1252 3907 die
1283 3849 1585 3906 Dominico
1616 3849 1807 3905 cardi-

1931 1903 2321 1961 familiaribus
2353 1908 2724 1980 depravatus,
2754 1911 3028 1969 ecclesias
3060 1930 3172 1969 non
3212 1913 3284 1969 iis
3315 1913 3415 1986 qui
3445 1912 3587 1985 plus

1928 1991 2256 2048 litterarum
2275 2011 2339 2049 ac
2363 1996 2491 2051 vitae
2509 1996 2679 2055 laude
2700 2004 3006 2069 mererent,
3032 2001 3132 2057 sed
3156 2000 3254 2073 qui
3276 2000 3408 2072 plus
3426 2016 3582 2057 mer-

1926 2080 2085 2135 cedis
2131 2098 2199 2136 ac
2249 2085 2505 2154 pecuniae
2555 2086 2963 2157 praebuissent,
3013 2090 3214 2157 aperta
3270 2101 3576 2141 sacrorum

1927 2169 2370 2238 nundinatione,
2404 2174 2649 2228 vendere
2679 2173 3033 2230 instituerat.
3081 2175 3341 2239 Quatuor
3388 2173 3577 2247 igitur

1926 2274 2158 2314 menses
2184 2259 2375 2314 Romae
2399 2264 2679 2325 moratus,
2703 2276 2908 2317 omnes
2928 2262 2988 2317 in
3011 2262 3105 2318 his
3122 2261 3583 2335 cogitationibus

1925 2345 2304 2418 consiliisque
2324 2349 2710 2420 consumpsit,
2738 2349 2956 2419 quibus
2971 2354 3030 2407 et
3049 2350 3365 2407 Henricum
3384 2348 3571 2405 Simo-

1925 2434 2102 2493 niacts
2132 2435 2369 2491 haeresis
2396 2435 2740 2493 insimulare
2767 2455 2832 2493 ac
2855 2438 3074 2495 factum
3087 2440 3218 2510 ejus
3238 2454 3445 2511 aspero
3474 2438 3578 2495 de-

1924 2527 2078 2578 creto
2101 2528 2300 2579 notare
2322 2540 2436 2579 non
2459 2524 2767 2595 dubitavit,
2790 2532 2849 2580 et
2869 2527 3032 2581 novis
3053 2525 3578 2583 constitutionibus

1925 2610 2266 2667 clericorum
2290 2611 2771 2670 incontinentiam
2797 2621 2854 2670 et
2874 2614 3448 2688 consanguineorum
3467 2632 3575 2671 nu-

1924 2700 2077 2772 ptias
2107 2700 2423 2759 interdixit.

1995 2788 2328 2860 Stephanus
2370 2790 2415 2845 X
2454 2792 2743 2862 synodum
2790 2794 3053 2848 Laterani
3098 2793 3469 2867 congregavit
3510 2793 3571 2850 in

1923 2876 2796 2948 quaEcclesiaMediolanensis,
2815 2898 2941 2953 qua:
2958 2882 3249 2954 superbiae
3265 2883 3417 2938 fastu
3440 2887 3575 2940 ante

1923 2966 2204 3020 ducentos
2252 2966 2431 3020 ferme
2477 2984 2660 3023 annos
2692 2987 2725 3023 a
2758 2970 3020 3025 Romana
3058 2986 3121 3025 se
3149 2971 3569 3040 substraxerat,

1924 3054 2293 3109 Hildebrandi
2346 3058 2632 3127 praecipue
2661 3074 2855 3128 cpera,
2888 3076 3045 3114 nunc
3075 3060 3314 3115 demum
3354 3059 3577 3116 obtem-

1926 3159 2125 3214 perare
2156 3142 2366 3197 iterum
2398 3146 2572 3216 coepit
2613 3153 2676 3200 ut
2708 3162 2837 3201 vere
2869 3148 3135 3203 omnium
3176 3147 3569 3204 Eeclesiarum

1848 3210 1889 3275 Ο
1926 3210 2101 3285 matri
2132 3236 2189 3286 et
2224 3210 2538 3303 magistrae,
2572 3251 2748 3305 quam
2789 3239 2990 3306 postea
3019 3237 3099 3291 ita
3128 3236 3473 3305 observavit,
3505 3241 3575 3313 ut

1924 3318 2197 3390 legitimis
2231 3319 2361 3374 tiliae
2394 3321 2720 3391 piissimam
2750 3326 2998 3379 matrem
3039 3324 3226 3381 colere
3260 3341 3570 3382 consueve-

1924 3414 2079 3461 runt.

1995 3497 2157 3550 Anno
2187 3494 2497 3551 Dominicaa
2520 3498 2851 3555 Nativitatis
2880 3499 3019 3555 4058
3049 3499 3144 3555 die
3163 3517 3221 3555 ιν
3246 3498 3369 3556 Kal.
3399 3499 3569 3572 Apri-

1923 3583 1994 3638 lis
2026 3584 2324 3640 Florentia:
2354 3591 2625 3642 mortuus
2654 3592 2745 3643 est
2772 3604 2923 3660 papa
2942 3588 3273 3661 Stephanus
3303 3589 3370 3657 X,
3399 3590 3573 3660 cujus

1922 3689 2133 3743 corpus
2165 3673 2381 3728 ibidem
2430 3674 2491 3730 in
2543 3674 2787 3733 ecclesia
2833 3676 3150 3733 cathedrali
3182 3678 3240 3733 S.
3275 3677 3576 3750 Reparate

1921 3760 2258 3833 sepulptum
2292 3766 2399 3818 est.

1990 3849 2228 3905 Vacavit
2257 3852 2424 3907 sedes
2457 3851 2580 3909 dies
2610 3855 2701 3908 28.

1358 4212 1843 4302 NOTITIA
1906 4212 2389 4304 ALTERA.

1309 4390 1506 4462 (Apud
1537 4390 1743 4457 Mmsr,
1778 4391 2136 4449 Conciliorom
2166 4395 2305 4448 tom.
2340 4391 2432 4464 X.)

1662 4550 2069 4562 -——__

236 4650 587 4724 Stephanus,
607 4655 777 4707 antea
802 4651 1128 4707 Fridericus
1152 4648 1497 4723 appellatus.
1524 4666 1587 4701 nx
1614 4651 1819 4706 abbate
1850 4656 1898 4718 [)
1928 4650 2200 4707 Candidas
2231 4652 2540 4724 episcopus
2563 4658 2619 4708 et
2639 4653 2977 4709 Desiderius
3002 4653 3184 4709 abbas
3210 4654 3578 4712 Cassinensis

168 4740 504 4798 Cassinensi
534 4744 591 4799 et
612 4739 907 4797 cardinale
930 4740 1287 4813 presbytero,
1320 4741 1617 4795 communi
1642 4739 1819 4795 totius

170 4831 306 4887 cleri
334 4847 625 4887 consensu
656 4830 875 4885 invitus
899 4829 1085 4884 factus
1106 4833 1195 4885 est
1213 4828 1486 4895 pontifex,
1511 4829 1690 4898 hujus
1717 4846 1818 4882 no-

173 4921 353 4976 minis
384 4936 597 4985 nonus,
649 4935 803 4974 anno
842 4918 1051 4973 Christi
1095 4916 1482 4988 redemptoris
1522 4918 1679 4984 1057,
1732 4935 1818 4972 re-

177 5014 395 5083 gnante
418 5008 662 5065 Henrico
694 5008 787 5064 1V.
826 5006 1050 5062 Habitis
1073 5005 1130 5060 in
1156 5005 1306 5061 Urbe
1354 5004 1628 5077 plurimis
1657 5022 1821 5062 conc-

174 5098 270 5155 liis
290 5102 493 5156 contra
524 5097 972 5154 concubinatum
1005 5094 1185 5152 aliave
1218 5094 1471 5166 plurima
1501 5094 1639 5151 vitia
1682 5095 1819 5152 cleri

174 5204 370 5245 mores
414 5186 679 5244 Ecclesiae
727 5186 1082 5242 reformavit.
1128 5184 1361 5239 Petrum
1421 5183 1688 5239 Damiani
1746 5186 1818 5240 ab

169 5293 366 5333 eremo
407 5276 770 5332 abstractum
822 5274 1037 5330 creavit
1085 5273 1426 5345 episcopum
1459 5272 1814 5328 cardinalezu

170 5365 607 5421 Ostiensem.Ad
625 5363 936 5419 Ecclesiam
956 5359 1655 5432 Constantinopolitanam
1669 5362 1820 5417 schi-

170 5457 358 5509 smate
389 5452 637 5508 divisam
661 5452 957 5508 catholicae
980 5457 1035 5508 et
1056 5449 1388 5523 apostolicis
1419 5451 1818 5506 communioni

169 5540 621 5597 consociandam
667 5540 1016 5611 legationem
1062 5538 1224 5596 misit
1254 5538 1313 5592 in
1349 5537 1666 5605 Orientem,
1704 5555 1822 5610 qua

170 5627 567 5701 fungebantur
577 5626 907 5699 Stephanus
919 5624 1601 5698 cardinalis,Mainardus
1622 5628 1818 5687 Silves-

1931 4740 2290 4812 designatus.
2324 4741 2469 4797 Dato
2500 4740 2620 4797 illis
2636 4758 2832 4799 rerum
2864 4742 3224 4815 agendarum
3253 4742 3573 4799 commoni-

1929 4828 2099 4896 torio,
2126 4830 2387 4902 praecipit
2403 4835 2468 4885 ut
2482 4831 2925 4903 quamprimum
2948 4835 3186 4903 possent
3205 4829 3452 4885 reditum
3474 4844 3573 4901 pa-

1928 4918 2230 4974 rarent.De
2248 4918 2425 4975 futuri
2446 4918 2736 4991 pontificis
2753 4918 3030 4976 electione
3046 4920 3341 4975 decretum
3362 4916 3569 4986 edidit,

1928 5007 2083 5078 quod
2131 5007 2241 5062 Leo
2288 5006 2573 5063 Ostiensis
2614 5007 2708 5063 his
2738 5008 2928 5064 verbis
2963 5006 3314 5080 descripsit:
3363 5027 3391 5055 «
3433 5009 3575 5062 Post

1927 5095 2073 5162 hinc,
2106 5098 2477 5168 congregatis
2500 5097 2654 5151 intra
2672 5096 2974 5153 ecclesiam
3002 5095 3292 5169 episcOpis
3321 5098 3380 5151 et
3399 5092 3576 5161 clero,

1930 5184 2260 5257 populoque
2283 5186 2565 5252 Romano,
2590 5185 2699 5241 sub
2730 5185 2997 5241 districta
3012 5185 3191 5241 nimis
3221 5183 3573 5241 inhibitione

1928 5272 2255 5338 constituit,
2291 5278 2354 5329 ut
2382 5273 2453 5339 si,
2485 5278 2799 5345 antequam
2830 5272 3264 5329 Hildebrandus
3296 5272 3573 5328 Romana

1928 5368 2068 5418 tunc
2081 5360 2348 5417 Eccelsim
2371 5361 2769 5418 subdiaconus
2788 5363 2861 5418 ab
2881 5362 3274 5435 imperatrice,
3305 5361 3377 5417 ad
3397 5376 3578 5433 quam

1928 5468 2032 5523 pro
2045 5449 2401 5521 quihusdam
2414 5448 2743 5520 reipublica:
2758 5451 3005 5523 negotiis
3016 5448 3578 5506 communiconsilio

1929 5537 2292 5603 mittebatur,
2326 5535 2558 5606 rediret,
2580 5554 2642 5593 se
2663 5539 2812 5594 mori
2829 5538 3211 5612 contingeret,
3230 5536 3431 5594 nullus
3458 5553 3579 5593 om-

1928 5627 2067 5686 nino
2099 5639 2311 5701 papam
2326 5624 2538 5703 eligere
2551 5626 2787 5687 auderet
2807 5644 2821 5699 ;
2846 5629 2949 5688 sed
2970 5643 3159 5704 usque
3172 5626 3246 5691 ad
3265 5625 3430 5687 illius
3451 5626 3581 5685 red-
