3966 6212
377 363 482 421 871

1164 494 1234 548 ιι.

376 579 645 655 Stephani
670 581 711 634 X
736 580 885 655 bulla
914 598 1014 652 per
1069 598 1236 655 quam
1283 585 1576 655 conﬁrmat
1622 589 1758 643 clerz'
1784 592 2018 646 sarcula-

441 653 522 706 rz's
550 653 958 732 immunitatem
987 670 1019 709 α
1048 653 1400 710 saecularium
1426 662 1752 727 potestatum
1790 661 2020 732 judiciz‘s

440 731 494 778 et
522 724 801 778 oneribus.

992 815 1177 883 (Anno
1211 815 1395 886 1058.)

680 902 1034 971 [ΜΗΒΑἸῸΒΙ.
1079 903 1257 974 Antz’q.
1295 904 1417 958 Ital.
1450 905 1518 974 V,
1551 906 1704 980 973.]

434 1027 757 1082 STEPAANUS
788 1025 1117 1097 episcopus,
1151 1042 1355 1082 servus
1388 1045 1693 1087 servorum
1721 1033 1837 1100 Dei,
1870 1035 2012 1090 dile—

361 1116 642 1171 ctissimis
675 1116 730 1169 in
782 1114 1010 1169 Christo
1062 1114 1198 1170 ﬁliis
1255 1117 1532 1175 omnibus
1587 1123 2006 1193 sacerdotibus,

359 1204 570 1270 levitis,
597 1204 998 1274 universisque
1030 1204 1213 1259 sacris
1246 1206 1573 1275 ordinibus,
1624 1209 1789 1265 Lucas
1848 1228 2004 1268 com-

361 1292 751 1357 morantibus,
787 1308 892 1345 seu
941 1292 1013 1346 de
1069 1292 1345 1348 omnibus
1403 1295 1697 1366 plebibus,
1757 1299 2003 1370 clericis,

354 1380 660 1453 acolythis,
693 1380 1173 1449 subdiaconibus,
1225 1382 1590 1453 diaconibus,
1642 1390 1999 1461 presbyteris

354 1469 711 1524 suburbanis
742 1468 1018 1525 Lucensis
1057 1470 1449 1543 episcopatus,
1484 1480 1541 1530 et
1569 1476 1842 1533 omnibus
1874 1495 2002 1535 suc-

351 1554 684 1612 cessoribus
716 1574 918 1612 eorum
950 1557 1007 1611 in
1043 1563 1408 1630 perpetuum.

419 1645 477 1699 Si
510 1662 648 1718 erga
676 1645 935 1701 ﬁdelium
965 1646 1246 1702 laicorum
1268 1648 1555 1714 ordinem,
1578 1651 1824 1724 legalem
1853 1671 1995 1712 con-

346 1734 717 1789 suetudinem
735 1738 791 1789 et
820 1735 1048 1790 decreta
1078 1736 1312 1807 pietatis
1345 1754 1575 1796 servare
1596 1742 1766 1797 nobis
1789 1758 1987 1801 conve-

1687 369 1988 431 STEPHA
2006 372 2074 435 Μ
2123 375 2170 435 Χ
2218 374 2475 441 PAPIE.‘

2050 504 2103 570 Α
2136 522 2265 575 nus,
2299 510 2770 582 vocemissarius,
2796 514 2883 570 vel
2915 515 3090 572 etiam
3141 516 3265 573 ulla
3306 533 3559 589 persona
3588 519 3769 578 homi-

2132 612 2274 651 num
2307 599 2522 655 audeat
2551 600 2896 659 interdicere
2924 603 3010 660 vel
3045 605 3409 679 contringere
3440 606 3569 675 hoc,
3615 612 3765 682 quod

2131 699 2165 738 a
2196 686 2362 742 nobis
2394 690 2779 746 constitutum
2811 696 2867 748 et
2897 694 3305 750 conﬁrmatum
3354 698 3462 751 est.
3521 696 3581 751 Si
3637 701 3764 770 quis

2127 777 2324 830 autem
2355 776 2533 849 (quod
2555 796 2670 835 non
2704 781 3020 854 credimus)
3076 783 3383 841 temerario
3434 802 3587 842 ausu
3630 786 3761 845 huic

2126 866 2325 919 nostro
2363 866 2681 937 apostolico
2737 869 3041 943 privilegio
3100 872 3427 929 contrarius
3457 874 3761 946 exstiterit,

2124 949 2272 1005 sciat
2297 969 2380 1021 se,
2415 954 2527 1011 nisi
2560 957 2888 1029 resipuerit,
2922 964 2979 1015 et
3020 959 3304 1016 damnum
3361 964 3521 1033 quod
3567 965 3763 1023 fecerit

2121 1042 2536 1112 emendaverit,
2570 1047 2913 1104 auctoritate
2942 1048 3043 1104 Dei
3065 1049 3504 1122 omnipotentis,
3526 1058 3585 1109 et
3604 1054 3754 1112 beati

2121 1127 2271 1184 Petri
2302 1132 2699 1203 apostolorum
2730 1136 3014 1210 principis
3035 1155 3101 1195 ac
3123 1144 3343 1208 nostra,
3368 1141 3757 1203 anathemati:

2116 1216 2348 1274 vinculo
2370 1220 2737 1293 iunodatum,
2770 1230 2881 1281 eta
2910 1243 3087 1298 regno
3122 1228 3216 1284 Dei
3247 1226 3528 1300 alienum,
3582 1238 3755 1305 atque

2115 1320 2182 1359 cu
2193 1322 2247 1361 m
2270 1307 2302 1363 J
2311 1308 2425 1364 uda
2444 1310 2720 1368 traditore
2736 1313 3043 1371 sociatum.
3063 1315 3307 1388 Insuper
3321 1321 3753 1391 compositurus

2112 1394 2327 1451 existat
2355 1398 2481 1452 auri
2514 1400 2717 1471 optimi
2749 1401 3171 1472 librasdecem,
3196 1405 3565 1463 medietatem
3586 1425 3751 1467 sacro

2112 1488 2313 1573 nostro
2337 1486 2574 1557 palatio,
2599 1490 2968 1546 medietatem
2987 1492 3101 1549 illis
3121 1493 3335 1567 quibus
3354 1495 3571 1573 injuria
3588 1497 3750 1557 illata

2111 1570 2301 1627 fuerit.
2336 1574 2441 1639 Qui
2475 1593 2606 1632 vero
2655 1595 2760 1649 pro
2806 1578 3022 1636 intuitu
3081 1586 3277 1638 custos
3324 1570 3381 1639 et
3419 1570 3748 1644 observator

2107 1656 2289 1731 hujus
2322 1664 2505 1718 nostri
2536 1666 2840 1737 apostolici
2870 1670 3139 1741 pracepti
3178 1672 3482 1744 exstiterit,
3512 1674 3745 1731 benedi-

2106 1748 2314 1805 ctionis
2355 1752 2685 1823 apostolicae
2735 1756 3005 1828 gratiam,
3058 1759 3353 1833 vitamque
3407 1765 3681 1820 aeternam
3712 1782 3746 1822 a

346 1822 453 1889 nit,
488 1823 670 1878 multo
697 1822 952 1894 amplius
1000 1824 1154 1878 circa
1210 1824 1552 1882 clericorum
1612 1831 1829 1900 gradus
1889 1832 1989 1903 qui
2019 1869 2065 1933 Β
2109 1836 2356 1895 Domino
2389 1841 2504 1897 Deo
2530 1847 2728 1899 nostro
2761 1847 3037 1919 cousequi
3077 1855 3368 1906 mereatur
3420 1852 3479 1908 in
3535 1852 3748 1911 saecula

346 1911 605 1933 η--1--;..
634 1912 727 1933 Π-Ξ
765 1912 1009 1933 1!.I_I!.-__
1043 1912 1237 1933 -ιῖῄελι
1264 1919 1371 1933 __Mn
1473 1921 1485 1933 ι
1679 1919 1688 1927 -
1788 1924 1796 1933 .
1904 1920 1914 1930 ι
2258 1926 2270 1933 .
2519 1932 2523 1933 ,

343 1911 609 1967 Ecclesia
633 1912 733 1967 Dei
765 1912 1011 1966 ﬁdeliter
1042 1912 1380 1969 ministrant
1436 1921 1494 1971 et
1544 1919 1806 1973 serviunt
1860 1920 1989 1976 visa

340 2000 630 2072 aequitatis
662 2000 987 2067 observare,
1020 2004 1076 2055 et
1105 2001 1467 2059 observanda
1497 2006 1843 2063 conﬁrmare
1882 2010 1986 2065 de—

339 2090 565 2145 bemus.
596 2091 958 2161 Quapropter
986 2091 1057 2145 ob
1092 2089 1483 2148 interventum
1508 2093 1872 2152 dilectissimi
1896 2114 1985 2153 co-

338 2178 594 2250 episcopi
620 2178 800 2233 nostri
825 2178 1080 2234 Anselmi
1106 2181 1385 2236 Lucensis
1408 2182 1984 2258 episcopi,simulque

336 2267 629 2324 Benedicti
660 2266 1096 2324 Belletrinensis
1126 2268 1468 2342 episcopi,et
1500 2272 1778 2328 Bonifacii
1810 2273 1981 2329 Alba-

337 2356 537 2412 nensis
567 2356 846 2427 episcopi,
878 2360 936 2411 et
965 2357 1160 2411 domni
1186 2358 1488 2414 Humberti
1513 2360 1733 2415 Sanctae
1763 2362 1980 2418 Ruﬁna:

335 2446 493 2501 sedis
523 2445 801 2516 episcopi,
827 2462 927 2500 nec
958 2463 1071 2501 non
1092 2447 1240 2502 Petri
1267 2448 1675 2504 Lavicanensis
1699 2450 1978 2525 episcOpi,

334 2532 629 2605 simulque
657 2531 900 2587 Joannis
933 2533 1271 2591 Portuensis
1301 2536 1584 2609 episcopi,
1613 2555 1716 2594 nec
1750 2556 1863 2595 non
1923 2545 1980 2596 et

332 2622 533 2678 domni
564 2621 939 2677 Hildebrandi
974 2628 1187 2678 sanctae
1221 2624 1493 2680 Romanae
1528 2626 1789 2683 Ecclesiae
1831 2630 1975 2685 sub-

332 2710 581 2778 diaconi,
615 2711 983 2782 aliorumque
1014 2717 1346 2768 nostrorum
1371 2714 1655 2784 ﬁdelium,
1674 2733 1776 2788 per
1797 2717 1975 2791 hujus

331 2806 539 2856 nostrae
571 2800 976 2872 praeceptionis
1009 2801 1280 2873 paginam
1315 2804 1736 2859 constituimus
1754 2811 1811 2861 et
1841 2824 1973 2861 con-

331 2892 658 2955 ﬁrmamus,
717 2888 867 2943 sicut
897 2905 1193 2945 sacrorum
1256 2907 1545 2948 canonum
1606 2894 1973 2951 demonstrat

328 2968 723 3045 auctoritas,et
753 2977 1019 3032 humanae
1053 2979 1396 3051 praecipiunt
1425 2979 1762 3053 leges,sicut
1793 2984 1967 3038 etiam

328 3068 444 3123 illis
493 3068 564 3122 ab
610 3066 819 3122 Ottone
876 3068 1223 3139 imperatore
1277 3071 1561 3142 Augusto,
1613 3076 1670 3125 et
1726 3071 1968 3144 reliquis

326 3156 776 3230 imperatoribus
806 3172 908 3228 per
930 3158 1194 3227 praecepti
1220 3158 1491 3230 paginam
1520 3176 1863 3215 concessum
1909 3166 1967 3216 et

324 3246 732 3302 conﬁrmatum
792 3260 919 3299 esse
976 3244 1222 3311 videtur,
1286 3229 1348 3301 ut
1408 3248 1682 3319 deinceps
1739 3266 1771 3303 a
1805 3229 2039 3303 nullaC

325 3352 537 3407 magna
562 3350 853 3407 parvaque
894 3350 1141 3406 persona
1196 3334 1501 3391 hominum
1564 3338 1632 3390 ad
1668 3336 1967 3393 saecularia

314 3425 537 3497 judicia
565 3440 668 3497 pro
691 3421 1082 3495 qualicunque
1112 3426 1500 3479 controversia
1532 3425 1961 3496 pertrabantur,

320 3514 402 3571 vel
439 3520 571 3571 ante
603 3511 910 3568 saeculares
935 3511 1166 3583 judices
1189 3512 1592 3567 examinentur
1621 3512 1705 3567 vel
1730 3512 1967 3568 distrin-

323 3608 553 3677 gantur,
589 3601 696 3657 nisi
719 3606 948 3657 tantum
981 3601 1052 3655 ab
1075 3617 1274 3656 eorum
1302 3600 1565 3673 praesule.
1593 3602 1663 3655 Et
1680 3606 1745 3655 ut
1767 3601 1965 3658 nullus

319 3696 376 3749 in
438 3692 711 3749 domibus
770 3706 972 3745 eorum
1033 3688 1289 3762 aliquam
1344 3689 1702 3745 invasionem
1780 3689 1962 3744 facere

319 3784 549 3850 audeat,
583 3779 666 3834 vel
703 3778 1029 3833 molestiam
1064 3782 1379 3850 praesumat
1404 3777 1631 3845 inferre,
1665 3776 1753 3831 vel
1789 3781 1963 3833 tribu-

317 3877 464 3940 tum,
517 3872 636 3926 sive
691 3868 1005 3934 redditum,
1067 3884 1169 3922 seu
1227 3866 1402 3922 etiam
1442 3867 1961 3939 superimpositum

316 3962 539 4017 eisdem
566 3957 967 4015 sacerdotibus
1000 3960 1056 4011 et
1086 3956 1309 4011 cunctis
1343 3956 1528 4011 sacris
1569 3956 1893 4026 ordinibus,
1930 3974 1963 4012 a

316 4063 667 4123 quacunque
697 4063 945 4118 persona
977 4045 1215 4101 minime
1247 4045 1604 4116 imponatur,
1638 4043 1723 4100 vel
1768 4046 1959 4117 requi-

319 4146 499 4196 ratur.
536 4138 602 4191 Et
634 4152 704 4189 ne
720 4134 931 4206 aliquis
946 4132 1633 4189 audeatseintromittere
1655 4132 1963 4205 sinelegali

307 4227 532 4300 judicio
574 4225 643 4279 de
692 4223 988 4295 aliquibus
1047 4221 1508 4294 supellcctilibus
1565 4239 1786 4287 eorum,
1846 4223 1965 4277 sive

313 4315 497 4372 servis
529 4312 839 4385 utriusque
873 4328 1068 4377 sexus,
1100 4310 1189 4365 vel
1222 4310 1483 4377 familiis,
1518 4327 1620 4365 seu
1655 4310 1829 4365 etiam
1890 4310 1960 4366 de

316 4402 610 4459 universis
641 4419 844 4458 eorum
905 4399 1151 4465 colonis,
1216 4415 1322 4454 nec
1373 4416 1487 4453 non
1539 4398 1856 4454 mobilibus
1907 4404 1965 4455 et

313 4491 923 4554 immobilibus,arvis,
957 4488 1285 4553 cultilibus,
1319 4489 1517 4551 vineis,
1552 4487 1800 4554 olivetis,
1862 4487 1962 4542 sil-

2100 1926 2467 1984 saeculorum.
2498 1932 2704 1987 Amen.

2172 2015 2260 2070 Sri
2268 2021 2437 2087 ptum
2470 2036 2574 2091 per
2606 2038 2813 2078 manus
2840 2024 3097 2096 Gregorii
3136 2026 3346 2082 notarii
3377 2032 3434 2082 et
3488 2030 3747 2087 scrinia-

2096 2101 2169 2156 rii
2201 2110 2414 2161 sanctae
2443 2107 2637 2163 Romae
2668 2110 2930 2167 Ecclesiae
2979 2113 3037 2167 in
3090 2129 3291 2170 mense
3347 2114 3631 2184 octobrio,
3684 2123 3750 2173 et

2093 2189 2427 2251 indictionis
2459 2198 2783 2254 undecima.

2164 2285 2366 2338 Datum
2400 2284 2592 2341 Romae
2621 2302 2723 2357 per
2752 2302 2964 2344 manus
2995 2289 3301 2349 Humberti
3356 2294 3573 2353 sanctae
3630 2293 3742 2351 Ec-

2089 2367 2278 2426 clesiae
2325 2371 2486 2426 Silvae
2517 2372 2785 2429 Candidas
2842 2375 3119 2448 episcopi,
3179 2383 3238 2433 et
3301 2377 3737 2445 bibliothecarii

2087 2460 2299 2511 sanctae
2332 2457 2603 2514 Romanae
2634 2465 2690 2515 et
2710 2462 3035 2532 apostolicae
3060 2464 3249 2534 Sedis,
3283 2482 3434 2522 anno
3494 2470 3734 2540 pontiﬁ-

2086 2549 2250 2600 catus
2280 2546 2478 2601 domni
2508 2548 2787 2620 Stephani
2812 2552 2946 2607 noni
2978 2568 3139 2622 papae
3170 2554 3382 2624 primo,
3414 2572 3488 2611 xv
3516 2557 3728 2615 Kalen-

2083 2634 2187 2690 das
2217 2634 2577 2705 Novembris,
2611 2637 2927 2696 indictione
2960 2642 3292 2697 undecima.

2858 2764 2949 2819 Ill.

2080 2850 2115 2903 A
2167 2849 2447 2929 Stephano
2498 2852 2533 2903 ⁷(
2589 2854 3031 2929 rosafe.”{omamL
3069 2856 3417 2929 aliorumque
3477 2861 3729 2918 indulta-

2152 2926 2447 3002 γυνη-δαενὶ
2472 2925 2704 2979 εωιδοόίὶ
2756 2927 2947 2980 Sancti
2998 2927 3149 2983 Petri
3207 2925 3469 2988 Perusini
3520 2934 3730 3002 conﬁr-

2152 2994 2339 3048 maliv.

2700 3066 2886 3135 (Anno
2917 3066 3102 3140 4057.)

2075 3149 2471 3221 [Οοουεωκεε,
2537 3153 2825 3233 Bullati-un}
2862 3156 3032 3233 flora.
3068 3166 3239 3233 ppont.
3294 3161 3541 3233 ampliss.
3593 3163 3717 3219 Col-

2710 3225 2827 3279 lect.
2862 3225 2901 3294 1,
2932 3226 3083 3297 396.]

2145 3327 2479 3382 Sraenaaus
2500 3329 2828 3402 episcopus,
2863 3348 3067 3388 servus
3098 3350 3396 3391 servorum
3427 3336 3724 3406 Dei,veno—

2077 3415 2246 3472 rabili
2280 3418 2633 3473 monasterio
2666 3418 2820 3474 beati
2867 3420 3020 3476 Petri
3071 3424 3341 3495 apostoli,
3399 3426 3507 3483 sito
3529 3432 3720 3499 extra,

2073 3505 2191 3559 imo
2223 3509 2279 3559 et
2300 3504 2470 3575 juxta
2499 3504 2790 3562 civitatem
2823 3509 3190 3583 Perusinum,
3228 3512 3289 3571 in
3321 3512 3443 3573 loco
3471 3516 3574 3588 qui
3621 3518 3717 3574 di-

2073 3592 2222 3647 citur
2241 3592 2577 3664 Caprarius,
2609 3599 2665 3650 et
2694 3613 2798 3667 per
2826 3596 2971 3653 illud
3004 3598 3277 3658 Bomzom
3308 3604 3499 3660 abbati
3555 3606 3722 3678 ejus-

2074 3699 2185 3753 que
2217 3682 2656 3740 successoribus
2684 3683 2902 3741 ibidem
2925 3688 3087 3758 juste
3116 3694 3171 3745 et
3203 3691 3544 3765 regulariter
3586 3712 3718 3769 pro-

2079 3771 2396 3839 movendis,
2429 3772 2485 3827 in
2520 3776 2878 3844 perpetuam.

2145 3862 2287 3915 Cum
2322 3860 2667 3917 universalis
2698 3867 2900 3919 sancta
2923 3869 3109 3921 mater
3135 3867 3392 3925 Ecclesia
3440 3887 3546 3943 per
3591 3872 3725 3946 glo-

2074 3949 2259 4005 riosos
2288 3954 2454 4004 terra:
2489 3949 2802 4022 principes,
2832 3952 3065 4010 Petrum
3090 3956 3311 4013 scilieet
3366 3959 3723 4032 piscatorem

2074 4037 2400 4105 hominum,
2425 4056 2490 4095 ac
2518 4039 2762 4096 Paulum
2785 4041 3079 4099 doctorem
3104 4045 3390 4117 gentium,
3413 4064 3528 4122 prae
3551 4052 3719 4107 caste-

2074 4127 2155 4182 ris
2186 4127 2658 4199 cooperatoribus
2674 4130 2924 4186 maxime
2936 4130 3019 4187 sic
3034 4133 3382 4203 coadunata,
3402 4135 3717 4208 instructa,

2075 4215 2250 4272 simul
2283 4221 2338 4273 et
2364 4216 2566 4285 ditata,
2598 4218 2865 4275 convenit
2894 4219 2979 4276 eis
3001 4220 3332 4279 conﬁrmari
3364 4229 3421 4280 et
3469 4226 3720 4284 detineri

2074 4306 2271 4362 omnia
2300 4322 2427 4378 quae
2471 4322 2588 4360 suae
2618 4306 2857 4364 ditionis
2887 4325 2952 4364 ac
2980 4311 3284 4382 potestatis
3345 4316 3724 4387 reperiuntur

2074 4393 2367 4468 specialia.
2399 4396 2586 4460 Quare
2633 4396 2704 4452 ad
2754 4396 2934 4469 hujus
2988 4400 3312 4472 supradicti
3373 4408 3719 4463 monasterii

2072 4483 2353 4540 honorem
2370 4500 2601 4556 semper
2613 4486 3279 4560 augendum,nunquam
3304 4491 3715 4563 minuendum,

312 4583 419 4649 vis,
452 4583 633 4655 pratis
657 4579 1056 4655 pascualibus,
1083 4593 1183 4631 seu
1214 4576 1506 4631 universis
1526 4576 1962 4631 ὶιςιιγυΛίιεῐὶὺυε
1993 4594 2040 4660 D
2072 4571 2447 4630 concedimus
2478 4572 2586 4629 hec
2606 4574 2933 4645 apostolicae
2958 4575 3314 4636 detenSionis
3342 4580 3714 4657 privilegium

311 4689 538 4741 eorum,
570 4670 689 4727 sive
721 4667 1046 4740 acquisitis,
1082 4681 1185 4720 nec
1218 4682 1332 4719 non
1364 4681 1566 4720 eorum
1626 4665 1814 4733 bonis,
1873 4664 1960 4721 vel

311 4761 596 4836 quidquid
613 4758 729 4815 illis
744 4758 905 4828 juste
918 4760 974 4810 et
992 4753 1255 4825 legaliter
1276 4753 1564 4825 pertinere
1584 4753 1955 4826 perspicitur.

309 4851 552 4921 Insuper
580 4844 958 4902 concedimus
991 4859 1092 4914 per
1109 4842 1214 4896 hoc
1246 4846 1515 4897 nostrum
1564 4842 1952 4914 apostolicum

308 4936 683 5013 privilegium
716 4932 994 4988 omnibus
1025 4930 1450 4993 sacerdotibus,
1478 4930 1672 4987 levitis
1702 4932 1956 4986 cunctis-

309 5046 422 5102 que
473 5025 659 5084 sacris
708 5021 1015 5079 ordinibus
1051 5020 1175 5092 jam
1245 5019 1379 5074 dicti
1440 5019 1833 5092 episcopatus,
1895 5025 1960 5076 ut

306 5134 509 5176 eorum
543 5114 862 5172 advocatus
893 5127 1006 5165 non
1037 5108 1226 5177 aliter,
1260 5108 1370 5164 nisi
1404 5108 1585 5176 solus,
1628 5110 1781 5179 juret
1833 5108 1959 5166 sine

309 5207 428 5265 ulla
456 5200 937 5266 contradictione,
963 5200 1114 5256 sicut
1136 5198 1194 5253 in
1218 5203 1421 5254 sancta
1455 5199 1717 5253 Romana
1755 5198 1956 5254 Eccle-

304 5299 393 5354 sia
422 5296 635 5369 agitur.
664 5292 732 5348 Et
781 5289 952 5346 liceat
1000 5288 1084 5344 eis
1139 5288 1465 5343 secundum
1517 5284 1951 5342 ecclesiasticos

304 5384 526 5459 gradus
557 5382 751 5455 quiete
782 5384 838 5436 et
869 5378 1106 5452 paciﬁca
1130 5377 1339 5443 vivere,
1373 5377 1430 5431 et
1458 5373 1574 5430 Deo
1606 5374 1841 5445 servire,
1900 5379 1958 5432 et

316 5474 425 5529 sub
458 5472 636 5542 hujus
670 5469 855 5524 nostri
888 5466 1171 5540 privilegii
1217 5463 1553 5521 defensione
1609 5464 1953 5522 consistere.

322 5561 406 5615 Ita
427 5577 567 5615 sane
617 5561 893 5629 juvemus
946 5561 1012 5610 ut
1058 5555 1258 5609 nullus
1314 5553 1451 5620 dux,
1513 5552 1632 5608 sive
1673 5552 1954 5621 marchio,

307 5662 524 5713 comes,
554 5646 896 5715 vicecomes,
922 5639 1773 5719 gastaldus,curialis,exactor,
1798 5640 1960 5699 deca-

2073 4666 2138 4718 ut
2167 4664 2360 4717 teneat
2388 4661 2542 4733 quod
2574 4661 2769 4730 habet,
2803 4663 3024 4720 scilicet
3053 4665 3229 4723 cellas
3261 4686 3423 4738 suas,
3447 4675 3505 4727 et
3535 4671 3716 4728 eccle-

2067 4751 2206 4819 sias,
2242 4754 2436 4806 curtes
2466 4767 2626 4819 suas,
2661 4768 2726 4808 ac
2748 4751 2966 4824 plebes,
2992 4753 3204 4812 fundos
3235 4757 3432 4825 etiam,
3456 4774 3523 4813 ac
3543 4775 3717 4815 casa-

2064 4838 2171 4908 les,
2208 4838 2687 4912 plebem,scilicet
2715 4840 3338 4913 SanctiConstantii,et
3353 4845 3537 4915 sancti
3587 4846 3711 4902 Ru-

2065 4929 2189 4995 ﬁni,
2222 4946 2288 4985 ac
2318 4928 2514 4984 Sancti
2549 4928 2802 4998 Martini,
2835 4930 3139 4987 ecclesiam
3171 4931 3362 4987 Sancti
3388 4931 3622 4988 Martini
3647 4935 3715 4991 in

2066 5017 2367 5091 Agellione
2397 5034 2532 5073 cum
2565 5017 2689 5073 suis
2724 5018 3115 5090 pertinentiis,
3147 5023 3369 5077 curtem
3393 5020 3463 5077 de
3493 5022 3716 5091 casale,

2066 5111 2124 5163 et
2153 5110 2377 5163 curtem
2400 5106 2597 5163 Sancti
2648 5106 2891 5175 Justini,
2940 5112 3161 5165 curtem
3217 5108 3288 5164 de
3341 5111 3716 5183 Petroniano,

2067 5194 2372 5252 ecclesiam
2400 5194 2596 5250 Sancti
2627 5195 2836 5250 Andrae
2867 5196 2939 5252 de
2967 5196 3175 5253 Aliano
3197 5215 3331 5254 cum
3371 5217 3482 5256 sua
3535 5200 3715 5274 perti—

2066 5283 2295 5351 nentia;
2326 5282 2631 5339 ecclesiam
2665 5282 2888 5340 Sanctae
2930 5285 3127 5341 Mariae
3174 5287 3236 5342 in
3286 5286 3607 5358 Pitiniano;
3659 5293 3718 5345 et

2064 5371 2369 5430 ecclesiam
2429 5371 2626 5427 Sancti
2683 5370 3016 5441 Clementis,
3096 5378 3272 5447 atque
3339 5376 3714 5435 medietatem

2067 5459 2262 5519 Sancti
2292 5458 2502 5516 Donati
2531 5459 2591 5515 in
2614 5459 2879 5531 civitella,
2909 5478 3016 5518 nec
3033 5479 3149 5519 non
3180 5467 3238 5520 et
3255 5467 3474 5522 terram
3493 5458 3735 5540 Ugonis‘

2067 5549 2295 5621 nepotis
2324 5548 2609 5606 Bernonis
2631 5549 2701 5604 de
2727 5549 3111 5623 Montenigro.
3141 5551 3388 5627 Insuper
3405 5554 3717 5611 conﬁrma-

2068 5654 2203 5699 mus
2233 5638 2422 5699 eidem
2452 5637 2806 5697 manasterio
2824 5638 2886 5697 in
2916 5643 3270 5715 perpetuum
3303 5656 3534 5704 massas
3563 5646 3713 5715 tres,
