3966 6212
194 353 314 414 8Ἱ¹7

1377 350 1784 412 ΕΡΙΒΤΟΙιᾸΞ
1828 350 1927 410 ΕΤ
1972 350 2440 424 PRIVILEGIA.

3490 352 3610 422 878

195 484 546 542 cbarissime
594 484 701 551 fili,
754 481 1098 555 Landulphe
1161 484 1366 552 abbas,
1418 486 1488 540 ad
1543 485 1852 540 utilitatem
1883 490 1937 556 Α
1971 501 2144 539 unam
2181 484 2235 538 in
2270 485 2480 540 Sancto
2514 485 2863 550 Laurentio,-
2895 486 3043 540 duos
3073 484 3392 541 mansosin
3416 484 3606 540 Bibia-.

195 580 384 645 tuam,
410 589 943 644 succcssorumque
972 576 1209 627 tuorum
1233 573 1506 628 commoti
1532 578 1587 628 et.
1608 589 1859 627 ccmmo-

194 664 333 732 niti,
387 680 492 737 per
549 663 727 729 hujus
777 666 991 717 nostra
1043 661 1374 733 apostolica}
1424 661 1858 716 constitutionis

195 754 472 826 paginam
506 752 946 818 confirmamus,
981 754 1038 806 et
1067 750 1512 806 corroboramus
1539 749 1855 805 venerabili

192 843 459 898 omnobio
500 841 694 896 Sancti
748 840 1016 913 Prosperi
1073 841 1352 913 episcopi,
1407 845 1472 896 ut
1514 839 1738 908 electio,
1768 839 1853 894 vel

193 931 486 986 ordinatio
519 929 748 986 abbatis
779 929 968 1002 ipsius
1000 929 1336 985 monasterii
1368 930 1468 986 fiat
1499 930 1735 985 omnino
1769 945 1855 984 se-

192 1020 453 1075 cundum
485 1018 750 1091 regulam
785 1018 970 1074 sancti
1001 1018 1322 1074 Benedicti.

263 1112 317 1164 2.
353 1109 419 1162 Et
445 1108 634 1180 quiaa
655 1107 1006 1162 beatissima:
1032 1107 1331 1162 memoria:
1370 1106 1613 1162 Henrico
1634 1107 1850 1162 etCon-

193 1199 337 1253 rado
359 1196 480 1252 ﬁlio
506 1197 875 1269 imperatore,
899 1214 966 1252 ac
990 1195 1292 1252 nonnullis
1308 1196 1438 1251 aliis
1461 1197 1696 1267 regibus
1717 1213 1853 1268 prae-

189 1291 397 1360 cepta;
431 1287 590 1342 etab
632 1285 901 1342 Alberico
948 1287 1236 1358 praedictas
1288 1290 1502 1341 sancite
1547 1285 1852 1358 Regiensis

193 1376 462 1432 Ecclesiae
488 1375 761 1447 episeopo
788 1376 1108 1442 decretum,
1134 1393 1249 1431 non
1291 1375 1481 1430 solum
1505 1376 1573 1430 de
1605 1375 1729 1446 ipsa
1750 1375 1851 1429 ab-

191 1465 394 1520 batum
428 1464 728 1532 electione,
750 1481 955 1520 verum
990 1465 1059 1520 de
1091 1465 1366 1520 omnibus
1394 1464 1567 1519 rebus
1590 1463 1700 1535 ipsi
1727 1480 1849 1518 mo-

197 1543 621 1625 nasteriojuste
643 1553 969 1626 acquisitis,
989 1553 1074 1609 vel
1109 1553 1166 1608 in
1203 1554 1462 1608 futurum
1479 1552 1851 1624 acquirendis

199 1645 498 1713 constant,
522 1644 845 1699 secundum
862 1647 1120 1698 tenorem
1145 1642 1374 1698 illorum
1388 1685 1400 1709 ,
1414 1643 1640 1714 etquod
1657 1641 1850 1712 majus

189 1736 301 1797 est,
335 1733 658 1787 secundum
705 1731 965 1786 veritatis
1016 1736 1072 1787 et
1111 1731 1357 1802 justitize
1408 1731 1714 1796 rationem,
1749 1747 1851 1802 per

188 1821 372 1892 hujus
402 1824 612 1877 nostrze
658 1820 1023 1875 auctoritatis
1079 1820 1444 1893 privilegium
1497 1819 1844 1875 nominatim

189 1909 573 1965 concedimus
596 1913 771 1981 atque
794 1909 1162 1965 decernimus
1186 1909 1296 1983 ipsi
1321 1908 1634 1965 venerabili
1656 1925 1846 1963 emno-

191 1998 290 2052 bio
323 1998 517 2054 Sancti
570 1998 860 2070 Prosperi,
909 1999 1064 2071 quod
1119 1998 1175 2053 in
1229 1999 1412 2054 tutela
1461 1998 1642 2054 sancti
1694 1998 1846 2053 Petri

190 2089 246 2138 et
280 2088 481 2139 nostra
523 2084 906 2156 suscipimus,
961 2086 1204 2140 fundum
1260 2086 1545 2158 praedictae
1592 2085 1845 2141 ecclesiae

191 2174 458 2245 ejusdem
493 2174 685 2230 Sancti
722 2175 988 2241 Prosperi
1024 2175 1079 2230 in
1115 2176 1255 2230 urbe
1292 2175 1452 2247 Regii
1475 2175 1678 2242 situm,
1711 2191 1843 2230 cum

192 2263 526 2318 cmmetorio
546 2263 757 2334 ipsius,
774 2267 829 2318 et
846 2280 1046 2320 novem
1061 2265 1273 2336 jugera
1293 2270 1456 2320 terrae
1471 2281 1539 2319 cu
1552 2282 1603 2318 m
1628 2264 1846 2336 capella

191 2352 393 2406 Sancti
423 2351 672 2417 Nazarii,
705 2369 879 2424 quam
922 2370 956 2407 a
1002 2354 1312 2426 praeposito
1360 2353 1617 2408 ecclesiae
1649 2354 1842 2408 Sancti

192 2442 464 2514 Prosperi
489 2441 640 2496 intra
661 2446 914 2496 castrum
940 2441 1224 2514 przndictaz
1265 2441 1514 2497 civitatis
1546 2442 1718 2497 sitam
1744 2459 1847 2513 per

192 2529 712 2586 commutationem
738 2531 899 2602 juste
931 2531 1166 2599 factam,
1203 2531 1382 2586 abbas
1415 2530 1512 2603 qui
1543 2535 1682 2586 tunc
1704 2536 1846 2587 tem-

191 2618 352 2691 poris
381 2623 504 2675 erat
533 2618 754 2693 accepit
783 2637 796 2685 ;
831 2635 1053 2676 necnon
1086 2622 1142 2674 et
1170 2636 1402 2674 omnem
1437 2619 1596 2674 illam
1627 2624 1842 2674 terram

189 2708 263 2763 de
295 2707 614 2776 Corticella,
649 2725 778 2781 qua:
808 2709 880 2763 ab
911 2707 1202 2780 episcopis
1241 2709 1427 2780 ipsius
1459 2708 1565 2763 loci
1600 2709 1658 2762 in
1691 2708 1843 2764 dicto

187 2793 314 2851 loco
335 2797 692 2853 monasterio
714 2797 850 2851 data
864 2801 952 2852 est
971 2814 984 2864 ;
1003 2796 1558 2868 insuperduodecim
1583 2814 1841 2866 mansos,

189 2883 293 2955 qui
316 2885 528 2939 suntin
554 2884 819 2940 Fossolo:
847 2885 1174 2956 quatuorin
1215 2883 1460 2953 Palude;
1501 2891 1754 2957 quatuor
1784 2885 1842 2941 in

186 2972 604 3045 Campaniola;
650 2978 768 3029 tres
798 2972 856 3028 in
889 2974 1248 3046 Quingente;
1305 2991 1485 3029 unum
1534 2974 1631 3046 qui
1665 2979 1751 3030 est
1782 2974 1842 3029 in

186 3061 384 3135 Gurgo
413 3079 426 3129 ;
456 3079 638 3116 unum
663 3063 720 3117 in
755 3063 1128 3119 Fossedunde
1159 3081 1171 3131 ;
1197 3062 1458 3135 quinque
1479 3063 1534 3118 in
1561 3062 1795 3118 Baniolo
1827 3082 1840 3131 ;

185 3154 246 3205 et
266 3149 554 3223 capellam
575 3151 796 3205 Sanctae
819 3151 1104 3208 Mustioltn
1131 3169 1262 3208 eum
1288 3153 1412 3208 suis
1435 3152 1840 3224 pertinentiis;

187 3256 375 3295 unum
408 3239 467 3295 in
499 3238 770 3296 Crustulo
792 3241 966 3296 veteri
990 3259 1002 3309 ;
1028 3259 1210 3296 unum
1238 3241 1294 3296 in
1319 3241 1440 3297 vico
1459 3241 1836 3314 Desbergato,
1871 3224 1913 3290 (ἶ
1948 3293 1960 3298 -

191 3344 374 3383 unum
395 3328 449 3384 in
466 3345 678 3403 magno
692 3328 879 3385 Casali
901 3347 913 3383 :
939 3347 1070 3385 cum
1092 3330 1316 3402 capella
1332 3331 1526 3387 Sancti
1543 3331 1840 3403 Sylvestri,

187 3434 324 3472 cum
361 3418 720 3474 dominicatu
763 3419 832 3474 de
871 3419 1071 3474 eadem
1101 3419 1216 3474 vila
1244 3421 1454 3492 Magno
1475 3420 1662 3476 Casali
1685 3439 1697 3489 ;
1724 3425 1843 3477 tres

189 3523 433 3562 mansos
463 3507 522 3561 in
555 3508 755 3580 Regio,
786 3513 845 3564 et
875 3507 1300 3563 dominicatum
1334 3508 1495 3582 Regii
1524 3528 1536 3576 ;
1572 3510 1840 3565 Braidam

190 3595 390 3666 Regis,
422 3600 481 3649 et
510 3612 742 3650 omnem
783 3600 1000 3651 terram
1033 3597 1292 3668 praedicti
1328 3599 1660 3653 monasterii
1690 3598 1845 3654 circa

185 3683 461 3738 eamdem
486 3682 779 3738 civitatem
811 3684 985 3738 sitam
1016 3703 1029 3752 ;
1064 3689 1183 3740 tres
1213 3702 1449 3740 mansos
1481 3687 1538 3741 in
1566 3688 1802 3742 Rodano
1830 3705 1842 3754 ;

190 3775 452 3844 quatuor
475 3770 531 3825 in
566 3771 765 3826 Lovari
793 3790 805 3838 ;
833 3789 1017 3827 unum
1041 3772 1100 3827 in
1126 3773 1326 3839 Banio,
1355 3792 1536 3829 unum
1569 3776 1626 3830 in
1658 3774 1848 3831 casale

190 3861 266 3915 de
279 3859 539 3929 Rodano;
555 3863 673 3915 tres
686 3859 742 3914 in
762 3859 1096 3916 Marmirolo
1114 3879 1126 3928 ;
1145 3878 1325 3917 unum
1348 3862 1406 3916 in
1421 3862 1648 3931 Aliano;
1663 3880 1847 3918 unum

190 3948 253 4002 in
271 3947 514 4002 Bibiano
531 3965 544 4016 ;
563 3965 746 4003 unum
761 3949 817 4004 in
835 3948 1034 4017 Plano;
1052 3966 1234 4004 unum
1251 3950 1650 4020 inMulazano;
1668 3969 1847 4007 unum

192 4039 254 4091 in
278 4035 488 4092 Planzo
519 4055 532 4104 ;
567 4054 750 4092 unum
784 4037 842 4092 in
880 4043 1068 4094 castro
1118 4037 1395 4108 Oleriani,
1431 4043 1498 4118 et
1526 4045 1746 4096 curtem
1783 4041 1854 4096 de

192 4129 461 4194 Nasseto,
505 4142 638 4181 cum
690 4127 933 4182 Lamma
987 4126 1302 4195 Fraularia,
1357 4132 1415 4184 et
1453 4145 1660 4200 campo
1691 4134 1747 4184 et
1777 4130 1852 4184 rio

193 4231 326 4270 vam
359 4215 430 4270 de
460 4215 710 4271 Nasseto
755 4233 881 4288 quae
933 4233 967 4272 a
1011 4216 1212 4272 Carolo
1263 4218 1510 4288 pissimo
1556 4234 1686 4291 rege
1727 4219 1852 4290 jam

204 4320 310 4376 per
349 4303 654 4376 scriptum,
685 4305 854 4376 juxta
890 4305 1034 4361 fines
1066 4305 1144 4361 ibi
1185 4306 1548 4378 designatos,
1584 4307 1855 4380 Regiensi

204 4391 464 4448 ecclesia;
515 4393 649 4448 data
700 4410 828 4450 esse
875 4394 1278 4467 dignoscitur;
1312 4399 1369 4450 et
1412 4399 1629 4451 terram
1678 4413 1854 4467 quam

199 4481 364 4536 dedit
386 4481 688 4538 Rolandus
728 4483 885 4539 filius
908 4483 1150 4539 Eriberti
1171 4501 1192 4546 ,·
1224 4484 1280 4538 in
1308 4483 1591 4540 Mutilena
1610 4489 1860 4556 quatuor

1968 573 2140 636 nello,
2193 578 2248 628 et
2295 572 2577 645 quidquid
2630 575 2786 630 intra
2835 573 3098 631 Italicum
3164 590 3408 645 regnum
3449 575 3609 646 juste

1965 661 2244 733 possidet,
2277 661 2361 717 vel
2399 661 2447 716 si
2480 679 2592 716 non
2616 663 2897 734 possidet,
2917 665 3076 734 juste
3099 662 3394 734 possidere
3415 663 3605 720 debet.

1969 755 2168 822 Itaque
2199 754 2317 805 iam
2351 767 2437 816 ea,
2473 767 2586 822 prae
2622 752 3018 822 prmdiximus,
3051 768 3229 823 quam
3281 767 3406 823 qua:
3439 752 3608 806 devo-

1962 839 2139 906 tione,
2217 855 2704 910 quorumcunque
2780 840 3040 896 ﬁdelium
3104 841 3264 910 juste
3323 840 3612 912 acquisita

1965 926 2239 1000 deinceps
2275 928 2527 995 fuerunt,
2563 928 2620 982 in
2654 935 3020 1001 perpetuum,
3067 929 3192 985 sine
3233 929 3483 1000 alicujus
3512 929 3606 984 in-

1963 1016 2328 1086 quietudine,
2361 1020 2425 1071 ut
2465 1019 2770 1089 praefatum
2816 1018 3237 1074 monasterium
3291 1020 3400 1074 sub
3425 1019 3610 1075 tutela

1962 1105 2116 1160 beati
2189 1105 2339 1159 Petri
2394 1105 2810 1178 perpetualiter
2877 1108 3258 1180 suscipimus,
3307 1108 3606 1180 possidere

1961 1193 2277 1266 apostolica
2305 1195 2650 1250 auctoritate
2679 1196 2998 1252 sancimus.

2033 1283 2082 1336 3.
2112 1280 2262 1336 illud
2284 1283 2456 1338 etiam
2491 1284 2562 1338 ob
2594 1285 2970 1339 reverentiam
3005 1285 3191 1340 sancti
3231 1286 3604 1355 confessoris,

1964 1371 2369 1443 preacipueque
2428 1373 2680 1440 Domini,
2747 1373 3017 1444 praesenti
3079 1374 3420 1430 auctoritate
3475 1375 3602 1443 tibi,

1959 1459 2339 1515 dilectissime
2371 1461 2474 1527 ﬁli,
2507 1461 2824 1516 Giselberte
2855 1462 3024 1532 abba,
3056 1463 3294 1533 tuisque
3313 1479 3608 1519 successo-

1961 1547 2145 1619 ribus,
2177 1554 2233 1603 ct
2254 1550 2469 1620 quibus
2500 1555 2585 1616 tu,
2617 1551 2705 1604 vel
2727 1566 2902 1621 quem
2930 1551 3247 1621 supradicti
3265 1552 3606 1608 monasterii

1961 1639 2168 1692 fratres
2183 1625 2491 1708 jusserint,
2516 1640 2573 1693 in
2607 1639 2948 1695 sacerdotali
2977 1640 3166 1695 officio
3206 1640 3434 1711 positis,
3466 1657 3604 1714 apo-

1962 1724 2169 1780 stolico
2215 1726 2514 1798 privilegio
2562 1727 2958 1793 concedimus,
3010 1745 3079 1784 ex
3123 1728 3426 1799 cbaritate,
3475 1745 3604 1802 quea

1959 1813 2112 1870 Deus
2142 1819 2250 1884 est,
2283 1815 2492 1870 virtute
2523 1817 2710 1870 sancti
2749 1816 3023 1888 Spiritus,
3077 1819 3421 1875 auctoritate
3451 1819 3606 1876 beati

1958 1903 2108 1958 Petri
2143 1902 2421 1959 cmlorum
2455 1904 2723 1976 clavigeri
2770 1905 3211 1975 conﬁrmamus,
3263 1911 3328 1962 ut
3371 1908 3604 1980 populis

1958 2007 2061 2062 per
2080 1991 2564 2064 saculauudique
2579 1992 2937 2048 sanctissimi
2960 1995 3310 2052 confessoris
3323 1998 3605 2071 suffragia

1957 2081 2275 2152 expetendo
2304 2080 2803 2149 concurrentibus,
2838 2082 2957 2138 sive
2992 2083 3180 2155 ipsius
3217 2088 3407 2156 terrae,
3442 2086 3602 2144 inco-

1958 2167 2031 2224 lis
2063 2169 2132 2224 ad
2158 2170 2423 2224 eamdem
2459 2170 2760 2226 ecclesiam
2786 2171 3284 2242 convenientibus,
3327 2177 3397 2231 ad
3419 2177 3602 2234 bono-

1959 2275 2078 2314 rem
2103 2259 2224 2321 Dei,
2250 2264 2303 2312 et
2347 2259 2672 2314 beatissimi
2715 2261 2979 2332 Prosperi
3019 2264 3372 2320 confessoris
3403 2266 3601 2323 devote

1956 2365 2132 2420 super
2162 2346 2346 2418 ipsius
2378 2364 2575 2403 sacras
2604 2347 2904 2419 reliquias,
2935 2349 3228 2407 solemnes
3250 2357 3306 2408 et
3335 2354 3600 2425 publicas

1957 2438 2171 2492 missas
2202 2436 2512 2502 celebrare,
2544 2440 2600 2490 et
2650 2453 2798 2508 pane
2844 2439 3003 2494 verbi
3050 2440 3148 2494 Dei
3199 2458 3297 2496 eos
3344 2459 3601 2515 congrue

1956 2527 2206 2592 reﬁcere,
2243 2530 2297 2579 et
2327 2526 2541 2597 saepius
2581 2527 2985 2598 prmnominati
3029 2528 3248 2584 domini
3294 2535 3352 2586 et
3400 2533 3599 2606 magni

1954 2616 2207 2688 patroni,
2256 2614 2525 2669 videlicet
2575 2615 2899 2671 beatissimi
2951 2617 3216 2690 Prosperi
3266 2621 3513 2690 meritis,
3544 2625 3601 2679 et

1956 2708 2156 2759 nostra
2177 2702 2446 2775 praesenti
2468 2705 2813 2760 auctoritate
2836 2705 3112 2776 roborati,
3138 2724 3339 2764 eorum
3363 2711 3600 2768 devotas

1955 2793 2348 2848 confessiones
2376 2793 2782 2864 suscipientes,
2806 2799 3130 2850 vestrarum
3155 2797 3440 2869 ipsarum,
3465 2790 3603 2856 alia-

1954 2897 2204 2953 rumque
2224 2881 2918 2948 orationum,sermonum
2952 2901 3205 2957 quoque,
3240 2887 3596 2961 vigiliarum,

1945 2971 2307 3043 jejuniorum
2337 2970 2534 3036 etiam,
2557 2975 2614 3025 et
2631 2970 3133 3044 eleemosynarum
3168 2974 3286 3032 illis
3308 2978 3601 3034 submini-

1953 3064 2205 3117 strantes
2223 3058 2583 3131 praasidium,
2606 3059 2946 3117 delictorum
2963 3079 3163 3120 eorum
3179 3066 3599 3137 expiandorum

1953 3148 2265 3206 conferatis
2296 3147 2591 3203 solatium.

2022 3241 2073 3293 4.
2109 3238 2482 3309 Ρι-ωοὶρὶῐηυε
2515 3254 2747 3309 quoque
2777 3256 2850 3295 ne
2889 3241 3022 3312 quis
3053 3243 3319 3313 ejusdem
3351 3245 3600 3304 civitatis

1951 3328 2282 3400 episcopus,
2335 3327 2434 3381 sed
2487 3341 2592 3381 nec
2647 3328 2884 3398 quidem
2945 3329 3158 3401 aliquis
3221 3333 3462 3404 primas,
3507 3333 3597 3390 vel

1953 3415 2462 3488 metropolitanus,
2533 3419 2634 3470 aut
2692 3416 2966 3486 qumlibet
3026 3435 3202 3488 parva
3268 3436 3600 3494 magnaque

1954 3503 2343 3559 ecclesiastica
2364 3503 2729 3559 szecularisve
2743 3520 3010 3575 persona,
3049 3507 3372 3578 quidquam
3396 3527 3598 3566 eorum

1954 3611 2082 3666 quae
2116 3609 2294 3663 supra
2341 3592 2664 3646 taxavimus
2713 3598 3036 3663 pervertere
3078 3596 3290 3651 audeat
3337 3599 3439 3653 sed
3493 3617 3598 3656 nec

1957 3683 2214 3752 aliquam
2249 3684 2596 3751 potestatem
2649 3697 2911 3736 exercere
2958 3688 3158 3738 contra
3203 3687 3476 3742 eumdem
3504 3705 3601 3746 ve-

1957 3777 2147 3827 strum
2197 3768 2545 3834 cmnobium,
2599 3787 2788 3840 neque
2849 3772 3054 3841 qnavis
3106 3775 3409 3832 occasione
3458 3777 3603 3834 inibi

1960 3860 2175 3916 missas
2251 3858 2560 3922 celebrare,
2641 3864 2743 3914 aut
2809 3859 3237 3917 ordinationem
3320 3865 3602 3938 aliquam,

1960 3947 2226 4022 quamvis
2292 3947 2723 4019 parvissimam,
2791 3949 2916 4004 sine
2971 3949 3267 4008 voluntate
3297 3954 3525 4012 abbatis
3553 3961 3611 4012 et

1962 4040 2206 4093 fratrum
2275 4052 2464 4108 agere,
2533 4041 2635 4091 aut
2693 4038 3353 4098 excommunicationem
3411 4048 3614 4102 contra

1963 4143 2061 4183 eos
2111 4126 2276 4194 ferre,
2327 4124 2413 4179 vel
2482 4124 2715 4197 aliquod
2765 4126 3048 4193 officium,
3101 4134 3201 4184 aut
3250 4131 3610 4202 sepulturam

1965 4219 2331 4272 mortuorum
2383 4215 2630 4270 condere
2688 4216 2902 4270 audeat
2968 4218 3067 4288 qui
3114 4235 3231 4274 non
3280 4219 3404 4276 vult
3449 4227 3614 4280 aeter-

1967 4304 2177 4361 naliter
2205 4303 2471 4359 damnari
2511 4309 2569 4359 et
2599 4309 2877 4376 perpetuo
2899 4306 3271 4364 anathemate
3301 4309 3478 4366 feriri.

2037 4397 2093 4448 5.
2128 4393 2290 4459 Quod
2323 4392 2372 4448 si
2417 4393 2611 4464 aliquo
2661 4410 2922 4464 unquam
2973 4399 3234 4469 tempore
3281 4401 3617 4472 apparuerit

1969 4483 2184 4554 aliquis
2204 4481 2304 4554 qui
2327 4486 2527 4539 contra
2545 4481 2666 4537 haec
2687 4483 2844 4548 velit,
2879 4487 3224 4544 auctoritate
3262 4489 3414 4545 beati
3439 4491 3612 4559 Petri,

216 4585 476 4637 mansos,
511 4587 643 4626 cum
675 4571 978 4644 capella,et
1007 4574 1324 4646 quamdam
1357 4577 1577 4646 partem
1601 4575 1819 4630 castelli
1848 4596 1860 4645 ;
1893 4593 1939 4657 D
1971 4578 2036 4628 ut
2060 4573 2464 4644 praediximus,
2486 4572 2710 4626 irritum
2737 4572 3023 4629 habeatur
3043 4577 3197 4647 quod
3230 4595 3615 4653 praesumpse-

151 4676 154 4679 ·
217 4658 277 4713 in
331 4656 575 4714 Albinea
619 4663 868 4732 quatuor
925 4679 1182 4730 mansos,
1217 4667 1275 4718 et
1313 4662 1593 4735 capellam
1642 4664 1863 4720 Sanctae

209 4745 402 4801 Mariae
436 4747 492 4801 in
519 4747 850 4820 Pisignano,
889 4767 1022 4805 cum
1051 4749 1270 4806 Oliveto
1293 4751 1402 4806 sibi
1439 4752 1738 4822 adjacente
1763 4771 1776 4808 :
1802 4752 1858 4807 in

203 4833 513 4906 Vergnano
545 4836 693 4892 duos
725 4854 982 4904 mansos,
1017 4844 1075 4894 et
1104 4843 1232 4895 octo
1263 4856 1502 4896 mansos
1535 4859 1684 4912 quos
1705 4841 1862 4896 dedit

205 4922 440 4978 Ardicio
473 4924 629 4980 {ilius
661 4927 895 4981 Attonis
927 4926 1032 4982 filii
1083 4928 1438 5000 Gandulphi,
1492 4934 1548 4984 et
1577 4929 1861 5001 capellam

205 5013 404 5067 Sancti
437 5012 701 5069 Damiani
735 5015 790 5068 in
839 5015 1100 5084 Medulaa,
1155 5033 1329 5089 quam
1387 5018 1545 5072 dedit
1575 5018 1822 5074 Uberius
1850 5038 1862 5088 ;

205 5100 436 5155 vincam
487 5119 619 5156 cum
672 5108 894 5174 septem
959 5107 1298 5174 montibus;
1347 5106 1630 5178 capellam
1672 5109 1865 5162 Sancti

206 5189 362 5245 Petri
390 5190 447 5243 in
472 5190 840 5261 Convanello,
861 5210 992 5247 cum
1009 5194 1286 5250 omnibus
1309 5194 1432 5249 suis
1454 5195 1861 5266 pertinentiis;

204 5279 266 5333 in
301 5275 578 5348 Spetiano
626 5296 810 5335 unum
866 5297 1184 5350 mansum;
1237 5282 1292 5337 in
1336 5285 1549 5340 Sancto
1601 5285 1866 5341 Floriano

206 5381 438 5434 unum;
475 5383 658 5422 unum
693 5368 750 5423 in
784 5374 986 5424 monte
1029 5371 1415 5440 Baranzonis;
1467 5375 1524 5428 et
1571 5374 1865 5444 quandam

208 5460 440 5531 partem
493 5455 550 5511 in
591 5457 813 5530 capella
863 5459 1062 5515 Sancti
1113 5459 1343 5515 Martini
1407 5461 1467 5516 in
1531 5465 1768 5529 nevere,
1814 5465 1871 5517 et

215 5547 431 5618 quater
459 5549 655 5619 partes
688 5546 744 5603 in
793 5548 1069 5622 praedicta
1118 5550 1366 5619 Revere;
1424 5551 1540 5606 dua
1588 5550 1645 5605 in
1688 5549 1869 5606 eccle-

194 5634 304 5699 vaia
345 5637 569 5697 Sanctae
635 5636 852 5711 Mariae,
906 5655 1082 5702 unam
1147 5640 1206 5700 in
1252 5640 1464 5703 Sancto
1512 5638 1868 5715 Florentino,

1975 4664 2048 4717 rit
2078 4666 2368 4733 appetere,
2404 4677 2592 4733 neque
2622 4679 2654 4716 a
2696 4666 2751 4716 te
2799 4661 2886 4718 vel
2937 4680 2971 4718 a
3013 4665 3132 4721 tuis
3180 4669 3622 4724 successoribus

1972 4749 2294 4807 obediatur.

2043 4842 2097 4894 6.
2130 4839 2305 4894 Porro
2355 4855 2531 4910 super
2570 4838 2849 4896 electione
2897 4858 3000 4896 seu
3048 4843 3414 4900 ordinatione
3443 4844 3622 4901 abba-

1973 4929 2070 4998 tis,
2095 4928 2248 5000 quod
2275 4929 2524 4982 maxime
2546 4928 2718 4982 saluti
2745 4931 3164 4985 cmnobitarum
3191 4933 3486 5005 competit,
3512 4934 3622 4990 hoc

1976 5018 2034 5072 in
2069 5018 2180 5071 {ine
2223 5017 2564 5088 repetimus,
2617 5022 2681 5070 ut
2726 5022 2885 5072 tanto
2928 5019 3191 5074 tenacius
3245 5019 3460 5077 hmreat
3487 5039 3626 5093 prae-

1976 5106 2233 5162 sentium
2281 5109 2338 5160 ct
2388 5107 2713 5159 futurorum
2765 5106 3082 5171 mentibus,
3132 5113 3353 5179 quanto
3401 5125 3504 5181 pro
3534 5111 3628 5167 sui

1977 5194 2212 5267 speciali
2247 5192 2331 5248 vel
2365 5192 2650 5264 singulari
2689 5193 2938 5249 utilitate
2977 5194 3298 5252 incultatur
3344 5199 3628 5256 crebrius.

1981 5285 2037 5340 Si
2098 5283 2232 5354 quis
2289 5298 2446 5352 ergo,
2505 5297 2854 5352 quocunque
2910 5282 3163 5354 ingenio,
3212 5302 3315 5358 per
3369 5287 3632 5360 aliquam

1978 5371 2351 5429 venalitatem
2385 5368 2473 5424 vel
2505 5369 2826 5424 humanam
2857 5374 3105 5443 gratiam
3152 5392 3547 5434 successorem
3579 5377 3632 5434 ei

1980 5459 2284 5532 subrogari
2301 5475 2548 5531 praesum
2559 5457 2868 5530 pserit,aut
2883 5460 3238 5534 aliterquam
3252 5466 3636 5526 abeatissimo

1980 5552 2148 5607 Patre
2175 5553 2371 5606 nostro
2394 5547 2705 5605 Benedicto
2728 5550 3112 5608 constitutum
3135 5558 3225 5610 est
3261 5555 3320 5611 in
3358 5555 3638 5615 electione

1979 5637 2069 5703 vel
2101 5638 2465 5700 ordinatione
2498 5638 2728 5699 abbatis
2768 5641 2968 5722 egerit,
3011 5641 3216 5705 electio
3257 5645 3378 5720 illa,
3418 5646 3506 5706 vel
3539 5665 3638 5709 oro
