3966 6212
280 363 513 428 ’879

1704 364 2102 428 STEPHANI
2144 364 2195 426 X
2237 365 2488 429 ΡΑΡᾸΞ.

3685 359 3808 425 880

388 496 633 569 dinatio,
670 497 1015 557 auctoritate
1050 502 1267 556 sanctae
1316 497 1590 554 Romanae
1621 501 1680 553 et
1710 498 2035 571 apostolica
2066 499 2120 567 Α
2150 517 2302 568 mus,
2327 501 2540 572 quibus
2558 518 2673 557 non
2692 500 2880 557 solum
2899 498 3096 557 omnia
3111 496 3468 565 communia,
3490 496 3596 553 sed
3622 495 3800 552 etiam

389 587 544 643 sedis
577 586 911 645 omnimode
945 588 1232 646 habeatur
1278 587 1467 654 irrita,
1519 591 1577 643 et
1613 592 1881 642 auctores
1913 588 2042 659 ejus

385 674 475 730 vel
504 674 876 744 mediatores,
907 676 1021 734 nisi
1056 676 1432 749 resipuerint,
1474 679 1754 748 perpetuo
1779 676 2040 732 damnati

392 762 513 819 sint
542 763 914 822 anathemate
944 764 1304 822 Maranatha.

398 884 399 889 η
458 852 517 909 7.
549 851 696 911 Hinc
744 852 926 924 hujus
978 851 1263 926 privilegii
1331 855 1731 924 transgressor
1797 853 2040 925 quicun-

388 955 503 1013 que
540 943 761 999 temere
788 945 1014 999 tentare
1029 942 1488 1014 praesumpserit,
1514 942 1779 997 districto
1801 942 2041 999 anathe-

388 1031 547 1086 mate
564 1043 632 1086 se
648 1029 1104 1087 condemnatum
1142 1027 1367 1084 noverit
1387 1027 1499 1083 nisi
1523 1028 1669 1084 forte
1691 1030 2042 1102 resipiscens

386 1117 563 1192 digne
591 1118 959 1176 satisfecerit.

456 1208 509 1263 8.
539 1207 645 1272 Qui
672 1224 805 1263 vero
827 1208 1070 1263 devotus
1097 1210 1468 1262 conservator
1490 1206 1801 1273 exstiterit,
1825 1206 2041 1262 divinis

388 1295 682 1369 repleatur
702 1295 1225 1359 benedictionibus,
1261 1300 1318 1350 et
1338 1296 1623 1368 principis
1645 1296 2039 1368 apostolorum

388 1385 736 1442 auctoritate
763 1384 837 1440 ab
867 1384 1143 1440 omnibus
1181 1383 1526 1441 delictorum
1577 1402 1815 1441 suorum
1846 1384 2038 1441 absol-

384 1477 559 1530 vatur
585 1472 856 1529 nexibus.
885 1474 1088 1529 Amen.

450 1560 756 1634 Scriptum
803 1577 907 1634 per
972 1578 1186 1619 manus
1252 1562 1513 1635 Gregorii
1573 1563 1783 1617 notarii
1829 1566 2042 1618 sanctis

391 1650 667 1715 Romanis
697 1653 756 1706 et
783 1650 1113 1723 apostolicis
1145 1649 1321 1720 sedis,
1354 1651 1414 1706 in
1453 1667 1653 1707 mense
1684 1651 2041 1721 Decembris,

389 1738 710 1801 indictione
737 1756 817 1794 xi.

446 1831 676 1882 Datum
722 1827 781 1882 in
832 1831 1023 1884 castro
1070 1828 1281 1884 Casino
1329 1844 1432 1901 per
1481 1844 1693 1883 manus
1739 1826 2043 1883 Humberti

393 1920 610 1973 sanctae
643 1916 897 1971 ecclesia:
926 1915 1098 1972 Silvas
1126 1916 1398 1972 Candida:
1429 1917 1708 1989 episcopi,
1751 1921 1806 1973 et
1836 1916 2045 1972 biblio-

388 2004 632 2061 thecarii
666 2007 883 2060 sanctae
915 2005 1189 2060 Romana:
1219 2004 1508 2061 Ecclesiae.

1153 2111 1277 2167 VII.

388 2200 640 2274 Epislota
683 2200 952 2274 Stephani
1009 2201 1053 2256 Χ
1090 2217 1247 2273 papae
1295 2200 1365 2255 ad
1413 2202 1616 2272 fratres
1669 2201 2043 2257 Ctuniacensis

1020 2308 1023 2313 -
1048 2274 1394 2329 monasterii.

1019 2361 1206 2432 (Anno
1246 2360 1422 2433 1058.)

863 2449 1103 2521 [Battara
1149 2448 1429 2518 Cluniae,
1461 2449 1575 2520 45.]

402 2568 405 2575 -
461 2538 787 2595 Summus
817 2538 1148 2610 episcopus,
1183 2554 1384 2595 servus
1416 2554 1713 2594 servorum
1745 2538 1866 2606 Dei,
1900 2539 2042 2595 dile-

389 2624 672 2683 ctissimis
695 2624 841 2682 .ﬂliis
870 2624 1273 2683 Cluniacensis
1316 2627 1654 2684 monasterii
1704 2626 1952 2683 salutem
1987 2632 2044 2684 et

388 2713 777 2789 apostolicam
805 2713 1293 2771 benedictionem.

396 2826 425 2849 -ς
456 2803 851 2875 Quamvispro
874 2809 1083 2859 nostrae
1102 2804 1259 2860 sedis
1272 2804 1553 2877 dignitate
1565 2805 1841 2862 omnibus
1853 2805 2043 2861 simus

387 2891 707 2959 debitores,
734 2895 936 2947 tamen
969 2891 1278 2964 specialem
1312 2893 1463 2948 circa
1485 2910 1586 2949 vos
1608 2895 1879 2950 affectum
1911 2893 2044 2949 cha-

386 2980 585 3037 ritatis
606 2979 914 3046 habemus,
938 2980 1060 3053 qui,
1090 2982 1200 3038 sub
1226 2982 1572 3038 umbraculo
1593 2988 1805 3039 sanctae
1827 2986 1884 3038 et
1904 2998 2040 3054 apo-

386 3067 612 3126 statim
634 3069 794 3125 sedis
815 3070 1012 3143 positi,
1044 3071 1203 3127 unde
1237 3072 1634 3128 defensionem
1667 3070 2044 3145 protectionis

382 3156 686 3213 habuistis
733 3157 994 3214 solamen
1042 3158 1372 3215 orationum
1430 3160 1825 3233 impendistis.
1876 3161 2040 3224 Quod

2153 606 2336 643 unum
2370 606 2469 645 cor
2497 592 2586 645 est
2613 594 2671 646 et
2699 590 2894 645 anima
2922 605 3059 646 una.
3107 590 3170 644 In
3215 601 3466 660 quorum
3495 588 3656 642 sorte
3682 602 3801 642 non

2152 678 2399 733 inferius
2431 683 2707 734 censetur
2735 679 3118 736 Cluniacense
3145 675 3494 744 cmnobium,
3542 674 3706 747 quod
3732 675 3805 732 ab

2150 763 2279 835 ipso
2295 783 2413 822 suae
2429 767 2789 823 fundationis
2804 767 2890 841 pri
2901 767 3122 823 mordio
3134 766 3416 822 hactenus
3427 761 3805 838 vibratlonge

2151 852 2383 927 lateque
2415 860 2627 912 sanctae
2666 855 3124 912 conversationis
3163 854 3340 925 jubar
3377 851 3804 919 clarissimum,

2153 945 2295 999 adeo
2337 949 2400 999 ut
2446 944 2707 1000 faciendo
2759 948 2817 1000 et
2864 944 3128 1000 ducendo
3176 941 3462 998 exstiterit
3508 944 3569 996 et
3594 941 3809 997 existat

2153 1032 2486 1101 Gallicanis,
2528 1032 2914 1102 Germanicis,
2967 1031 3203 1097 Italicis,
3251 1034 3311 1085 et
3355 1028 3530 1102 plane
3576 1030 3808 1087 cunctis

2155 1120 2369 1175 Latinae
2402 1121 2614 1193 linguai
2647 1121 3022 1178 monasteriis
3053 1122 3241 1176 forma
3271 1118 3603 1174 sanctitatis
3631 1124 3812 1191 atque

2153 1209 2622 1280 speculum.Tam
2637 1210 3064 1283 laudabiliergo
3078 1206 3810 1282 monasticaephilosophim

2152 1299 2477 1370 gymnasio,
2528 1304 2768 1371 tamque
2800 1300 3078 1354 ordinatae
3127 1297 3270 1353 aciei
3319 1300 3646 1353 castrorum
3692 1314 3807 1353 cm-

2152 1388 2410 1455 lcstium,
2463 1391 2529 1443 ut
2573 1388 2816 1461 dignum
2869 1392 2980 1454 est,
3028 1387 3168 1443 totis
3217 1385 3546 1458 praecordiis
3589 1386 3806 1456 devoti,

2161 1476 2489 1531 secundum
2526 1475 2938 1547 postulationis
2984 1479 3096 1530 tua).
3144 1479 3428 1543 tenorem,
3462 1472 3811 1531 charissima

2153 1563 2262 1632 fili,
2296 1569 2354 1619 et
2382 1565 2535 1628 abba
2562 1565 2751 1637 Hugo,
2784 1564 3131 1620 auctoritate
3156 1567 3488 1620 sanctorum
3523 1562 3814 1635 apostolo-

2153 1669 2285 1707 rum
2317 1652 2465 1708 Petri
2492 1658 2549 1708 et
2596 1653 2782 1721 Pauli,
2838 1669 3087 1725 quorum
3135 1652 3456 1725 patrocinio
3501 1652 3812 1724 prmiatum

2153 1740 2541 1799 Cluniacense
2575 1741 2905 1798 cmnobium
2938 1741 3226 1806 innititur,
3256 1758 3358 1813 per
3385 1739 3566 1813 hujus
3593 1744 3813 1796 nostra:

2154 1829 2460 1885 decretalis
2484 1830 2709 1902 pagina;
2731 1829 3064 1887 inviolabile
3093 1831 3292 1897 robur,
3313 1833 3638 1886 statuentes
3670 1846 3815 1885 con-

2156 1920 2465 1974 firmamus
2509 1919 2611 1973 tibi
2662 1919 3040 1975 Cluniacense
3083 1919 3436 1985 cmnobium,
3504 1923 3562 1974 et
3605 1935 3713 1991 per
3755 1922 3821 1974 te

2154 2008 2382 2064 cunctis
2407 2008 2544 2076 tuis,
2576 2008 2730 2064 sicut
2758 2009 2977 2063 dictum
2998 2012 3105 2077 est,
3129 2006 3568 2070 successoribus
3589 2007 3650 2061 in
3675 2022 3823 2078 per-

2155 2102 2421 2170 petuum,
2454 2102 2662 2152 cuncta
2693 2096 2819 2152 loca
2847 2100 2902 2150 et
2924 2093 3277 2150 monasteria
3299 2093 3411 2165 ipsi
3428 2092 3829 2149 Cluniacensi

2154 2186 2509 2242 monasterio
2549 2187 2683 2257 jure
2747 2184 3113 2255 pertinentia,
3183 2198 3311 2254 quas
3358 2181 3538 2237 etiam
3587 2198 3623 2236 a
3671 2182 3825 2253 qui-

2154 2276 2498 2346 buscunque
2512 2272 2780 2327 fidelibus
2794 2271 3025 2339 Christi,
3042 2270 3300 2344 regibus,
3314 2269 3631 2342 episcopis,
3646 2270 3824 2326 duci-

2154 2364 2284 2432 bus,
2310 2380 2409 2419 seu
2432 2360 2799 2433 principibus
2821 2360 3008 2416 eidem
3040 2359 3166 2415 loco
3197 2363 3338 2415 sunt
3367 2374 3685 2427 concessa;
3717 2357 3820 2415 vel

2150 2452 2224 2507 ab
2237 2449 2709 2507 antecessoribus
2730 2449 2854 2504 tuis
2877 2448 3189 2504 abbatibus
3212 2445 3520 2519 acquisita,
3545 2446 3820 2503 Bernone

2150 2540 2436 2608 videlicet,
2463 2540 2681 2607 Odone,
2718 2538 3028 2611 Eymardo,
3060 2541 3118 2592 et
3156 2537 3338 2592 beatas
3386 2535 3817 2593 recordationis

2151 2628 2356 2684 Maiolo
2385 2633 2442 2684 et
2471 2632 2675 2684 sancto
2706 2626 2969 2692 0dilone,
3000 2630 3120 2681 tam
3170 2625 3231 2680 in
3280 2625 3457 2680 rebus
3488 2623 3812 2681 mobilibus

2152 2735 2330 2791 quam
2363 2717 2537 2774 etiam
2559 2718 2617 2771 in
2640 2715 3047 2771 immobilibus
3066 2730 3311 2785 seseque
3329 2712 3726 2784 moventibus,
3743 2717 3813 2769 ut

2153 2808 2375 2877 absque
2396 2805 2574 2860 ullius
2599 2803 3061 2860 contradictione
3082 2820 3287 2859 secure
3307 2807 3365 2858 et
3383 2802 3623 2875 pacifice
3644 2800 3811 2874 quie-

2151 2900 2247 2951 tus
2277 2896 2489 2950 debeas
2520 2911 2585 2949 ea
2613 2892 2932 2965 possidere.
2965 2892 3047 2946 Ex
3076 2891 3292 2964 quibus
3339 2890 3435 2945 hic
3477 2889 3811 2947 nominatin

2151 2983 2266 3039 ista
2305 2982 2765 3053 descripsimus:

2226 3070 2521 3142 Imprimis
2536 3070 2729 3141 ipsum
2745 3069 3124 3124 Cluniacense
3137 3067 3468 3124 ccenobium
3484 3069 3813 3141 apotentis-

2152 3159 2302 3215 simo
2324 3159 2623 3230 quondam
2651 3159 2799 3213 duce
2819 3157 3114 3214 Willelmo
3136 3157 3193 3213 in
3218 3174 3367 3232 pago
3389 3157 3810 3214 Matisconensi

385 3261 625 3318 semper
652 3247 839 3304 facere
860 3247 1107 3313 debetis,
1132 3253 1425 3320 quatenus
1449 3251 1559 3306 sub
1589 3267 1656 3306 ea
1690 3249 1965 3305 crescetis
1985 3254 2043 3305 et
2072 3235 2114 3300 C
2152 3248 2483 3311 fundatum,
2505 3263 2637 3301 cum
2669 3247 2949 3302 omnibus
2965 3247 3143 3302 rebus
3175 3247 3234 3302 in
3257 3247 3506 3303 circuitu
3539 3246 3732 3320 ipsius
3752 3251 3814 3302 et

387 3334 968 3403 fructumreddatis.
1021 3336 1297 3393 Nostrum
1349 3343 1543 3395 autem
1600 3337 2047 3394 dilectissimum

387 3423 583 3493 ﬁlium
603 3424 949 3482 charitative
969 3425 1275 3483 nobiscum
1300 3444 1490 3500 usque
1506 3428 1576 3483 ad
1600 3427 1887 3499 synodum
1911 3427 2047 3483 reti-

391 3513 655 3571 nuimus.
678 3514 859 3571 Vobis
881 3519 1101 3581 autem,
1124 3514 1280 3571 sicut
1300 3515 1594 3588 imprimis
1618 3514 2045 3582 benediximus,

391 3601 819 3673 benedicimus,
864 3608 924 3660 et
971 3603 1233 3661 viventes
1279 3621 1344 3661 ac
1408 3604 1713 3661 defunctos
1769 3620 1837 3660 ex
1884 3609 2047 3676 parte

391 3691 493 3749 Dei
539 3695 599 3749 et
643 3692 797 3750 beati
861 3691 1016 3748 Petri
1062 3692 1346 3765 principis
1394 3692 1790 3765 apostolorum
1851 3691 2044 3749 absol-

388 3796 601 3838 trimus.

1135 3887 1286 3944 VIII.

385 3975 750 4048 Priviteginm
805 3974 1071 4047 Stephani
1123 3978 1164 4032 X
1204 3990 1369 4049 papae
1413 3993 1511 4049 per
1557 3978 1699 4049 quod
1742 3978 2037 4049 conﬁrmat

419 4049 661 4122 omnia
686 4050 1038 4122 monasteria,
1087 4049 1245 4115 bona,
1282 4050 1420 4120 jura
1483 4057 1534 4104 et
1578 4052 1872 4122 privilegia
1918 4068 2040 4108 mo-

453 4120 692 4176 nasterio
723 4119 1079 4176 Cluniacensi
1107 4123 1271 4176 antea
1285 4119 1572 4176 Concessa.

1013 4209 1201 4282 (Anno
1230 4208 1416 4279 4058.)

838 4299 1102 4370 [Bultar.,
1150 4297 1428 4364 Ctuniac.,
1460 4298 1573 4370 45.]

392 4438 393 4445 η
449 4403 786 4463 Summus
818 4406 1150 4480 episcopus,
1183 4421 1386 4462 servus
1406 4422 1705 4462 servorum
1726 4407 1847 4477 Dei,
1874 4425 2032 4465 reve-

379 4491 736 4553 rendissimo
760 4495 880 4552 filio
902 4495 1131 4552 HUGONI
1156 4494 1354 4551 abbati
1372 4494 1721 4552 venerabilis
1743 4504 2031 4554 monaste-

2157 3337 2215 3392 in
2240 3336 2372 3392 aliis
2404 3335 2740 3408 regionibus
2761 3335 2968 3407 positis
2986 3336 3058 3391 ad
3093 3335 3289 3409 ipsum
3303 3337 3439 3408 jure
3461 3335 3811 3409 pertinenti-

2157 3426 2304 3495 bus;
2338 3425 2397 3480 in
2430 3424 2734 3495 comitatu,
2760 3423 3030 3480 videlicet
3059 3424 3490 3494 Matisconensi,
3513 3422 3729 3480 cellam
3752 3423 3812 3479 in

2157 3514 2374 3571 honore
2394 3513 2582 3570 sancti
2603 3513 2834 3568 Martini
2863 3530 2877 3583 ;
2901 3513 3207 3570 ecclesiam
3232 3530 3459 3587 quoque
3473 3514 3645 3585 juxta
3659 3513 3814 3585 posi-

2153 3607 2276 3660 tam
2301 3603 2363 3659 in
2393 3603 2613 3659 honore
2634 3602 2823 3658 sancti
2845 3600 3092 3658 Joannis
3114 3620 3129 3672 ;
3151 3601 3322 3659 villas
3337 3602 3512 3658 etiam
3537 3602 3811 3658 Cavinias

2154 3709 2287 3748 cum
2319 3690 2601 3748 ecclesia:
2635 3690 3049 3748 Solestriacum
3089 3691 3287 3748 villam
3337 3708 3471 3750 cum
3519 3691 3806 3759 ecclesia;

2152 3781 2475 3839 Escutiolas
2492 3798 2626 3838 cum
2650 3780 2895 3838 ecclesia
2915 3799 2928 3851 ;
2954 3781 3345 3838 Galliniacum
3364 3798 3499 3838 cum
3520 3780 3771 3838 ecclesia
3792 3799 3807 3851 ;

2152 3872 2457 3928 Rufiacum
2495 3888 2631 3928 cum
2680 3871 2961 3939 ecclesia;
3014 3870 3306 3927 Massiliae
3358 3888 3495 3927 cum
3537 3871 3808 3940 ecclesia,

2148 3960 2609 4029 Clairmannum,
2645 3961 3095 4033 Barjeseranum
3126 3959 3329 4016 villam
3355 3978 3369 4029 ;
3401 3959 3679 4017 Curtilias
3697 3959 3807 4015 vil-

2148 4049 2289 4117 lam,
2320 4050 2791 4116 Petronniacum,
2811 4050 3188 4122 Arpajacum,
3212 4048 3668 4117 Darboniacum,
3694 4050 3800 4105 Be-

2148 4141 2487 4195 surniacum
2509 4157 2521 4207 ;
2545 4137 2862 4194 Ecclesiam
2893 4138 3117 4194 Sanctae
3137 4137 3464 4207 Columbae;
3492 4137 3802 4194 Vitreriam

2148 4227 2600 4301 Burguliensem
2632 4227 2851 4297 villam,
2884 4227 3189 4283 ecclesiam
3225 4228 3423 4284 Sancti
3466 4226 3803 4295 Laurentii;

2143 4322 2414 4373 castrum
2459 4317 2820 4385 Lurdonum,
2855 4316 3247 4386 Blanuscum;
3292 4315 3516 4386 villam,
3565 4315 3806 4372 nomine

2142 4406 2365 4462 Cottam
2400 4423 2414 4471 ;
2450 4406 2873 4462 monasterium
2905 4406 3082 4462 etiam
3120 4405 3275 4479 quod
3323 4410 3565 4462 vocatur
3590 4406 3801 4461 Carus-

2142 4496 2330 4551 Locus
2349 4511 2484 4550 cum
2506 4494 2783 4551 omnibus
2804 4495 2873 4550 ad
2898 4511 2962 4550 se
2982 4493 3667 4567 pertinentibus;cellam
3694 4493 3804 4548 Re-

378 4582 450 4638 rii
481 4584 636 4655 quod
667 4602 702 4641 a
729 4584 881 4641 valle
908 4584 1190 4641 Cluniaea
1220 4583 1632 4655 agnominatur
1661 4584 2025 4656 Cluniacum,
2058 4604 2105 4670 D
2137 4585 2411 4658 gniacum
2440 4600 2575 4640 cum
2610 4584 2884 4641 omnibus
2898 4582 3799 4656 sibipertinentibus;ecclesiam

372 4670 437 4728 in
458 4670 678 4731 honore
696 4674 1003 4730 beatorum
1025 4670 1425 4744 apostolorum
1448 4672 1599 4728 Petri
1622 4678 1679 4729 et
1701 4674 1863 4730 Pauli
1884 4693 2025 4732 con-
2135 4672 2592 4730 SanctiVictoris
2606 4690 2740 4729 cum
2757 4673 3034 4729 omnibus
3051 4674 3179 4729 suis
3200 4672 3566 4747 pertinentiis
3588 4690 3601 4741 ;
3621 4672 3805 4729 eccle-

377 4767 694 4831 secratum,
717 4762 777 4818 in
799 4762 1082 4819 comitatu
1107 4760 1520 4816 Matisconensi
1552 4762 1753 4833 situm,
1777 4769 1833 4819 et
1853 4781 1956 4836 per
1974 4770 2029 4821 te

370 4851 601 4908 cunctis
618 4850 1061 4908 successoribus
1084 4849 1203 4905 tuis
1226 4849 1536 4905 abbatibus
1559 4850 1700 4906 inibi
1743 4853 2023 4924 regulari-

366 4942 457 4996 ter
484 4940 902 5013 promovendis
932 4939 990 4993 in
1024 4942 1395 5011 perpetuum.

368 5066 375 5069 -
436 5030 522 5086 Ad
554 5029 685 5098 hoc,
710 5029 828 5084 Deo
851 5031 1107 5095 auctore,
1139 5029 1195 5083 in
1222 5027 1458 5100 specula
1482 5034 1694 5085 sanctae
1712 5036 1768 5086 et
1789 5032 2026 5088 univer-

364 5116 778 5175 salieEcclesiie
795 5115 1208 5173 eminentiores
1221 5116 1797 5190 conspeculatoribus
1814 5121 2027 5177 nostris

363 5206 767 5275 consistimus,
795 5210 863 5262 ut
883 5206 1061 5262 saluti
1085 5211 1140 5263 et
1162 5206 1351 5279 quieti
1376 5207 1781 5265 universorum
1810 5210 2024 5265 sollici-

361 5295 489 5353 tius
507 5294 909 5368 invigilemus.
935 5296 1096 5358 Quod
1122 5296 1322 5368 utique
1345 5312 1409 5350 ex
1435 5296 1667 5367 speciali
1693 5298 2023 5370 apostolica)

360 5383 523 5441 sedis
553 5382 857 5456 privilegio
897 5384 1112 5457 adepti,
1165 5386 1212 5438 si
1264 5385 1541 5439 omnibus
1586 5385 2024 5459 infatigabiliter

356 5471 699 5543 prospicere
747 5472 1053 5539 debemus,
1108 5473 1292 5529 multo
1342 5474 1531 5544 magis
1579 5473 1698 5533 illis
1730 5492 1878 5547 quos
1909 5477 2021 5531 sub

356 5557 685 5629 apostolica
703 5558 1016 5630 disciplina
1044 5562 1353 5618 arctiorem
1394 5562 1570 5616 vitam
1608 5565 2021 5620 mandatorum

360 5643 488 5711 Dei,
520 5644 593 5699 ad
619 5643 807 5701 instar
824 5642 1131 5719 primitivis
1176 5649 1468 5721 Ecclesiae,
1491 5667 1830 5723 percurrere
1860 5654 2021 5711 novi-

2138 4761 2259 4819 sias
2277 4761 2452 4817 etiam
2466 4766 2523 4818 et
2536 4765 2723 4817 terras
2744 4779 2871 4834 quae
2895 4764 3066 4834 juxta
3089 4762 3252 4818 illam
3275 4766 3431 4828 sunt,
3454 4776 3559 4833 pro
3572 4761 3804 4831 quibus

2139 4851 2277 4907 data
2299 4855 2387 4906 est
2407 4852 2704 4923 quondam
2727 4851 2971 4908 ecclesia
3001 4852 3194 4907 Sancti
3223 4848 3545 4922 Gengulpbi
3563 4864 3585 4910 ,’
3607 4849 3799 4921 Equi-

2138 4940 2379 4995 randam
2407 4955 2642 5012 quoque
2662 4945 2883 4995 curtem
2907 4957 3041 4996 cum
3064 4938 3304 4998 ecclesia
3322 4936 3519 4994 Sancti
3540 4938 3799 4997 Andreas

2137 5027 2405 5102 apostoli,
2438 5031 2495 5084 et
2523 5045 2657 5084 cum
2680 5029 2810 5084 aliis
2839 5028 3102 5086 ecclesiis
3130 5033 3188 5086 et
3207 5027 3482 5084 omnibus
3519 5027 3651 5085 suis
3681 5045 3795 5103 ap-

2142 5117 2423 5189 pendiciis
2451 5136 2465 5186 ;
2498 5135 2703 5173 omnes
2755 5135 2988 5190 quoque
3037 5118 3313 5175 ecclesias
3340 5120 3399 5174 et
3439 5121 3650 5188 terras,
3685 5134 3793 5174 seu

2135 5207 2412 5280 quicquid
2430 5210 2703 5279 prtel'atus
2718 5207 2879 5263 locus
2901 5208 3077 5264 habet
3097 5209 3156 5263 in
3166 5207 3455 5279 thndicto
3472 5207 3790 5274 comitatu;

2135 5298 2192 5352 in
2216 5296 2493 5352 comitatu
2520 5312 2652 5351 vero
2673 5296 3039 5353 Cabilonensi
3066 5316 3080 5365 ς
3108 5294 3315 5352 cellam
3335 5297 3409 5352 de
3429 5295 3791 5355 Bellomonte

2136 5387 2194 5441 in
2218 5385 2435 5439 honore
2461 5389 2673 5439 sanctas
2695 5384 2790 5440 Dei
2815 5384 3115 5456 genitricis
3136 5385 3332 5442 Maria
3351 5385 3630 5454 dicatam,
3648 5399 3789 5439 cum

2133 5472 2411 5530 omnibus
2436 5471 2548 5528 sibi
2573 5473 3034 5544 pertinentibus:
3068 5474 3377 5535 ecclesiam
3425 5490 3665 5548 quoque
3691 5473 3792 5530 de-

2131 5558 2465 5634 Campiloco
2494 5577 2631 5617 cum
2658 5562 2933 5618 omnibus
2962 5564 3087 5619 suis
3119 5563 3487 5637 appendiciis
3514 5582 3530 5634 ;
3560 5568 3792 5622 curtem

2131 5651 2309 5710 etiam
2337 5648 2617 5708 vocabulo
2646 5649 2939 5710 Juliacum
2970 5668 3108 5711 cum
3137 5652 3403 5712 ecclesiis
3431 5657 3493 5713 et
3509 5653 3686 5712 terris
3714 5652 3769 5712 ei
