3966 6212
396 377 512 443 883

1152 380 1547 443 ΞἸἙΡΗΑΙΙ
1593 382 1641 440 Χ
1685 381 1917 442 PAP/E
1959 379 2032 442 El

2227 381 2366 443 ILE
2406 381 2508 445 ET
2550 381 3032 447 PRIVILEGIA.

3684 372 3806 439 884

397 513 569 571 etiam
612 515 702 570 est
740 513 910 585 juxta
942 518 1199 570 castrum
1257 517 1410 588 quod
1467 520 1703 570 vocatur
1724 515 2020 584 Demens;
2057 512 2102 581 Α
2144 516 2476 572 cessoribus
2511 513 3810 589 placuerit.Abbatesquoquedeipsacongre.

398 604 601 661 cellam
636 604 809 659 etiam
846 621 970 676 quin
1003 609 1243 660 vocatur
1273 606 1499 674 Portus,
1524 605 1582 660 in
1612 605 1828 661 honore
1851 606 2038 662 sancti

394 694 670 766 Stephani
704 699 1122 758 consecratam,
1159 694 1217 748 in
1249 695 1584 766 episcOpatu
1638 694 2036 752 Bisuntinensi

395 781 566 837 sitarn
600 800 612 837 :
647 782 704 836 in
737 782 1068 854 episcopatu
1104 783 1383 850 Tullensi,
1417 784 1621 839 cellam
1654 802 1780 856 (IlltB
1803 788 2040 840 vocatur

395 871 742 942 Ramengas.
804 871 1108 926 Abbatiam
1167 872 1630 940 Viziliacenscm,
1689 873 1788 926 ubi
1839 878 2038 928 sancta

394 959 576 1015 Maria
628 959 959 1031 Magdelene
1008 959 1338 1031 requiescit,
1390 961 1493 1014 tibi
1544 961 1919 1017 concedimus
1978 961 2037 1016 in

393 1049 831 1120 possidendum.
927 1049 1335 1103 Monasterium
1409 1066 1541 1103 vero
1612 1049 2035 1116 Paterniacum,

391 1137 578 1192 eidem
605 1137 730 1192 loco
761 1138 1124 1191 Cluniacensi
1154 1154 1254 1208 per
1287 1142 1567 1208 prmeepta
1607 1138 1822 1209 regalia
1855 1137 2038 1192 tradi-

392 1230 516 1280 tum
549 1244 680 1280 eum
714 1225 988 1281 omnibus
1018 1243 1144 1296 quae
1176 1226 1389 1280 habere
1419 1226 1647 1280 videtur
1678 1226 1734 1279 iu
1769 1227 2038 1298 Burgun-

390 1314 506 1376 dia,
538 1319 593 1370 et
625 1331 750 1386 qua}
774 1313 882 1385 ipsi
909 1314 1261 1368 monasterio
1290 1315 1344 1367 in
1374 1313 1592 1368 Alsatia
1615 1315 1899 1369 dederunt
1927 1315 2034 1368 im-

392 1408 683 1476 peratores
713 1404 955 1474 Augusti
989 1404 1263 1469 Ottones;
1300 1404 1720 1457 monasterium
1753 1404 1906 1475 quod
1950 1403 2038 1457 di-

391 1491 542 1549 citur
573 1492 922 1558 Romanum,
953 1508 1084 1545 cum
1117 1491 1389 1546 omnibus
1421 1492 1489 1546 ad
1525 1509 1586 1546 se
1609 1492 2036 1564 pertinentibus

381 1580 510 1649 jam
542 1579 695 1634 dicto
725 1578 1089 1634 Cluniacensi
1122 1579 1380 1635 ccenobio
1412 1581 1627 1635 habere
1659 1580 2037 1636 concedimus

391 1667 450 1722 in
483 1671 722 1739 perpetu
734 1685 768 1722 u
780 1685 829 1721 m
841 1711 853 1723 .

462 1756 890 1812 Confirmamus
921 1756 1095 1812 etiam
1126 1761 1181 1812 et
1211 1759 1657 1813 corroboramus
1682 1762 1878 1814 nostra
1899 1777 2036 1830 apo-

391 1845 593 1942 stolica
623 1845 966 1942 auctoritate
998 1845 1156 1942 illam
1189 1847 1646 1942 (ro—nvenientiam
1679 1863 1855 1918 quam
1907 1848 2041 1942 fecit
2072 1878 2117 1940 Β

392 1934 612 1990 Domus
642 1935 805 2006 Hugo
837 1934 1188 1989 Genevensis
1234 1935 1499 1988 Ecclesia:
1545 1935 1872 2007 episcopus,
1907 1936 2037 1991 lau-

392 2022 565 2077 dante
613 2026 669 2076 et
721 2022 1121 2077 consentiente
1170 2021 1475 2092 Rodulpho
1528 2039 1661 2093 rege
1711 2028 1768 2078 et
1799 2023 2039 2080 domina

389 2110 665 2166 Adeleida
720 2110 1107 2182 imperatrice,
1148 2111 1218 2166 de
1277 2111 1524 2166 ecclesia
1553 2112 1746 2167 Sancti
1779 2113 2034 2170 Victoris

389 2200 683 2272 martyris,
716 2215 847 2254 cum
881 2199 1156 2254 omnibus
1187 2200 1255 2254 ad
1281 2217 1341 2254 se
1360 2200 1804 2272 pertinentibus.
1841 2202 2036 2258 Abba-

388 2289 531 2344 tiam
563 2292 755 2344 autem
791 2288 1124 2344 Salsensem
1156 2289 1534 2344 concedimus
1583 2289 1686 2343 tibi
1729 2307 1858 2344 cum
1891 2308 2032 2346 con—

391 2394 566 2432 sensu
597 2381 814 2432 etcum
848 2377 1081 2431 licentia
1131 2377 1377 2432 senioris
1427 2378 1609 2432 nostri
1659 2379 1885 2433 llenrici
1925 2380 2033 2435 im-

390 2465 672 2537 peratoris
699 2472 730 2518 Α
747 2465 965 2537 ugusti,
989 2465 1141 2520 sicut
1163 2467 1649 2521 antecessorestui
1671 2484 1795 2521 eam
1813 2467 2032 2523 habue-

390 2558 547 2608 runt.
581 2554 651 2608 Et
680 2569 857 2623 supra
887 2553 1040 2608 dicto
1073 2553 1196 2608 loco
1239 2553 1604 2609 Cluniacensi
1658 2560 1856 2610 nostra
1894 2573 2030 2628 apo-

390 2642 598 2698 stolica
621 2642 961 2697 auctoritate
986 2641 1106 2696 haec
1125 2643 1320 2696 omnia
1339 2643 1672 2714 supradicta
1689 2644 1812 2699 loca
1831 2650 1888 2700 et
1909 2662 2031 2700 mo-

391 2731 664 2798 nasteria,
679 2747 812 2786 cum
829 2730 1009 2795 cellis,
1025 2731 1305 2797 ecclesiis,
1321 2731 1602 2798 curtibus,
1646 2733 1819 2799 villis,
1860 2733 2030 2789 villu-

388 2821 482 2889 lis,
518 2820 700 2876 servis
731 2823 788 2874 et
808 2818 1056 2883 ancillis,
1081 2819 1262 2886 silvis,
1291 2819 1493 2887 vincis,
1539 2823 1784 2894 eampis,
1827 2823 2029 2894 pratis,

387 2909 578 2981 aquis,
593 2925 998 2980 aquarumque
1013 2908 1354 2964 decursibus
1368 2914 1423 2964 et
1438 2910 1710 2964 omnibus
1726 2912 1893 2965 terris
1910 2911 2031 2966 cul-

387 2998 462 3054 tis
475 3002 531 3053 et
545 2997 779 3052 incultis
792 2998 860 3052 ad
877 2998 1240 3068 supradictas
1255 3001 1570 3070 potestates
1581 2999 1725 3069 perti
1739 3017 1841 3053 neu
1855 2998 2028 3068 tibus,

388 3086 498 3160 ipsi
533 3086 658 3143 loco
689 3086 1076 3151 Cluniacensi,
1111 3086 1333 3158 tibique
1361 3092 1416 3141 et
1447 3088 1564 3141 tuis
1596 3089 2031 3144 successoribus

389 3193 490 3249 per
520 3175 698 3246 hujus
730 3175 910 3230 nostri
945 3173 1226 3246 privilegii
1260 3175 1663 3230 auctoritatem
1695 3177 1944 3230 tenenda
1975 3181 2031 3231 et

384 3263 740 3337 possidenda
771 3264 1143 3319 concedimus
1165 3264 1223 3318 in
1246 3267 1612 3335 perpetuum,
1638 3264 1720 3317 ita
1746 3267 1808 3317 ut
1833 3262 2031 3320 nullus

386 3354 525 3419 dux,
558 3369 744 3425 neque
772 3353 1100 3424 episcopus,
1137 3369 1324 3423 neque
1355 3351 1570 3423 aliquis
1601 3352 1890 3424 princeps,
1927 3369 2030 3406 ne-

387 3459 500 3515 que
528 3443 801 3513 quaelibet
829 3459 1040 3514 magna
1072 3459 1362 3513 parvaque
1393 3458 1641 3513 persona
1672 3441 1742 3495 de
1774 3441 2026 3512 praefatis

384 3533 664 3588 omnibus
693 3532 866 3587 rebus
904 3536 960 3586 et
991 3530 1231 3585 decimis
1264 3547 1390 3601 quis
1442 3529 1582 3584 inibi
1634 3530 1919 3601 pertinere
1948 3530 2028 3584 vi-

381 3621 614 3687 dentur,
648 3620 860 3675 audeat
890 3618 1217 3685 molestare,
1249 3617 1335 3672 vel
1377 3618 1718 3690 inquietare.
1768 3619 1881 3673 Nec
1912 3636 2027 3675 non

378 3710 489 3765 sub
519 3709 698 3765 divini
714 3708 924 3780 judicii
955 3706 1378 3762 contestatione
1407 3711 1464 3760 et
1492 3706 1742 3763 districti
1786 3709 2024 3764 anathe-

378 3799 556 3854 matis
586 3797 1026 3870 interpositione
1053 3800 1379 3851 statuentes
1411 3796 1784 3851 decernimus
1816 3801 1878 3853 ut
1902 3797 2027 3851 nul-

377 3887 471 3942 lus
502 3888 912 3960 episcoporum
944 3902 1047 3941 nec
1075 3885 1316 3957 quilibet
1346 3887 1719 3940 sacerdotum
1778 3886 1836 3941 in
1869 3886 2021 3942 idem

371 3977 698 4032 venerabile
730 3975 1078 4044 coenobium,
1114 3992 1216 4046 pro
1249 3973 1447 4046 aliqua
1475 3974 1859 4042 ordinatione,
1906 3975 2026 4032 sive

373 4065 808 4121 consecratione
837 4063 1070 4118 orator-ii
1103 4063 1190 4118 vel
1223 4063 1518 4130 altarium,
1553 4063 2022 4134 presbyterorum

375 4152 462 4209 vel
494 4153 892 4222 diaeonorum,
918 4153 1354 4224 missarumque
1382 4151 1788 4222 celebratione,
1814 4152 1925 4206 nisi
1950 4155 2022 4209 ab

374 4242 584 4297 abbate
612 4241 800 4314 ipsius
829 4241 934 4296 loci
968 4241 1245 4297 invitatus
1297 4240 1489 4304 fuerit,
1541 4240 1736 4295 venire
1795 4244 1894 4294 aut
1932 4241 2020 4296 in-

373 4331 537 4404 gredi
565 4335 921 4403 praesumat;
956 4331 1054 4387 sed
1116 4329 1286 4386 liceat
1336 4328 1639 4384 monachis
1687 4328 1874 4400 ipsius
1911 4329 2020 4384 loci

372 4419 775 4491 cujuscunque
805 4420 1189 4475 ordinationis
1219 4419 1466 4490 gradum
1522 4416 1813 4472 voluerint
1839 4419 2019 4474 susci-

369 4524 508 4581 pere
534 4503 888 4581 ubicun'que,
923 4509 1010 4563 vel
1041 4527 1072 4564 a
1103 4523 1450 4580 quocunque
1481 4506 1586 4561 tibi
1620 4506 1856 4578 tuisque
1885 4525 2020 4564 suc-

2147 607 2378 678 gatione
2410 624 2541 662 cum
2575 608 2814 664 consilio
2849 609 3092 664 fratrum
3118 612 3294 664 Deum
3319 604 3677 672 timentium,
3715 619 3803 658 se-

2147 695 2404 751 cundum
2439 697 2702 770 regulam
2736 697 2922 753 sancti
2952 695 3267 763 Benedicti,
3287 693 3681 751 communiter
3702 691 3807 749 eli-

2147 790 2380 855 gantur,
2415 791 2470 842 et
2501 788 2568 842 ad
2615 787 3074 844 consecrandum
3119 804 3217 842 eos
3261 802 3674 858 quemcunque
3706 801 3807 840 vo-

2147 872 2362 930 luerint
2392 876 2504 948 ipsi
2538 878 2743 934 fratres
2774 878 3116 950 episcopum
3150 877 3452 932 advocent.

2217 1003 2331 1058 Nec
2364 1002 2567 1073 quovis
2594 1003 2764 1058 modo
2791 1003 3128 1075 quicunque
3148 1001 3456 1074 episcOpus
3478 1017 3582 1056 seu
3616 1000 3812 1056 archi-

2148 1091 2460 1162 episcopus
2492 1091 2683 1146 locum
2719 1093 2912 1162 ipsum
2944 1093 3032 1147 vel
3066 1089 3382 1148 monachos
3414 1092 3542 1161 ejus
3573 1107 3813 1146 excom-

2150 1181 2448 1235 munieare
2466 1181 2552 1234 vel
2569 1181 2835 1248 judicare
2857 1182 3086 1245 audeat,
3104 1182 3201 1236 sed
3233 1197 3466 1252 semper
3486 1180 3596 1234 sub
3628 1179 3812 1235 tutela

2147 1272 2205 1322 et
2260 1269 2630 1324 immunitate
2687 1271 2957 1325 Romanas
3015 1271 3172 1325 sedis
3217 1269 3520 1340 soliusque
3555 1270 3809 1324 Romani

2151 1357 2441 1426 pontificis
2462 1358 2688 1425 judicio
2719 1358 3109 1414 consistentes
3141 1356 3530 1428 omnipotenti
3563 1359 3678 1412 Deo
3713 1375 3810 1413 ss-

2147 1444 2272 1498 curi
2295 1445 2545 1516 etquieti
2565 1446 2910 1501 deserviant.
2933 1447 3140 1501 Parata
3177 1445 3350 1500 etiam
3390 1463 3422 1500 a
3451 1463 3807 1518 quocunque

2147 1533 2422 1604 episeopo
2453 1533 2740 1589 voluerint
2773 1534 2832 1589 in
2864 1551 3014 1606 Opus
3045 1535 3552 1591 consecrationum
3583 1535 3639 1590 in
3672 1536 3808 1608 ipso

2148 1620 2271 1676 loco
2296 1623 2681 1691 agendarum,
2716 1623 2996 1686 chrisma,
3057 1625 3250 1679 oleum
3303 1630 3594 1692 sanctum,
3626 1629 3809 1696 atque

2149 1709 2342 1764 oleum
2374 1711 2745 1766 infirmorum
2787 1712 3094 1784 accipiant.
3145 1713 3530 1769 Concedimus
3571 1728 3812 1785 quoque

2149 1797 2280 1862 tibi,
2311 1803 2368 1853 et
2397 1799 2506 1870 ipsi
2541 1799 2854 1855 venerabili
2884 1801 3032 1867 loco,
3054 1803 3550 1858 eteonﬁrmamus
3571 1807 3812 1873 aposto-

2279 1888 2623 1943 auctoritate
2645 1889 2879 1955 habere,
2907 1892 3396 1962 quandocunque,
3422 1890 3509 1947 vel
3539 1889 3816 1962 quandiu

2145 1975 2313 2031 vobis
2328 1976 2630 2047 placuerit,
2656 1995 3064 2049 percussuram
3083 1979 3298 2049 proprii
3325 1979 3709 2033 numismatis
3723 1977 3816 2034 vel

2147 2071 2412 2132 monetaz,
2447 2067 2940 2136 quemadmodum
2998 2065 3316 2137 privilegiis
3371 2066 3820 2120 venerabilium

2146 2155 2639 2224 praedecessorum
2674 2160 3003 2210 nostrorum
3031 2155 3422 2224 comperimus
3453 2153 3617 2209 vobis
3651 2170 3814 2208 con-

2145 2259 2375 2298 cessum
2407 2249 2463 2298 et
2491 2243 2898 2298 confirmatum
2928 2259 3076 2298 esse.
3130 2243 3389 2297 Tandem
3443 2242 3502 2296 in
3535 2242 3653 2296 fine
3699 2259 3816 2314 per

2145 2330 2252 2384 hoc
2274 2335 2480 2386 nostra:
2498 2330 2823 2402 apostolicae
2837 2331 3200 2386 auctoritatis
3214 2329 3584 2400 privilegium
3603 2346 3811 2384 corro-

2144 2418 2419 2474 boramus
2449 2419 2572 2484 tibi,
2600 2418 2830 2491 tuisque
2851 2403 3312 2484 successoribus,
3341 2417 3630 2489 quidquid
3664 2417 3810 2473 bac-

2141 2511 2311 2562 tenus
2343 2507 2708 2578 possedistis,
2741 2512 2798 2561 et
2827 2506 3186 2578 acquisistis,
3219 2511 3277 2560 et
3295 2506 3570 2577 deinceps
3587 2508 3806 2576 quovis

2141 2596 2311 2650 modo
2342 2595 2604 2664 legaliter
2632 2600 2689 2650 et
2711 2597 2872 2665 juste
2902 2595 3201 2665 acquirere
3243 2594 3506 2666 poteritis
3550 2594 3608 2649 in
3665 2612 3807 2666 per-

2143 2689 2406 2754 petuum.
2440 2684 2497 2738 Si
2532 2684 2666 2755 quis
2695 2689 2890 2738 autem
2949 2701 3096 2738 ausu
3154 2683 3463 2739 temerario
3497 2683 3807 2755 impiaque

2143 2773 2596 2843 praesumptione
2609 2776 2806 2827 contra
2826 2776 3001 2826 Deum
3019 2776 3076 2826 et
3088 2777 3322 2827 sanctos
3335 2773 3463 2840 ejus
3477 2772 3805 2843 apostolos,

2142 2865 2461 2931 contraque
2491 2860 2748 2915 animam
2783 2877 2974 2922 suam,
3005 2859 3115 2915 hoc
3159 2864 3354 2916 nostro
3396 2859 3804 2932 apostolicae...

2142 2947 2571 3004 maledictionis
2624 2948 2824 3003 aculeo
2864 2944 3338 3020 transpunctum,
3372 2954 3583 3004 nostra;
3631 2966 3808 3019 apos-

2141 3035 2325 3091 tolicae
2373 3037 2996 3092 excommunicationis
3046 3036 3159 3092 telo
3210 3038 3565 3108 perfossum,
3608 3039 3804 3093 nostri

2140 3125 2314 3179 etiam
2330 3124 2629 3194 apostolici
2645 3125 3036 3180 anathematis
3050 3125 3244 3195 gladio
3259 3127 3805 3182 transverberatum

2063 3236 2105 3304 α
2145 3228 2250 3266 nec
2283 3213 2392 3267 nisi
2412 3231 2529 3304 per
2561 3213 2800 3304 dign-am
2833 3213 3291 3304 satislactionem
3322 3213 3500 3304 saluti
3532 3213 3801 3304 pristinae

2144 3301 2555 3370 reparandum.
2608 3300 2714 3364 Qui
2769 3316 2900 3355 vero
2952 3317 3013 3355 se
3044 3301 3116 3356 ab
3145 3300 3251 3355 hoc
3284 3302 3689 3366 observaverit,
3737 3309 3803 3359 et

2136 3386 2481 3442 inviolatum
2534 3387 2643 3442 hoc
2701 3393 2966 3442 nostrum
3029 3387 3394 3459 privilegium
3450 3405 3802 3460 permanere

2136 3475 2476 3537 laudaverit.
2507 3475 2601 3530 hic
2649 3475 3132 3541 benedictionem,
3193 3479 3458 3549 gratiam,
3517 3481 3574 3531 et
3602 3493 3795 3534 omne

2137 3565 2355 3619 bonum
2389 3583 2423 3620 a
2455 3564 2800 3620 retributore
2831 3566 3095 3620 omnium
3127 3567 3413 3621 bonorum
3460 3566 3598 3632 Deo,
3631 3572 3691 3622 et
3719 3566 3792 3623 in

2135 3653 2346 3709 saeculo
2378 3660 2788 3724 consequatur,
2821 3659 2880 3708 et
2909 3653 2968 3708 iu
3001 3655 3217 3709 futuro.

2207 3769 2500 3838 Scriptum
2534 3785 2636 3839 per
2665 3785 2879 3823 manus
2900 3769 3160 3840 Gregorii
3184 3769 3389 3824 notarii
3412 3773 3467 3825 et
3489 3769 3788 3826 scriniarii

2135 3857 2283 3912 sacri
2318 3857 2721 3912 Lateranensis
2753 3856 2971 3928 palatii,
3001 3857 3058 3911 in
3094 3875 3294 3912 mense
3344 3858 3560 3924 Martii,
3594 3860 3787 3916 indic-

2134 3947 2294 4001 tione
2323 3963 2402 4000 x1.

2207 4067 2411 4117 Datum
2462 4061 2656 4116 Romae
2708 4061 2764 4116 in
2812 4060 3024 4134 palatio
3075 4063 3472 4130 Lateranensi,
3526 4068 3787 4122 secundo

2132 4152 2325 4206 Nonas
2343 4149 2554 4215 Martii,
2576 4165 2677 4220 per
2694 4167 2904 4205 manus
2923 4150 3246 4220 Humberti,
3263 4158 3477 4209 sanctae
3509 4155 3782 4212 Ecclesia:

2130 4240 2293 4294 Silvae
2327 4236 2596 4299 Candida;
2627 4238 2880 4310 episcopi
2906 4238 3398 4297 etbibliothecarii
3420 4248 3632 4299 sanctae
3668 4245 3784 4301 Ro-

2132 4345 2314 4384 manae
2346 4332 2400 4381 et
2430 4314 2756 4400 apostolica:
2789 4327 2968 4396 sedis,
3000 4345 3153 4383 anno
3185 4330 3374 4401 primo
3401 4332 3782 4404 pontificatus

2131 4415 2327 4472 domui
2373 4415 2531 4487 papae
2591 4415 2870 4487 Stephani
2913 4416 3144 4488 decimi,
3193 4419 3510 4477 indictione
3551 4423 3787 4478 undeci-

2133 4524 2247 4561 ma.
