3966 6212
247 343 366 410 885
908 343 1327 413 GOZECHINI
1375 351 1878 416 SCHOLASTIGI
1923 353 2305 417 EPISTOLA
2355 355 2458 416 AD
2502 351 3010 419 VALCHERUM.
3537 354 3654 419 886

250 506 3656 538 Μ

1545 697 1717 741 CIBCA
1762 698 1973 744 ANNUM
2018 699 2235 746 DOMINI
2279 703 2444 746 MLIX.

738 823 1795 959 GOZECHINUS
1897 830 3160 965 SCHOLASTICUS.

760 1311 861 1370 DE
907 1310 1351 1371 GOZECHINO
1397 1311 1927 1374 SGilOLAS'l‘ICO
1974 1315 2073 1374 ΕΤ
2117 1314 2527 1377 OPUSCULO
2575 1315 3144 1386 SUBSEOUENTI.

987 1442 1175 1513 (Apud
1211 1441 1748 1499 Galland.Biblioth.
1779 1447 1954 1512 Patr.,
1986 1448 2131 1500 tom.
2165 1446 2306 1513 XIV,
2341 1445 2584 1518 Proleg.,
2622 1461 2754 1518 pag.
2786 1446 2907 1516 vm)

1740 1578 2164 1589 -—_—___..

319 1675 940 1743 Gozechinus,natione
972 1674 1522 1741 Germanus,Leodii
1557 1673 1872 1746 aliquando
1904 1675 2128 1732 litteras
2161 1676 2358 1732 docuit
2387 1677 2504 1742 ;ubi
2537 1677 2690 1732 inter
2720 1677 3043 1746 discipulos
3073 1675 3280 1732 habuit
3300 1675 3652 1734 Valcherum

245 1749 562 1826 quemdam
583 1747 707 1826 sibi
740 1762 1096 1826 magnopere
1121 1746 1462 1826 charpmfad
1491 1747 1899 1826 quem.s_cribit
1930 1747 2248 1819 longiorem
2285 1747 2446 1826 illam
2480 1748 2786 1826 epistolam.
2816 1766 3011 1826 _qu.,.m
3037 1748 3478 1826 ei;_liibemus,ex
3499 1751 3656 1826 Ἀρξ-

245 1817 414 1874 lectis
446 1817 1016 1890 Mabill.Suspicatur
1044 1818 1195 1872 idem
1229 1817 1602 1890 Mabillonius
1633 1817 1978 1890 Valcherum
2006 1817 2117 1874 non
2141 1836 2267 1874 esse
2292 1819 2471 1872 alium
2500 1817 2532 1872 εἰ
2554 1818 2780 1872 Valtero
2814 1817 3324 1890 Burgundione,de
3346 1836 3462 1890 quo
3481 1819 3654 1876 Adel-

243 1907 461 1946 manus
489 1891 548 1944 in
580 1888 1222 1961 Rhythmﬂuerebatur
1241 1888 1559 1944 Valcherus
1585 1889 1736 1960 quod
1763 1890 2135 1961 immutassct
2157 1891 2488 1945 cathedram
2513 1895 2568 1944 et
2586 1888 3642 1947 LeodiumGozechinusdeséruisset:

241 1961 362 2025 cui,
394 1963 494 2016 sed
531 1959 848 2032 prtesertim
881 1961 1226 2032 adversariis
1257 1961 1380 2015 suis
1411 1959 1740 2032 respondet,
1777 1959 2103 2032 apologiam
2129 1962 2260 2016 facti
2294 1961 2721 2015 scribens.Post
2750 1978 2925 2031 quam
2959 1961 3133 2015 etiam
3167 1962 3420 2016 excurrit
3444 1963 3516 2016 ad
3548 1963 3652 2018 de-

245 2031 537 2114 ploranda'
563 2031 846 2114 proliaius
877 2031 1030 2114 mala
1055 2033 1145 2112 sui
1178 2031 1476 2114 temporis,
1512 2031 1902 2114 quagpropter
1927 2033 2271 2114 depravatos
2304 2049 2495 2114 mores
2527 2037 2584 2086 et
2617 2032 2866 2088 haeresin
2892 2031 3268 2114 potissimum
3320 2032 3651 2114 Berengarii

244 2102 475 2176 invecta
505 2102 752 2158 fuerant.
791 2102 930 2157 Illud
966 2103 1216 2176 maxime
1247 2104 1552 2176 ostendere
1568 2102 1984 2176 ‘nititur,posse
2007 2102 2348 2176 quempiam
2382 2104 2646 2158 deserere
2677 2102 3110 2176 cos,_a_q_uibus
3143 2120 3350 2176 parum
3383 2103 3468 2176 vel
3504 2102 3650 2176 nihil

244 2175 514 2248 utilitatis
544 2178 854 2248 exspectet.
888 2174 1193 2228 Hominem
1226 2174 1508 2248 se__prodit_
1541 2173 1875 2248 litterarum
1909 2173 2415 2248 non:inerudit_um
2449 2191 2550 2248 pro
2571 2173 2852 2248 temporis
2877 2173 3048 2248 illius
3063 2173 3652 2248 conditione.Seripta

244 2193 514 2231 utilitatis
544 2193 854 2246 exspectet.
888 2193 1193 2228 nominem
1226 2193 1286 2228 se
1320 2193 1508 2243 [)I‘Oﬂll
1541 2193 1875 2229 litterarum
1909 2193 2022 2229 non
2055 2193 2415 2229 ineruditum
2467 2193 2550 2229 )l‘O
2571 2193 2852 2246 temporis
2877 2193 3037 2230 unus
3063 2193 3395 2230 conditione

242 2251 334 2301 est
361 2245 606 2318 epistola
636 2245 809 2318 paulo
840 2249 972 2317 post
1004 2250 1250 2299 mortem
1284 2245 1512 2300 Henrici
1544 2245 1912 2317 imperatoris
1943 2251 1996 2301 et
2030 2246 2320 2301 Luitboldi
2354 2193 2772 2319 archiepiscopi
2805 2248 2905 2317 qui
2935 2245 3080 2301 obiit
3109 2263 3203 2300 an.
3239 2247 3398 2301 4059.

949 2541 1818 2701 GOZECHINI
1925 2541 2946 2702 SGHOLASTICI

1645 2790 2256 2883 EPISTOLA

721 2969 812 3024 AD
852 2968 1305 3025 VALCHERUM
1346 2968 1594 3024 ITIDEM
1634 2967 2208 3035 SCI‘IOLASTICUM,
2253 2967 2451 3023 SUUM
2496 2967 2673 3022 OLlM
2712 2966 3166 3023 DlSClPULUM.

1115 3093 1303 3166 (Apud
1340 3093 1606 3149 Galland.
1642 3091 1900 3148 Biblioth.
1935 3093 2085 3147 Patr.
2120 3097 2260 3148 tom.
2297 3091 2440 3160 XIV,
2474 3109 2601 3164 pag.
2635 3093 2782 3162 230.)

246 3247 622 3321 Przemissa
651 3247 1002 3342 apologis,
1051 3245 1238 3342 quod
1272 3245 1509 3319 relicto
1553 3244 2004 3318 Laodicensis
2045 3244 2393 3318 cathedrae
2439 3243 2871 3341 magisterio,
2912 3243 3364 3342 Moguntiam
3414 3265 3649 3316 seces-

343 3345 532 3433 serit,
571 3339 757 3417 mala
795 3339 900 3416 sui
939 3339 1275 3442 tem—poris
1314 3343 1653 3439 deplorat,
1673 3367 1758 3416 ex
1782 3343 2192 3441 Berengarii
2217 3343 2521 3416 maxime
2545 3339 2869 3438 perversa
2889 3339 3212 3417 doctrina
3235 3347 3640 3417 consecuta.

317 3648 362 3700 Ι.
396 3644 665 3700 Unanimi
695 3661 799 3698 suo
825 3643 982 3697 fratri
1008 3647 1064 3697 et
1083 3643 1200 3697 filio
1222 3643 1545 3711 VALCHERO,
1573 3645 1750 3699 frater
1778 3644 1888 3698 Go-
1919 3644 1971 3708 Α
2005 3642 2180 3696 fluam
2217 3640 2527 3712 mergitum
2547 3646 2604 3696 et
2625 3641 2896 3696 foliorum
2918 3639 3231 3708 luxuriem,
3260 3639 3634 3710 postmodum

241 3749 543 3798 zscmsus,
574 3731 632 3785 in
665 3747 731 3785 eo
761 3731 916 3801 quod
948 3735 1038 3785 est
1060 3747 1206 3798 esse,
1243 3730 1480 3786 feliciter
1516 3748 1732 3787 coesse.
1785 3733 1890 3786 Re—
2002 3731 2073 3784 de
2103 3734 2395 3785 cremento
2444 3733 2499 3782 et
2549 3729 2738 3784 fructu
2771 3730 2897 3799 ejus
2927 3728 3264 3798 gauderem.
3300 3725 3441 3792 Quis
3489 3727 3647 3783 enim

245 3821 513 3879 tractatis
556 3819 997 3891 multiplicibus,
1031 3836 1156 3890 qua
1191 3819 1330 3872 mihi
1374 3837 1523 3890 saape
1562 3821 1632 3874 ari
1686 3827 1893 3875 nutum
2004 3818 2228 3889 plantat
2260 3818 2508 3880 vincam;
2542 3821 2598 3871 et
2627 3817 2696 3871 de
2718 3818 2905 3871 fructu
2930 3817 3058 3885 ejus
3090 3832 3208 3870 non
3238 3814 3494 3886 accipit?
3526 3815 3644 3888 Ego

247 3909 588 3969 exhibuisti,
612 3906 1024 3962 benevolentiae
1048 3907 1388 3978 impendiis,
1416 3907 1718 3978 multiplex
1741 3926 1774 3962 a
1805 3925 1895 3962 me
2005 3923 2136 3960 vero
2168 3921 2564 3977 srepenumero
2591 3904 2806 3961 laboris
2838 3905 2952 3960 mei
3003 3904 3234 3960 dulcem
3279 3904 3499 3958 messui
3530 3904 3651 3959 fru-

248 4000 378 4063 tibi,
413 3996 774 4062 charissime,
808 4001 864 4050 et
893 3995 1140 4050 habetur
1167 4001 1225 4049 et
1267 3997 1514 4050 refertur
1543 3996 1758 4068 gratia;
1794 4013 1897 4050 nec
2008 4001 2167 4049 ctum
2195 3996 2254 4049 in
2289 3995 2379 4049 his
2415 3995 2629 4065 quibus
2670 4012 2699 4049 a
2731 4011 2823 4049 me
2855 3993 3131 4065 plantatis
3161 3999 3220 4049 et
3257 3991 3460 4064 rigatis
3499 3991 3655 4048 Deus

251 4087 443 4161 solum
475 4103 577 4158 pro
609 4084 787 4153 dulci,
811 4085 1076 4154 jucunda
1115 4101 1180 4138 ac
1215 4083 1375 4139 suavi
1407 4090 1665 4138 veterum
1709 4101 1896 4138 recor-
2008 4085 2168 4138 dedit
2210 4085 2634 4138 incrementum
2684 4101 2694 4138 :
2749 4101 2782 4138 a
2813 4081 2975 4137 nullo
3005 4087 3201 4137 tamen
3235 4097 3438 4138 eorum
3490 4084 3656 4137 tanta

253 4177 506 4243 datione,
542 4175 640 4230 sed
658 4178 711 4228 et
736 4190 838 4244 pro
863 4172 1065 4228 festiva
1089 4173 1218 4226 novi
1243 4173 1503 4227 muneris
1521 4172 1895 4228 exhibitione.
2012 4173 2154 4226 mihi
2200 4173 2425 4227 afﬁnxit
2479 4173 2764 4239 fertilitas,
2812 4172 2953 4243 quin
2985 4186 3216 4242 semper
3245 4187 3279 4226 a
3305 4174 3362 4225 te
3392 4168 3655 4226 cumula-

253 4264 461 4320 Misisti
499 4263 654 4318 enim
679 4261 824 4316 mihi
855 4278 1030 4334 quem
1060 4261 1325 4333 petebam
1358 4261 1594 4336 librum,
1635 4261 1902 4316 videlicet
2011 4266 2104 4317 tor
2136 4261 2280 4315 mihi
2323 4261 2576 4316 arrideat
2604 4262 2765 4315 bona;
2797 4259 2981 4331 frugis
3011 4260 3270 4315 ubertas.

253 4370 431 4425 opera
487 4351 804 4422 digitorum
853 4354 1109 4416 tuorum,
1151 4349 1210 4403 in
1249 4366 1364 4420 quo
1416 4349 1585 4421 plane
1641 4351 1900 4405 ostendis
2085 4351 2131 4405 ΙΙ
2187 4351 2250 4404 Et
2281 4368 2312 4404 o
2340 4350 2564 4404 utinam
2597 4366 2799 4404 omnes
2832 4348 3139 4420 utriusque
3159 4348 3430 4404 auditorii
3464 4347 3649 4404 nostri

255 4441 459 4515 quanti
491 4457 582 4496 me
616 4440 818 4506 facias,
842 4456 1136 4511 quamque
1158 4439 1213 4493 id
1237 4439 1390 4510 quod
1425 4457 1516 4493 me
1549 4439 1692 4495 velle
1724 4439 1898 4507 nosti,
2011 4439 2266 4494 asseclas
2295 4437 2439 4492 tales
2470 4438 2822 4492 enutrissem
2849 4438 2860 4492 l
2896 4437 3122 4493 utinam
3143 4437 3231 4494 vel
3264 4455 3448 4493 unum
3478 4436 3656 4493 talem

256 4547 376 4587 non
407 4529 463 4584 in
506 4528 778 4583 secundis
807 4527 1046 4582 habeas.
1080 4528 1185 4591 Qui
1220 4527 1421 4598 utique
1453 4528 1598 4582 liber
1625 4528 1705 4583 ita
1734 4529 1901 4582 innn-
2012 4527 2331 4583 senectutis
2363 4543 2500 4581 meae
2523 4527 2794 4582 baculum
2821 4527 2972 4582 inter
2992 4543 3090 4582 eos
3111 4526 3369 4583 invenire
3391 4525 3656 4600 posseml

255 4625 354 4675 vat
393 4622 600 4674 cuncta
641 4635 768 4690 quae
819 4617 963 4672 mihi
1029 4617 1272 4671 antehac
1327 4616 1662 4688 impendisli
1723 4619 1905 4672 cliari-
2014 4617 2113 4671 sed
2149 4615 2290 4671 heu!
2316 4616 2485 4686 juxta
2515 4617 2669 4686 quod
2703 4616 2964 4670 divinum
3001 4633 3100 4687 per
3130 4616 3474 4688 prophetam
3519 4633 3656 4672 con-

254 4707 399 4764 tatis
449 4706 637 4774 xenia,
684 4723 750 4761 ac
798 4705 847 4760 si
893 4722 961 4760 ea
1017 4722 1216 4761 secum
1275 4707 1563 4776 gregatim
1625 4705 1904 4760 revehens
2015 4703 2279 4776 queritur
2334 4704 2657 4772 oraculum,
2718 4703 2888 4758 hodie
2944 4708 3032 4759 est
3089 4703 3242 4760 filios
3299 4704 3558 4760 enutrire
3603 4706 3662 4759 et

259 4794 404 4851 mihi
454 4794 625 4850 sistat
665 4794 994 4866 praesentia.
1047 4793 1212 4848 Hunc
1266 4809 1402 4864 ergo
1453 4793 1551 4847 diu
1612 4810 1646 4847 a
1702 4798 1758 4848 te
1807 4809 1903 4848 ex-
2014 4793 2302 4860 exaltare;
2352 4793 2510 4865 ipsos
2564 4797 2758 4848 autem
2811 4796 3018 4864 praeter
3065 4793 3382 4848 admodum
3416 4808 3656 4863 paucos,

257 4887 585 4955 spectatum
617 4886 681 4936 ut
719 4882 972 4953 primum
1003 4881 1141 4947 vidi,
1179 4885 1246 4934 ut
1278 4881 1334 4935 in
1370 4882 1644 4936 manibus
1686 4881 1902 4952 accepi,
2015 4881 2364 4936 exaltantem
2398 4899 2459 4935 se
2490 4897 2781 4952 spernere.
2818 4879 3082 4935 Viderint
3125 4884 3319 4936 autem
3352 4878 3450 4950 qui
3503 4879 3664 4950 ejus-

258 4976 318 5025 et
345 4969 622 5025 articulos
665 4973 820 5035 tuos,
871 4969 988 5022 imo
1029 4973 1086 5022 te
1133 4968 1327 5038 ipsum
1372 4969 1429 5023 in
1475 4985 1542 5023 eo
1591 4969 1819 5038 agnovi,
1853 4972 1910 5023 et
1943 5009 1986 5040 η
2019 4970 2176 5024 modi
2209 4974 2368 5036 sunt,
2401 4986 2471 5024 ne
2505 4987 2604 5040 pro
2653 4972 2984 5040 contemptu
3036 4968 3182 5022 bene
3229 4966 3519 5022 monentis
3564 4982 3666 5038 pa-

258 5065 418 5115 totus
443 5059 501 5113 in
534 5075 741 5112 novam
773 5058 856 5111 tui
899 5057 1270 5111 dilectionem
1316 5058 1548 5127 penitus
1593 5058 1802 5123 exarsi,
1844 5075 1909 5111 ac
1945 5056 1988 5073 ”
2021 5059 2147 5125 tris,
2181 5075 2212 5112 a
2248 5058 2413 5112 Patre
2455 5063 2685 5128 patrum
2730 5056 3030 5128 priventur
3059 5059 3406 5111 testamento
3439 5059 3664 5111 aeterna:

259 5148 311 5205 si
351 5147 596 5202 antehac
643 5151 944 5217 expertum
1002 5162 1118 5199 non
1161 5145 1516 5200 dilexissem.
1565 5147 1724 5201 Serio
1777 5163 1910 5201 vero
2023 5146 2399 5201 bzereditatis.

258 5234 592 5305 triumphat
621 5233 874 5297 animus,
909 5233 1061 5303 quod
1094 5233 1269 5287 rudes
1309 5233 1586 5288 articulos
1627 5239 1760 5288 tuos
1810 5234 1910 5288 ali-
2095 5235 2190 5288 Ill.
2232 5236 2312 5287 'I‘u
2360 5249 2513 5298 vero,
2564 5233 2642 5286 mi
2679 5232 3044 5301 charissime,
3087 5234 3174 5288 fac
3221 5233 3373 5305 quod
3416 5231 3664 5304 cmpisti,

257 5322 498 5397 quando
531 5321 656 5392 ipse
686 5337 865 5375 manu
897 5337 1030 5374 mea
1061 5321 1132 5374 ad
1167 5321 1542 5375 scribendum
1576 5323 1909 5385 direxerim,
2023 5329 2338 5390 augmenta
2367 5321 2424 5374 in
2461 5323 2652 5389 majus
2674 5326 2728 5374 et
2752 5320 2960 5375 melius
2991 5338 3117 5392 quae
3150 5340 3183 5377 a
3212 5339 3304 5376 me
3328 5323 3482 5377 bona
3510 5337 3670 5376 acce-

259 5410 536 5485 quodque
565 5407 714 5464 male
744 5413 1008 5463 tornatos
1036 5408 1251 5480 apices,
1283 5415 1609 5481 czeteraquo
1640 5410 1694 5464 id
1728 5427 1914 5481 genus
2023 5409 2181 5482 pisti,
2234 5427 2338 5464 nec
2363 5427 2397 5462 a
2419 5414 2518 5462 tua
2541 5424 2799 5477 unquam
2832 5409 3066 5465 desinas
3097 5409 3509 5467 innumerabili
3529 5425 3674 5480 erga

259 5517 392 5573 quae
422 5503 624 5554 tenera
647 5502 843 5568 peccat
868 5502 1026 5565 aetas,
1063 5515 1240 5570 super
1271 5500 1512 5553 dorsum
1538 5505 1704 5553 tuum
1738 5499 1912 5554 cude-
2026 5516 2117 5553 me
2150 5499 2526 5564 benignitate,
2562 5514 2662 5568 pro
2701 5514 2818 5568 qua
2847 5499 2918 5554 ab
2951 5516 3016 5554 eo
3050 5501 3146 5572 qui
3181 5499 3282 5556 tibi
3317 5519 3410 5558 me
3445 5515 3670 5572 priapo-

261 5591 394 5657 rim,
429 5594 494 5644 ut
525 5585 745 5644 scilicet
770 5588 841 5643 de
872 5587 1185 5644 arbuscula
1223 5593 1422 5644 nostra
1446 5592 1663 5659 putans
1706 5604 1911 5659 super-
2028 5588 2165 5654 suit,
2199 5594 2411 5642 mterna
2441 5585 2673 5642 doneris
2703 5585 3056 5646 haereditate.
3099 5589 3216 5649 Hoc
3253 5607 3386 5652 vero
3431 5606 3534 5648 nec
3565 5603 3674 5645 no-
