3966 6212
368 346 491 411 887

1567 352 1715 414 GOZ
1725 348 1995 412 EGHINI'
2034 347 2560 414 SCHOLAS'PICI.

366 499 504 541 vum
538 482 705 552 facis,
739 500 842 541 nec
874 488 1081 557 praeter
1101 482 1362 549 solitum,
1389 484 1437 541 si
1457 489 1511 541 te
1530 484 1671 540 mihi
1696 488 1815 540 tam
1837 482 2002 539 exhi-
2034 482 2091 552 Α
2117 486 2175 540 et
2204 483 2350 540 ratio
2381 489 2695 557 pateretur,
2726 483 3022 543 continuis
3051 483 3559 559 pulsarent-aures
3586 489 3772 562 preci-

362 573 466 630 bes
487 574 805 647 benignum
831 591 842 628 :
871 576 971 630 sed
994 580 1199 630 etcum
1224 575 1413 630 adhuc
1436 576 1545 630 sub
1567 574 1819 631 scholari
1842 573 2008 629 ﬂeres

364 661 570 727 ferula,
603 662 805 718 eadem
833 661 971 717 mihi
995 664 1285 719 serviebas
1306 663 1703 719 benevolentia
1728 680 1739 719 :
1764 666 1821 717 et
1851 661 2007 735 quod

365 751 437 806 de
456 754 531 816 te,
548 752 693 805 utde
713 752 933 807 caeteris
946 751 1106 807 solus
1126 758 1315 807 metus
1335 754 2006 823 sufﬁceretextorquere,

363 843 426 895 tu
457 856 572 911 pres
603 840 846 906 ceeteris,
879 845 944 896 ut
972 840 1031 896 in
1062 839 1161 896 tali
1195 841 1492 896 animante
1516 840 1724 909 conjici
1756 842 2005 912 poterat,

362 928 552 1001 magis
571 928 678 985 hoc
693 929 1004 985 exbibebas
1020 928 1283 987 ultronea
1302 930 1576 997 bonitate;
1601 928 1742 985 adeo
1764 933 1828 984 ut
1846 930 2006 983 totus

360 1016 430 1072 de
461 1021 605 1073 nutu
637 1018 755 1073 oris
787 1018 898 1072 mei
929 1018 1233 1090 penderes,
1280 1036 1383 1074 nec
1415 1018 1737 1090 quidquam
1771 1018 1841 1073 de
1874 1032 2002 1071 ver-

362 1107 453 1163 bis
487 1108 632 1164 meis
664 1108 719 1162 in
749 1112 960 1163 terram
994 1108 1196 1163 cadere
1237 1108 1621 1179 permitteres.
1658 1108 1920 1178 Cumque
1950 1109 2008 1160 te

363 1197 555 1253 adhuc
587 1215 829 1270 puerum
862 1198 933 1252 ob
966 1197 1303 1268 bujusmodi
1352 1197 1591 1270 diligere
1621 1196 1915 1269 coeperim,
1948 1198 2009 1251 et

363 1292 601 1358 propter
647 1286 761 1342 alia
790 1287 1052 1358 quaedam
1085 1287 1255 1360 signa
1290 1286 1519 1342 virtutis
1550 1286 1606 1341 in
1641 1291 1697 1341 te
1719 1287 1845 1356 jam
1878 1288 2004 1339 tum

360 1375 701 1443 eminentia,
721 1376 936 1431 factum
960 1381 1046 1431 est
1068 1392 1304 1431 accessu
1328 1376 1534 1442 aetatis,
1558 1379 1619 1430 ut
1640 1390 1802 1449 spem
1827 1375 1999 1429 hone-

362 1464 599 1520 stiorem
630 1464 688 1518 in
707 1464 832 1519 dies
853 1465 923 1520 de
952 1468 1008 1519 te
1025 1468 1339 1537 captarem,
1372 1463 1747 1520 considerans
1778 1464 1893 1518 vim
1918 1464 2005 1518 in-

362 1554 600 1609 dustriae
630 1557 743 1609 tuae
778 1554 848 1609 ad
881 1554 1292 1609 obscuritatem
1342 1552 1680 1621 lectionum,
1715 1552 2005 1625 sagacita-

363 1648 503 1725 tem,
534 1642 917 1717 vigilantiam,
951 1659 1197 1699 acumen
1230 1642 1437 1698 alacris
1470 1642 1685 1711 ingenii
1735 1643 1803 1697 ad
1839 1643 2007 1712 fugas

370 1731 679 1789 subtilium
702 1749 897 1788 rerum
932 1748 945 1787 :
979 1732 1121 1787 adeo
1156 1736 1218 1786 ut
1248 1748 1380 1786 cum
1414 1732 1604 1787 caeteri
1636 1730 2007 1789 catecheseos

2116 572 2227 629 bus
2258 573 2462 628 divinae
2491 574 2741 647 pietatis,
2779 574 2827 629 si
2860 574 3004 630 forte
3036 575 3205 631 detur
3243 580 3476 633 nostras
3531 578 3769 635 admitti

2115 679 2283 719 voces
2313 662 2466 718 intra
2494 664 2818 719 sacrarium
2840 664 3231 721 exauditionis
3267 683 3279 721 :
3314 670 3611 738 quatenus
3639 672 3771 725 tan-

2117 750 2248 805 dem
2280 750 2594 822 aliquandu
2622 769 2686 807 eo
2719 752 2824 808 loci
2859 770 2967 808 nos
2998 757 3330 825 componat,
3376 755 3478 810 ubi
3528 758 3632 811 tua
3680 755 3772 813 vel

2116 837 2364 895 aliorum
2395 840 2611 912 quibus
2640 840 2925 909 concrevi,
2945 838 3031 897 vel
3062 858 3210 916 quos
3233 843 3480 899 enutrivi
3507 844 3777 918 benigni-

2116 930 2253 996 tate,
2279 944 2415 998 qua,
2439 928 2576 984 dum
2600 930 2859 996 vacabat,
2876 930 3137 1001 juc‘unde
3165 930 3377 988 iruitus
3400 949 3559 1001 sum,
3576 933 3778 989 adhuc

2117 1016 2231 1072 frui
2278 1017 2463 1085 liceat,
2511 1018 2663 1074 sicut
2695 1020 2878 1090 prius,
2912 1020 3067 1076 etde
3098 1024 3287 1078 vestro
3336 1022 3604 1079 convictu
3642 1022 3777 1096 glo-

2117 1105 2248 1161 riari
2274 1107 2427 1162 sicut
2454 1107 2799 1179 antiquitus.

2185 1194 2279 1249 Vi.
2304 1196 2462 1251 Licet
2481 1196 2638 1251 enim
2657 1214 2901 1253 aureum
2924 1198 3085 1271 regni
3104 1204 3299 1272 caput,
3323 1199 3538 1256 nobilis
3559 1200 3776 1257 videli-

2116 1286 2208 1338 cet
2239 1284 2556 1357 Moguntia,
2588 1285 2883 1341 melliﬂuis
2907 1287 3189 1343 ubertatis
3212 1306 3329 1344 sua:
3354 1288 3516 1355 rivis,
3545 1290 3770 1361 quibus

2118 1371 2375 1443 undique
2404 1373 2611 1442 affluit,
2644 1373 2866 1430 liberali
2901 1392 2992 1431 me
3017 1377 3326 1450 aspergine
3373 1378 3681 1449 perfundat
3711 1382 3777 1434 et

2114 1458 2171 1514 in
2205 1460 2681 1531 splendidissima
2696 1464 2846 1519 sacri
2877 1469 3116 1520 senatus
3148 1467 3240 1521 sui
3259 1483 3474 1522 corona
3503 1483 3616 1522 non
3651 1467 3774 1523 hu-

2116 1552 2240 1608 mili
2262 1552 2386 1607 loco
2410 1550 2552 1607 mihi
2570 1550 2830 1607 curulem
2851 1557 3059 1624 ponat;
3094 1558 3302 1624 praeter
3328 1570 3532 1610 omnes
3561 1557 3767 1610 tamen

2116 1642 2202 1713 (ut
2223 1658 2363 1714 pace
2385 1642 2513 1711 ejus
2535 1639 2803 1712 dixerim)
2826 1640 3077 1713 angulus
3100 1641 3197 1698 ille
3217 1642 3359 1697 mihi
3383 1641 3552 1713 ridet,
3587 1659 3772 1717 quem

2117 1736 2305 1787 mater
2337 1729 2509 1804 Legia
2542 1730 2673 1787 forti
2694 1730 2976 1786 virtutum
3000 1731 3205 1787 robore
3228 1728 3449 1789 nodosa
3473 1732 3776 1807 indigenis

366 1825 580 1913 nostrae
609 1820 905 1878 auditores
935 1821 1112 1876 verba
1142 1820 1406 1887 magistri
1451 1820 1623 1875 dictis
1652 1819 1738 1875 vel
1771 1821 2006 1894 scriptis
2039 1855 2085 1921 Β
2113 1820 2238 1876 suis
2289 1823 2410 1876 tam
2459 1819 2879 1889 delectabilem,
2922 1837 3100 1893 quam
3133 1822 3466 1893 jucundum
3510 1821 3777 1878 exhibet.

366 1904 731 1984 nequiverint
752 1910 1141 1982 aequiparare;
1164 1913 1225 1964 tu
1249 1908 1423 1964 etiam
1449 1913 1635 1964 totum
1661 1910 2006 1982 magistrum

366 2001 425 2056 in
458 2005 513 2057 te
541 1998 819 2056 videreris
842 1999 1272 2056 transfundere.
1289 1998 1451 2055 Unde
1472 2002 1529 2054 et
1550 2015 1654 2070 ego
1673 2016 1808 2054 cum
1832 1999 2007 2057 fratre

364 2093 465 2146 tuo
486 2092 541 2145 et
560 2106 694 2145 eum
719 2088 942 2144 caeteris
962 2088 1170 2145 amicis
1191 2087 1544 2161 quibuscum
1566 2089 1870 2160 oportebat
1889 2088 2010 2162 glo-

364 2179 577 2249 riabar,
610 2177 859 2252 speciale
879 2178 1172 2250 quoddam
1206 2176 1349 2232 mibi
1371 2192 1698 2233 accrescere
1728 2178 1784 2232 in
1818 2179 2010 2234 areola

367 2284 545 2341 quam
590 2268 929 2340 piantabam
960 2270 1311 2332 aromatum,
1344 2265 1565 2323 scilicet
1595 2266 1748 2321 inter
1777 2268 2007 2324 adultos

365 2360 422 2413 te
449 2356 773 2430 sapientem
807 2373 1075 2429 puerum.

438 2448 531 2501 IV.
564 2446 671 2500 Ubi
704 2462 835 2500 vero
859 2448 915 2500 te
952 2444 1218 2500 adultum
1252 2449 1484 2517 propter
1518 2446 1701 2502 bonos
1732 2464 1921 2503 mores
1953 2453 2009 2503 et

365 2534 493 2590 vitae
540 2534 906 2589 honestatem
964 2533 1289 2605 gaudebam
1331 2533 1535 2589 sedulo
1590 2550 1816 2591 mecum
1857 2553 2006 2605 esse,

367 2623 504 2695 quid
536 2628 592 2679 te
620 2622 866 2695 gratius,
901 2623 1040 2695 quid
1063 2627 1117 2677 te
1141 2622 1474 2691 amabilius,
1509 2624 1653 2679 mihi
1675 2629 1798 2681 erat
1820 2625 1832 2680 l
1858 2643 2007 2681 nun-

367 2711 648 2785 quidnam
698 2708 932 2781 aliquis.
983 2708 1066 2765 vel
1101 2708 1320 2781 aliquid
1369 2715 1596 2781 poterat
1640 2711 2006 2779 intervenire,

367 2801 521 2873 quod
546 2804 604 2855 te
633 2800 785 2871 apud
822 2816 913 2855 me
942 2798 1002 2852 in
1035 2798 1307 2854 secundis
1335 2799 1531 2854 fecerit
1560 2817 1688 2856 esse
1707 2802 1735 2857 Ἰ
1765 2798 1831 2857 ac
1864 2801 2011 2858 mul-

364 2895 559 2945 tarum
581 2889 817 2962 quidem
841 2904 1034 2943 rerum
1057 2892 1231 2957 atque
1248 2887 1552 2944 hominum
1577 2891 1894 2947 assiduitas
1916 2908 2007 2947 sa-

367 2977 628 3035 tietatem
669 2978 872 3033 afferre
912 2976 1098 3033 solet:
1133 2982 1187 3031 te
1218 2993 1348 3033 vero
1380 2977 1522 3033 mihi
1554 2979 1710 3035 domi
1755 2981 2010 3053 forisque

368 3066 915 3139 conjunctissimum
948 3067 1308 3122 consuetudo
1330 3066 1459 3140 ipsa
1488 3068 1663 3124 altius
1694 3070 2006 3139 inserebat;

368 3160 434 3213 ut
462 3155 721 3228 quotidie
752 3154 969 3227 gratior
997 3155 1397 3228 recentiorque
1425 3157 1743 3213 habereris.
1779 3159 1851 3213 Et
1886 3175 2005 3215 me-

2120 1913 2251 1983 ipsa
2279 1910 2458 1977 enim,
2490 1914 2556 1965 ut
2576 1910 2750 1975 nosti,
2775 1926 2843 1965 ex
2872 1910 3115 1965 occidua
3144 1911 3234 1967 sui
3268 1913 3449 1984 parte,
3476 1926 3592 1967 non
3625 1910 3778 1967 sub-

2117 1998 2255 2056 ditis
2276 1998 2514 2055 collium
2537 1998 2701 2055 clivis
2716 1998 3031 2056 clementer
3050 2004 3261 2071 erecta,
3283 1999 3634 2072 geminoque
3650 2014 3775 2072 pu-

2118 2088 2252 2144 blici
2286 2088 2503 2144 montis
2529 2087 2766 2154 reflexu,
2798 2087 2896 2161 qui
2929 2088 2987 2143 in
3014 2089 3186 2144 dorso
3217 2104 3331 2143 non
3362 2086 3614 2143 multum
3647 2103 3775 2143 au-

2117 2179 2266 2245 daci,
2301 2182 2552 2251 quatuor
2581 2177 2865 2251 regularis
2894 2178 3020 2232 vita:
3060 2182 3248 2249 gestat
3271 2192 3512 2249 greges;
3546 2176 3775 2248 ipsius,
3807 2189 3821 2201 ‘

2118 2267 2356 2341 inquam
2368 2267 2620 2341 ,gemino
2634 2268 2847 2323 reflexu
2862 2266 3110 2323 molliter
3123 2266 3359 2335 situata,
3377 2265 3532 2321 sicut
3544 2263 3778 2337 gallina

2117 2355 2306 2428 pullos
2336 2373 2497 2420 suos,
2522 2355 2601 2411 ita
2623 2355 2743 2411 base
2773 2354 2926 2411 ﬁlios
2948 2371 3086 2411 suos
3109 2354 3219 2410 sub
3251 2352 3373 2409 alas
3412 2351 3654 2425 colligit,
3679 2353 3771 2408 fo-

2117 2450 2209 2500 vet
2238 2448 2295 2501 et
2325 2444 2530 2513 nutrit,
2565 2449 2620 2500 et
2650 2444 2721 2499 ad
2756 2461 2929 2499 omne
2964 2444 3116 2515 quod
3150 2442 3316 2499 civile
3364 2441 3461 2513 sit,
3493 2445 3549 2498 et
3588 2442 3771 2497 mori-

2116 2534 2230 2589 bus
2261 2535 2568 2602 conducat,
2593 2533 2869 2589 informat
2896 2537 2954 2588 et
2981 2532 3219 2589 instruit
3252 2549 3264 2586 :
3299 2548 3406 2587 nec
3435 2530 3765 2604 quidquam

2117 2622 2337 2696 patitur
2364 2624 2589 2687 deesse,
2621 2621 2776 2695 quod
2807 2620 2891 2677 vel
2910 2622 3136 2694 copiam
3157 2636 3374 2692 regere,
3397 2618 3485 2674 vel
3505 2619 3771 2693 inopiam

2117 2712 2303 2786 possit
2330 2717 2673 2784 temperare.
2705 2709 3017 2765 Allubescit
3035 2725 3269 2781 quoque
3291 2712 3351 2763 at
3368 2706 3539 2763 alluit
3558 2709 3632 2764 ad
3656 2707 3779 2785 loci

2119 2800 2548 2858 munimentum
2590 2803 2647 2855 et
2675 2798 2851 2871 copia:
2882 2797 3357 2869 supplementum
3401 2813 3518 2852 non
3555 2798 3773 2855 subitis

2118 2890 2439 2964 allapsibus
2460 2888 2714 2945 bicornis
2732 2889 2911 2956 Mosa,
2943 2885 3289 2942 ﬂuminibus
3316 2891 3528 2942 nostrae
3558 2886 3773 2960 Belgia

2118 2996 2231 3037 non
2253 2978 2544 3036 immerito
2565 2976 2949 3050 prasferenda:
2976 2976 3103 3048 quae
3142 2978 3258 3031 non
3299 2974 3490 3030 solum
3520 2975 3767 3045 civibus,

2118 3070 2219 3126 sed
2253 3074 2311 3125 et
2342 3069 2633 3142 indigenis
2662 3071 2826 3122 terrm
2861 3065 3108 3138 piscium
3141 3063 3310 3137 copia
3342 3064 3471 3120 ﬂuit
3489 3064 3766 3137 dapsilis,

2115 3158 2291 3214 variis
2319 3157 2599 3213 mercium
2619 3155 3043 3210 commeatibus
3066 3152 3585 3225 habilis,omnique
3607 3172 3768 3227 pror-

369 3221 783 3317 rito-quidem.“
789 3244 933 3300 Nam
963 3248 1018 3298 te
1038 3243 1180 3298 mihi
1206 3244 1263 3300 in
1287 3221 1515 3301 cunctis
1530 3246 1672 3301 adeo
1693 3247 2006 3304 exhibebas
2037 3221 2081 3288 θ
2118 3265 2222 3304 sus
2251 3245 2732 3302 commoditatum
2750 3258 2961 3315 genere
2982 3241 3389 3308 conducibilis,
3407 3221 3643 3315 excepto
3674 3245 3766 3314 (ut

369 3333 734 3400 unanimem,
759 3339 947 3388 utnon
962 3332 1150 3389 solum
1174 3334 1243 3389 de
1256 3351 1529 3390 successu
1556 3352 1683 3390 meo
1699 3338 2008 3409 gauderes,

370 3439 568 3480 verum
598 3426 676 3489 et,
709 3422 755 3478 si
788 3424 1021 3494 quando
1039 3440 1128 3478 res
1152 3428 1381 3479 nostras
1404 3423 1647 3479 adversa
1675 3427 2009 3483 concussis-

371 3516 520 3581 sent,
554 3515 616 3568 tu
648 3511 833 3567 multo
863 3512 1130 3567 acerbius
1162 3512 1461 3584 multoque
1505 3512 1807 3585 indignius
1836 3519 2012 3587 atque

372 3618 498 3683 ego,
523 3602 693 3675 cujus
724 3601 999 3657 intererat
1022 3600 1315 3657 tolerares.
1344 3603 1588 3674 Eratque
1606 3604 1732 3673 jam
1763 3607 1887 3659 tum
1918 3622 2010 3661 ex-

364 3690 539 3765 periri
589 3694 876 3766 quantum
924 3688 1118 3745 valeas
1156 3690 1332 3745 etiam
1363 3688 1626 3757 consilio,
1662 3692 1803 3748 dum
1835 3694 2007 3751 modo

361 3764 717 3852 profectibus
740 3778 956 3835 nostris
968 3778 1231 3850 gnaviter
1246 3780 1577 3847 annuendo,
1600 3782 1771 3836 modo
1789 3781 2006 3839 incom-

358 3854 549 3939 modis
563 3854 805 3924 viriliter
824 3867 1161 3928 obtinendo.
1177 3885 1269 3924 res
1287 3870 1690 3942 nostrasIsaape
1712 3870 1768 3925 in
1794 3870 2004 3927 melius

352 3944 653 4023 reduxisti.
681 3944 737 4013 Si
774 3957 1007 4029 quando
1039 3974 1171 4012 vero
1203 3957 1275 4012 ab
1306 3958 1690 4014 exterioribus
1712 3958 1855 4015 mihi
1887 3977 2002 4017 non

352 4046 597 4127 vacabat
646 4047 897 4119 negotiis
933 4045 1141 4113 feriari,
1174 4051 1235 4101 tu
1264 4047 1418 4102 vices
1440 4046 1699 4103 absentis
1732 4050 2001 4121 magistri

350 4134 505 4203 inter
529 4135 803 4208 adjutorii
836 4135 1018 4191 nostri
1037 4134 1423 4191 concelliones
1447 4135 1531 4191 ita
1560 4138 1999 4210 exsequebaris,

353 4228 419 4279 ut
448 4240 692 4296 quaeque
712 4223 798 4280 vel
820 4224 1086 4297 legendo,
1120 4223 1207 4280 vel
1229 4224 1585 4296 disputando
1617 4225 1885 4299 perplexe
1907 4227 1995 4283 in-

351 4310 671 4379 tricata,vel
704 4312 763 4367 in
786 4312 1202 4385 theosophicis,
1228 4312 1311 4366 vel
1344 4312 1401 4367 in
1424 4312 1762 4385 SOphisticis
1792 4331 1994 4371 occur-

352 4399 602 4483 rissent;
635 4417 701 4457 ea
731 4403 989 4473 nodosus
1020 4402 1142 4474 ipse
1175 4402 1462 4473 sagaciter
1490 4402 1791 4472 cnodares,
1825 4408 1881 4459 et
1924 4404 1997 4462 de

348 4488 443 4551 his
474 4489 908 4563 ambigentibus
940 4491 1012 4546 ad
1033 4494 1231 4547 votum
1264 4490 1649 4547 satisfeceras.

2116 3336 2286 3391 venia
2313 3339 2414 3390 tua
2443 3332 2711 3404 satyrice,
2745 3330 2878 3387 licet
2907 3331 3033 3387 sine
3059 3335 3245 3386 metro
3268 3329 3489 3402 ludam)
3519 3332 3678 3402 quod
3711 3332 3762 3388 si

2119 3424 2352 3498 quando
2378 3423 2437 3478 in
2464 3421 2791 3478 convivium
2825 3420 3066 3476 deorum
3090 3436 3223 3475 cum
3250 3417 3554 3491 nubigenis
3573 3420 3766 3476 amni-

2115 3515 2227 3570 bus
2256 3512 2535 3569 fratribus
2556 3510 2701 3577 suis,
2723 3527 2790 3564 cu
2802 3526 2973 3581 mque
2990 3508 3150 3565 IEolo
3180 3525 3331 3582 rege,
3346 3511 3401 3563 et
3427 3506 3611 3563 ventis
3627 3508 3760 3565 suis

2117 3605 2271 3659 intra
2311 3601 2591 3675 palatium
2634 3598 2883 3655 Junonis
2915 3598 3251 3666 adciscitur,
3282 3598 3422 3652 dum
3453 3595 3648 3670 longis
3668 3596 3763 3653 1a-

2114 3690 2356 3750 boribus
2384 3690 2689 3756 exhausta,
2724 3684 2894 3743 solito
2925 3687 3162 3759 uperius
3192 3680 3347 3741 E010
3385 3684 3761 3759 propinante,

2113 3783 2274 3840 nives
2305 3780 2391 3837 vel
2422 3779 2641 3835 imbres
2659 3774 3246 3832 adhibensinebriata
3266 3774 3611 3842 revertitur;
3642 3774 3760 3830 col-

2112 3871 2279 3927 lectis
2307 3866 2678 3925 inﬂuentium
2710 3865 2818 3921 sibi
2853 3863 3158 3919 fluviorum
3192 3862 3397 3935 copiis,
3429 3861 3591 3918 Velut
3619 3879 3760 3919 con-

2109 3965 2295 4016 tracto
2315 3956 2589 4024 exercitu,
2611 3971 2712 4027 per
2733 3952 3027 4026 regionem
3048 3952 3267 4007 circum
3282 3950 3436 4006 circa
3456 3948 3761 4024 lymphato

2110 4066 2284 4107 cursu
2331 4043 2744 4109 debacchatur,
2791 4057 3035 4114 quaeque
3068 4039 3181 4096 sibi
3223 4039 3393 4095 obvia
3422 4040 3672 4112 proterit
3699 4045 3757 4096 et

2110 4137 2452 4215 populatur;
2478 4138 2762 4190 nocturna
2784 4132 3138 4204 piscatorum
3157 4130 3332 4198 furta,
3358 4147 3487 4203 quae
3509 4129 3629 4186 illis
3649 4130 3757 4186 im-

2107 4244 2262 4302 pune
2292 4225 2539 4281 cessisse
2569 4238 2720 4294 srepe
2750 4220 3033 4292 dequesta
3062 4224 3171 4289 est,
3205 4218 3525 4292 prohibens
3560 4220 3752 4291 punit;

2105 4323 2233 4374 sata
2264 4331 2390 4387 quae
2413 4310 2562 4367 avidi
2587 4307 2876 4382 agricolae,
2898 4306 3110 4363 littoris
3133 4307 3365 4362 virectis
3395 4307 3607 4363 audaci
3642 4307 3758 4363 sui-

2101 4423 2168 4462 co
2197 4402 2446 4468 violatis,
2482 4400 2579 4455 ubi
2625 4399 2748 4471 ipsa
2780 4396 2952 4453 vellet
2980 4395 3298 4462 meridiari,
3332 4396 3754 4468 insperserant,

2099 4492 2243 4550 eluit
2298 4494 2355 4546 et
2396 4482 2672 4561 prostrat.
2716 4484 2834 4542 Nos
2882 4502 3113 4558 quoque
3153 4484 3458 4558 indignata
3500 4483 3749 4540 littoreis

358 4644 365 4650 ,
415 4576 482 4632 ν.
517 4578 659 4635 Cum
692 4578 813 4635 haec
844 4583 901 4635 et
931 4579 1268 4649 hujusmodi
1304 4578 1471 4651 plura
1500 4579 1582 4635 ita
1613 4597 1675 4635 se
1708 4579 1985 4651 habeant,
2023 4587 2065 4651 ι)
2097 4578 2373 4655 aquatilis
2404 4575 2548 4634 aulae
2582 4593 2700 4632 suis
2726 4574 2889 4630 atriis
2918 4574 3132 4646 placito
3162 4572 3414 4629 vicinius
3440 4573 3753 4643 insedisse,

341 4682 682 4740 possumne,
714 4685 835 4736 oro,
865 4669 1234 4740 probitatem,
1258 4666 1632 4735 industriam,
1660 4668 1985 4741 benignita-

338 4744 458 4813 tem
486 4761 670 4825 tuam,
706 4762 1028 4830 ceeteraque
1057 4757 1110 4812 id
1136 4773 1320 4829 genus
1350 4757 1516 4812 bonae
1547 4762 1603 4813 et
1632 4757 1986 4831 circumspe-

339 4836 445 4915 ctis
476 4847 607 4903 vitae
638 4832 842 4903 munia
870 4846 1161 4902 oblivione
1190 4845 1805 4919 transmittere,teque,
1839 4864 1911 4903 ne
1934 4848 1983 4904 si

337 4934 513 5005 velim
545 4935 806 5009 quidem,
840 4952 956 4992 non
986 4952 1183 4990 amare
1204 4936 1232 4990 ‘I
1260 4936 1376 5007 Ego
1399 4952 1532 4991 vero
1555 4940 1620 4991 ut
1650 4935 1811 5007 prius
1838 4936 1897 4992 in
1928 4941 1985 4994 te

337 5040 517 5098 puero
539 5024 880 5098 praeclarum
914 5024 1191 5093 indolem,
1217 5025 1299 5081 ita
1330 5043 1485 5081 nunc
1506 5025 1642 5080 totis
1665 5025 1985 5098 amplector

332 5113 656 5169 visceribus
688 5131 1013 5185 prmcanam
1033 5113 1581 5187 adultaejuventutis
1603 5120 1713 5169 tua:
1739 5115 1977 5170 maturi-

331 5205 543 5273 tatem:
574 5218 678 5257 nec
699 5202 1019 5275 quidquam
1045 5203 1233 5277 magis
1261 5202 1404 5258 mihi
1428 5201 1603 5271 dolet,
1623 5220 1798 5274 quam
1823 5205 1975 5275 quod

330 5278 649 5347 dulcidinis
678 5295 788 5346 tuae
821 5293 1082 5364 privatus
1104 5293 1316 5358 fructu,
1341 5292 1568 5348 velutin
1593 5292 1845 5363 quadam
1878 5292 1978 5347 de-

330 5378 474 5447 serti
508 5378 822 5435 solitudine
855 5382 997 5436 mihi
1021 5383 1228 5453 degere
1250 5381 1596 5438 videor.Non
1615 5380 1754 5453 quia
1783 5380 1977 5438 desint

326 5465 790 5537 frequentissimi
813 5468 1474 5541 comitesIetcharissimi
1498 5486 1847 5536 assessores,
1872 5469 1972 5525 sed

323 5566 528 5623 eorum
550 5550 767 5619 nullus,
792 5557 1076 5629 uutlvaidc
1095 5577 1261 5614 rarus
1279 5563 1385 5624 est,
1415 5559 1618 5629 in,quo
1641 5561 1835 5629 caput,
1852 5557 1970 5613 imo

324 5634 587 5691 animam
606 5642 724 5692 iam
751 5641 1002 5699 molliter
1022 5645 1317 5703 reclinem.
1344 5646 1591 5701 Proinde
1613 5644 1661 5701 si
1685 5646 1771 5699 fas
1792 5650 1965 5712 esset,

2099 4678 2157 4728 et
2202 4669 2435 4726 calones
2483 4671 2714 4722 nostros
2744 4680 2873 4720 eam
2906 4663 3121 4735 saepius
3158 4663 3504 4735 inquietare,
3541 4662 3753 4717 do'mos

2096 4766 2328 4817 nostras
2356 4774 2471 4813 non
2504 4753 2748 4827 supplex
2791 4752 3157 4826 ingreditur;
3212 4750 3603 4822 omnibusque
3645 4762 3746 4803 ex-

2095 4847 2305 4921 pulsis,
2329 4844 2471 4902 nihil
2494 4828 2820 4917 deprecata,
2841 4840 3123 4897 violenter
3143 4838 3487 4912 liospitatur.
3512 4835 3584 4891 Et
3603 4836 3749 4907 quia

2092 4937 2307 5010 saepius
2334 4951 2400 4991 ac
2433 4930 2783 4988 familiarius
2820 4928 3057 4985 inimico
3088 4929 3199 4985 sibi
3232 4924 3460 4981 numini
3508 4924 3744 4997 suppli-

2090 5043 2313 5092 camus,
2338 5024 2521 5079 larem
2546 5019 2895 5075 familiarem
2919 5014 3285 5074 discruciatis
3305 5011 3595 5081 excludit;
3620 5028 3749 5069 om-

2090 5133 2307 5188 nesque
2329 5112 2437 5169 sibi
2459 5110 2629 5167 invisi
2653 5108 2914 5164 numinis
2942 5107 3241 5180 reliquias,
3266 5103 3443 5161 etiam
3474 5100 3738 5159 favillam

2088 5210 2147 5263 et
2174 5203 2448 5268 cinerem,
2476 5198 2681 5255 clueas
2711 5196 3060 5270 exstinguit:
3088 5197 3271 5251 donec
3296 5191 3578 5268 patientia
3608 5209 3749 5249 nos-

2086 5298 2177 5350 tra
2206 5292 2297 5348 vix
2325 5290 2559 5347 tandem
2582 5285 2814 5357 satiata,
2848 5286 2989 5341 dum
3012 5286 3061 5341 ei
3087 5286 3203 5341 neu
3232 5282 3569 5340 resistimus
3600 5281 3743 5353 quia

2084 5400 2197 5438 non
2229 5380 2513 5442 valemus,
2546 5375 2774 5432 alveum
2799 5392 2973 5431 suum
2997 5375 3091 5430 vix
3124 5374 3365 5430 demum
3389 5370 3619 5444 placata
3649 5387 3745 5427 re-

2083 5467 2256 5541 petit;
2290 5471 2347 5521 et
2377 5463 2531 5519 nuda
2564 5461 2741 5517 nimis
2766 5461 3107 5534 relinquens
3126 5460 3396 5546 vestigia,
3430 5458 3488 5514 in
3512 5474 3640 5525 sua,
3676 5475 3740 5515 se

2082 5555 2299 5629 palatia
2342 5551 2563 5624 recipit.
2610 5550 2839 5606 Habent
2882 5567 3119 5624 quoque
3159 5548 3503 5607 suburbana
3531 5551 3735 5604 nestra

2081 5641 2339 5713 undique
2387 5656 2615 5695 versum
2662 5655 2839 5696 suave
2884 5637 3105 5696 olentes
3155 5639 3359 5696 hortos
3397 5636 3644 5705 olerum,
3686 5640 3750 5693 et
