3966 6212
141 263 270 332 ses
1307 254 1697 322 EPISTULA!
1734 251 1838 316 an
1882 249 2393 316 VALC‘HERUM.
3429 253 3556 317 δρα

143 391 1105 461 dulce-rubenteslucosarborum,
1129 389 1349 449 scilicet
1368 391 1552 449 vineis
1574 390 1792 448 nostris
1821 385 1875 454 Α
1903 389 2123 446 daciter
2149 389 2483 462 inspersum
2515 386 2612 455 sit,
2643 386 2896 444 adversae
2917 385 3349 446 detrahentium
3374 406 3547 464 repu-

143 491 404 550 bracbiis
427 485 955 546 aliishabiliorib'us
969 483 1087 540 sibi
1109 482 1792 557 regionibusintendens,
1901 483 1990 534 tes
2026 479 2196 551 parti.

142 597 424 654 suprema
442 573 1622 649 vitiu—mputamina‘etpaucosinspergens
1641 571 1797 642 thyr-
1977 569 2065 624 IX.
2110 569 2310 633 Video,
2374 568 2566 635 frater,
2616 568 2780 624 video
2833 568 3102 641 quisquis
3141 585 3202 625 es
3232 587 3408 643 quem
3438 573 3548 629 sub

142 687 264 737 sos,
299 673 618 725 extremam
640 663 926 737 imposuit
955 661 1345 719 manum.His
1367 665 1424 716 et
1453 659 1796 731 hujusmodi
1905 658 2076 714 amici
2129 675 2378 729 persona
2428 658 2571 713 mihi
2624 658 2893 730 opposui,
2927 675 3102 730 quem
3136 661 3245 715 sub
3289 662 3550 718 advocati

139 757 348 814 multis
366 754 884 814 commoditatibus
906 751 1079 823 Legia
1097 749 1562 806 nostraubertim
1587 751 1793 816 ditata,
1907 764 2083 802 scena
2128 746 2388 819 ﬁgmenti
2429 765 2496 802 ex
2540 747 2779 803 adverso
2812 747 3001 804 dicere
3048 750 3153 804 feci
3187 765 3200 804 :
3245 749 3429 818 video,
3462 753 3550 806 in-

141 847 335 904 adhuc
365 845 545 900 habet
575 842 760 897 multo
797 840 1038 913 potiora,
1073 840 1283 910 hisque
1315 839 1483 910 longe
1510 837 1799 910 longeque
1910 852 2110 907 quam,
2143 836 2292 906 quod
2320 835 2557 907 ancipiti
2589 853 2680 891 me
2721 837 2914 909 gladio
2947 839 3201 909 impetis,
3238 856 3301 896 ac
3334 839 3553 912 duplici

145 932 609 1010 praeeminentia.
643 931 905 1001 Denique
936 930 1063 1000 ipsa
1103 930 1208 983 ﬂos
1242 927 1439 982 Galliae
1472 927 1794 998 tripartitaa,
1910 939 2105 978 meum
2139 922 2250 977 telo
2283 925 2653 995 congrederis
2687 943 2698 979 :
2734 925 2792 978 in
2827 924 3006 981 altero
3039 927 3273 998 quidem
3307 927 3555 986 levitatis

147 1022 420 1081 et'altera
442 1021 675 1076 Athena:
698 1018 970 1073 nobiliter
991 1016 1320 1073 liberalium
1351 1015 1799 1087 disciplinarum
1911 1012 2364 1067 inconstantiam
2387 1029 2628 1084 arguere
2653 1019 2910 1084 paratus,
2937 1015 2991 1068 in
3021 1016 3201 1071 altero
3223 1034 3353 1073 vero
3377 1017 3556 1090 perti-

152 1115 322 1170 ﬂoret
351 1109 586 1176 studiis,
619 1113 677 1164 et
708 1108 881 1180 (quod
917 1107 1010 1162 his
1033 1105 1405 1178 praestantius
1435 1105 1543 1176 est)
1575 1103 1803 1177 egregie
1911 1101 2140 1156 naciam
2165 1101 2221 1154 in
2247 1101 2402 1156 vitiis
2425 1102 2731 1156 confodere
2754 1103 3067 1158 animatus.
3100 1107 3389 1162 Attentius
3420 1123 3556 1179 ergo

153 1201 335 1276 ponet
353 1197 723 1258 observantia
745 1196 955 1251 divina;
969 1195 1287 1268 religionis,
1310 1195 1642 1265 adeo(quod
1669 1210 1806 1265 pace
1910 1191 2226 1245 videndum
2260 1195 2370 1255 est,
2399 1191 2538 1262 quia
2569 1191 2623 1244 in
2659 1208 2749 1246 me
2780 1193 2977 1248 subtili
3010 1195 3342 1250 criticornm
3395 1197 3558 1254 lance

153 1289 532 1349 ecclesiarum
556 1286 821 1356 dixerim)
841 1289 920 1351 ut,
945 1288 1232 1357 quantum
1247 1285 1314 1339 ad
1334 1283 1660 1338 litterarum
1687 1287 1807 1338 stu-
1915 1279 2260 1351 uteris,quid
2281 1281 2349 1334 ad
2370 1278 2603 1352 singula
2619 1281 2951 1352 responderi
2970 1284 3273 1337 Conveniat
3294 1287 3556 1356 objectis.

154 1381 275 1447 dia,
313 1377 459 1434 nihil
493 1377 564 1432 de
595 1375 853 1430 Platonis
885 1377 1118 1446 expetas
1149 1372 1484 1439 academia;
1518 1376 1804 1443 quantum
1913 1371 2062 1441 Ergo
2094 1368 2290 1440 arguis
2329 1369 2387 1424 in
2421 1386 2512 1424 me
2543 1369 2838 1424 levitatem
2870 1370 3184 1427 vanitantis
3214 1373 3412 1439 animi,
3460 1375 3560 1445 qui

153 1485 292 1526 vero
322 1468 394 1524 ad
425 1465 653 1523 cultum
685 1463 1006 1538 religionis,
1049 1462 1195 1518 nihil
1229 1463 1299 1517 de
1332 1462 1538 1518 Leonis
1577 1461 1803 1517 deside-
1913 1458 2069 1513 velut
2098 1458 2206 1513 hac
2239 1458 2367 1514 illac
2399 1459 2636 1514 ﬂuitans
2658 1475 2861 1514 vacare
2882 1459 3194 1524 desideret,
3226 1465 3282 1516 et
3301 1461 3562 1533 gloriari,

155 1575 254 1615 res
285 1558 489 1613 Roma,
1917 1548 2554 1620 proeoquodLeogium
2576 1551 2842 1604 nostrum
2864 1552 3162 1620 tantOpere
3181 1549 3564 1618 laudaverim,

230 1647 355 1701 VII.
390 1644 527 1700 l'nde
557 1660 693 1715 ergo
735 1641 996 1713 undique
1047 1657 1275 1696 versum
1318 1640 1528 1695 Christi
1586 1640 1806 1695 bonum
1919 1653 2128 1707 meque
2177 1636 2394 1690 ibidem
2437 1653 2569 1691 cum
2619 1637 2966 1693 necessariis
3019 1638 3164 1696 meis
3203 1639 3455 1695 libenter
3482 1639 3564 1694 vi-

155 1745 446 1805 spargens
488 1732 744 1795 odorem,
779 1729 1094 1801 plurimam
1131 1730 1201 1784 ad
1236 1745 1297 1784 se
1337 1728 1620 1801 gregatim
1671 1745 1810 1784 con-
1841 1758 1888 1823 B
1917 1741 2047 1780 vere
2077 1725 2343 1790 dixerim,
2370 1727 2523 1796 quod
2548 1725 2784 1796 quidem
2816 1726 3030 1796 injuria
3060 1727 3267 1797 facere,
3293 1745 3396 1784 nec
3412 1729 3566 1800 zequi

158 1821 342 1876 ﬂuam
365 1819 548 1875 allicit
569 1824 625 1874 et
647 1818 846 1890 recipit
872 1817 1341 1872 multitudinem:
1367 1833 1616 1889 quorum
1641 1834 1810 1872 nemo
1841 1813 1885 1823 ”
1919 1813 2176 1884 bonique
2205 1815 2414 1869 ducere
2445 1815 2679 1880 videris,
2715 1817 2814 1869 sed
2849 1817 3156 1871 commoda
3190 1821 3389 1873 nostra
3418 1817 3564 1873 obli-

160 1925 222 1966 se
253 1909 446 1964 adhuc
475 1909 527 1963 ei
555 1907 855 1979 applicuit,
888 1909 985 1977 qui
1022 1923 1133 1960 non
1162 1906 1466 1977 profecerit
1491 1907 1545 1960 in
1577 1906 1809 1975 melius,
1921 1918 2034 1972 quo
2057 1902 2702 1969 invidizeoculolimare,
2727 1903 2995 1975 etcynico
3012 1905 3388 1960 detractionis
3410 1923 3565 1962 mor-

162 1998 278 2055 nisi
307 1997 435 2069 ipse
466 1997 577 2052 sibi
606 1997 781 2050 nimis
803 1995 1174 2051 obdormivit.
1209 1995 1353 2050 Cum
1381 2012 1518 2068 ergo
1543 1999 1810 2051 nostrum
1920 2007 1990 2046 su
2022 2008 2305 2046 venenare
2335 1992 2657 2047 contendis.
2684 1993 2956 2064 Nunquid
2983 2010 3116 2048 nam
3149 1994 3393 2050 diversis
3427 1995 3566 2051 locis

165 2087 241 2144 sit
269 2086 386 2142 tale
411 2085 704 2156 Leogium,
739 2085 1077 2156 quicunque
1098 2085 1148 2139 ei
1183 2085 1442 2156 derogat,
1477 2085 1812 2156 quicunque
1920 2086 1976 2136 et
2007 2080 2368 2152 temporibus
2400 2081 2657 2136 melioris
2682 2081 2807 2135 vitm
2838 2083 3120 2138 rationem
3154 2082 3444 2155 colligere,
3477 2102 3567 2140 ve-

167 2175 467 2246 cognitum
523 2191 637 2229 non
697 2179 874 2242 amat,
936 2178 997 2228 ut
1045 2173 1260 2228 rustice
1314 2173 1541 2244 loquar,
1605 2173 1816 2228 habeat

168 2265 271 2319 Dei
294 2264 517 2319 odium.
545 2264 684 2318 inde
708 2268 816 2329 est,
837 2263 1363 2334 charissime,quod
1388 2261 1682 2317 continuis
1703 2263 1816 2318 huc

166 2353 320 2408 votis
350 2369 454 2408 ruo
490 2370 502 2408 :
535 2355 591 2407 et
618 2351 754 2407 licet
782 2351 920 2406 alibi
961 2352 1193 2423 degam,
1245 2351 1440 2406 animo
1489 2355 1684 2405 tamen
1734 2351 1814 2407 ibi

169 2445 364 2498 tecum
400 2441 617 2496 habito.

236 2527 380 2585 VIII.
431 2531 504 2584 At
546 2545 682 2584 vero
731 2529 975 2584 forsitan
1037 2542 1131 2582 me
1180 2528 1494 2584 insimulas
1543 2528 1814 2596 levitatis,

167 2619 336 2693 quasi
368 2619 514 2674 bene
541 2617 794 2687 vivendi,
817 2617 936 2673 imo
958 2618 1200 2672 vocandi
1223 2621 1281 2674 et
1308 2617 1595 2690 gloriandi
1625 2618 1814 2674 locum

167 2722 467 2781 quaram;
496 2709 650 2778 quod
674 2707 874 2778 utique
907 2711 1000 2762 est
1019 2706 1198 2762 animi
1231 2706 1546 2762 vanitantis
1581 2725 1594 2763 :
1628 2707 1817 2762 aeide-

168 2813 288 2870 que
316 2795 643 2868 redarguis,
677 2797 830 2866 quod
864 2795 1021 2851 velut
1047 2812 1114 2850 ex
1136 2795 1405 2851 desiderii
1440 2796 1668 2862 affectu,
1694 2812 1820 2851 mo-

172 2886 252 2941 do
283 2884 490 2950 situm,
523 2884 942 2949 amoenitatem,
975 2883 1340 2939 afﬂuentiam
1384 2888 1440 2939 et
1469 2884 1818 2956 sapientiam

169 2977 479 3044 tantopere
507 2973 980 3044 nostrifextollam
1000 2973 1214 3045 Leogii,
1237 2973 1329 3028 cui
1351 2973 1666 3044 aliquando
1698 2975 1819 3030 Mo-

176 3061 490 3134 guntinam
513 3063 822 3133 praeferens
853 3062 1122 3134 gloriam,
1155 3062 1412 3117 dederim
1444 3062 1707 3118 libellum
1732 3082 1819 3119 re-

1920 2169 2008 2224 lnt
2029 2169 2203 2224 variis
2235 2168 2560 2223 litterarum
2585 2169 2795 2224 studiis
2832 2173 2886 2223 et
2917 2169 3359 2242 disciplinarum
3393 2187 3568 2243 expe-

1923 2257 2152 2321 rientia,
2189 2256 2481 2328 liquidum
2513 2258 2768 2312 SCiODiitE
2799 2257 2910 2314 mel
2943 2259 3156 2331 stipare
3179 2259 3463 2316 adscribis
3492 2260 3568 2316 le-

1923 2346 2081 2400 vitati
2103 2345 2130 2400 ?
2161 2346 2311 2400 Num
2342 2345 2402 2400 in
2426 2345 2635 2402 melius
2666 2345 2808 2402 velle
2832 2348 3106 2418 proficere
3139 2349 3385 2420 deputas
3405 2350 3569 2404 vani-

1923 2434 2026 2488 tati
2043 2434 2068 2488 ?
2087 2434 2501 2506 Numquidnam
2526 2451 2555 2489 e
2578 2436 2820 2491 diversis
2842 2435 2984 2491 locis
3007 2436 3273 2492 salubres
3295 2443 3571 2509 petuntur

1923 2527 1980 2579 et
2026 2539 2187 2594 aquae
2227 2528 2284 2579 et
2314 2524 2527 2588 herbis,
2559 2541 2686 2596 quae
2718 2529 2924 2597 suapte
2967 2526 3022 2580 vi
3051 2525 3282 2584 valeant
3327 2544 3572 2600 quaeque

1926 2613 2193 2669 morbida
2223 2615 2476 2668 sanare?
2500 2613 2702 2669 Nonne
2734 2614 3040 2670 duodecim
3075 2619 3214 2671 sunt
3245 2615 3396 2672 hora:
3428 2617 3572 2673 diei?

1926 2718 2118 2756 nonne
2155 2701 2419 2758 ordinate
2464 2703 2816 2774 dispositum
2864 2707 2951 2759 est
2981 2703 3118 2776 quid
3155 2705 3230 2760 sit
3277 2707 3569 2776 agendum

1927 2806 2119 2855 mane,
2143 2791 2285 2862 quid
2300 2792 2797 2858 antemeridianis,
2818 2792 2954 2864 quid
2980 2794 3452 2865 postmeridianis
3470 2795 3566 2854 ho-

1929 2879 2030 2944 ris,
2079 2880 2217 2950 quid
2267 2881 2550 2951 vespere?
2598 2882 2708 2936 Sed
2751 2882 2875 2952 jam
2919 2881 3066 2938 heu!
3103 2882 3478 2950 matutinum,
3512 2883 3570 2937 in

1929 2985 2044 3039 quo
2075 2972 2196 3024 erat
2217 2967 2437 3038 laetitia,
2471 2969 2737 3036 transiit;
2787 2974 2840 3025 et
2869 2987 3198 3042 vesperum,
3232 2971 3290 3026 in
3324 2988 3438 3044 quo
3471 2972 3572 3027 de-

1929 3056 2254 3112 morabitur
2283 3059 2472 3121 ﬂetus,
2506 3059 2756 3114 advenit.
2781 3060 2912 3114 Jam
2937 3060 3132 3130 posuit
3155 3060 3439 3116 Dominus
3470 3063 3575 3118 ﬂu-

171 3130 339 3222 pudii
378 3167 391 3204 :
442 3130 712 3222 quodque
750 3155 913 3206 tanta
944 3151 1164 3207 ﬂuitem
1197 3151 1378 3206 animi
1409 3150 1816 3222 inconstantia,
1850 3130 1893 3196 Ε
1933 3147 2092 3202 mina
2122 3146 2178 3201 in
2202 3147 2520 3212 desertum,
2543 3151 2600 3202 et
2622 3149 2807 3203 fontes
2827 3165 3114 3219 aquarum
3141 3149 3199 3203 in
3233 3149 3390 3204 sitim
3417 3168 3428 3214 ;
3459 3154 3572 3206 tero

174 3243 243 3293 ut
298 3239 472 3294 modo
528 3239 720 3311 Leogii
780 3240 1008 3311 positus
1065 3241 1354 3311 suspirem
1414 3241 1818 3312 Moguntiam;

173 3328 348 3382 modo
382 3328 694 3401 Moguntize
727 3333 890 3383 satus
931 3329 1125 3384 animo
1171 3330 1446 3401 Leogium
1500 3347 1817 3386 recurram.

171 3415 419 3472 adhibes
457 3433 692 3489 quoque
730 3417 836 3471 tibi
861 3417 1266 3488 Ipatrocinium
1320 3418 1527 3488 Flacci,
1563 3424 1627 3473 ut
1656 3419 1824 3475 ulcus

171 3505 334 3575 quod
381 3502 486 3558 tibi
545 3506 760 3559 videris
808 3521 1024 3570 secare,
1074 3510 1236 3561 tanto
1285 3508 1548 3576 asperius
1589 3509 1824 3563 satirico

170 3592 302 3648 sale
331 3591 520 3646 valeat
550 3593 807 3647 infricari
827 3610 839 3647 :

229 3733 444 3785 Caelum
471 3734 662 3798 inquit,
695 3746 806 3784 non
851 3735 1088 3784 animum
1131 3739 1340 3784 mutant
1382 3737 1474 3799 qui
1505 3741 1652 3786 trans
1680 3753 1824 3788 mare

1562 3817 1826 3878 [θυι-ταοὶ.

195 3898 315 3949 tem
355 3911 368 3948 :

195 3898 315 3949 tem
355 3911 368 3948 :

169 3896 190 3951 Ι
231 3983 294 4032 In
326 3981 486 4044 culpa
514 3983 594 4030 est
623 3981 853 4041 animus,
890 3981 980 4044 qui
1009 3995 1065 4030 se
1096 3995 1205 4031 non
1237 3981 1422 4046 eﬂ'ugit
1451 3996 1708 4047 unquam.

240 4123 407 4190 Novi,
453 4122 820 4189 charissime,
853 4127 909 4178 te
941 4123 1086 4178 nihil
1133 4123 1437 4180 sinistrum
1481 4130 1684 4182 contra
1731 4146 1824 4186 me

169 4211 390 4279 moliri,
413 4228 517 4267 nec
537 4211 755 4268 idcirco
776 4217 832 4266 te
857 4211 1001 4266 mihi
1023 4213 1092 4268 ad
1114 4213 1510 4270 resistendum
1533 4219 1777 4288 opposui
1810 4237 1822 4273 :

170 4302 272 4358 sed
305 4301 439 4355 novi
462 4315 634 4356 canes
674 4300 946 4373 illos,qui
971 4300 1336 4357 clandestino
1368 4319 1566 4360 morsu
1592 4321 1824 4379 semper

169 4390 360 4464 parati
385 4395 524 4446 sunt
546 4389 986 4447 alienamvitam
1018 4391 1385 4448 discutienda
1401 4393 1622 4461 rodere,
1651 4412 1818 4452 suam

1930 3252 2053 3291 ram
2087 3235 2438 3291 fructiferam
2472 3235 2529 3290 in
2562 3236 2942 3308 salsuginem.
2989 3243 3045 3292 et
3077 3242 3298 3295 caetera.
3336 3241 3404 3317 Et
3433 3239 3572 3312 quid

1931 3326 2002 3380 de
2049 3323 2275 3394 reliquo
2324 3325 2653 3380 faciendum
2703 3331 2793 3380 est
2847 3327 2902 3379 in
2936 3325 3044 3381 hac
3078 3344 3271 3382 rerum
3320 3329 3570 3395 sentina,

1935 3414 2030 3470 ubi
2065 3413 2292 3470 cunctis
2321 3431 2451 3484 quae
2476 3432 2509 3468 a
2541 3413 2810 3468 Patribus
2842 3416 2912 3469 ad
2938 3433 3042 3470 nos
3074 3416 3484 3484 demanarunt,
3517 3423 3574 3474 et

1934 3502 2148 3559 studiis
2177 3510 2226 3557 el
2261 3502 2586 3573 disciplinis
2619 3507 2919 3573 tantopere
2949 3503 3267 3559 reclamant
3299 3523 3488 3561 mores
3518 3512 3574 3562 et

1933 3591 2244 3662 tempora?
2271 3589 2424 3646 Num
2465 3591 2612 3656 ideo,
2648 3596 2709 3645 ut
2735 3595 2794 3645 tu
2829 3591 3066 3664 desipis,
3103 3611 3133 3646 a
3163 3594 3332 3648 bonis
3357 3598 3446 3650 est
3477 3595 3574 3650 de-

1934 3680 2286 3746 sistendum,
2337 3683 2395 3734 et
2466 3680 2746 3735 nundinis
2801 3680 3218 3748 insistendum,
3277 3689 3340 3736 ut
3410 3683 3572 3739 obliti

1935 3768 2074 3839 quid
2107 3768 2328 3835 deccat,
2373 3767 2514 3838 quid
2557 3785 2693 3833 non,
2732 3769 3012 3824 ltacensis
3044 3769 3264 3841 Ulyssei
3303 3771 3575 3828 vitiosum

1935 3857 2147 3911 ﬁamus
2182 3857 2530 3928 remigium?
2560 3858 2759 3912 Nonne
2801 3858 2989 3929 magis
3019 3863 3244 3930 oportet
3285 3862 3574 3932 quemvis,

1935 3946 2036 4018 qui
2068 3944 2304 4017 quidem
2337 3945 2426 4000 vir
2456 3946 2573 4011 ﬂet,
2602 3949 2667 4000 ut
2695 3963 2928 4018 semper
2956 3947 3242 4002 deteriora
3270 3949 3482 4018 vitans,
3517 3951 3572 4006 id

1934 4039 2187 4107 appetat,
2214 4035 2366 4089 unde
2389 4051 2450 4089 se
2467 4034 2592 4106 ipso
2623 4051 2856 4107 semper
2877 4035 3081 4091 melior
3105 4038 3205 4092 ﬁat
3223 4039 3250 4092 ‘?
3274 4038 3412 4093 Tam
3443 4057 3576 4097 vero

1934 4125 2100 4180 abest
2147 4129 2210 4179 ut
2259 4125 2378 4179 base
2411 4123 2529 4178 sint
2576 4125 2754 4179 animi
2787 4125 3101 4182 vanitantis
3152 4131 3213 4182 ut
3250 4127 3368 4183 sint
3398 4129 3574 4186 etiam

1932 4213 2113 4269 animi
2146 4214 2214 4267 ad
2251 4218 2446 4285 postes
2470 4212 2605 4267 ostii
2626 4212 2922 4285 sapientia:
2955 4231 3126 4270 mane
3155 4215 3486 4287 vigilantis;
3519 4224 3577 4275 et

1933 4303 2042 4358 hoc
2084 4303 2154 4358 de
2185 4303 2360 4358 fratre
2390 4302 2604 4358 sentire
2639 4301 2725 4358 vel
2759 4303 2968 4373 dicere,
3001 4304 3078 4359 sit
3107 4304 3335 4360 invidiae
3369 4310 3426 4362 et
3455 4307 3571 4363 odii

1933 4391 2331 4464 malignantis.

166 4497 308 4535 vero
335 4478 575 4551 ﬂagitiis
595 4479 933 4536 obvolutam
963 4481 1022 4535 in
1055 4497 1218 4537 caeno
1241 4480 1517 4537 vitiorum
1540 4484 1821 4541 volutare.
1855 4495 1901 4560 D
2002 4481 2068 4536 Χ.
2102 4481 2264 4548 Quod
2310 4485 2503 4536 autem
2545 4480 2742 4536 hostili
2779 4498 2870 4536 me
2917 4499 3187 4554 premens
3238 4483 3376 4552 telo,
3407 4487 3575 4555 dicis,

169 4569 290 4625 Hos
321 4567 466 4622 mihi
494 4573 626 4639 post
653 4573 878 4641 tergum
912 4571 1260 4642 derogantes
1291 4571 1400 4626 sub
1420 4587 1669 4643 persona
1698 4577 1820 4642 tua,

169 4655 335 4712 velut
361 4654 422 4710 in
470 4655 675 4712 faciem
707 4658 1065 4724 resistentes,
1096 4657 1243 4712 mihi
1266 4675 1506 4730 oppono
1539 4677 1551 4715 ε
1585 4661 1678 4716 bis
1701 4663 1820 4718 sub

172 4749 274 4801 tuo
292 4744 631 4813 n~omino,de
643 4761 759 4818 quo
777 4747 922 4802 nihil
940 4747 1248 4803 sinistrum
1269 4749 1821 4823 suspieior,respon-

172 4835 311 4889 dere
340 4847 479 4906 paro
531 4851 544 4889 :
573 4839 644 4890 ut
669 4839 883 4908 arguta
911 4835 1308 4892 cavillantium
1349 4838 1672 4895 invectione
1701 4841 1822 4898 dis-

169 4921 360 4995 plosa,
385 4923 746 4980 dissolutum
765 4925 1144 4997 sit'quidquid
1168 4941 1427 4997 unquam
1458 4927 1517 4981 in
1535 4945 1629 4984 me
1652 4947 1820 4986 arcus

170 5010 375 5069 livoris
387 5027 562 5084 super
578 5012 1512 5083 hisjacuiatusest,etenervatum
1533 5016 1820 5089 quidquid

173 5102 550 5173 serpenti‘nus
599 5103 714 5157 odii
741 5101 958 5157 sibilus
987 5102 1248 5157 amarius
1288 5103 1345 5157 in
1379 5119 1472 5158 me
1515 5105 1818 5162 cavillatus

169 5194 279 5245 est.
314 5189 504 5244 Unum
533 5196 728 5245 autem
759 5191 1026 5258 verbum,
1057 5195 1113 5244 et
1142 5207 1244 5261 pro
1293 5193 1568 5249 omnibus
1603 5211 1815 5262 unum,

171 5277 282 5334 hoe
307 5281 419 5347 est,
451 5278 622 5348 cujus
663 5293 765 5350 per
801 5280 994 5334 omnis
1023 5278 1201 5349 hujus
1230 5281 1372 5334 tomi
1418 5281 1644 5339 areolas
1675 5301 1822 5340 sem-

173 5381 276 5439 per
307 5365 651 5422 meminisse
701 5367 897 5437 debes,
931 5367 1156 5424 scilicet
1184 5373 1248 5422 ut
1278 5369 1567 5441 quidquid
1617 5372 1677 5427 in
1710 5373 1820 5429 hoc

168 5455 328 5511 velut
359 5455 635 5511 Conﬂictu
668 5455 846 5523 laute,
870 5455 1088 5530 lepide,
1131 5457 1462 5514 amabiliter
1491 5459 1714 5516 dictum
1743 5463 1822 5517 sit

171 5542 427 5616 applices
461 5545 567 5600 tibi
628 5562 638 5599 :
688 5545 972 5618 quidquid
1024 5563 1156 5603 vero
1207 5549 1371 5614 dure,
1421 5547 1602 5614 acide,
1666 5566 1816 5605 mor-

1933 4571 2073 4642 quid
2107 4570 2249 4625 mihi
2280 4576 2338 4626 et
2369 4569 2577 4641 Leogio
2594 4569 2621 4623 ‘?
2643 4571 2795 4641 quod
2815 4570 2951 4625 olim
2973 4571 3289 4629 insolenter
3304 4573 3577 4630 deserens

1929 4661 2085 4732 turpi
2114 4659 2360 4714 notarim
2409 4657 2632 4731 elogio;
2666 4659 2876 4731 cuique
2927 4660 3328 4732 Moguntinam
3374 4664 3575 4733 praefe-

1931 4767 2065 4806 rens
2096 4750 2362 4822 gloriam,
2387 4765 2488 4804 ceu
2514 4748 2685 4802 vilem
2711 4749 3094 4819 reputaverim
3127 4749 3396 4818 scoriam,
3421 4755 3576 4806 certe

1931 4839 2110 4895 nimis
2122 4857 2155 4894 a
2170 4838 2432 4894 veritatis
2448 4839 2682 4892 tramite
2703 4837 2979 4893 aberrasti
2989 4837 3095 4905 ,vel
3113 4837 3306 4908 potius
3319 4841 3476 4894 totus
3489 4857 3577 4895 ve-

1931 4928 2100 4984 ritate
2121 4926 2402 4984 excidisti.
2431 4927 2694 4992 Dicdum,
2715 4943 2930 4997 quz—nso,
2952 4930 3014 4979 tu
3029 4926 3126 4998 qui
3151 4928 3259 4982 sub
3273 4927 3441 4984 ovino
3460 4929 3575 4985 vel-

1933 5017 2046 5071 lere
2068 5017 2268 5088 lupino
2290 5016 2402 5069 ritu
2428 5014 2626 5078 latras,
2653 5031 2683 5069 e
2700 5015 2930 5070 duobus
2947 5013 3110 5070 alteri
3133 5015 3455 5088 praefertur,
3475 5016 3575 5089 qui

1932 5106 2207 5178 postulat,
2225 5122 2295 5160 an
2313 5105 2411 5176 qui
2425 5103 2929 5175 postulatur?0uid
2952 5104 3297 5176 respondere
3309 5104 3578 5162 haesitas?

1930 5213 2071 5250 num
2090 5195 2194 5249 tibi
2214 5191 2659 5264 laqueumtendi
2676 5193 2877 5262 putas?
2891 5195 3037 5265 Ergo
3059 5193 3254 5249 taces?
3274 5195 3417 5251 satis
3439 5213 3574 5251 con-

1929 5285 2087 5341 cedis
2108 5283 2274 5337 illum
2299 5279 2754 5351 przeferri,quem
2780 5286 3006 5337 constat
3022 5283 3093 5337 ab
3116 5283 3293 5339 altero
3317 5285 3575 5357 postula-

1929 5373 2104 5429 ri.Dic
2117 5367 2545 5444 ergo,nunquid
2561 5367 2932 5440 selogium[z’¢i
2945 5381 3022 5425 est
3035 5371 3114 5442 inj
3127 5373 3577 5443 uriamjmintuli

1930 5461 2139 5533 Legim,
2172 5459 2403 5532 quando
2436 5457 2595 5528 eligit
2633 5460 2688 5509 ut
2725 5463 2958 5530 propter
2987 5476 3079 5514 me
3110 5470 3413 5534 rogaretur
3451 5483 3484 5520 a
3515 5477 3580 5518 se

1929 5550 2177 5619 ditiore;
2211 5549 2461 5605 exaltata
2491 5548 2686 5600 autem
2719 5546 2909 5619 Legia,
2947 5548 3101 5604 .dum
3135 5549 3221 5606 vel
3272 5552 3583 5613 invitatus,
