3966 6212
408 320 521 387 891

1608 329 2027 395 GOZECHINI
2079 332 2608 407 SCHOLASTICI.

399 462 486 518 vel
511 465 720 558 jussus
765 483 798 521 a
829 463 1077 523 summis
1115 464 1271 523 aurei
1306 464 1464 524 illius
1494 465 1689 523 saeculi
1719 465 1860 522 viris
1909 465 2038 523 veni
2066 466 2114 535 Α
2150 485 2284 542 pus,
2317 474 2618 549 Aristoles,
2663 477 2988 541 Carneades
3017 485 3076 541 et
3104 480 3413 553 Panaetius,
3442 479 3664 558 aliique
3716 484 3815 542 in-

406 557 763 628 Moguntiam
785 558 812 611 ‘?
833 558 1126 612 Numnam
1156 558 1326 612 matri
1360 558 1542 630 Legize
1565 557 1672 613 feci
1705 557 1998 630 repulsam
2019 560 2047 615 ?
2156 567 2406 631 numeri,
2454 568 2684 628 nullum
2732 577 2899 628 certa;
2929 573 3309 632 habitationis
3339 573 3532 631 locum
3565 557 3680 630 sibi
3733 577 3809 632 ad

403 647 668 717 nunquid
694 663 819 702 eam
842 646 1156 702 insolenter
1176 647 1388 719 sprevi,
1415 664 1590 719 quam
1614 647 1771 703 velut
1795 653 2044 705 matrem

400 737 812 793 benevolentia:
844 737 1213 808 amplexibus
1251 737 1513 792 strictam
1545 754 1847 810 nunquam
1880 738 2044 794 dese-

400 835 534 890 rui?
577 832 836 887 Profecto
885 846 1023 892 non,
1058 832 1120 882 ut
1149 826 1486 890 corniearis,
1521 826 1652 881 dedi
1693 826 1742 881 ei
1777 826 2041 882 libellum

400 923 647 997 repudii,
672 922 768 978 sed
792 922 1057 976 decorem
1078 915 1317 988 tripudii
1341 934 1353 970 :
1379 932 1492 971 non
1517 915 1684 987 elogii
1701 919 1919 979 notam,
1939 916 2041 971 sed

396 1013 636 1069 honoris
669 1026 942 1065 coronam
979 1025 990 1063 :
1026 1006 1258 1078 quando
1291 1022 1392 1078 per
1421 1022 1485 1060 os
1516 1020 1710 1059 meum
1762 1003 2043 1059 eructavit

396 1121 496 1159 cor
516 1103 642 1172 ejus
667 1101 908 1156 verbum
932 1099 1180 1161 bonum;
1207 1095 1439 1167 quando
1473 1093 1688 1148 contuli
1719 1093 1778 1147 in
1805 1093 2040 1149 thesau-

395 1210 492 1247 ros
522 1192 702 1262 hujus
729 1186 1060 1255 afllucntize,
1085 1185 1235 1256 quod
1264 1183 1451 1253 accepi
1479 1183 1535 1235 in
1567 1181 1857 1237 thesauris
1878 1181 2038 1236 illius

393 1281 715 1354 sapientia}.
748 1280 862 1333 Nec
894 1292 1154 1347 unquam
1179 1272 1350 1328 hodie
1381 1271 1641 1343 effugies,
1673 1271 1846 1325 etiam
1879 1271 1925 1325 si
1953 1269 2034 1325 al-

392 1374 480 1425 ter
508 1370 622 1424 sies
655 1367 958 1436 Protheus,
993 1366 1173 1418 donec
1191 1362 1342 1415 veris
1371 1361 1557 1415 victus
1586 1359 1842 1424 fatearis,
1876 1359 2029 1430 quod

392 1458 536 1513 nihil
587 1457 909 1529 quidquam
960 1453 1112 1509 obsit
1160 1468 1291 1506 cum
1352 1450 1574 1504 ratione
1605 1448 1711 1503 loci
1762 1449 2028 1515 mutatio,

390 1551 616 1602 tantum
649 1547 718 1600 de
739 1545 889 1600 bono
910 1541 1055 1598 nihil
1082 1545 1340 1595 mutetur
1369 1539 1664 1611 proposito
1695 1555 1708 1592 :
1734 1551 2031 1609 quamque

389 1634 712 1707 sapientem
743 1636 969 1705 oportet
997 1647 1201 1686 omnes
1231 1629 1356 1682 vitae
1387 1629 1639 1683 rationes
1679 1645 1780 1698 pro
1811 1626 1934 1681 loco
1974 1630 2031 1680 et

386 1727 646 1796 tempore
677 1723 890 1786 metiri,
922 1721 1212 1791 necjuxta
1239 1717 1547 1773 leviculum
1577 1716 1885 1788 Diogenem
1908 1731 2029 1770 om-

387 1813 485 1868 nia
514 1813 573 1868 in
609 1813 797 1868 medio
828 1811 1050 1866 haberi.

456 1904 547 1957 XI.
582 1903 743 1966 Quod
769 1904 962 1955 autem
987 1900 1057 1953 de
1077 1897 1276 1951 Flacco
1300 1900 1397 1950 tuo
1420 1896 1489 1950 ad
1514 1893 1634 1948 vitii
1659 1899 1852 1949 notam
1880 1891 2024 1948 mihi

383 1990 592 2056 inuris,
625 1990 743 2044 sive
776 1988 1064 2060 poeticum
1098 1985 1263 2044 illud.
1296 1984 1414 2038 sive
1445 1981 1914 2054 philosophicum
1949 1981 2026 2036 sit

382 2080 527 2136 satis
559 2079 646 2135 sui
683 2077 936 2134 auctoris
967 2074 1142 2130 struit
1171 2077 1534 2147 argumento,
1571 2073 1640 2127 ad
1674 2072 1730 2125 id
1764 2071 1914 2142 quod
1938 2087 2024 2125 as-

380 2170 693 2224 truendum
725 2166 1001 2231 instituit,
1026 2182 1138 2219 non
1167 2168 1360 2218 tamen
1385 2166 1450 2216 ut
1482 2161 1804 2233 proposuit,
1826 2159 1906 2214 ita
1936 2163 2025 2215 est

381 2257 774 2313 necessarium
810 2275 822 2310 :
857 2254 996 2326 quia
1028 2253 1125 2326 qui
1160 2258 1324 2306 trans
1368 2267 1527 2305 mare
1558 2253 1819 2314 currunt,
1872 2248 2024 2303 sicut

379 2346 612 2413 ecelum,
655 2346 738 2400 ita
780 2349 1007 2399 mutare
1057 2345 1303 2414 possunt
1349 2345 1405 2394 et
1447 2339 1726 2403 animam,
1771 2338 1840 2392 V.
1872 2341 1936 2392 G.
1971 2337 2020 2392 si

381 2435 512 2507 quis
544 2435 723 2489 idiota
753 2438 810 2487 et
838 2431 1101 2487 insulsus
1133 2429 1388 2484 Athenas
1420 2432 1622 2499 pergat
1649 2427 1737 2482 vel
1769 2425 2018 2498 naviget,

379 2523 574 2595 ibique
601 2522 874 2577 doctrina:
903 2519 1021 2576 sale
1045 2520 1367 2590 inspersus,
1389 2517 1700 2572 stultitiam
1733 2515 2021 2588 sapientia

379 2615 718 2668 commutet.
743 2610 886 2666 lllud
911 2614 1102 2664 autem
1123 2624 1395 2679 sequens,
1419 2606 1516 2661 ubi
1541 2607 1611 2661 de
1640 2604 1751 2660 loci
1773 2604 1859 2659 vel
1891 2603 2018 2660 coeli

379 2700 700 2757 mutatione
731 2698 931 2760 tacuit,
964 2701 1021 2752 et
1044 2697 1306 2751 animum
1331 2695 1644 2765 redarguit,
1671 2693 1859 2764 magis
1881 2693 2019 2748 facit

375 2791 445 2845 ad
482 2791 798 2852 rationem;
832 2786 976 2842 nihil
1009 2787 1078 2840 ad
1110 2786 1254 2840 bene
1273 2784 1606 2850 vivendum,
1629 2782 1714 2837 vel
1741 2783 2017 2853 prodesse

373 2879 460 2934 vel
492 2879 696 2934 obesse
716 2876 844 2943 loci,
872 2875 982 2931 nisi
1006 2878 1162 2930 certa
1183 2873 1561 2927 mutationem
1582 2872 1802 2926 ratione
1825 2889 1839 2937 ;
1873 2871 2013 2943 quin

375 2968 568 3040 potius
590 2966 751 3020 valde
771 2965 1097 3037 culpandus
1118 2967 1205 3018 est
1227 2962 1480 3025 animus,
1501 2962 1597 3033 qui
1623 2978 1684 3016 se
1711 2978 2011 3032 nunquam

373 3056 576 3129 cffugit
623 3055 822 3122 talem,
869 3052 1062 3127 qualis
1102 3054 1261 3125 jacet
1309 3053 1366 3106 in
1407 3050 1734 3122 corruptela
1763 3055 1821 3106 et
1851 3067 2012 3105 emno

370 3145 666 3210 vitiorum,
715 3149 771 3200 et
803 3161 902 3216 per
934 3146 1148 3198 arctam
1193 3141 1430 3196 moralis
1476 3139 1795 3211 disciplima
1835 3139 2010 3194 semi-

2155 653 2301 711 bene
2343 656 2652 715 vivendum
2701 659 2999 733 elegerunt
3043 680 3055 718 :
3108 663 3208 718 sed
3259 663 3440 719 semel
3472 662 3700 735 egressi
3732 665 3808 720 ad

2152 743 2614 818 investigandam
2630 752 2750 805 toto
2768 750 3084 823 fugientem
3101 752 3239 808 orbe
3261 751 3635 823 sapientiam,
3659 769 3813 809 nun-

2153 849 2328 905 quam
2351 836 2591 892 domum
2605 843 2978 895 reverterunt.
2993 840 3148 896 Talis
3170 846 3257 895 est
3274 839 3394 894 vita
3409 839 3651 913 perfecti
3666 857 3808 898 con-

2151 924 2858 998 summatiquesapientis,
2892 944 3066 1000 quem
3098 944 3449 1000 quocunque
3481 944 3576 986 res
3607 931 3799 997 cedat,

2150 1027 2266 1065 non
2325 1012 2383 1067 in
2424 1013 2748 1071 Phalaridis
2779 1020 2947 1072 tauro
2993 1017 3080 1073 vel
3129 1016 3490 1082 carnificina,
3546 1033 3726 1088 quem
3769 1036 3805 1074 a

2148 1102 2487 1156 constantia
2517 1103 2814 1175 gravitate,
2849 1123 2882 1160 ιι
2919 1105 3199 1178 propositi
3232 1105 3420 1178 rigore
3450 1103 3656 1162 nullus
3688 1124 3800 1164 un—

2147 1204 2323 1260 quam
2357 1191 2608 1247 deflectit
2645 1193 2842 1261 locus;
2894 1195 2987 1249 cui
3019 1198 3180 1250 totus
3227 1194 3488 1249 mundus
3532 1195 3604 1249 ad
3655 1195 3804 1252 bene

2145 1276 2424 1350 beateque
2460 1280 2770 1337 vivendum
2819 1299 2973 1338 unus
3002 1287 3092 1339 est
3122 1283 3304 1338 locus.
3363 1283 3475 1338 Sed
3507 1299 3800 1353 quorsum

2143 1365 2295 1421 ista?
2324 1367 2546 1424 scilicet
2569 1374 2632 1425 ut
2654 1386 2906 1443 arguens
2922 1371 3237 1438 refellatur,
3262 1371 3575 1443 videatque
3597 1371 3794 1430 locum

2139 1455 2225 1508 vel
2260 1455 2549 1513 insessum
2600 1458 2685 1514 vel
2719 1463 3032 1525 mutatum,
3074 1459 3326 1531 sapienti
3369 1459 3517 1514 nihil
3564 1461 3790 1528 obesse,

2139 1544 2308 1614 cujus
2340 1545 2705 1618 propositum
2731 1551 2821 1603 est
2849 1548 3041 1604 ubivis
3070 1547 3332 1604 locorum
3367 1547 3428 1604 in
3459 1549 3784 1604 constantia

2135 1631 2366 1688 virtutis
2397 1635 2670 1690 eumdem
2697 1651 2846 1691 esse.

2206 1720 2347 1776 XlIl.
2383 1722 2492 1777 Sed
2521 1723 2661 1794 quid
2687 1724 2994 1782 nobishaac
3014 1726 3316 1798 peregrina
3334 1725 3362 1781 ?
3389 1725 3622 1782 Scilicet
3641 1741 3781 1798 apo-

2055 1835 2102 1899 Β
2135 1809 2290 1874 stoli,
2316 1827 2462 1881 quos
2483 1812 2554 1866 de
2585 1813 2806 1868 mundo
2837 1813 3012 1885 elegit
3033 1815 3132 1887 qui
3165 1815 3452 1870 mundum
3483 1815 3636 1884 fecit,
3671 1814 3789 1886 pri-

2138 1915 2303 1952 mum
2336 1899 2446 1953 sub
2477 1899 2697 1956 ccelesti
2729 1902 3008 1974 magistro
3040 1904 3095 1957 in
3127 1902 3326 1958 schola
3355 1903 3616 1958 veritatis
3647 1903 3794 1956 vivae

2132 1986 2286 2040 vocis
2320 1987 2526 2043 auditu
2559 1989 2793 2056 eruditi,
2817 1991 2951 2046 dein
2980 1995 3042 2045 ut
3070 1991 3214 2045 radii
3244 1990 3361 2045 veri
3394 1990 3549 2045 Solis
3581 1989 3800 2045 emissi

2130 2074 2201 2128 ad
2233 2074 2713 2142 illuminandum,
2744 2082 2801 2133 et
2833 2082 2896 2132 ut
2921 2078 3004 2132 sal
3038 2083 3201 2132 terrae
3232 2076 3482 2148 dispersi
3513 2077 3587 2132 ad
3631 2093 3797 2148 pur-

2131 2164 2392 2234 gandum
2436 2169 2491 2219 et
2536 2165 2951 2231 condiendum,
2997 2182 3112 2221 non
3145 2165 3390 2236 patriam
3435 2163 3524 2218 vel
3554 2163 3792 2229 locum,

2132 2267 2246 2305 non
2279 2267 2484 2324 agrum
2507 2251 2592 2306 vel
2616 2253 2876 2319 domum,
2897 2269 3011 2308 non
3035 2253 3359 2324 quidquam
3382 2251 3540 2323 quod
3564 2252 3779 2306 mundi

2131 2343 2284 2395 esset
2313 2340 2420 2396 sibi
2447 2341 2745 2412 proprium
2768 2341 3080 2407 duxerunt,
3100 2340 3201 2395 sed
3221 2338 3520 2395 salvandis
3551 2339 3782 2394 anima-

2130 2428 2241 2483 bus
2272 2429 2460 2500 primo
2490 2428 2879 2484 durissimum
2918 2427 3272 2500 praedicandi
3305 2426 3564 2482 laborem
3595 2426 3782 2483 etiam

2129 2516 2187 2571 in
2241 2517 2454 2589 frigore
2503 2520 2559 2572 et
2605 2516 2798 2572 inedia
2847 2515 3130 2587 vanisque
3173 2514 3450 2587 periculis
3480 2515 3782 2587 impende-

2127 2610 2265 2661 runt
2293 2623 2305 2661 :
2340 2605 2473 2661 dein
2503 2605 2766 2676 exemplo
2799 2604 3085 2676 Magistri,
3121 2621 3239 2676 qua
3268 2604 3553 2659 charitate
3589 2605 3779 2675 majo-

2128 2711 2249 2750 rem
2282 2710 2454 2750 nemo
2484 2694 2679 2760 habet,
2729 2692 2987 2749 animam
3019 2710 3189 2749 suam
3219 2709 3323 2765 pro
3367 2692 3643 2747 fratribus
3675 2709 3780 2765 po-

2125 2787 2392 2840 suerunt.
2417 2782 2620 2839 Omnis
2641 2786 2839 2838 autem
2860 2783 3028 2838 beata
3057 2781 3159 2837 illa
3190 2781 3521 2854 posteritas,
3554 2797 3682 2854 qua
3707 2797 3779 2837 ex

2123 2873 2234 2928 hac
2255 2876 2495 2928 Patrum
2528 2869 2818 2943 spirituali
2840 2870 3212 2943 generatione
3241 2869 3564 2936 descendit,
3595 2886 3778 2942 popu-

2122 2962 2215 3017 lus
2238 2960 2459 3016 scilicet
2486 2959 2912 3032 acquisitionis,
2945 2958 3046 3031 qui
3077 2963 3429 3014 testamento
3461 2959 3769 3030 sanguinis

2119 3049 2334 3107 Christi
2363 3050 2423 3105 in
2449 3048 2826 3104 Israeliticam
2850 3047 3192 3120 dignitatem
3221 3047 3554 3119 adoptatus,
3586 3047 3644 3102 in
3675 3063 3774 3120 ge-

2123 3155 2237 3194 nus
2265 3138 2514 3194 electum
2537 3141 2596 3192 et
2615 3136 2805 3208 regale
2836 3136 3227 3192 sacerdotium
3245 3135 3492 3191 Domino
3522 3134 3774 3208 eligente

371 3239 489 3290 tam
541 3235 608 3290 ad
643 3235 900 3306 seipsum
934 3249 1048 3288 non
1095 3230 1350 3301 confugit
1383 3229 1578 3295 talem,
1631 3228 1822 3300 qualis
1860 3228 2010 3284 efﬁci
2040 3203 2085 3268 C
2124 3227 2444 3293 successit;
2481 3241 2706 3291 omnes,
2737 3224 3004 3296 inquam,
3032 3224 3128 3280 isti
3153 3225 3421 3280 eamdem
3441 3225 3568 3280 vitae
3590 3224 3768 3291 viam,

371 3326 563 3395 potest
592 3323 649 3378 in
683 3321 882 3378 schola
922 3321 1226 3376 virtutum.
1269 3322 1342 3374 At
1377 3335 1510 3374 vero
1563 3335 1678 3373 non
1719 3322 1806 3372 est
1838 3319 2010 3372 modo

371 3412 553 3468 nostri
575 3411 674 3468 otii
697 3410 780 3466 vel
797 3410 987 3483 operis
1007 3409 1352 3481 exquisitius
1376 3407 1643 3481 prosequi
1666 3407 1806 3479 quid
1829 3407 1899 3462 de
1919 3406 2012 3462 his

367 3501 833 3575 argumentando
873 3499 1002 3556 elici
1033 3497 1216 3570 possit
1248 3514 1259 3552 :
1294 3497 1403 3552 hoc
1432 3495 1686 3563 interim,
1723 3495 1772 3550 si
1805 3494 2009 3567 placet,

366 3591 773 3664 relinquamus
805 3590 888 3644 eis
921 3605 1170 3660 quorum
1203 3590 1322 3641 tota
1343 3585 1520 3652 natio,
1554 3589 1674 3640 tota
1703 3585 1849 3640 ratio
1879 3601 2010 3656 gar-

366 3679 600 3736 rulitate
632 3678 857 3752 procaci
889 3675 1296 3742 concertando,
1331 3673 1666 3744 sophisticis
1701 3672 2016 3728 cavillatioo

367 3769 542 3824 nibus
573 3772 759 3823 totum
784 3765 1042 3822 discendi
1075 3763 1163 3820 vel
1195 3763 1422 3819 dicendi
1452 3763 1635 3817 otium
1657 3778 2011 3834 operamque

365 3856 634 3912 insumit.

436 3947 551 4001 Xll.
582 3946 876 4000 Habemus
899 3947 1092 3998 autem
1121 3941 1452 4013 antiquiora
1480 3940 1573 3995 his
1596 3957 1723 4012 quae
1755 3941 1825 3995 ad
1857 3940 2010 3995 hanc

363 4036 646 4090 rationem
683 4034 904 4089 faciunt
924 4035 1288 4104 argumenta,
1312 4031 1526 4102 quibus
1546 4030 1844 4101 probetur,
1867 4028 2006 4100 quid

361 4124 448 4179 vel
483 4123 670 4196 patria
696 4122 782 4178 vel
816 4122 978 4177 locus
1010 4120 1223 4191 aliquis
1263 4119 1334 4175 ad
1383 4119 1530 4174 bene
1573 4118 1883 4173 vivendum
1915 4134 2010 4172 sa-

363 4212 542 4285 pienti
575 4211 718 4266 nihil
767 4211 1028 4266 conferat
1056 4208 1142 4264 vel
1173 4208 1399 4263 auferat
1431 4223 1444 4261 :
1479 4206 1623 4278 quin
1655 4206 1850 4276 potius
1881 4205 2010 4278 ipsa

361 4301 475 4356 sibi
491 4300 677 4354 virtus
699 4301 768 4354 ad
787 4300 1000 4355 bonam
1017 4299 1367 4367 beatamque
1385 4295 1562 4350 vitam
1586 4310 2010 4366 usquequaque

363 4390 636 4444 sufﬁciat.
683 4389 941 4460 Denique
988 4393 1224 4451 Teucer,
1257 4384 1506 4440 inhibito
1538 4383 1649 4439 sibi
1689 4383 1814 4438 sine
1845 4387 2010 4454 patre

363 4477 575 4540 reditu,
610 4493 743 4531 eum
777 4477 1074 4532 Salamina
1097 4480 1319 4548 patrem
1351 4476 1735 4538 aversaretur,
1769 4475 1826 4526 et
1850 4489 1884 4526 a
1913 4488 2008 4528 so-

2123 3316 2257 3371 licet
2285 3315 2396 3370 sub
2425 3315 2585 3369 varia
2613 3313 2906 3386 graduum
2937 3318 2994 3368 et
3026 3313 3354 3368 ofﬁciorum
3393 3312 3774 3368 distinctione

2120 3403 2392 3478 ingressi,
2423 3403 2561 3475 quia
2590 3403 2650 3457 in
2680 3407 2836 3458 terra
2865 3401 3077 3472 aliena,
3112 3419 3226 3457 non
3249 3418 3376 3474 quae
3406 3418 3513 3456 sua
3543 3407 3772 3468 essent,

2121 3494 2218 3548 sed
2253 3509 2380 3564 quae
2411 3491 2662 3547 aliorum
2699 3490 3137 3558 laboraverunt;
3173 3490 3312 3562 quia
3340 3507 3451 3546 non
3482 3490 3776 3546 habentes

2120 3581 2216 3637 hic
2246 3583 2581 3636 manentem
2631 3579 2946 3648 civitatem,
2999 3581 3258 3634 futuram
3304 3578 3705 3650 inquisierunt
3748 3597 3770 3653 _:

2120 3671 2249 3726 ideo
2270 3669 2331 3725 in
2353 3685 2548 3724 veram
2569 3667 3044 3740 repromissionis
3060 3674 3272 3723 terram
3291 3667 3548 3723 filiorum
3568 3667 3769 3736 Israel,

2121 3760 2193 3816 ab
2239 3774 2304 3814 eo
2345 3759 2445 3830 qui
2478 3757 2797 3814 ascendens
2828 3756 3118 3828 captivam
3149 3756 3312 3810 duxit
3349 3756 3768 3828 captivitatem,

2119 3847 2366 3904 feliciter
2383 3845 2807 3918 transmigrati,
2835 3845 2969 3900 facti
2994 3852 3131 3900 sunt
3151 3845 3231 3899 ibi
3254 3844 3409 3900 cives
3431 3849 3771 3901 sanctorum

2119 3943 2176 3993 et
2200 3935 2507 3992 domestici
2538 3935 2661 3990 Dei.

2190 4028 2338 4081 XIV.
2371 4024 2568 4097 Neque
2600 4039 2730 4078 vero
2775 4020 3098 4088 arbitreris,
3131 4038 3224 4077 me
3275 4025 3378 4078 aut
3425 4022 3769 4096 ignorantia

2119 4115 2394 4180 caecitate,
2426 4117 2529 4168 aut
2545 4112 2852 4168 oblivionis
2876 4110 3124 4182 caligine
3153 4111 3770 4180 obrutum,ordinatas

2117 4203 2459 4258 Christianae
2489 4200 2710 4255 militiae
2738 4199 3062 4272 phalangas
3081 4199 3395 4270 prieterire,
3428 4205 3530 4255 aut
3557 4201 3645 4256 eis
3670 4217 3769 4272 pe-

2115 4290 2328 4347 tulanti
2368 4289 2634 4361 vagantis
2666 4288 2912 4344 licentiae
2955 4287 3291 4360 arrogantia
3336 4290 3767 4361 przejudicium,

2117 4380 2350 4446 inferre,
2379 4393 2508 4449 quae
2527 4376 2796 4433 videlicet
2814 4377 3170 4432 intrantibus
3194 4393 3352 4432 novae
3385 4377 3771 4443 Hierusalem,

2116 4472 2237 4523 tam
2269 4483 2331 4522 se
2361 4466 2508 4537 ipsis
2539 4481 2718 4536 quam
2739 4463 3168 4520 infirmioribus
3189 4465 3460 4522 Ecclesia:
3491 4467 3774 4522 membris

361 4567 470 4622 ciis
495 4566 744 4622 Patriam
771 4565 1207 4639 suspirantibus
1228 4563 1470 4617 ubinam
1488 4559 1658 4616 vellet
1678 4561 1885 4632 degere
1914 4577 2004 4615 ro-
2035 4568 2083 4633 D
2113 4559 2413 4611 armatura
2443 4553 2540 4609 Dei
2573 4552 2947 4626 protegendis
2977 4553 3266 4608 excubare
3294 4554 3572 4610 videntur
3595 4559 3653 4610 et
3684 4571 3775 4610 re-

362 4659 599 4727 geretur
632 4673 644 4710 :
680 4656 891 4723 Patria,
925 4653 1134 4726 inquit,
1178 4653 1464 4722 cujusque
1510 4653 1620 4707 est.
1670 4648 2009 4720 ubicunque

361 4747 508 4801 bene
539 4749 645 4800 est.
681 4745 803 4808 Quo
834 4744 975 4816 quid
1010 4741 1240 4796 acutius
1271 4739 1343 4794 ad
1375 4739 1523 4793 hanc
1546 4755 1663 4810 qua
1692 4738 1762 4793 de
1792 4738 2006 4809 agitur,

360 4835 488 4889 vitae
536 4835 821 4890 rationem
869 4832 983 4887 diei
1019 4829 1202 4902 possit
1244 4845 1357 4883 non
1387 4827 1575 4894 video,
1611 4827 1658 4881 si
1690 4826 1837 4881 bene
1880 4843 2010 4883 esse

362 4940 469 4980 suo
490 4923 731 4994 accipiat
749 4921 939 4976 modo.
967 4921 1233 4975 Socrates
1249 4932 1482 4989 quoque
1496 4919 1733 4988 rogatus
1745 4915 2010 4986 cujacem

363 5028 426 5068 se
453 5029 584 5068 esse
606 5011 884 5065 fateretur
903 5007 931 5061 ‘?
962 5006 1329 5061 mundanum
1355 5021 1482 5060 esse
1514 5020 1575 5060 se
1607 5003 1926 5074 respondit,
1949 5003 2008 5058 id

359 5106 470 5169 est,
502 5117 618 5155 non
639 5097 812 5153 unius
834 5097 1084 5163 alicujus
1104 5093 1233 5159 loci,
1257 5098 1310 5148 et
1334 5092 1581 5148 incolam
1605 5096 1660 5146 et
1683 5091 1863 5146 civem
1883 5109 2010 5148 esse

359 5189 540 5245 totius
559 5187 784 5242 mundi.
809 5191 922 5240 Hoc
945 5185 1116 5239 verbo
1134 5183 1467 5255 designans,
1487 5181 1644 5252 quod
1678 5181 2010 5253 ubicunque

361 5281 536 5343 esset,
554 5275 699 5330 nihil
721 5275 792 5329 de
816 5274 1050 5329 virtutis
1074 5271 1368 5344 proposito
1385 5273 1640 5334 mutans,
1657 5269 1811 5324 idem
1833 5275 2006 5337 esset;

361 5365 638 5437 quodque
669 5380 804 5418 cum
853 5362 1128 5418 omnibus
1159 5361 1258 5434 qui
1291 5361 1348 5414 in
1381 5363 1500 5413 toto
1534 5358 1756 5413 mundo
1790 5358 2012 5414 ratione

363 5457 684 5512 uterentur,
718 5467 1090 5505 communem
1132 5451 1257 5504 vitae
1290 5447 1718 5518 municipatum
1749 5445 2006 5501 haberet.

363 5538 700 5606 Philosophi
731 5553 962 5608 quoque
983 5537 1354 5602 nobilissimi,
1381 5536 1534 5590 sicut
1556 5537 1613 5590 in
1645 5534 1856 5589 veteris
1887 5550 2010 5589 mo-

363 5624 646 5682 nimentis
672 5624 944 5694 legimus,
967 5627 1325 5692 Zenocrates,
1359 5625 1621 5690 Crantor,
1655 5627 1712 5678 et
1741 5622 2009 5694 Chrysip-

2118 4643 2342 4717 gularis
2370 4643 2500 4698 vitae
2533 4642 2846 4708 rationem,
2881 4658 2982 4697 seu
3016 4639 3290 4698 militaris
3327 4642 3536 4716 vigilias
3566 4644 3775 4699 statio-

2121 4750 2254 4790 nem
2303 4732 2688 4806 demigrando
2738 4734 2966 4786 mutare
3025 4731 3429 4802 prohibentur.
3490 4733 3774 4790 Novimus

2118 4823 2276 4879 enim
2307 4821 2518 4878 divinis
2551 4821 2788 4877 Patrum
2818 4820 3028 4876 edictis
3059 4825 3299 4876 cautum
3339 4838 3468 4877 esse
3507 4838 3579 4878 ne
3612 4823 3771 4893 quis,

2120 4912 2233 4968 nisi
2266 4916 2423 4968 recta
2451 4911 2694 4975 ratione,
2754 4909 2827 4964 ad
2857 4907 2974 4966 alia
3004 4909 3309 4982 demigret,
3342 4925 3415 4964 ne
3461 4911 3596 4980 quis
3628 4911 3775 4968 alie-

2121 5017 2263 5056 num
2297 4999 2576 5055 clericum
2607 4997 2884 5054 sollicitet
2935 5016 2948 5054 :
2998 4997 3386 5054 nihilominus
3429 4996 3607 5053 etiam
3658 5000 3776 5056 sci-

2119 5106 2254 5146 mus
2303 5089 2480 5143 libere
2511 5087 2891 5160 permissum,
2922 5087 2972 5142 si
3003 5105 3122 5160 qua
3150 5086 3408 5143 Ecclesia
3434 5085 3497 5142 in
3525 5086 3776 5146 diversis

2119 5179 2410 5253 graduum
2441 5181 2498 5232 et
2525 5174 2851 5232 officiorum
2883 5175 3288 5232 {unctionibus
3332 5176 3534 5232 minus
3565 5177 3773 5249 plenos

2118 5267 2349 5336 habeat,
2383 5267 2455 5322 ab
2485 5265 2601 5321 alia
2629 5263 2884 5321 Ecclesia
2918 5265 3012 5320 cui
3059 5265 3267 5321 talium
3299 5267 3470 5339 capia
3513 5271 3624 5333 est,
3659 5283 3773 5323 non

2119 5356 2453 5428 negandum
2502 5358 2706 5426 petens
2735 5352 3000 5426 accipiat.
3035 5354 3360 5424 Graduum,
3383 5354 3651 5428 inquam,
3681 5372 3775 5413 ve-

2120 5445 2208 5500 lut
2237 5444 2285 5498 si
2309 5445 2380 5498 de
2400 5442 2518 5498 alia
2545 5442 2803 5498 Ecclesia
2820 5442 2932 5498 sibi
2954 5446 3117 5515 petat
3144 5443 3405 5500 ordinari
3431 5445 3775 5518 episcopum

2120 5537 2221 5588 aut
2250 5531 2656 5604 presbyterum
2685 5547 2700 5586 :
2731 5531 3079 5599 ofﬁciorum,
3110 5530 3274 5587 velut
3301 5533 3351 5588 si
3385 5533 3464 5589 ibi
3506 5538 3666 5606 petat
3693 5534 3781 5589 in-

2122 5620 2284 5677 stitui
2334 5618 2660 5692 regularem
2700 5619 3009 5692 pralatum
3055 5625 3158 5677 aut
3183 5619 3519 5680 litterarum
3552 5623 3780 5696 magis-
