3966 6212
146 274 271 341 893

1315 265 1702 333 EPISTOLA
1742 264 1848 327 AD
1890 262 2400 330 VALCHERUM.

3445 271 3563 334 894

151 418 340 472 trum.
370 405 605 469 Scimus
651 421 883 483 quoque
930 403 990 463 in
1028 404 1251 464 eisdem
1304 403 1627 479 spiritualis
1673 400 1800 460 vitae
1828 402 1885 469 Α
1912 400 2160 457 editura.
2194 399 2303 457 Sed
2334 399 2476 475 quid
2506 399 2672 458 dixi?
2729 398 2897 475 quasi
2927 401 3056 476 ipsa
3108 418 3236 461 mea
3267 401 3438 462 laude
3470 404 3558 475 in-

154 501 438 578 gregibus
454 498 600 557 alios
613 515 762 565 esse,
777 496 993 570 quibus
1004 494 1461 569 contemplativa:
1478 491 1803 550 dulcedinis

155 590 297 648 felix
334 592 495 663 patet
523 588 707 644 otium
744 605 756 643 :
790 585 955 653 alios,
991 585 1209 658 quibus
1258 585 1317 640 in
1349 582 1648 639 lucrandis
1679 581 1801 637 ani-

151 680 367 737 mabus
379 677 574 735 activa:
587 674 1044 749 dispensationis
1061 673 1458 747 evangelicum
1475 671 1806 745 injungitur

145 767 452 841 negotium
510 783 523 821 :
583 781 836 838 quorum
885 763 982 820 alii
1032 762 1255 833 circuli,
1310 762 1405 818 alii
1460 765 1668 829 vectes,
1706 758 1801 815 alii

157 860 421 913 vectores
460 853 617 919 facti,
668 870 875 908 novam
925 853 1260 907 testamenti
1305 868 1499 907 arcam
1549 852 1804 922 portant,

152 947 339 1001 donec
369 960 498 1001 eam
528 943 588 998 in
621 947 838 999 (eterna
858 942 1070 998 sistant
1088 942 1225 1007 vita,
1257 940 1315 995 in
1338 940 1567 995 laudem
1598 943 1654 995 et
1683 937 1804 1012 glo-

153 1034 306 1091 riam
338 1031 760 1105 omnipotentis
815 1030 931 1087 Dei.
965 1030 1093 1086 Haec
1124 1034 1211 1086 est
1263 1029 1362 1084 illa
1410 1029 1699 1103 graduum
1748 1030 1807 1083 et

154 1122 486 1179 officiorum
529 1120 850 1187 distinctio,
884 1124 939 1176 et
970 1121 1259 1176 bonorum
1283 1135 1527 1193 operum
1579 1135 1706 1190 qua:
1744 1115 1805 1171 in

158 1210 256 1266 his
287 1213 574 1283 geruntur
603 1208 900 1281 splendor,
934 1224 1108 1281 quem
1156 1208 1386 1264 videbat
1417 1206 1699 1280 prepheta
1747 1205 1804 1260 in

160 1302 372 1355 ornatu
406 1297 637 1370 reginae,
679 1313 806 1369 quae
851 1297 906 1351 in
938 1295 1149 1353 vestitu
1198 1298 1477 1353 deaurato
1526 1294 1808 1352 assistens

160 1406 197 1443 a
225 1386 447 1443 dextris
473 1385 673 1459 sponsi
708 1385 881 1458 regis,
916 1385 1095 1459 fulget
1124 1385 1486 1441 circumdata
1512 1383 1804 1439 varietate.

157 1475 322 1532 Hane
378 1475 647 1532 eamdem
704 1474 1141 1531 distinctionem
1174 1475 1325 1530 idem
1406 1474 1689 1547 prepheta
1745 1472 1805 1529 in

158 1564 468 1637 aenigmate
488 1563 924 1637 speculabatur,
938 1564 1172 1636 quando
1195 1564 1443 1619 miratus
1463 1561 1808 1618 admirabile

161 1669 378 1709 nomen
398 1652 629 1708 Domini
650 1652 711 1707 in
737 1652 1009 1708 universa
1039 1657 1212 1723 terra,
1238 1669 1341 1726 pro
1365 1669 1430 1708 eo
1455 1652 1606 1725 quod
1634 1668 1810 1723 super

1912 490 2107 565 digeat
2135 495 2191 546 et
2219 507 2335 547 non
2359 509 2460 564 per
2491 507 2553 548 se
2583 491 2728 548 satis
2758 491 3028 548 emineat.
3091 491 3219 549 Non
3258 493 3416 550 enim
3465 495 3558 552 in-

1913 579 2068 653 diget
2100 579 2349 650 alicujus
2384 581 2557 637 laude
2604 580 2965 648 adumbrari,
3025 580 3113 636 vel
3144 581 3203 637 in
3252 600 3558 640 commen—

1912 668 2101 724 titiam
2157 668 2411 743 efﬁgiem
2470 670 2648 726 beatae
2689 669 2936 726 civitatis
2980 670 3235 743 alicujus
3291 689 3563 730 sermone

1914 756 2237 829 picturari:
2298 758 2437 830 quia
2467 775 2592 815 vere
2639 760 2766 814 viva
2815 759 3019 814 civitas
3072 764 3180 829 est,
3244 764 3301 817 et
3356 762 3562 819 beatus

1912 845 2096 915 locus,
2132 846 2337 902 divina
2370 846 2666 920 religionis
2689 848 2883 904 vivens
2918 848 3203 905 institutis
3234 853 3291 906 et
3311 850 3559 925 legibus.

1914 935 2057 991 Cum
2078 953 2213 1007 ergo
2236 941 2554 1009 angustum
2579 936 2783 992 matris
2816 940 2873 992 et
2894 938 3138 995 nutricis
3162 942 3371 996 nostrae
3393 945 3565 1013 caput

1915 1025 2043 1080 nive
2077 1024 2385 1081 candidius
2407 1024 2594 1080 albeat
2622 1025 2957 1082 reverendis
2977 1027 3232 1100 antiquae
3264 1029 3565 1102 sapientiae

1915 1114 2103 1182 cunis,
2137 1131 2387 1186 cumque
2417 1114 2552 1169 trito
2607 1117 2795 1186 gestet
2827 1113 2883 1169 in
2944 1116 3155 1172 vertice
3186 1116 3563 1189 splendidum

1916 1203 2187 1258 diadema
2243 1202 2448 1257 divinae
2507 1203 2846 1275 religionis;
2882 1204 3101 1275 fulgeat
3160 1223 3392 1277 quoque
3422 1225 3563 1267 auro

1917 1292 2083 1347 tectis
2116 1290 2436 1364 insignium
2469 1297 2769 1365 gestorum
2810 1290 3165 1365 cycladibus,
3226 1301 3282 1349 et
3330 1300 3449 1351 tota
3490 1297 3569 1352 sit

1918 1379 2322 1436 desiderabilis
2343 1381 2601 1454 undique
2625 1382 2904 1436 virtutum
2928 1381 3364 1439 circumamicta
3385 1384 3567 1440 varie-

1916 1469 2177 1526 tatibus:
2203 1486 2458 1526 sanusne
2490 1471 2591 1537 sis,
2612 1470 2659 1527 si
2685 1470 2936 1526 suadeas
2954 1474 3017 1525 ut
3038 1470 3309 1526 umbram
3340 1471 3563 1528 alarum

1917 1559 2047 1631 ejus
2078 1576 2191 1614 non
2225 1558 2520 1631 requiram
2540 1560 2567 1614 ‘?
2598 1559 2752 1631 quod
2796 1558 3078 1615 tantidem
3110 1564 3221 1626 est,
3253 1576 3319 1616 ac
3350 1559 3399 1616 si
3429 1560 3565 1617 hor-

1917 1651 2059 1715 tere,
2095 1660 2157 1703 ut
2187 1666 2315 1704 eam
2357 1648 2488 1704 odio
2521 1648 2790 1703 habeam.
2824 1648 3120 1705 Numnam
3156 1654 3218 1705 ut
3248 1650 3376 1722 ejus
3407 1649 3572 1707 solus

161 1740 341 1798 cmlos
383 1740 604 1797 elevata
641 1744 794 1796 esset
841 1744 969 1810 ejus
1015 1740 1454 1811 magnificentia
1489 1757 1500 1796 :
1536 1741 1807 1809 miratus,
1840 1774 1888 1840 B
1920 1736 2181 1810 potiaris,
2215 1736 2376 1792 solus
2426 1737 2839 1793 communibus
2896 1737 3090 1793 fruare
3135 1739 3461 1796 commodis
3512 1744 3569 1796 et
3607 1766 3624 1786 ο

159 1830 429 1903 inquam,
477 1829 661 1884 filium
712 1828 968 1885 hominis
1010 1829 1182 1901 paulo
1238 1829 1435 1884 minus
1465 1830 1537 1885 ab
1587 1826 1810 1901 angelis
1841 1826 1887 1840 ⁸⁸
1920 1826 2152 1899 gaudiis
2174 1826 2200 1882 ?
2222 1827 2331 1883 Sed
2360 1826 2515 1882 absit
2544 1827 2649 1881 hoc
2673 1843 2707 1882 a
2736 1826 3019 1882 modestia
3035 1829 3090 1882 et
3110 1827 3394 1899 probitate
3417 1832 3520 1884 tua
3554 1847 3568 1897 ;

161 1916 545 1982 minoratum,
578 1921 633 1972 et
665 1922 893 1989 prepter
926 1919 1258 1979 passionem
1304 1918 1512 1973 mortis
1560 1917 1615 1972 in
1670 1934 1813 1972 con-

163 2022 330 2062 sessu
362 2004 552 2062 Patris
597 2005 785 2078 gloria
813 2010 871 2061 et
899 2005 1118 2061 honore
1171 2010 1509 2062 coronatum
1544 2023 1556 2061 :
1592 2006 1810 2071 Omnia,

164 2094 380 2167 inquit,
411 2095 697 2167 subjecistz’
722 2095 822 2149 sub
854 2095 1083 2166 pedibus
1134 2096 1269 2167 ejus,
1321 2111 1459 2161 oves,
1522 2094 1693 2162 bores,
1725 2110 1815 2166 pe-

167 2199 294 2240 cora
321 2185 522 2255 campi,
555 2184 797 2239 volucres
825 2184 965 2248 θεαί,
1029 2186 1195 2255 pisces
1242 2185 1444 2239 maris.
1505 2183 1550 2239 Ο
1608 2183 1814 2238 beatus

171 2271 270 2328 ille
299 2271 399 2344 qui
426 2271 566 2327 talia
582 2272 814 2328 videbat
838 2274 849 2328 l
890 2273 1061 2328 beata
1088 2276 1144 2329 et
1166 2276 1502 2329 sanctorum
1536 2271 1813 2341 Ecclesia,

175 2376 379 2433 quam,
410 2364 468 2417 et
513 2359 604 2416 cui
662 2365 717 2416 et
772 2362 830 2416 in
887 2378 1001 2431 qua
1058 2361 1199 2416 talia
1257 2361 1609 2433 praevidebat
1658 2361 1671 2417 l
1734 2360 1813 2415 ibi

171 2450 329 2505 enim
364 2450 475 2506 sub
501 2449 747 2522 pedibus
801 2450 1015 2506 Christi
1075 2451 1357 2507 discretas
1403 2451 1639 2507 videbat
1690 2450 1817 2523 pias

169 2537 435 2594 volucres
465 2537 591 2593 caeli
642 2539 714 2593 ab
743 2538 837 2594 his
867 2555 994 2610 quae
1044 2539 1273 2594 obunco
1314 2539 1567 2595 avaritiae
1637 2542 1814 2606 ostro,

172 2642 412 2683 recurvo
445 2627 786 2700 rapacitatis
816 2643 1013 2700 ungue
1041 2627 1303 2684 mitiores
1362 2627 1531 2684 alites
1596 2628 1654 2684 in
1690 2644 1822 2684 aere

168 2714 488 2770 devorant:
523 2715 594 2769 ab
646 2714 741 2770 his
786 2731 1035 2787 quoque,
1070 2732 1196 2787 quae
1250 2715 1322 2769 ad
1384 2714 1494 2771 hoc
1554 2713 1822 2770 innatant

175 2802 373 2874 aquis,
387 2802 521 2858 utin
539 2804 704 2876 profu
715 2804 1227 2876 ndacupiditatum
1242 2804 1542 2870 demersae,
1559 2802 1819 2859 hiantem

171 2889 430 2948 avaritiae
442 2890 758 2964 ingluviem
782 2892 977 2965 rapaci
991 2891 1339 2948 miserorum
1360 2891 1610 2964 piscium
1627 2895 1821 2963 captu-

171 2996 241 3036 ra
271 2983 533 3053 pascant.
560 2981 644 3035 Ab
667 2980 777 3049 his,
793 2980 1059 3054 inquam,
1078 2980 1340 3037 discretae
1359 2985 1498 3036 sunt
1523 2980 1692 3036 mites
1711 2978 1821 3034 illae

171 3067 442 3124 volucres
498 3068 646 3136 coeli,
695 3086 821 3142 qua;
883 3069 1191 3143 picturatis
1238 3069 1524 3125 bonorum
1579 3085 1821 3142 eperum

1921 1916 2075 1972 absit
2104 1920 2167 1971 ut
2197 1915 2305 1971 hoc
2336 1932 2595 1987 unquam
2628 1915 2699 1970 de
2730 1920 2783 1971 te
2815 1932 2986 1987 quem
3022 1916 3310 1989 tantisper
3356 1916 3573 1987 norim,

1927 2005 2125 2060 credat
2180 2005 2379 2060 anima
2411 2021 2558 2059 mea.
2590 2005 2731 2060 Tam
2763 2021 2896 2059 vero
2946 2004 3130 2071 abest,
3162 2008 3227 2059 ut
3257 2021 3292 2060 a
3321 2022 3415 2060 me
3443 2006 3575 2063 odio

1923 2093 2230 2160 habeatur,
2264 2096 2329 2149 ut
2385 2093 2560 2149 etiam
2618 2094 2667 2149 si
2699 2092 3024 2165 prohibeat,
3058 2092 3574 2152 vehementissime

1927 2182 2235 2254 dirigatur.
3226 2253 3230 2256 ⁴

1998 2269 2289 2326 XVI.Nec
2345 2270 2455 2325 hoc
2512 2267 2661 2334 dico,
2725 2268 2865 2340 quin
2925 2268 3070 2323 uber
3116 2266 3362 2337 colonia,
3397 2286 3574 2342 quam

1926 2358 2210 2426 inhabito,
2267 2362 2508 2431 paterna
2569 2356 2709 2412 mihi
2742 2356 2984 2422 viscera,
3015 2361 3072 2412 et
3121 2361 3383 2413 materna
3411 2358 3572 2414 exhi-

1927 2448 2060 2504 heat
2082 2448 2260 2504 ubera
2288 2465 2301 2503 :
2335 2447 2433 2502 sed
2466 2450 2664 2503 autem
2699 2449 2886 2502 tecum
2921 2445 3077 2512 ludo,
3127 2449 3227 2501 aut
3256 2449 3389 2518 opto
3421 2448 3576 2519 quod

1925 2536 2156 2604 vellem,
2190 2537 2238 2592 si
2270 2536 2352 2592 ita
2381 2535 2507 2592 sine
2565 2534 2805 2591 honoris
2837 2534 3172 2608 praejudicio
3217 2535 3341 2592 ﬁeri
3373 2553 3578 2593 conce-

1928 2626 2027 2681 dat
2054 2625 2153 2681 Dei
2185 2626 2410 2698 gratia:
2439 2641 2543 2681 nec
2575 2623 2718 2679 mihi
2750 2625 2928 2680 debes
2946 2624 3018 2680 ad
3049 2623 3254 2680 vitium
3286 2629 3573 2698 reputare,

1930 2714 2086 2787 quod
2120 2715 2275 2786 apud
2309 2716 2649 2787 praestantes
2681 2712 2855 2781 viros,
2881 2713 3019 2769 dum
3052 2729 3143 2769 res
3175 2713 3256 2769 ita
3286 2715 3575 2788 poposcit,

1929 2806 2160 2859 constat
2190 2819 2304 2858 non
2352 2801 2652 2857 insolitum
2703 2801 2900 2858 fuisse.
2966 2802 3231 2875 Namque
3287 2801 3460 2875 plena
3489 2808 3581 2861 est

1930 2890 2331 2964 exemplorum
2359 2895 2638 2960 vetustas,
2665 2890 2836 2963 plena
2867 2895 2924 2947 et
2948 2892 3241 2948 modernis
3271 2891 3456 2949 aetatis
3483 2910 3585 2949 no-

1930 2981 2100 3047 vitas,
2125 2979 2328 3053 quanti
2355 2979 2570 3052 quique
2597 2979 2852 3036 illustres
2883 2980 2988 3035 viri
3021 2984 3178 3037 certa
3207 2981 3429 3037 ratione
3449 2980 3579 3039 loca

1933 3068 2361 3126 demutaverint
2390 3088 2403 3137 ;
2439 3086 2541 3125 nec
2573 3068 2699 3125 loca
2731 3070 2881 3142 ipsa,
2940 3070 3036 3125 sed
3085 3070 3226 3142 quid
3278 3070 3420 3125 inibi
3454 3086 3581 3127 mo-

171 3157 401 3213 vestitaa
432 3156 669 3229 plumis,
701 3158 981 3215 habentes
1009 3158 1186 3215 etiam
1216 3158 1494 3214 virtutum
1518 3174 1741 3230 pennas
1771 3160 1828 3212 et
1857 3144 1899 3210 C
1936 3158 2101 3214 ribus
2130 3175 2332 3214 eorum
2363 3157 2582 3225 eberat,
2617 3158 2962 3225 devitarint;
2999 3167 3096 3214 aut
3127 3161 3301 3228 certe,
3338 3162 3401 3214 ut
3432 3158 3577 3215 mul-

177 3243 446 3317 duplices
478 3246 779 3303 charitatis
810 3246 956 3314 alas,
990 3248 1157 3320 quasi
1208 3246 1491 3302 columba
1521 3245 1719 3302 volant
1756 3245 1826 3301 ad

178 3333 468 3390 fenestras
499 3352 658 3391 suas.
695 3335 780 3390 Ibi
832 3334 1010 3391 etiam
1068 3340 1209 3391 sunt
1266 3334 1445 3391 stellae
1479 3335 1621 3403 caeli,
1682 3351 1830 3407 quas

180 3422 475 3478 Abraham
506 3423 565 3478 in
597 3423 989 3494 promissione
1017 3423 1242 3497 accepit
1274 3441 1286 3479 :
1320 3424 1710 3495 Multiplicabo,
1743 3424 1831 3478 in-

181 3510 332 3581 quit,
362 3526 547 3566 semen
579 3519 730 3565 tuum
760 3512 902 3566 sicut
927 3513 1112 3567 stellas
1154 3513 1298 3582 caeli,
1330 3520 1380 3568 et
1410 3513 1556 3568 velut
1610 3527 1836 3568 arenam

180 3599 380 3653 maris.
412 3597 509 3652 Ha)
560 3597 740 3653 stellas
786 3599 1040 3671 puritate
1072 3600 1198 3655 vitae
1229 3600 1609 3656 lucidissime
1640 3600 1834 3672 splen—

179 3687 327 3743 dent
356 3685 419 3742 in
450 3686 615 3754 coelo,
639 3687 792 3743 sicut
811 3686 1081 3745 Ecclesiae
1100 3688 1292 3745 verbis
1321 3689 1837 3755 radiantes,exem-

179 3774 296 3848 plis
329 3775 658 3831 rutilantes.

250 3863 367 3920 XV.
400 3864 513 3920 Sed
545 3863 687 3936 quid
746 3865 917 3921 nobis
948 3866 1022 3922 ad
1076 3864 1343 3921 volucres
1387 3866 1416 3921 ‘?
1471 3864 1573 3938 qui
1624 3881 1731 3920 nos
1762 3865 1834 3921 ad

179 3953 385 4009 stellas
413 3952 540 4009 caeli
560 3953 590 4008 ?
616 3953 734 4011 Nos
760 3954 918 4010 enim
941 3971 1149 4012 sumus
1182 3954 1379 4010 miseri
1412 3954 1599 4026 pisces
1629 3953 1832 4022 maris,

181 4058 298 4099 non
332 4058 543 4098 sumus
588 4059 767 4098 arena
813 4043 1016 4112 maris,
1068 4060 1174 4099 nos
1215 4042 1491 4099 ﬂuctibus
1542 4043 1736 4099 saeculi
1769 4048 1836 4098 ut

182 4147 358 4187 arena
389 4132 845 4201 contundimur;
873 4149 979 4188 nos
1009 4132 1245 4188 aestibus
1268 4133 1577 4187 mundanae
1608 4131 1837 4188 incerti-

187 4219 441 4286 tudinis,
467 4224 532 4275 ut
562 4220 692 4294 vagi
723 4221 912 4294 pisces
944 4221 1428 4277 circumferimur.
1457 4222 1525 4276 Et
1583 4237 1709 4293 quae
1741 4225 1832 4277 est

185 4308 373 4364 nostri
404 4309 476 4365 ad
506 4308 634 4382 pias
664 4309 927 4367 volucres
982 4310 1108 4367 cmli
1143 4310 1502 4382 comparatio
1530 4309 1558 4366 ‘2
1588 4328 1715 4382 qua:
1757 4311 1829 4366 ad

184 4394 418 4453 lucidas
447 4396 645 4453 stellas
671 4396 901 4454 collatio
928 4398 957 4454 Ῥ
1007 4402 1160 4454 certe
1190 4413 1258 4453 ea
1288 4414 1416 4469 quae
1439 4402 1528 4454 est
1556 4397 1721 4454 nihili
1755 4399 1825 4453 ad

1937 3246 2015 3303 tis
2045 3248 2115 3302 ad
2165 3246 2413 3303 salutem
2446 3247 2810 3320 prodessent,
2871 3248 2942 3302 ad
3003 3246 3117 3303 alia
3174 3236 3577 3321 demigrarint.

1940 3335 2234 3391 Abraham
2259 3335 2474 3408 quippe
2496 3339 2552 3390 et
2575 3335 2675 3389 filii
2706 3336 2834 3406 ejus
2856 3334 3194 3408 patriarchae
3220 3353 3334 3392 non
3353 3341 3437 3394 tot
3454 3336 3581 3394 loca

1942 3423 2345 3489 mutavissent,
2396 3441 2512 3479 non
2541 3427 2628 3479 tot
2658 3431 2863 3496 puteos
2911 3441 3125 3496 aquam
3181 3424 3371 3480 vivam
3421 3443 3584 3499 qum-

1942 3516 2137 3568 rentes
2168 3512 2470 3581 fudissent,
2506 3511 2555 3566 si
2588 3512 2644 3567 in
2679 3529 2791 3567 uno
2823 3511 3017 3583 aliquo
3046 3510 3173 3567 loco
3204 3516 3413 3569 cuncta
3435 3514 3588 3570 bona

1942 3601 2071 3656 vitze
2102 3618 2220 3655 sum
2250 3600 2630 3673 congruentia
2661 3600 3034 3672 reperissent.
3092 3600 3272 3656 Jacob
3327 3618 3584 3676 quoque,

1945 3688 2128 3746 nihilo
2159 3689 2356 3744 minus
2385 3692 2543 3744 vates
2593 3706 2770 3761 quam
2803 3688 3155 3761 patriarcha,
3192 3706 3495 3762 nunquam
3527 3691 3587 3748 in

1944 3778 2254 3835 animabus
2285 3777 2657 3850 septuaginta
2687 3776 2811 3849 (qui
2843 3777 3124 3850 mysticus
3166 3795 3446 3835 numerus
3476 3781 3585 3853 est)

1945 3868 2015 3923 ad
2040 3866 2361 3939 Egyptiam
2386 3866 2788 3922 descendisset
2807 3866 2994 3938 primo
3017 3866 3365 3938 ubertatem,
3389 3873 3590 3940 postea

1945 3955 2306 4023 servitutem,
2338 3954 2451 4011 nisi
2511 3955 2813 4011 canineam
2849 3955 3070 4027 fugeret
3102 3956 3335 4011 famem.
3366 3957 3586 4031 Joseph

1945 4061 2177 4117 quoque
2197 4043 2289 4099 bis
2303 4044 2569 4099 venditus
2587 4044 2658 4099 ab
2679 4043 2889 4100 invidis
2913 4043 3189 4100 fratribus
3216 4045 3361 4101 bene
3391 4045 3586 4102 locum

1946 4133 2211 4199 mutavit,
2245 4132 2344 4205 qui
2379 4133 2434 4188 in
2468 4137 2726 4205 tempore
2757 4132 3038 4206 angustia:
3071 4133 3274 4190 multis
3307 4135 3377 4190 ad
3410 4134 3587 4192 vitam

1946 4221 2181 4294 profuit.
2214 4221 2318 4287 Qui
2356 4219 2622 4277 videlicet
2666 4220 2753 4276 vir
2781 4221 2971 4294 primo
3027 4221 3189 4296 virga
3248 4222 3587 4279 lentationis

1943 4310 2228 4377 eruditus,
2262 4315 2317 4366 et
2373 4311 2602 4366 camino
2660 4310 3108 4367 tribulationum
3139 4311 3209 4366 ad
3241 4329 3456 4384 purum
3488 4329 3584 4369 ex-

1945 4405 2163 4468 coctus,
2207 4399 2341 4455 inde
2374 4398 2431 4453 in
2463 4398 2769 4455 dominum
2824 4399 3049 4473 [Egypti
3106 4401 3374 4471 excrevit,
3436 4403 3591 4458 unde

183 4485 434 4558 aliquid,
466 4486 515 4542 si
547 4490 742 4543 tamen
775 4486 920 4544 ratio
950 4487 1224 4560 patiatur,
1249 4487 1441 4543 uthoc
1472 4488 1831 4560 comparatio
1868 4510 1913 4574 Β
1945 4489 2183 4545 dorsum
2216 4488 2509 4561 patientia:
2534 4489 2643 4545 sub
2660 4488 2936 4545 oneribus
2960 4494 3231 4548 etmaous
3248 4491 3589 4549 obedientiae

183 4574 298 4630 dici
334 4575 538 4646 possit.
572 4576 614 4632 Ο
645 4577 872 4633 utinam
930 4575 989 4632 in
1049 4576 1248 4649 aliqua
1296 4574 1589 4649 spirituali
1619 4576 1833 4633 lacuna

184 4661 389 4735 procul
411 4665 906 4738 atempestatibus
928 4664 1439 4738 conquiescemus!
1463 4664 1691 4721 utinam
1722 4665 1834 4721 sub

186 4751 386 4827 aliquo
406 4752 546 4810 vivae
560 4754 725 4827 rupis
738 4755 1080 4812 abscondito
1102 4754 1538 4823 delitescamus,
1559 4754 1657 4810 ubi
1676 4757 1831 4812 venti

184 4840 432 4899 fortuna
453 4843 603 4900 vires
624 4860 764 4901 suas
785 4860 1071 4913 exserere,
1095 4847 1152 4900 et
1173 4860 1279 4900 nos
1303 4842 1628 4900 ludibrium
1652 4861 1829 4903 suum

186 4935 480 5004 nequeant
535 4931 758 4989 faceret
792 4937 955 4989 Hanc
1012 4949 1149 5007 ergo
1198 4932 1412 5004 quietis
1442 4930 1718 4989 lacunam
1776 4939 1835 4990 et

184 5019 323 5077 viva
352 5020 517 5093 rupis
547 5020 884 5091 latibulum,
916 5026 1177 5079 nostram
1239 5021 1381 5077 mihi
1436 5021 1711 5094 eligerem
1777 5028 1836 5080 et

185 5111 450 5180 optarem
480 5108 738 5182 Legiam,
773 5110 886 5166 nisi
913 5115 976 5167 tu
1003 5115 1124 5167 tam
1154 5127 1357 5182 aspero
1379 5110 1567 5167 Flacci
1596 5112 1681 5168 tui
1712 5112 1835 5169 sale

187 5196 503 5252 defricares
522 5196 816 5255 levitatem
838 5215 1052 5256 meam.
1081 5198 1392 5272 Eligerem,
1416 5199 1681 5273 inquam,
1717 5209 1836 5257 stu-

187 5282 423 5341 diorum
454 5285 741 5343 nutricem
774 5287 1258 5362 Legiam,fontem
1292 5288 1493 5361 utique
1523 5290 1834 5347 subtilium

188 5371 647 5448 ingeniorum,et
676 5376 884 5434 divina;
916 5378 1214 5452 sapientia:
1246 5378 1495 5435 feracem
1528 5378 1839 5449 locum,ut—

190 5466 326 5535 pote
354 5463 648 5522 civitatem
680 5483 858 5539 quam
890 5467 1110 5541 digitus
1140 5470 1237 5526 Dei
1263 5467 1549 5541 multipici
1569 5468 1838 5524 distinxit

193 5553 652 5629 gratia,quaque
675 5556 764 5615 sui
788 5556 1010 5616 similes
1026 5558 1182 5617 vires
1209 5559 1362 5615 dono
1384 5555 1479 5613 Dei
1505 5573 1736 5630 semper
1748 5561 1840 5615 est

1946 4578 2004 4633 in
2037 4577 2287 4650 cophino
2316 4576 2575 4634 servituti
2607 4578 2858 4651 subegit.

2018 4667 2185 4723 XVII.
2220 4666 2456 4723 Possem
2510 4666 2819 4722 innumera
2874 4667 3164 4739 ejusmodi
3222 4667 3295 4722 ad
3331 4667 3590 4723 medium

1944 4756 2250 4823 deducere,
2273 4755 2385 4811 nisi
2404 4755 2688 4829 castigato
2709 4756 2812 4812 tibi
2837 4757 3129 4813 crederem
3155 4756 3269 4811 ista
3299 4755 3587 4811 sufficere.

1942 4846 2043 4903 His
2075 4861 2212 4919 ergo
2243 4844 2441 4901 Flacco
2475 4847 2538 4899 tu
2568 4860 2702 4900 cum
2752 4843 2895 4901 coelo
2921 4849 2978 4901 et
3014 4845 3211 4900 animo
3280 4859 3387 4899 suo
3418 4843 3591 4900 casti-

1942 4933 2134 5009 gatius
2167 4933 2244 4993 sit
2276 4948 2643 5005 responsum,
2673 4949 2846 5005 quam
2893 4949 2954 4988 se
2994 4932 3159 5005 copia
3205 4929 3487 5004 suggerit,
3522 4947 3592 4988 ne

1942 5026 2013 5081 de
2027 5027 2229 5079 caetero
2246 5020 2497 5092 alicujus
2517 5020 2877 5093 propositum
2895 5024 3012 5076 tam
3029 5019 3348 5092 improvide
3369 5035 3596 5093 carpse-

1944 5113 2037 5168 rit.
2069 5113 2285 5166 Excute
2306 5126 2441 5182 ergo
2456 5110 2525 5165 de
2555 5109 2826 5165 manibus
2856 5126 2990 5165 cum
3021 5108 3163 5165 C(BlO
3193 5126 3300 5165 suo
3323 5107 3595 5165 Flaccum

1943 5206 2135 5267 tuum,
2169 5203 2226 5254 et
2283 5196 2626 5270 psalterium
2681 5197 2872 5270 arripe
2903 5214 3121 5253 meum.
3174 5198 3332 5264 Quod
3368 5197 3417 5253 si
3479 5215 3596 5253 non

1942 5289 2049 5356 vis,
2082 5288 2208 5343 sine
2266 5283 2430 5340 rivali
2482 5283 2644 5339 snlus
2704 5303 2837 5341 ama
2867 5289 2918 5341 et
2980 5285 3129 5343 habe
3186 5284 3401 5343 illum:
3450 5286 3598 5342 satis

1946 5382 2140 5433 autem
2154 5372 2700 5448 inexpugnabilium
2719 5373 2849 5430 luce
2866 5374 3157 5431 rationum
3176 5376 3446 5449 superius
3461 5392 3600 5449 pro-

1944 5469 2147 5524 batum
2178 5465 2667 5521 videtur.’1‘a:nen
2705 5464 3003 5522 s’Flaccus
3046 5469 3183 5521 tuus
3212 5469 3417 5536 taceat,
3452 5464 3601 5540 quin

1948 5557 2094 5614 bene
2151 5552 2379 5612 vivendi
2436 5552 2597 5611 locus
2652 5558 2757 5623 est,
2816 5555 3153 5634 ubicunque
3207 5554 3312 5627 sis,
3346 5562 3401 5614 et
3434 5555 3483 5612 si
3540 5555 3610 5605 te
