3966 6212
390 356 509 419 895

1592 351 1742 414 GOZ
1751 351 2014 414 ECHINI
2058 351 2589 423 3GHOLASTICI.

3669 361 3811 429 890

389 493 624 554 δηίωυε
681 513 797 552 non
846 492 1074 560 deﬁcit,
1124 506 1314 562 equus
1372 491 1462 545 est
1512 486 1691 555 etiam
1747 487 2022 544 salubris.
2055 486 2444 556 Asudavisse
2470 500 2529 553 et
2555 494 3806 571 Augustinum,Ambrosium,Athanasium

460 588 755 658 XVIII.uAt
785 587 1044 638 attamen
1073 579 1209 635 licet
1237 578 1503 651 vagando
1533 582 1590 634 et
1608 578 1864 633 vacando
1885 578 2033 633 bene
2142 581 2604 660 innumerosque
2631 582 2780 646 notae
2794 588 3568 658 frontisPatres,etexterius
3584 588 3806 647 contra

385 674 610 731 vivendi
643 688 900 745 quaerere
930 670 1145 738 locum,
1178 685 1208 724 e
1264 666 1514 724 sacrario
1569 666 1902 739 sapientum
1942 667 2029 721 vi-

386 780 554 836 peras
587 761 1029 833 ecccphalorum
1063 758 1326 814 eliminet
1364 755 1567 829 regula
1614 756 1896 824 rationis;
1944 760 2030 811 ta-

386 871 519 909 men
551 851 853 925 permagni
887 849 1290 914 refcrtvidere,
1315 847 1670 919 quibuscum
1690 844 2026 901 diverseris.

386 943 507 998 Non
540 940 865 997 recordaris
905 939 1045 1012 quid
1076 936 1385 1009 :laboranti
1445 934 2027 1007 prophetiadivinum

385 1033 541 1088 dicat
596 1029 935 1087 oraculum!
988 1030 1123 1095 Fili,
1182 1026 1397 1098 inquit,
1460 1025 1713 1095 hominic,
1756 1023 2031 1079 increduli

381 1132 433 1178 et
459 1137 793 1193 perversores
821 1129 950 1176 sunt
1006 1124 1181 1173 locum
1228 1120 1277 1171 cl
1331 1132 1455 1170 cum
1513 1114 1887 1185 scorpionibus
1926 1113 2029 1167 h1-

384 1214 539 1268 bilas.
574 1212 722 1267 Num
756 1215 811 1265 te
828 1204 1359 1282 praeteritgenuina
1382 1203 1758 1275 scorpionum
1778 1201 2023 1267 malitia,

383 1304 480 1375 qui
515 1318 631 1357 non
663 1301 835 1355 dente
866 1298 1156 1362 mordent,
1192 1311 1306 1350 non
1340 1293 1541 1365 lingua
1569 1291 1858 1357 inficiunt,
1910 1306 2023 1344 non

381 1408 479 1447 ore
509 1392 888 1454 venenantur,
921 1387 1038 1445 Tsed
1100 1388 1327 1440 tantum
1389 1384 1601 1436 nocent
1659 1379 1874 1434 cauda!
1908 1382 2025 1433 Hos

380 1481 595 1553 quippe
625 1478 961 1549 scorpiones
990 1473 1229 1529 notabat
1256 1470 1570 1527 Psalmista
1599 1486 1731 1525 cum
1764 1468 2021 1523 dicebat:

377 1571 760 1627 Detrahentem
795 1569 996 1623 secreto
1027 1567 1277 1637 proximo
1322 1579 1440 1629 suo,
1475 1561 1619 1616 hunc
1643 1558 2019 1631 persequebar.

385 1661 521 1716 [tem
547 1677 561 1715 :
598 1660 704 1728 Qui
734 1660 1030 1729 loquuntur
1053 1672 1243 1727 pacem
1269 1670 1391 1709 cum
1416 1652 1692 1724 proximo,
1715 1654 1848 1716 etc.,
1874 1664 2021 1720 quos

378 1754 664 1822 quantum
698 1749 822 1820 ipse
851 1761 1168 1817 omnesque
1212 1741 1395 1799 sancti
1441 1740 1548 1795 viri
1596 1755 1828 1810 semper
1858 1753 2020 1792 exse-

2142 674 2505 747 apostoloset
2534 677 2858 752 discipulos
2887 672 3137 747 Satanae,
3185 683 3242 735 et
3297 670 3548 735 interius
3579 672 3803 736 contra

2142 761 2486 837 spiritualia'
2503 767 2774 839 nequitias
2806 785 2996 841 usque
3021 764 3092 825 ad
3107 759 3361 824 victoriae
3376 758 3656 825 coronam
3674 760 3772 826 for
3782 778 3817 812 -'

2140 847 2276 910 liter
2302 855 2634 914 dimicasse.
2676 852 3278 931 Assentior‘quidem,
3310 856 3505 925 frater,
3530 848 3629 913 his
3658 875 3797 931 quae

2138 947 2264 1000 tum
2296 962 2447 1012 vere,
2478 951 2606 1002 tum
2639 946 2869 1004 curiose
2916 945 3366 1021 argumentaris.
3407 945 3553 1002 Mihi
3583 951 3790 1005 tamen

2138 1050 2255 1090 non
2287 1035 2430 1091 satis
2462 1040 2614 1093 recte
2642 1052 2878 1093 omnem
2908 1030 3223 1093 electOrum
3248 1034 3567 1091 Ecclesiam
3585 1037 3647 1092 in
3671 1032 3792 1095 hoc

2137 1139 2345 1209 pugnae
2376 1125 2572 1181 studio
2602 1125 2946 1182 concludere
2976 1124 3212 1182 videris.
3247 1124 3394 1180 Nam
3424 1129 3482 1181 et
3513 1124 3586 1181 de
3618 1125 3791 1207 fastis

2135 1218 2192 1267 et
2210 1204 2649 1282 chronicis,imo
2671 1214 2808 1271 side
2829 1214 3182 1271 authenticis
3204 1212 3634 1286 scripturarum
3657 1204 3758 1272 mo
3781 1250 3789 1258 -

2138 1301 2418 1359 nimentis
2449 1304 2564 1360 Deo
2594 1295 2981 1360 militantium
3014 1303 3258 1375 colligas
3319 1301 3579 1373 annales,
3626 1309 3787 1362 certe

2133 1392 2254 1445 tam
2286 1392 2642 1460 theoreticis,
2674 1410 2853 1465 quam
2882 1392 3174 1464 practicis,
3197 1392 3308 1448 hoc
3329 1396 3417 1449 est
3436 1396 3557 1449 tam
3578 1388 3785 1451 otiosis

2136 1495 2310 1563 quam
2348 1481 2664 1555 negotiosis
2693 1474 3035 1563 virtutibus,
3063 1498 3162 1539 eos
3181 1468 3303 1538 Deo
3319 1481 3605 1554 placuisse
3627 1483 3760 1540 inve

2133 1562 2280 1626 nies.
2316 1571 2384 1626 Et
2409 1576 2474 1626 ut
2502 1587 2690 1644 pauca
2717 1561 2790 1627 de
2817 1570 2912 1627 his
2944 1572 3003 1626 in
3028 1575 3447 1644 argumentum
3472 1571 3598 1628 ﬁdei
3620 1558 3777 1628 com:

2131 1659 2343 1729 pendio
2399 1652 2843 1732 perstringamf
2874 1661 3182 1717 considera
3239 1648 3348 1717 sub
3401 1646 3783 1734 umbra

2126 1747 2327 1815 Josue,
2361 1748 2615 1817 Gedeon',
2649 1749 2853 1819 David,
2887 1755 2945 1806 et
2975 1738 3258 1806 coronam
3279 1738 3761 1807 Machabaeorum‘

344 1838 521 1895 ‘crati
554 1838 674 1894 sint
703 1837 1006 1894 subdendo
1037 1835 1258 1906 aperit:
1286 1834 1361 1887 Da
1391 1832 1508 1886 illis
1535 1829 1827 1885 secundum
1857 1842 2012 1898 opera

2130 1836 2266 1892 dein
2298 1826 2562 1911 Moysen,
2593 1843 2651 1894 et
2674 1828 2888 1908 Aaron,
2923 1838 3132 1907 Eliam,
3166 1842 3224 1895 et
3251 1832 3551 1909 Elisaéum,
3581 1842 3637 1895 et
3658 1854 3797 1911 pro-

378 1932 641 2000 ipsorum,
675 1931 732 1982 et
759 1930 964 1981 caztera
992 1941 1120 1996 quas
1152 1924 1496 1994 sequuntur.

448 2017 592 2072 XIX.
626 2017 768 2071 Ecce
799 2016 1010 2071 iterum
1045 2029 1137 2068 me
1185 2008 1562 2083 pervivaciter
1610 2022 1881 2079 premens
1912 2005 2020 2059 ad-

367 2107 541 2179 jicis:
574 2103 991 2176 Nunquidnam
1025 2101 1212 2157 eidem
1257 2096 1558 2170 Prophetze
1592 2094 1833 2149 mandat
1863 2093 2016 2148 idem

372 2193 696 2261 oraculum,
727 2192 921 2247 locum
953 2190 1039 2246 vel
1069 2188 1331 2244 animum
1378 2184 1652 2257 fugiendo
1685 2187 1913 2238 mutare
1960 2186 2019 2237 at

370 2302 487 2340 non
520 2284 717 2356 potius
748 2282 817 2336 ad
839 2278 1215 2351 corrigendos
1232 2290 1595 2348 perversores
1616 2276 1673 2328 et
1693 2287 2017 2327 evenenan-

371 2374 476 2428 dos
491 2371 846 2443 scorpiones,
865 2368 1039 2424 etiam
1058 2382 1241 2437 usque
1255 2365 1324 2420 ad
1339 2362 1685 2435 sanguinem
1707 2360 1975 2416 resistere
1990 2360 2018 2414 ?

370 2464 572 2519 Nonne
610 2460 764 2515 idem
797 2456 1082 2529 Propheta
1110 2452 1359 2520 vincula,
1394 2453 1633 2519 famem,
1666 2450 1861 2505 lacum
1901 2466 2015 2505 cu:-

371 2567 581 2608 nosum
631 2547 890 2622 pertulit,
925 2552 1245 2616 cmteraque
1277 2544 1332 2598 id
1365 2558 1551 2616 genus
1592 2540 1781 2613 plura,
1814 2555 1944 2611 qua:
1984 2557 2018 2594 a

368 2640 655 2715 principio
697 2653 928 2710 semper
957 2636 1071 2708 piis
1091 2631 1540 2706 malignantiuin
1566 2629 1912 2702 perversitas
1933 2628 2017 2683 in-

368 2730 549 2787 tulit?
582 2728 812 2799 Utique,
841 2726 1038 2793 frater,
1072 2724 1155 2779 ita
1184 2728 1308 2778 est:
1343 2725 1400 2777 et
1428 2724 1624 2776 tamen
1683 2736 1796 2775 non
1841 2719 2014 2774 modo

367 2819 730 2886 hominibus,
764 2817 861 2872 sed
896 2815 1071 2870 etiam
1106 2812 1242 2869 viris
1272 2827 1454 2883 supra
1482 2810 1634 2865 vires
1664 2800 1754 2865 est
1784 2824 2017 2881 semper

368 2911 425 2966 in
458 2908 755 2982 procinctu
775 2922 923 2971 esse,
946 2918 1248 2975 nunquam
1284 2901 1550 2956 animum
1569 2898 1862 2967 addivinae
1883 2913 2017 2953 con-

365 2996 763 3073 templationis
785 2992 1153 3050 dulcedinem
1186 2991 1479 3047 remittere
1505 3006 1517 3044 :
1544 2988 1769 3061 jugiter
1796 2987 2018 3043 tumul-

366 3087 553 3145 tuosis
585 3084 906 3143 assultibus
937 3080 1198 3156 percelli,
1230 3096 1533 3152 nunquam
1558 3077 1797 3133 internae
1824 3075 2017 3131 dulce-

366 3178 520 3236 dinis
551 3176 746 3250 quiete
777 3172 975 3230 foveri.
1010 3173 1175 3227 Nunc
1205 3170 1416 3225 iterum
1446 3167 1671 3240 antiqui
1706 3165 1865 3220 illius
1886 3166 2011 3221 Μυ-

552 3226 743 3335 dicto;
940 3226 1419 3317 hostili'armaris
1447 3255 1561 3313 telo
1588 3226 1804 3311 ‘dicens
1829 3272 1841 3311 :
1873 3254 2009 3310 Ani-
2037 3226 2082 3294 θ

366 3374 531 3415 mum
563 3355 882 3419 remittere,
913 3350 1178 3406 amittere
1207 3352 1333 3416 est;
1378 3351 1434 3403 et
1486 3344 1816 3401 Christiano
1845 3343 2007 3400 theo-
2042 3412 2045 3413 ν

366 3449 479 3523 logi
506 3445 689 3504 nostri
723 3441 972 3499 muniris
1001 3439 1197 3513 clypeo
1224 3455 1236 3493 :

425 3587 708 3649 Nunquam
732 3578 872 3629 bella
897 3574 1069 3634 bonis,
1094 3584 1368 3635 nunquam
1390 3569 1709 3619 descrimina
1731 3569 1944 3620 desunt.

364 3724 451 3778 Ad
476 3721 596 3776 haec
616 3733 721 3789 ego
751 3733 763 3770 :
787 3711 1092 3775 Animum,
1115 3707 1382 3779 inquam,
1404 3705 1460 3761 in
1485 3705 1724 3763 delicias
1744 3707 2006 3783 volupta-

364 3819 569 3882 tesque
600 3804 904 3867 resolvere,
938 3803 995 3855 ct
1024 3794 1374 3871 posthabitis
1404 3795 1476 3851 iis
1506 3812 1633 3867 quae
1656 3798 1726 3852 ad
1754 3797 2006 3855 salutem

365 3901 573 3958 animis
599 3896 916 3969 aperantur
944 3894 1001 3945 et
1023 3889 1359 3959 protegunt,
1380 3884 1439 3939 in
1464 3889 1694 3941 terrena
1716 3888 2010 3961 desideria

365 3988 681 4056 remittere,
708 3997 840 4038 vere
871 3978 1139 4034 amittere
1170 3979 1275 4031 est.
1308 3973 1521 4030 Verum
1553 3972 1799 4033 animus
1837 3996 1871 4034 a
1899 3996 2006 4036 saa-

365 4076 653 4136 cularium
682 4068 963 4134 tumultu,
984 4070 1271 4138 quantum
1290 4063 1716 4133 hominivacat,
1742 4066 2006 4144 feriatus,

366 4168 417 4224 si
430 4167 618 4222 nubes
631 4180 698 4218 cu
708 4175 928 4225 rarum,
944 4156 993 4213 si
1007 4158 1209 4211 ventos
1222 4154 1559 4225 imbresque
1572 4154 2005 4215 detrahentium

366 4257 728 4328 linguarum.
751 4251 799 4305 si
820 4248 1197 4319 tempestates
1218 4246 1276 4300 et
1296 4242 1561 4300 turbines
1584 4244 1864 4302 falsorum
1893 4248 2007 4305 fra-

366 4351 524 4402 trum
556 4343 615 4397 in
648 4339 832 4396 altum
864 4353 926 4393 se
957 4332 1226 4390 attollens
1256 4333 1650 4400 transcendat,
1684 4339 1739 4390 et
1761 4328 2007 4392 adistri-

367 4437 459 4491 cto
486 4431 675 4504 rigore
704 4425 998 4484 millitaris
1027 4420 1349 4495 disciplinae
1402 4421 1706 4490 remissus,
1758 4424 1816 4479 in
1845 4414 2008 4482 illam

367 4518 827 4597 placidissimam
854 4521 909 4573 et
940 4510 1369 4570 lucidissimam
1395 4510 1603 4565 divinae
1650 4513 2009 4586 contempla-

2132 1925 2444 1998 phetarum
2473 1927 2738 1984 chorum.
2770 1928 2853 1984 Ad
2876 1944 3170 1984 summam
3204 1931 3340 1983 nota
3365 1929 3520 1999 quod
3561 1926 3793 1999 Paulus

2129 2014 2201 2070 de
2231 2014 2442 2071 iisdem
2474 2015 2733 2089 antiquis
2759 2016 3026 2072 Patribus
3057 2016 3208 2070 dicat
3242 2033 3257 2071 :
3314 1998 3522 2089 Sancti,
3557 1998 3797 2087 inquit,

2123 2119 2228 2176 per
2254 2104 2417 2175 ﬁdem"
2445 2108 2695 2161 vicerunt
2720 2121 2905 2183 regna,
2934 2108 2993 2159 et
3023 2107 3227 2158 caetera
3258 2119 3386 2183 quas
3434 2102 3798 2174 sequuntur

2129 2208 2318 2266 usque
2345 2196 2678 2251 circuierunt
2706 2195 2767 2247 in
2782 2179 3046 2261 'meliotis,
3079 2196 3129 2247 et
3159 2192 3220 2245 in
3247 2179 3663 2247 solitudinibur
3684 2207 3793 2246 er--

2128 2289 2358 2360 rantes;
2385 2287 2441 2360 et
2463 2283 2698 2337 tandem
2730 2280 3006 2336 omnibus
3065 2280 3428 2360 enumeratis
3471 2276 3787 2335 concludit

2126 2358 2324 2428 dicens
2349 2387 2361 2426 :
2394 2358 2458 2425 Ει
2481 2371 2542 2425 hi
2569 2359 2752 2426 cuine:
2782 2360 3089 2425 testimonio
3116 2358 3119 2367 ¹
3146 2369 3275 2438 ﬁdei
3314 2367 3537 2439 probati
3566 2367 3789 2425 inventi

2123 2463 2270 2539 sunt.
2304 2459 2405 2515 His
2426 2464 2484 2515 et
2499 2456 2865 2529 hujusmodi,
2890 2458 2939 2513 si
2955 2456 3342 2529 dilligentiam
3357 2452 3785 2535 consideratio-3

2125 2534 2225 2603 nisi
2239 2544 2540 2615 adhibeas,
2561 2528 2787 2603 videbis
2806 2549 2961 2602 certe
2977 2528 3342 2617 patriarchas
3355 2528 3594 2617 quidem
3609 2528 3783 2617 prac-

2122 2637 2235 2693 tice
2251 2636 2502 2709 negotiis
2523 2633 2956 2713 instantissime
2976 2636 3290 2705 occupatos
3308 2650 3322 2701 ;
3343 2631 3781 2705 prophetas've.

2126 2743 2189 2782 ro
2214 2724 2670 2799 contemplativa;
2703 2724 2885 2797 quieti
2904 2739 3111 2780 serena
3131 2726 3327 2778 mente
3346 2722 3601 2797 feriatos.
3622 2720 3779 2789 Quo?-

2125 2816 2300 2895 modo
2332 2796 2490 2895 enim
2519 2796 2828 2880 aliter,ivel
2858 2812 2954 2868 isti
2988 2810 3237 2868 salutem
3267 2811 3461 2884 gentis
3481 2808 3610 2868 sua;
3635 2808 3781 2867 forti

2124 2922 2305 2961 manu
2338 2893 2792 2978 propugnarent,
2830 2899 2920 2957 vel
2964 2899 3069 2977 illi
3099 2900 3303 2957 sereno
3354 2896 3577 2957 mentis
3602 2896 3773 2956 oculo

2124 2986 2325 3059 beatas
2375 3001 2629 3058 visiones
2674 2989 3145 3071 viderentP'Nec
3190 2998 3311 3054 ilth
3356 2986 3777 3071 dico,quin'in

2125 3096 2373 3163 utroque
2410 3089 2627 3145 ordone
2645 3089 2861 3145 fuerint
2880 3086 3078 3160 plures
3104 3088 3413 3160 utriusque
3434 3076 3717 3163 propositi
3738 3074 3769 3144 ἴε

2124 3172 2224 3236 sed
2255 3179 2378 3235 haec
2410 3183 2605 3234 tamen
2630 3168 2983 3233 adscribitur
3001 3173 3292 3249 generalis
3317 3170 3595 3231 distincto
3618 3173 3769 3230 utri-v

2120 3286 2234 3343 que
2246 3267 2457 3324 ordini.
2473 3268 2797 3323 Transacta
2808 3270 3005 3322 autem
3017 3263 3242 3331 Veteris
3255 3265 3613 3321 Testamenti
3630 3265 3767 3320 no'c-

2118 3364 2193 3426 te,
2210 3357 2267 3413 in
2283 3357 2455 3428 cujus
2467 3356 2836 3411 ﬁrmamento
2850 3352 3158 3410 memorati
3171 3348 3368 3409 Patres
3380 3346 3535 3408 velut
3558 3344 3763 3409 claris-

2119 3438 3106 3510 simmlucebantstellaembiilluxit
3126 3443 3251 3499 dies
3280 3458 3453 3514 quam
3484 3440 3619 3497 fecit
3649 3432 3767 3497 Do-

2119 3535 2336 3605 minus,
2353 3520 2691 3591 etortusest
2707 3532 2805 3599 Sol
2829 3532 3075 3604 justitize
3104 3531 3376 3588 Christus
3402 3518 3598 3597 Jesus,
3628 3515 3771 3586 vide

2118 3622 2428 3697 Barjonam
2443 3622 2702 3691 Petrum,
2717 3612 2887 3678 etvas
2898 3620 3199 3695 electionis
3212 3618 3458 3676 Paulum
3479 3616 3671 3697 neque
3692 3619 3763 3675 ad

2119 3710 2380 3786 martyrii
2396 3702 2667 3768 corOnam
2688 3710 2747 3765 in
2771 3710 2893 3766 acie
2918 3694 3243 3783 perstitisse
3268 3725 3281 3765 :
3313 3711 3602 3786 Joannem
3625 3694 3766 3786 vero

2118 3780 2393 3876 angelica:
2413 3780 3133 3873 virginitatistheologum,
3158 3804 3216 3855 et
3233 3792 3451 3853 Lucam
3468 3780 3761 3871 Evangelii

2118 3907 2486 3960 conservum,
2521 3887 2974 3965 quorumfaliter
3028 3887 3218 3959 primo
3275 3891 3480 3943 contra
3511 3880 3761 3951 bestiam

2116 3972 2513 4040 Domitianum
2526 3968 3177 4051 aliosque'antichristos
3190 3974 3416 4032 fortiter
3427 3973 3760 4030 decertavit:

2117 4058 2251 4128 dein
2280 4080 2414 4126 vero
2444 4062 2649 4140 sopitis
2694 4056 3030 4143 earumdem
3084 4064 3406 4121 bestiarum
3440 4054 3756 4131 furoribus,

2118 4157 2423 4233 theologia:
2460 4157 2576 4213 otio
2605 4171 2838 4235 vacans,
2872 4159 2929 4210 et
2958 4155 3015 4209 in
3049 4153 3176 4235 ipso
3198 4150 3519 4209 divinitatis
3550 4158 3760 4235 arcano

2118 4232 2412 4322 Evangelii
2428 4244 2721 4307 calamum
2735 4232 2985 4317 tingens.
3007 4242 3065 4297 in
3082 4232 3222 4315 pace
3234 4240 3561 4298 consenuit.
3577 4234 3762 4297 Lucas

2120 4343 2317 4395 autem
2347 4350 2508 4410 .cum
2567 4322 2944 4407 peripatetico
2977 4331 3152 4388 Paulo
3184 4331 3436 4403 aliisque
3466 4324 3761 4410 Evangelii

2119 4406 2453 4491 veredariis,
2476 4406 2665 4499 primo
2691 4406 3151 4497 circumquaque
3175 4419 3520 4477 desudavit:
3547 4406 3681 4499 dein
3704 4417 3763 4474 in

2121 4512 2425 4587 theologia:
2456 4496 2641 4593 otium
2674 4524 2736 4568 se
2760 4510 3086 4593 conferens,
3110 4513 3169 4565 et
3215 4524 3442 4565 sacram
3479 4496 3760 4564 incarnati

368 4612 546 4669 tionis
576 4609 829 4683 quietem
888 4622 951 4661 se
1005 4605 1193 4658 totum
1252 4598 1532 4655 resolvat:
1593 4599 1676 4656 ita
1728 4618 1861 4658 vere
1891 4620 2007 4661 non
2039 4601 2089 4665 D
2117 4596 2287 4683 Verbi
2319 4586 2627 4683 historiam
2655 4588 2877 4679 texens,
2908 4598 3078 4655 beato
3105 4598 3218 4653 fine
3266 4596 3326 4652 in
3367 4588 3512 4671 pace
3548 4587 3763 4652 obdor-

369 4700 677 4764 amittitur,
697 4697 794 4754 sed
820 4693 1013 4769 potius
1026 4687 1427 4757 retinetur,vel
1444 4688 1619 4760 (quod
1636 4689 2009 4762 potissimum

368 4793 477 4859 est)
501 4796 641 4846 tunc
665 4788 905 4844 demum
929 4782 1118 4839 vivere
1137 4778 1386 4834 videtur.
1410 4777 1572 4855 Quod
1596 4781 1791 4847 autem
1814 4785 2013 4847 noster

367 4880 449 4938 ait
477 4878 829 4948 Theologus,
850 4886 1082 4943 semper
1097 4866 1429 4924 Christiano
1446 4883 1575 4923 esse
1600 4862 2008 4943 pugnandum,

368 4968 515 5027 nihil
536 4966 693 5023 unde
710 4963 796 5020 vel
814 4961 1005 5019 ausim
1026 4956 1111 5015 vel
1127 4972 1338 5030 queam
1357 4955 1789 5029 diffingere,sed
1814 4963 2012 5017 tamen

368 5058 527 5117 salva
555 5053 787 5129 virtutis
810 5047 1139 5119 constantia
1153 5043 1547 5112 liceatdicere,
1564 5044 1707 5101 satis
1720 5062 2013 5118 superque

365 5154 494 5206 esse
522 5143 764 5208 laboris,
797 5141 843 5195 si
877 5158 909 5194 a
942 5138 1082 5194 furis
1112 5136 1170 5191 in
1198 5134 1363 5190 falsis
1434 5133 1717 5189 fratribus
1776 5133 1928 5191 bella
1956 5141 2014 5193 et

368 5234 685 5295 seditiones
717 5232 966 5295 cessent,
985 5226 1232 5283 interius
1249 5240 1381 5280 vero
1398 5223 1584 5280 nostri
1602 5228 1847 5280 conatus
1862 5224 2013 5282 vires

368 5330 572 5383 contra
601 5318 826 5390 antiqui
858 5317 1045 5373 hostis
1075 5318 1438 5381 tentamenta
1464 5312 1782 5382 decertant,
1829 5313 2012 5372 donec

368 5414 461 5469 his
492 5415 788 5465 armatura
818 5407 914 5461 Dei
947 5404 1237 5477 superatis
1263 5407 1321 5459 et
1348 5402 1717 5475 expugnatis,
1760 5403 2013 5471 donante

368 5501 598 5555 Christo
632 5495 988 5564 accipiamus
1020 5495 1273 5565 quietem
1306 5492 1468 5565 pacis
1498 5495 1807 5563 perpetuis.

444 5585 556 5638 ΧΧ.
588 5582 791 5636 Adhuc
824 5582 1176 5652 pervicacius
1230 5597 1408 5654 agens
1466 5579 1632 5647 dicis,
1693 5596 1925 5652 semper
1950 5581 2012 5637 in

371 5670 451 5731 Ch
462 5668 715 5726 ristianae
729 5665 947 5723 militias
961 5671 1165 5726 castris
1178 5674 1495 5739 utrumque
1510 5664 1808 5740 pugnandi
1826 5683 2013 5739 genus

2120 4677 2304 4750 mivit.
2336 4678 2483 4753 Vide
2513 4678 2901 4761 dehincquos
2946 4680 3279 4759 memoras,"
3315 4685 3680 4759 Augustinos
3709 4688 3765 4761 et

2118 4766 2482 4849 Ambrosias,
2514 4780 2580 4834 ut
2604 4764 2741 4855 'vere
2759 4766 2973 4834 asseris
2994 4770 3246 4855 utroque
3268 4764 3568 4855 pugnandi
3590 4760 3762 4828 inﬁdo

2121 4862 2182 4927 in
2213 4869 2335 4926 acie
2355 4856 2598 4925 feliciter
2616 4854 2963 4939 perstitisse.
2990 4862 3031 4921 E
3047 4854 3285 4921 diverso
3307 4854 3501 4920 autem
3524 4856 3767 4943 attonde

2121 4946 2332 5016 Paulos
2352 4946 2409 5014 et
2436 4942 2737 5037 Antonios"
2750 4944 3017 5037 {ilicsq'ue
3038 4943 3372 5037 innumeros
3390 4940 3765 5037 Christian-

2121 5047 2322 5105 ciﬁxos
2351 5062 2496 5119 pene
2523 5043 2597 5101 ab
2627 5034 2919 5100 exteriori
2944 5028 3183 5099 turbine
3219 5039 3445 5115 vixisse
3473 5028 3723 5119 feriatos
3749 5055 3764 5107 ;

2122 5122 2296 5210 atque
2327 5117 2503 5192 etiam
2530 5124 2664 5206 ipsa
2693 5124 3217 5206 interioris'pug'naa
3238 5117 3584 5210 certamina;
3603 5118 3764 5210 a‘djiu‘.

2118 5202 2290 5283 vente
2321 5223 2510 5298 gratia
2537 5202 2773 5293 dhristi,
2804 5224 2938 5295 post
2960 5202 3210 5293 tergum
3260 5204 3537 5284 misisse,
3564 5202 3766 5298 etiam

2122 5315 2292 5388 quasi
2324 5294 2428 5369 rin'
2458 5294 2892 5379 coelestibuslei
2949 5299 3307 5383 conregnare
3364 5306 3465 5388 qui
3496 5294 3762 5388 dicebat“:

2120 5406 2315 5462 Nostra
2343 5391 2681 5458 conversatio
2700 5400 2762 5476 in
2790 5392 2937 5479 caelis
2966 5392 3063 5455 est.
3130 5398 3133 5401 λ
3242 5390 3247 5401 ’
3402 5386 3409 5411 ῖ
3454 5398 3455 5405 η
3496 5386 3521 5413 ιτ

2192 5484 2333 5549 XXI.
2352 5490 2467 5559 Nec
2487 5484 2679 5557 solum
2694 5486 2951 5561 theologi
2963 5485 3309 5560 evangelicae
3330 5484 3482 5541 lucis
3508 5480 3769 5561 irradlati

2122 5554 2404 5648 claritate,
2437 5554 2640 5645 verum
2698 5570 2759 5633 et
2812 5554 3041 5649 priores
3060 5554 3429 5649 "philosophi
3460 5568 3544 5628 'et
3568 5554 3774 5629 h'erties

2123 5658 2561 5743 quamplurimi‘
2578 5658 2905 5738 gentilibus
2925 5657 3181 5722 ob'voliiti
3201 5656 3461 5721 tenebris
3466 5656 3487 5729 ,’
3500 5652 3774 5718 nonduin
