3966 6212
187 297 342 358 897

1405 294 1790 359 EPISTULA
1831 295 1939 357 ‘AD
1983 297 2080 359 VA
2095 298 2494 364 LCHEBUM.

3512 309 3629 371 898

194 436 419 486 exorto
451 431 583 488 Sole
606 429 877 501 justitiaa,
911 432 968 486 et
989 429 1310 502 negotiosis
1332 435 1386 484 et
1416 431 1621 485 otiosis
1644 429 1869 485 virtuti-
1901 432 1954 497 Α
1987 430 2084 486 bct
2107 443 2551 504 argumentum;
2585 437 2668 492 vel
2703 455 2769 493 ea
2818 454 2943 509 quas
2997 438 3065 492 de
3118 437 3311 492 divino
3354 438 3626 508 producis

193 521 356 588 lius,
390 537 540 592 quas
569 519 786 592 partim
816 521 1038 576 natura
1075 518 1380 580 beneficio.
1412 520 1625 590 partim
1674 518 1875 574 libern-

193 607 366 665 lium
383 608 827 680 disciplinarum
844 608 1038 664 studio
1061 608 1313 664 assecuti
1335 607 1680 674 sunt,vitam
1703 625 1870 662 suam

188 697 206 751 i
231 715 272 753 η
309 697 412 754 illo
434 715 541 754 suo
567 697 812 754 honesto
835 701 890 752 et
913 696 1039 751 utili
1060 695 1444 752 solertissime
1457 700 1866 752 exercuerunt:

197 787 454 856 quando
485 786 584 844 alii
611 803 812 842 eorum
845 785 934 841 vel
965 786 1108 841 artis
1139 769 1359 840 militias
1412 784 1720 856 stipendiis
1769 785 1869 840 de-

194 873 418 944 vincti,
454 874 542 930 vel
575 874 830 947 publicis
890 873 1504 931 administrationibus
1558 873 1868 946 perfuncti,

200 962 654 1035 clomiforisque
674 963 926 1036 graviter
939 963 1188 1036 agendo,
1201 967 1356 1019 terra
1373 963 1634 1032 marique
1648 962 1873 1018 fortiter

202 1053 560 1125 pugnando,
582 1051 808 1108 celebre
839 1068 1051 1108 nomen
1079 1051 1189 1107 sibi
1214 1055 1512 1124 perpetuo,
1538 1055 1604 1106 ut
1631 1052 1872 1122 putaba-

194 1145 340 1210 lur,
372 1142 789 1213 propagarunt.
823 1140 934 1194 Alii
956 1157 1088 1196 vero
1118 1139 1206 1195 vel
1260 1139 1520 1196 emeritis
1572 1133 1870 1194 laboribus

203 1230 404 1285 nobili
425 1229 543 1284 otio
573 1228 795 1297 donati,
839 1228 927 1284 vel
979 1229 1154 1284 etiam
1211 1229 1269 1284 in
1331 1230 1513 1284 otium
1562 1229 1717 1299 quod
1762 1228 1872 1284 ele-

203 1322 428 1390 gerant
454 1319 588 1374 odio
619 1309 1013 1383 saecularium,
1047 1336 1109 1374 se
1169 1318 1551 1384 conferentes,
1609 1317 1695 1373 vel
1737 1317 1873 1372 scri-

209 1407 436 1478 liendo,
467 1407 554 1463 vel
590 1407 946 1479 disputando
969 1409 1142 1478 juxta
1165 1407 1276 1464 sibi
1309 1423 1374 1462 ac
1395 1405 1724 1479 reipublicae
1742 1423 1873 1462 con-

207 1495 556 1552 suluerunt.

292 1584 462 1641 XXII.
487 1585 650 1651 Quod
673 1584 745 1652 si,
778 1589 842 1640 ut
870 1587 1322 1658 argumentosus
1349 1601 1432 1653 es,
1479 1583 1655 1639 etiam
1717 1600 1872 1638 nunc

211 1673 546 1746 yrzemissis
569 1673 897 1748 pugnacius
915 1673 1221 1730 contendis
1243 1673 1549 1746 refragari,
1570 1676 1874 1729 succentu-

211 1780 228 1818 ι
254 1763 396 1819 latis
424 1764 614 1837 cincta
643 1763 952 1820 sententiis
984 1763 1168 1818 aderit
1196 1763 1326 1834 ipsa
1355 1763 1717 1828 Veritas,nec
1750 1761 1874 1817 suis
1906 1802 1952 1866 Β

214 1852 457 1908 desinet
477 1852 744 1924 partibus
764 1853 1092 1923 suffragari,
1125 1855 1180 1908 et
1199 1856 1261 1907 ut
1275 1851 1465 1907 verius
1486 1852 1875 1921 testatiusque

213 1940 304 1996 sit
332 1942 490 2012 quod
520 1957 946 2006 asseveramus,
970 1941 1220 1997 adducet
1246 1940 1415 1996 nobis
1437 1940 1495 1995 in
1537 1940 1873 2012 praesidium

213 2030 356 2086 lidei
391 2030 462 2086 de
493 2030 737 2096 consilio
768 2029 1076 2101 utriusque
1105 2030 1462 2085 Testamenti
1496 2029 1875 2101 personas,de

213 2118 406 2175 altero
438 2118 680 2190 quidem
731 2118 1044 2174 Raehelem
1080 2123 1138 2174 et
1195 2118 1378 2185 Liam,
1415 2119 1486 2174 de
1545 2117 1724 2173 altero
1775 2134 1872 2172 au-

222 2225 344 2264 .em
378 2207 666 2264 Martham
697 2213 755 2264 et
786 2208 1050 2263 Mariam.
1083 2208 1194 2263 Sed
1217 2224 1500 2279 quorsum
1514 2207 1623 2263 hac
1639 2205 1876 2262 omnia?

218 2297 504 2368 lrofeeto,
555 2301 621 2353 ut
650 2301 914 2368 patenter
970 2297 1257 2362 advertas,
1301 2295 1454 2352 sicut
1500 2295 1874 2369 praemissum

219 2389 335 2454 cst,
368 2386 671 2458 semper‘et
689 2385 891 2440 otiosis
909 2389 965 2440 et
977 2383 1296 2456 negotiosis
1317 2383 1632 2441 virtutibus
1661 2385 1876 2441 electos

221 2490 372 2529 suos
404 2479 515 2529 Deo
546 2473 992 2546 complacuisse,
1027 2491 1132 2529 nec
1153 2473 1495 2529 alterutram
1539 2477 1759 2545 partem
1776 2490 1877 2528 un-

223 2579 405 2634 quam
445 2561 610 2617 alteri
637 2563 1069 2635 praejudicasse.
1098 2563 1246 2626 Quia
1265 2564 1416 2618 sicut
1439 2566 1703 2630 acceptat
1723 2561 1878 2617 Deus

225 2651 386 2720 quod
419 2651 680 2723 practice
709 2651 1028 2718 laboratur,
1053 2652 1132 2706 ita
1163 2669 1276 2708 non
1300 2651 1627 2706 excluditur
1655 2652 1728 2706 ab
1750 2651 1879 2721 ejus

235 2739 622 2812 lieneplacito,
656 2741 809 2812 quod
843 2757 948 2796 suo
979 2745 1242 2813 tempore
1268 2739 1522 2797 theoriee
1562 2739 1880 2795 sabbatiza-

223 2834 240 2883 i
271 2847 360 2886 ur.

308 2917 506 2973 XXIII.
535 2919 699 2991 Papae
730 2922 921 2974 autem
983 2922 1047 2974 ut
1103 2919 1360 2974 nodosus
1417 2935 1499 2987 es,
1561 2917 1758 2984 frater,
1818 2922 1883 2972 ut

219 3006 488 3080 fungino
520 3007 708 3079 capite
750 3024 828 3071 es,
865 3013 922 3062 et
967 3011 1155 3063 totum
1197 3012 1252 3062 te
1309 3006 1482 3079 tegis!
1545 3005 1676 3061 Jam
1727 3005 1885 3060 enim

240 3095 523 3168 putabam
553 3101 609 3152 te
637 3095 900 3161 desiisse,
934 3100 991 3152 et
1018 3096 1105 3151 vel
1137 3095 1384 3152 dicentis
1407 3094 1770 3162 auctoritate,
1793 3095 1878 3148 vel

1984 521 2238 584 oraculo,
2275 523 2369 577 ubi
2397 524 2520 579 sine
2553 527 2706 581 nube
2734 526 3018 598 ﬁgmenti,
3045 525 3203 581 clara
3229 530 3386 596 patet
3413 528 3626 584 veritas

1984 612 2337 681 argumenti.
2372 614 2540 680 Vera,
2573 615 2794 686 inqam,
2829 620 2988 682 sunt,
3021 618 3078 670 et
3109 615 3347 670 omnino
3395 615 3624 685 idonea,

1982 714 2098 752 non
2129 704 2325 754 tamen
2384 704 2623 759 omnino
2681 705 2943 759 efficacia
2999 705 3070 757 ad
3126 705 3626 774 persuadendum,

1981 789 2215 857 quando
2245 790 2479 846 animus
2500 791 2861 848 irrevocabili
2886 798 3083 848 tenore
3105 795 3175 846 ah
3209 792 3299 846 his
3330 794 3627 848 diversum

1981 875 2142 948 eligit
2173 879 2558 949 propositum.
2625 881 2881 935 Didicisti
2940 899 3074 936 cum
3136 881 3329 935 'l‘ullio
3388 882 3630 938 docente

1981 966 2228 1021 oratoris
2259 967 2516 1023 officium
2547 973 2605 1024 et
2636 970 2842 1024 finem:
2875 970 3130 1023 ofﬁcium
3175 970 3434 1040 quidem,
3497 976 3629 1041 apte

1981 1055 2052 1108 ad
2083 1057 2554 1125 persuadendum
2582 1058 2802 1123 dicere;
2845 1060 3018 1112 finem
3062 1075 3212 1118 vero,
3277 1061 3630 1129 persuadere

1981 1142 2252 1199 dictione.
2290 1145 2509 1200 Horum
2542 1162 2679 1217 ergo
2712 1146 2957 1200 alterum
2995 1146 3211 1215 optimc
3243 1148 3434 1212 affers,
3486 1149 3628 1202 dum

1981 1236 2114 1302 apte
2147 1233 2214 1285 ad
2256 1234 2726 1303 persuadendum
2745 1235 2891 1287 dicis
2916 1251 2926 1287 :
2954 1234 3626 1302 alterumvcrominimc,

1981 1320 2122 1390 quia
2150 1321 2289 1374 dum
2330 1322 2678 1391 persuadere
2710 1322 2960 1376 dictione
2993 1322 3232 1375 minime
3282 1323 3455 1389 vales,
3516 1324 3629 1377 fine

1982 1408 2221 1464 excidis.
2254 1410 2416 1465 Nosti
2450 1415 2642 1464 autem
2675 1411 2829 1481 quod
2852 1410 3627 1477 tanti:estiinaturol'licium,

1983 1496 2096 1552 nisi
2145 1498 2259 1552 fine
2290 1515 2419 1562 suo,
2480 1499 2536 1552 id
2569 1502 2658 1554 est
2714 1499 2919 1553 effectu
2982 1498 3256 1568 potiatur,
3305 1499 3511 1569 quanti
3542 1505 3633 1554 est

1982 1587 2156 1653 satio,
2189 1587 2236 1642 si
2266 1604 2571 1659 nunquam
2633 1591 2902 1643 metatur.
2967 1587 3208 1642 Proinde
3266 1591 3397 1658 apte
3427 1587 3499 1642 de
3545 1585 3632 1642 la-

1982 1674 2120 1729 bore
2152 1675 2373 1743 dicens,
2406 1675 2595 1730 officio
2631 1680 2783 1731 recte
2816 1675 3112 1745 fungaris;
3147 1675 3247 1729 sed
3281 1675 3422 1730 dum
3470 1675 3632 1746 quie-

1981 1767 2099 1817 tem
2130 1767 2186 1818 et
2215 1765 2396 1818 otium
2452 1764 2682 1834 eligenti
2743 1766 3090 1835 persuadere
3148 1781 3262 1819 non
3319 1770 3508 1835 potes,
3569 1769 3634 1819 ut

1987 1868 2166 1922 supra
2195 1851 2414 1906 dictum
2451 1857 2560 1919 est,
2599 1854 2710 1906 fine
2767 1853 3008 1906 cxcidis.
3045 1853 3184 1916 Quis
3243 1853 3398 1907 enim
3460 1851 3632 1908 hodie

1986 1941 2168 1995 otium
2202 1942 2432 2012 negotio
2466 1959 2580 1996 non
2607 1942 2892 2012 prznferat.
2931 1944 3190 2010 quando,
3221 1941 3270 1995 si
3304 1941 3532 1996 labores
3571 1941 3630 1996 in

1985 2045 2232 2084 vacuum
2285 2031 2486 2096 cadat;
2521 2031 2568 2085 si
2603 2047 2822 2097 cesses,
2875 2030 3157 2085 tantidem
3214 2029 3442 2085 valeat?
3493 2031 3633 2095 Quis

1985 2119 2141 2173 enim
2175 2135 2289 2173 non
2321 2123 2606 2190 temperet
2637 2137 2670 2174 a
2699 2118 2913 2182 labore,
2947 2120 3040 2173 ubi
3071 2124 3276 2190 negato
3332 2119 3507 2174 etiam
3565 2137 3632 2175 eo

1985 2208 2056 2261 de
2086 2225 2197 2279 quo
2249 2208 2566 2262 convenisti
2622 2209 2883 2272 denario,
2943 2209 3254 2263 minimum
3315 2207 3629 2273 laboranti,

1985 2296 2304 2368 plurimum
2337 2297 2596 2351 conferat
2626 2297 2852 2360 otianti,
2878 2297 3169 2367 siquidem
3203 2297 3317 2351 otio
3334 2298 3478 2352 bene
3501 2302 3629 2352 uta-

1985 2386 2122 2439 tur?
2152 2385 2292 2448 Quis
2318 2385 2654 2450 autem,nisi
2690 2389 2882 2440 mente
2897 2385 3227 2455 eaptus,tali
3260 2389 3460 2458 pergat
3482 2391 3631 2441 tem-

1987 2479 2210 2546 pestate
2240 2491 2420 2545 supra
2449 2473 2651 2545 spinas
2673 2490 2885 2538 serere,
2923 2475 3016 2527 ubi
3053 2474 3207 2528 mala
3228 2480 3380 2528 terra
3399 2473 3633 2529 tribulis

1988 2563 2254 2635 genuina:
2289 2563 2685 2634 perversitatis
2744 2562 2989 2617 horrens
3042 2562 3335 2617 salubrem
3390 2562 3635 2617 cultoris

1991 2669 2256 2714 manum,
2292 2655 2348 2708 et
2376 2653 2595 2706 bonum
2617 2652 2774 2706 verbi
2801 2669 3001 2707 semen
3032 2652 3255 2722 spernit
3285 2651 3631 2707 admittere?

1989 2741 2148 2796 Felix
2181 2741 2384 2812 utique
2420 2744 2593 2807 terra,
2629 2740 2686 2794 in
2746 2757 2862 2811 qua
2916 2757 3017 2811 per
3073 2741 3316 2794 verbum
3375 2739 3630 2795 hominis

1991 2831 2312 2886 seminatur
2338 2830 2576 2884 verbum
2622 2829 2737 2898 Dei,
2773 2847 2901 2901 qua:
2949 2828 3282 2884 ecelestibus
3337 2829 3524 2900 rigata
3577 2834 3634 2883 et

1991 2917 2288 2989 compluta
2327 2917 2661 2972 docentium
2719 2918 2997 2985 nubibus,
3059 2917 3397 2990 centuplum
3449 2917 3634 2972 reddit

1991 3009 2241 3062 fructum
2289 3007 2360 3060 ad
2392 3007 2597 3062 horrea
2654 3006 2883 3061 Domini
2935 3005 3032 3060 Dei
3095 3007 3184 3061 sui
3247 3008 3417 3060 Extra
3474 3011 3629 3061 terra

1991 3095 2092 3151 illa
2122 3097 2275 3151 ferea
2309 3096 2511 3150 merito
2570 3094 2781 3150 cmlum
2841 3095 3017 3150 habet
3067 3113 3316 3164 azneum,
3377 3112 3503 3166 qua:
3545 3111 3633 3149 ac-

233 3164 432 3256 ivotius
462 3185 751 3241 dictorum
783 3185 1064 3257 gravitate
1095 3202 1362 3257 pressum
1394 3201 1604 3240 manus
1650 3183 1876 3239 veritati
1909 3164 1953 3230 C
1992 3190 2156 3258 cepto
2216 3185 2438 3239 semine
2480 3201 2593 3239 non
2652 3185 2964 3239 fecundata
3019 3185 3300 3255 germine,
3344 3164 3628 3254 quidquid

223 3272 479 3331 dedisse.
512 3279 581 3331 Et
606 3291 736 3331 ecce
769 3276 979 3330 iterum
1010 3273 1234 3348 clangis
1263 3275 1424 3342 tuba,
1477 3274 1689 3329 iterum
1747 3289 1876 3344 per-

219 3362 440 3435 strepis
474 3364 549 3420 ad
579 3381 764 3430 arma,
798 3365 1014 3418 iterum
1045 3364 1378 3419 excusando
1404 3363 1720 3434 impugnas
1751 3362 1876 3418 ani-

223 3467 410 3520 mum,
435 3452 538 3523 qui
569 3456 876 3524 tantopere
914 3452 1099 3507 otium
1158 3450 1536 3524 amplectitur
1592 3455 1650 3506 et
1705 3450 1869 3522 quie-

218 3543 367 3605 tem,
428 3540 709 3596 minitans
759 3539 1069 3610 segnitiem
1128 3545 1185 3596 et
1231 3539 1579 3603 socordiam,
1633 3556 1762 3610 quae
1811 3555 1874 3594 se

217 3626 462 3681 theoriaa
487 3625 661 3696 pallio
693 3627 917 3692 amicit,
949 3632 1025 3692 te,
1066 3629 1326 3682 detracta
1381 3627 1530 3699 pelle
1559 3645 1590 3683 e
1646 3627 1872 3682 latebra

225 3731 407 3786 quam
439 3715 608 3782 fovet,
641 3719 1076 3787 protracturum
1119 3717 1177 3770 in
1218 3714 1441 3770 lucem:
1501 3716 1870 3787 recurrisque

237 3804 308 3858 ad
343 3803 682 3875 praedictum
714 3804 1056 3875 prophetam
1091 3804 1310 3872 dicens,
1340 3805 1495 3875 quod
1519 3804 1876 3876 corrigendis

241 3892 673 3966 perversoribus
685 3898 742 3947 et
766 3892 1154 3948 evenenandis
1170 3893 1576 3963 scorpionibus
1591 3898 1750 3948 tanto
1764 3894 1874 3949 im-

230 3982 470 4053 pensius
499 3981 812 4054 acriusque
842 3981 1175 4050 institisset,
1208 3985 1427 4054 quanto
1457 3981 1738 4038 furiosius
1775 4000 1875 4039 eos

225 4071 298 4126 ad
327 4071 803 4144 repugnandum,
828 4075 885 4125 et
903 4070 1164 4142 seipsum
1184 4070 1629 4142 discerpendum
1650 4073 1874 4127 anima-

225 4166 315 4215 tus
370 4160 627 4216 vidisset.
682 4160 870 4216 Addis
921 4176 1154 4231 quoque
1211 4160 1512 4232 pigritanti
1564 4160 1873 4216 stimulum

223 4248 430 4317 l'laeci,
480 4265 596 4320 quo
669 4247 770 4304 ille
841 4248 1076 4305 satirico
1132 4248 1471 4331 Damasippi
1527 4249 1618 4304 sui
1677 4265 1873 4320 peror-

225 4342 394 4393 natus
433 4342 792 4406 commento,
826 4338 886 4392 in
921 4336 1209 4393 desidiam
1240 4337 1536 4393 invehitur
1565 4339 1791 4394 dicens:

371 4425 633 4478 Invidiam
669 4426 882 4490 placare
911 4441 1067 4490 paras
1096 4426 1294 4478 virtute
1325 4426 1523 4477 relicta.

1986 3275 2368 3347 spinarumet
2397 3272 2750 3328 zizaniorum
2781 3278 3038 3344 generat.
3061 3274 3394 3345 intempore
3421 3275 3632 3328 messis

1985 3363 2238 3436 alligatis
2271 3360 2563 3418 fasciculis
2594 3362 2850 3417 mittitur
2878 3360 2936 3414 in
2970 3362 3164 3432 ignem
3186 3369 3491 3417 aeternum.
3526 3362 3630 3416 De-

1985 3453 2162 3523 nique
2192 3450 2290 3506 tali
2316 3455 2481 3506 terra:
2512 3455 2569 3505 et
2597 3450 2732 3505 talis
2765 3450 2944 3504 vinea;
2974 3451 3300 3505 cultoribus
3359 3468 3477 3505 non
3538 3468 3625 3507 re-

1985 3538 2294 3612 spondenti
2351 3539 2776 3594 Paterfamilias
2833 3537 3040 3593 merito
3096 3540 3280 3593 iratus
3342 3556 3442 3608 per
3501 3556 3626 3610 pro-

1985 3629 2221 3701 phetam
2278 3627 2536 3682 minatur
2590 3627 2821 3681 dicens:
2880 3626 2998 3680 Non
3055 3627 3359 3696 putabitur,
3392 3642 3491 3680 nec
3544 3630 3627 3698 fo-

1983 3719 2184 3787 dietur,
2233 3724 2283 3772 et
2327 3715 2564 3770 nubibus
2610 3715 2881 3769 mandabo
2910 3731 2981 3768 ne
3033 3715 3235 3784 pluant
3288 3730 3450 3785 super
3508 3732 3628 3770 eam

1985 3807 2242 3872 imbrem;
2277 3803 2501 3858 scilicet
2528 3820 2627 3858 eos
2677 3819 2825 3874 quos
2872 3803 3199 3857 secundum
3261 3803 3627 3873 propositum

1985 3894 2513 3969 prmdestinationis
2542 3893 2808 3965 prazvidit
2839 3892 3186 3946 damnatum
3213 3892 3304 3955 iri,
3331 3892 3434 3946 hoc
3455 3894 3627 3948 verbo

1984 4000 2292 4042 secernens
2322 3983 2394 4038 ab
2425 3982 2536 4048 his,
2568 3999 2716 4053 quos
2748 3981 3033 4052 prmscivit
3079 3985 3135 4036 et
3197 3981 3630 4051 praedestinavit

1982 4075 2308 4130 conformes
2339 4071 2459 4126 fieri
2495 4069 2771 4142 imaginis
2809 4069 2929 4124 Filii
2961 4069 3070 4124 sui.
3111 4070 3244 4124 inde
3303 4069 3503 4136 etiam,
3564 4077 3628 4125 ut

1985 4164 2256 4230 arbitror,
2292 4160 2590 4241 legislator
2643 4165 2699 4214 et
2755 4158 3170 4230 prophetarum
3233 4159 3516 4214 Dominus
3566 4159 3625 4214 in

1987 4271 2114 4318 suo,
2145 4254 2216 4307 de
2245 4268 2359 4323 quo
2389 4255 2514 4305 tota
2542 4249 2631 4304 lex
2665 4250 2877 4320 pendet
2895 4252 2952 4303 et
2969 4247 3283 4319 prophetas,
3317 4248 3625 4320 Evangelio

1984 4342 2243 4414 loquitur
2273 4341 2501 4395 dicens:
2537 4339 2712 4394 Nolite
2739 4339 2989 4393 sanctum
3018 4337 3149 4392 dare
3171 4336 3418 4402 canibus,
3453 4352 3626 4408 neque

1979 4433 2315 4502 margaritas
2343 4430 2576 4484 mittatis
2606 4434 2730 4483 ante
2755 4442 2962 4499 porcos.
3013 4425 3135 4490 Quo
3191 4426 3394 4498 utique
3447 4426 3622 4482 verbo

288 4512 482 4568 XXIV.
504 4513 907 4584 Contemnere,
942 4517 1144 4585 miser,
1176 4515 1266 4572 vel
1301 4516 1531 4572 medius
1579 4518 1858 4590 proponis
1888 4529 1932 4594 1)
1965 4519 2332 4581 damnandos
2365 4516 2608 4572 secrevit
2645 4533 2678 4570 a
2718 4513 3036 4580 salvandis,
3099 4530 3169 4568 ne
3221 4514 3420 4569 surdis
3477 4531 3621 4586 pree-

214 4608 229 4658 t
245 4601 606 4658 artissimum
638 4601 783 4660 illud
815 4605 1156 4661 constantia;
1214 4605 1499 4673 solamen,
1559 4607 1714 4677 quod
1758 4624 1859 4663 vas

219 4690 510 4747 electionis
530 4695 586 4747 et
615 4691 972 4749 solidissima
1000 4711 1168 4751 mens
1199 4695 1506 4766 primitivaa
1554 4696 1614 4750 in
1646 4693 1859 4751 electos

217 4781 633 4852 persecutionis
699 4799 878 4837 manu
938 4783 1157 4856 detegit
1202 4784 1434 4840 dicens:
1500 4785 1695 4840 Omnes
1758 4787 1855 4857 qui

211 4887 234 4923 ιτ
252 4870 398 4926 olunt
427 4873 488 4927 in
517 4871 728 4928 Christo
753 4874 844 4942 pie
864 4874 1061 4935 vivere,
1093 4876 1522 4943 persecutionem
1545 4875 1850 4944 patientur.

215 4959 310 5017 Et:
353 4960 471 5015 Non
522 4962 891 5029 coronabitur,
952 4963 1069 5016 nisi
1123 4964 1219 5032 qui
1249 4962 1490 5033 legitime
1539 4965 1848 5017 certaverit.

215 5047 462 5104 Adhibes
493 5065 724 5121 quoque
757 5054 1035 5121 praeterea
1063 5051 1306 5106 certanti
1349 5055 1582 5106 scutum
1644 5051 1851 5106 divinze

217 5136 603 5209 protectionis,
635 5155 752 5209 quo
785 5139 1070 5194 Dominus
1093 5139 1150 5194 in
1181 5139 1468 5210 propheta
1524 5139 1851 5211 perduelles

216 5241 348 5279 silos
406 5226 742 5281 confortans
796 5226 968 5282 dicit:
1024 5227 1100 5282 Ne
1142 5228 1396 5283 timeasa
1451 5230 1595 5300 facie
1640 5245 1848 5298 eorum,

215 5314 338 5384 quia
357 5329 455 5380 ego
481 5321 661 5369 tecum
690 5329 808 5369 sum
840 5319 902 5370 ut
930 5331 1123 5370 eruam
1153 5323 1223 5383 te,
1255 5315 1389 5371 dicit
1409 5317 1691 5372 Dominus.

278 5401 440 5456 XXV.
473 5402 678 5458 Fateor
706 5403 968 5474 quidem,
997 5403 1363 5472 eharissime,
1424 5420 1560 5461 vera
1606 5411 1749 5462 sunt
1793 5411 1850 5462 et

214 5507 429 5562 raquze
458 5490 530 5546 de
561 5507 762 5547 crassa
790 5492 1008 5548 satirici
1062 5492 1403 5565 Damasippi
1459 5494 1682 5566 profers
1743 5494 1848 5549 Mi-

210 5597 394 5654 nerva,
430 5579 529 5640 ubi
561 5580 854 5656 poeticum
873 5583 1223 5658 figmentum
1246 5581 1721 5659 pbilosophicum
1743 5583 1848 5643 ha-

1970 4610 2217 4669 dieando
2249 4607 2308 4662 in
2331 4622 2581 4662 vacuum
2606 4605 2771 4660 cedat
2795 4604 2892 4675 pia
2925 4603 3254 4659 sollicitudo
3276 4603 3619 4658 laborantis.

2041 4697 2367 4756 XXVI.Jam
2395 4692 3328 4758 tandem,charissime,fateris,ut
3349 4691 3617 4758 arbitror,

1964 4808 2058 4847 me
2091 4788 2190 4844 tali
2229 4783 2768 4856 temporisarticulo
2803 4781 3210 4851 mihitibique,
3233 4785 3289 4833 et
3307 4779 3418 4849 piis
3439 4781 3621 4834 omni-

1962 4884 2092 4944 bus,
2153 4893 2258 4932 nec
2319 4875 2555 4940 frustra,
2621 4889 2722 4927 nec
2783 4872 2969 4926 otiose
3026 4873 3337 4939 exoptasse
3393 4867 3616 4924 otium:

1961 4970 2180 5042 quippe
2211 4963 2446 5036 quando
2482 4978 2586 5017 nec
2622 4961 2890 5028 honesto,
2954 4975 3056 5014 nec
3119 4957 3270 5023 utili,
3333 4955 3422 5011 vel
3467 4961 3620 5013 certe

1961 5058 2137 5129 (quod
2175 5055 2265 5108 his
2299 5050 2599 5122 antiquius
2623 5050 2734 5120 est)
2771 5048 2945 5103 saluti
2971 5065 3082 5102 non
3108 5047 3419 5118 respondet
3441 5062 3618 5120 nego-

1955 5147 2124 5202 tium.
2159 5143 2342 5206 Unde,
2378 5145 2442 5194 ut
2495 5139 2762 5207 arbitror,
2825 5139 2975 5192 veris
3028 5136 3236 5199 victus,
3292 5139 3350 5190 et
3403 5135 3619 5207 quietis

1959 5233 2234 5290 illecebra
2264 5230 2475 5282 ductus
2524 5227 2582 5280 in
2637 5230 2898 5280 nostram
2931 5224 3091 5280 cedis
3147 5224 3456 5291 coloniam,
3512 5241 3617 5279 nec

1963 5323 2135 5387 ultra,
2170 5318 2217 5374 si
2253 5315 2437 5386 sapis,
2469 5313 2733 5368 infensor
2749 5312 2851 5368 otii
2874 5303 3615 5371 contrade'fensoreminsi-

1957 5427 2105 5467 nues
2128 5403 2460 5480 quaerelam.
2497 5401 2568 5457 Ut
2625 5406 2824 5457 autem
2883 5402 3219 5474 pernoveris
3265 5405 3418 5476 quod
3459 5417 3616 5458 nunc

1957 5499 2097 5557 huic
2126 5502 2286 5553 tomo
2307 5492 2558 5548 maxime
2590 5490 2649 5546 in
2680 5507 2860 5548 causa
2888 5497 2996 5557 est,
3022 5493 3164 5548 mihi
3190 5495 3427 5566 quidem
3451 5499 3618 5564 opta-

1957 5584 2335 5663 bile'requiro
2368 5581 2576 5652 otium,
2609 5584 2810 5656 utpote
2840 5582 2942 5659 qui
2968 5581 3140 5658 longe
3155 5582 3444 5662 longeque
3461 5583 3623 5641 ultra
