3966 6212
347 350 464 413 899

1565 340 1987 406 GOZECHINI
2033 340 2566 406 SCHOLASTICI.

3628 336 3776 397 900

351 486 620 553 legitimae
655 480 951 537 missionis
974 481 1189 533 metam
1220 476 1479 532 emeritis
1530 476 1715 530 milito
1773 477 1983 546 Slipcn-
2021 478 2076 543 Α
2107 477 2264 529 deria
2298 478 2704 531 conservantes
2726 474 2835 530 sibi
2868 473 3199 546 magistros,
3230 470 3558 544 prurientes
3589 470 3769 525 auri-

348 576 492 629 diis:
513 574 614 627 tibi
641 587 794 634 vero,
827 568 960 623 licet
978 566 1170 622 adhuc
1200 563 1538 621 succulento
1570 567 1628 620 et
1674 564 1875 627 veridi,
1936 569 1993 617 ot

345 663 459 735 piis
488 660 785 725 omnibus,
818 656 1124 721 tantidem,
1153 654 1294 726 quia
1313 654 1515 720 timeo,
1546 651 1633 708 vel
1650 656 1803 707 certe
1822 652 1990 706 video

347 751 499 823 quod
525 749 583 804 in
608 746 926 803 laborando
958 746 1172 799 frustra
1192 742 1419 798 volvitis
1442 746 1626 797 rotam
1644 739 1987 796 nativitatis.

346 843 531 907 Quare
557 841 749 894 autem
788 836 1022 899 frustra,
1084 832 1223 904 quia
1280 831 1552 903 superius
1613 830 1843 885 abunde
1901 833 1991 884 est

345 942 706 1001 expressum,
739 923 1030 994 castigata;
1082 919 1461 992 disputationi
1519 919 1672 974 idem
1733 921 1991 989 repetere

347 1017 710 1091 superﬂuum
770 1018 877 1067 est.
937 1010 1096 1066 Nosti
1154 1013 1431 1081 praeterea
1482 1008 1636 1079 quod
1690 1006 1873 1063 levita:
1921 1022 1988 1061 ex

346 1106 621 1162 mandato
652 1102 797 1175 legis
826 1118 860 1156 a
890 1116 998 1155 xxv
1028 1097 1199 1153 annis
1226 1102 1285 1151 et
1334 1113 1514 1167 supra
1536 1096 1822 1167 jubentur
1879 1094 1990 1149 mi-

345 1197 630 1259 nistrare;
664 1209 697 1247 a
722 1187 1212 1263 quinquagesimo
1233 1202 1386 1252 vero,
1411 1183 1583 1255 quiet
1601 1182 1884 1238 Juhilaaus
1901 1186 1991 1237 est

344 1291 403 1343 et
458 1280 721 1355 mysticis
779 1275 1193 1333 celeberrimus
1250 1272 1655 1339 sacramentis,
1713 1270 1986 1326 custodes

343 1389 614 1432 vasorum
674 1371 812 1424 fore.
877 1364 1161 1421 Maturius
1219 1366 1414 1417 autem
1464 1358 1591 1432 lege
1640 1358 1984 1414 militarium

345 1462 714 1520 sanctionum
728 1456 767 1510 ti
779 1473 875 1509 ron
885 1471 946 1509 es
963 1452 1302 1507 scribuntur
1315 1450 1385 1504 ad
1411 1448 1677 1503 militiam
1698 1448 1981 1514 ;eamilem

343 1558 564 1616 tamen,
596 1562 772 1620 quam
805 1548 861 1599 et
885 1542 987 1609 illi,
1017 1540 1289 1612 legitima:
1313 1537 1612 1593 missionis
1633 1536 1850 1591 habent
1872 1552 1987 1589 me-

346 1635 783 1697 tam.Cathedra
813 1647 1042 1702 quoque
1074 1627 1358 1683 scliolaris
1382 1625 1707 1698 magisterii
1738 1628 1794 1681 et
1817 1626 1986 1695 juxta

346 1732 561 1786 metam
580 1722 850 1781 militaris
890 1717 1211 1791 disciplina:
1245 1718 1302 1770 in
1334 1715 1668 1771 auditorum
1714 1713 1983 1769 cateche-

343 1834 475 1875 scos
495 1813 926 1883 habetjanuam
952 1806 1362 1873 institutionis,
1387 1804 1486 1858 sed
1502 1802 1670 1873 longe
1693 1801 1983 1857 maturius

344 1902 666 1962 absolvitur
685 1899 837 1955 exitu
864 1893 1203 1951 necessariae
1227 1891 1735 1960 missionis.Cujus
1766 1888 1985 1944 laboris

343 2000 597 2065 tempus,
631 1989 770 2061 quia
802 1984 945 2041 nihil
976 1981 1275 2038 difficilius
1306 1981 1417 2035 sub
1449 1978 1570 2034 sole
1601 1977 1842 2050 geritur,
1895 1975 1984 2033 vel

344 2081 499 2155 quod
523 2078 709 2151 magis
738 2073 982 2147 operarii
1020 2071 1109 2126 sui
1140 2070 1291 2124 vires
1321 2067 1646 2134 exhauriat,
1679 2083 1713 2122 a
1753 2067 1983 2139 sapien-

341 2154 500 2226 tibus
531 2165 879 2241 praafinitum
913 2165 1001 2216 est
1024 2156 1441 2231 septenne,nisi
1475 2156 1546 2210 de
1576 2158 1777 2210 caetero
1812 2154 1863 2210 is
1884 2155 1984 2226 qui

344 2263 570 2334 praeest,
605 2253 948 2312 auctoritate
981 2248 1309 2321 praesideat,
1341 2243 1709 2334 nonilabore.
1769 2242 1984 2297 Omnes

344 2333 539 2420 itaque
568 2345 677 2400 has
704 2346 908 2405 metas,
946 2338 1155 2410 partim
1188 2340 1273 2401 tu,
1319 2333 1685 2399 charissime,
1718 2348 1780 2387 ex
1842 2335 1982 2398 toto,

344 2432 834 2510 egojamdudum,
850 2425 1267 2497 transegimus,
1289 2422 1547 2510 etadhuc
1559 2420 1829 2493 geminus
1843 2420 1982 2510 sub-

345 2508 525 2591 fasce,
556 2521 747 2577 adhuc
775 2518 833 2571 in
866 2516 1070 2571 eodem
1092 2512 1452 2568 desudamus
1484 2509 1708 2578 labore;
1734 2514 1791 2564 et
1820 2508 1982 2564 nulla

346 2608 515 2672 nobis
555 2610 744 2666 adhuc
775 2605 971 2662 arrisit
995 2603 1183 2675 gratia
1213 2599 1434 2657 emeriti
1468 2598 1727 2667 honoris,
1763 2616 1890 2671 quae
1919 2616 1987 2654 ex

347 2719 513 2776 aequo
568 2700 905 2769 compenset
961 2693 1142 2747 vicem
1202 2690 1348 2746 tanti
1407 2688 1643 2744 laboris.
1702 2689 1824 2743 Non
1875 2691 2021 2755 est,

346 2797 554 2868 praeter
581 2785 896 2845 admodum
926 2797 1162 2855 paucos,
1195 2779 1295 2868 qui
1326 2795 1472 2868 opus
1504 2778 1644 2868 illud
1674 2780 1985 2868 retractet,

348 2865 463 2939 non
487 2883 575 2936 est
606 2876 704 2949 qui
737 2866 1334 2944 recogitet.Liberales
1351 2867 1506 2923 enim
1541 2865 1860 2937 disciplina:
1884 2866 1989 2920 mi-

348 2971 462 3027 mis
492 2972 547 3024 et
577 2961 963 3025 histrionibus
995 2957 1434 3031 posthabentur,
1468 2959 1525 3010 et
1554 2970 1699 3027 pene
1756 2972 1859 3026 per
1899 2958 1986 3008 ta-

349 3061 562 3115 bernas
612 3050 943 3109 mendicare
986 3047 1276 3111 videntur,
1335 3044 1582 3118 pecunia
1610 3043 1711 3098 illa
1741 3058 1983 3114 super...

348 3144 858 3223 philosophantur,
881 3152 1219 3193 mammona
1231 3151 1407 3207 super
1419 3149 1583 3206 reges
1600 3132 1987 3223 ettetrarchas

2102 563 2236 625 bus,
2268 564 2435 619 vanis
2465 566 2521 618 et
2551 563 2841 635 pestiferis
2871 561 3195 618 inserviunt
3213 576 3422 616 vocum
3448 558 3539 616 vel
3599 575 3770 631 qum-

2101 653 2361 707 stionum
2395 652 2778 708 novitatibus:
2803 654 2860 707 et
2889 651 2987 723 qui
3022 649 3213 706 adhuc
3237 650 3461 705 nudum
3489 652 3549 705 et
3574 647 3768 705 molle

2105 739 2298 796 lutum
2333 741 2390 795 in
2409 745 2536 797 rota
2564 740 2883 813 disciplina:
2909 740 3113 795 artifici
3134 737 3765 812 polliceetvehementi

2099 832 2269 886 torno
2301 830 2536 886 formari
2573 830 2845 886 deberent
2875 829 2935 884 in
2965 845 3104 884 vasa
3152 826 3370 901 gloriae,
3403 827 3477 882 ab
3514 826 3653 884 inde
3697 828 3760 885 in

2101 922 2339 974 externa
2364 919 2667 992 fugitando
2702 918 3050 985 resilientes,
3079 915 3566 972 deformanturin
3623 917 3761 974 visa

2100 1007 2605 1073 contumeliaQui
2627 1006 2856 1062 etiamsi
2878 1006 3097 1078 aliquid
3117 1009 3386 1061 extremae
3398 1003 3484 1060 vel
3499 1004 3759 1078 garrula

2100 1096 2409 1166 cujusdam
2444 1095 2698 1151 scientiae
2731 1094 3028 1167 colliganti
3063 1112 3165 1167 per
3193 1093 3534 1163 eruditoria,
3576 1095 3754 1167 quasi

2096 1183 2224 1255 vagi
2254 1183 2633 1256 palantesque
2663 1183 2826 1240 nullo
2875 1184 3126 1239 contenti
3185 1182 3539 1238 discursant.
3600 1184 3757 1251 Quia

2099 1271 2170 1326 de
2202 1273 2465 1328 moribus
2495 1279 2776 1338 extrema,
2808 1273 2895 1328 vel
2918 1262 3077 1329 nulla
3109 1271 3352 1345 quaestio
3381 1276 3488 1341 est,
3530 1273 3753 1330 reversi

2096 1359 2167 1414 ad
2199 1377 2359 1428 suos,
2394 1378 2643 1418 excusso
2673 1362 2748 1417 ab
2779 1362 3069 1417 indomita
3083 1361 3304 1417 cervice
3332 1361 3750 1435 timorisjugo,

2096 1453 2155 1503 et
2182 1448 2448 1521 disrupta
2478 1449 2799 1522 disciplinae
2861 1451 3049 1516 freno,
3107 1449 3335 1521 seipsos
3390 1448 3610 1521 perdite
3654 1449 3749 1505 vi-

2094 1537 2304 1606 vendo,
2339 1536 2483 1593 alios
2515 1538 2801 1594 fermento
2833 1538 3068 1594 malitia:
3099 1538 3542 1611 corrumpendo,
3583 1541 3742 1593 totos

2105 1622 2345 1697 rapiunt
2374 1627 2432 1680 in
2465 1642 2740 1699 praeceps.

2166 1713 2418 1769 XXVIII.
2452 1714 2700 1779 Quidam
2731 1731 2864 1771 vero
2897 1715 3033 1772 facti
3064 1733 3181 1772 sua
3213 1716 3524 1788 cujusdam
3572 1713 3749 1770 insti-

2096 1801 2349 1858 tutionis
2424 1802 2940 1876 pseudomagistri,
2998 1805 3142 1860 dum
3199 1810 3421 1860 certum
3474 1804 3757 1877 ignorant

2099 1906 2377 1962 praesepe,
2409 1891 2594 1947 necin
2628 1908 2737 1947 sua
2783 1909 2910 1964 qua:
2941 1909 3057 1948 non
3108 1893 3343 1959 habent,
3378 1910 3442 1949 se
3497 1894 3760 1965 possunt

2104 1979 2379 2050 recipere,
2406 1978 2515 2036 hac
2540 1980 2676 2038 illac
2727 1998 2830 2054 per
2873 1980 3040 2036 villas
3098 1997 3393 2053 pagosque
3448 1982 3761 2053 urbesque

2098 2067 2586 2136 circumcursant,
2610 2085 2789 2125 novas
2818 2066 3101 2137 Psalterii,
3126 2066 3310 2133 Pauli,
3359 2067 3763 2139 Apocalypsis

2094 2154 2370 2211 lectiones
2400 2157 2657 2224 tradunt,
2715 2158 3079 2227 juventutem
3131 2172 3410 2211 novorum
3459 2155 3756 2227 cupidam

2095 2243 2347 2301 levitatis
2363 2244 3119 2316 pedissequam,disciplinm
3134 2245 3759 2318 refugam,postseper

2094 2333 2456 2406 voluptatum
2488 2331 2729 2388 declivia
2749 2332 3017 2388 trahunt:
3049 2333 3433 2389 reverentiam
3478 2332 3748 2406 discipli-

2096 2438 2203 2487 nae,
2227 2420 2644 2491 subjectionem
2670 2421 3032 2483 obedientim,
3057 2422 3491 2478 observantiam
3517 2421 3748 2495 religio-

2094 2510 2207 2578 nis,
2241 2514 2537 2582 postremo
2561 2510 2756 2566 omnia
2773 2510 3058 2582 regularis
3074 2510 3198 2564 vitae
3232 2510 3436 2567 munia
3475 2510 3750 2584 perditis-

2094 2600 2245 2655 sima
2268 2616 2497 2654 morum
2531 2600 2901 2671 corruptione
2932 2600 3319 2655 confundunt.

2163 2688 2351 2743 XXIX.
2377 2688 2445 2742 Et
2472 2704 2545 2743 ne
2575 2688 2722 2743 forte
2749 2704 2841 2742 me
2862 2691 3033 2760 putes
3067 2688 3125 2743 in
3185 2688 3525 2761 hujusmodi
3575 2690 3746 2747 dero-

2094 2777 2287 2850 gantis
2316 2776 2529 2849 lingua:
2559 2775 2677 2831 tela
2696 2775 2961 2848 dirigere,
2994 2781 3050 2832 et
3066 2794 3369 2845 novorum,
3404 2778 3522 2834 imo
3547 2778 3748 2836 melio-

2097 2884 2226 2921 rum
2261 2865 2732 2939 suggillationem
2763 2864 3048 2922 invidiose
3070 2871 3299 2933 texere;
3333 2884 3448 2923 non
3501 2867 3745 2926 omnino

2096 2957 2301 3011 credas
2330 2956 2521 3010 verbis
2557 2956 2719 3022 meis,
2755 2956 2921 3010 crede
2943 2953 3137 3027 potius
3171 2954 3357 3012 oculis
3386 2959 3445 3012 et
3501 2957 3746 3013 auribus

2094 3046 2233 3100 tuis.
2267 3045 2436 3111 Vide,
2470 3044 2517 3098 si
2553 3043 2759 3116 placet,
2806 3060 2982 3115 quam
3016 3061 3173 3100 sanas
3230 3044 3531 3114 doctrinae,
3564 3061 3744 3118 quam

2097 3133 2355 3190 salubris
2384 3132 2525 3188 disci
2535 3131 2703 3204 plinas
2724 3130 2976 3204 theologi
3002 3132 3072 3188 de
3093 3132 3417 3189 Turonensi
3438 3138 3746 3207 emergant

349 3199 624 3297 gmnibuis
645 3199 997 3288 ἀοηιίηάιυν,
1022 3226 1104 3281 Ad
1137 3199 1455 3288 summam,
1511 3222 1711 3278 omnia
1757 3221 1988 3276 virtutis
2016 3199 2060 3265 C
2099 3222 2521 3286 academia,cui
2547 3221 2813 3289 praesidet
2833 3219 3132 3291 apostolus
3160 3220 3259 3277 ille
3279 3223 3506 3279 Seiane
3527 3199 3742 3280 Beren-

350 3326 589 3403 praamia
614 3320 808 3379 feralis
830 3317 1090 3390 possidet
1115 3313 1373 3381 avaritia,
1397 3316 1454 3368 et
1482 3312 1538 3366 in
1572 3327 1751 3381 regno
1810 3327 1988 3403 pecu-

351 3398 459 3475 nia:
491 3413 732 3471 ambitio
758 3426 865 3467 sua
892 3410 1047 3462 taxat
1077 3402 1474 3459 mercimonia.
1502 3400 1645 3465 Quid
1682 3398 1990 3454 detaniilis

352 3506 521 3563 nobis
542 3502 851 3559 credamus
899 3497 1186 3557 futurum,
1245 3492 1343 3547 ubi
1394 3490 1617 3562 lapides
1674 3487 1987 3543 sanctuarii

351 3593 598 3668 dispersi
622 3595 762 3647 sunt
789 3588 848 3642 in
881 3584 1067 3656 capite
1109 3581 1375 3636 omnium
1435 3577 1801 3651 platearum?
1856 3578 1990 3642 Quae

350 3667 483 3741 vero
513 3678 735 3754 sperari
760 3675 846 3733 vel
870 3670 1202 3744 coneupisci
1237 3672 1446 3741 potest,
1479 3671 1580 3722 aut
1635 3667 1990 3738 dignitatum

352 3769 727 3835 ministratio,
751 3769 854 3822 aut
883 3760 1237 3835 spiritalium
1270 3771 1542 3811 vasorum
1566 3755 1855 3819 custodia,
1891 3756 1987 3808 ubi

352 3879 465 3919 non
498 3876 633 3915 vasa
664 3850 1073 3911 misericordiae
1102 3850 1424 3919 praaparata
1453 3845 1511 3899 in
1573 3843 1840 3916 gloriam,
1891 3844 1989 3897 sed

350 3952 569 4023 ubique
600 3946 869 4001 videntur
896 3955 1035 3994 vasa
1063 3938 1163 3993 iris
1196 3935 1405 4008 aptain
1429 3934 1755 4001 interitum,
1786 3950 1813 3986 a
1838 3934 1994 3987 vasis

351 4044 709 4097 craterarum
739 4046 926 4102 usque
949 4028 1018 4081 ad
1053 4041 1225 4082 omne
1244 4041 1345 4080 vas
1377 4023 1737 4078 musicorum
1755 4023 1781 4075 Ξ)

420 4126 637 4185 XXVII.
671 4124 752 4179 Ex
782 4119 984 4175 eadem
1009 4116 1205 4187 itaque
1230 4113 1483 4170 toxicata
1506 4111 1757 4166 avaritia:
1780 4109 1991 4177 radice,

350 4222 408 4276 et
435 4234 503 4273 ex
530 4214 641 4270 hoc
672 4208 947 4283 pestifero
976 4203 1328 4258 zizaniorum
1362 4200 1605 4268 semine,
1654 4198 1811 4254 mala
1869 4203 1997 4254 orta

349 4311 437 4364 est
455 4308 513 4360 et
540 4298 799 4375 quotidie
821 4297 881 4351 in
906 4294 1071 4366 pejus
1102 4291 1349 4364 pullalat
1374 4288 1627 4344 exitialis
1663 4304 1891 4343 morum
1938 4293 1995 4342 et

353 4390 673 4464 disciplinae
696 4389 947 4459 jactura,
979 4384 1123 4438 adeo
1157 4386 1222 4436 ut
1250 4381 1309 4434 in
1329 4377 1492 4434 nullo
1515 4376 1798 4447 regularis
1819 4376 1995 4429 officii

355 4480 636 4555 regimine
662 4477 834 4533 liceat
864 4474 949 4530 uti
983 4470 1229 4527 solemni
1263 4470 1553 4539 majorum
1604 4482 1851 4520 censura
1908 4464 1994 4521 vel

2096 3311 2315 3384 garius.
2334 3309 2954 3380 Vide,inquam,quam
2978 3309 3465 3381 pestilentes,imo
3484 3311 3740 3369 letliiferi

2096 3400 2432 3471 scorpiones
2463 3402 2520 3452 et
2551 3396 2732 3469 reguli
2766 3396 2837 3451 de
2866 3397 3129 3453 cavernis
3190 3404 3500 3472 erumpant
3554 3400 3742 3457 totius

2099 3488 2281 3545 nostri
2312 3485 2594 3558 temporis
2625 3484 2981 3558 Babyloniae;
3032 3487 3133 3559 qui
3191 3488 3586 3546 haeresiarcbm
3644 3489 3738 3545 sui

2101 3581 2290 3634 musto
2308 3575 2537 3642 ebrii,et
2556 3591 2775 3630 veneno
2810 3574 3075 3642 delibuti,
3108 3577 3179 3633 de
3201 3578 3384 3632 sacris
3422 3576 3743 3650 sacrilegas

2099 3666 2482 3723 introducunt
2499 3664 2783 3719 novitates
2794 3664 3181 3735 quaestionum
3194 3667 3282 3730 .ad
3300 3666 3445 3721 nihil
3461 3666 3746 3733 utiles,ni-

2102 3758 2147 3814 si
2176 3757 2244 3809 ad
2282 3754 2720 3809 subversionem
2754 3752 3148 3810 audientium:
3180 3772 3430 3827 quorum
3459 3772 3652 3812 sermo
3682 3760 3745 3811 ut

2104 3862 2307 3900 cnn"er
2328 3842 2506 3915 serpit
2531 3860 2544 3910 ;
2578 3841 2717 3913 quia
2741 3842 3006 3910 scientia,
3034 3859 3162 3915 qua;
3190 3844 3375 3912 inflat,
3408 3861 3525 3900 non
3568 3844 3746 3901 adifi-

2105 3942 2215 4000 cat,
2245 3933 2343 3989 sed
2371 3931 2675 3989 subvertit.

2174 4022 2340 4080 XXX.
2374 4020 2473 4077 Isti
2505 4020 2576 4075 de
2605 4020 2781 4076 rebus
2812 4021 3221 4088 sacrosanctis,
3278 4022 3349 4078 de
3414 4023 3747 4080 coelestibus

2104 4112 2323 4170 scilicet
2353 4109 2759 4175 sacramentis,
2794 4125 2922 4181 qua
2954 4108 3139 4165 sancti
3171 4110 3392 4179 Patres,
3424 4112 3658 4185 quoties
3679 4110 3745 4168 ad

2104 4220 2173 4260 ea
2201 4218 2265 4257 se
2309 4199 2562 4257 audebat
2603 4201 2885 4254 tractatus
2931 4214 3133 4254 eorum
3170 4198 3456 4271 attollere,
3487 4202 3749 4259 videntes

2106 4309 2175 4348 ea
2206 4306 2318 4346 non
2350 4286 2541 4345 solum
2564 4287 3032 4354 sermonem,sed
3051 4288 3564 4348 etiambumanam
3582 4308 3749 4364 supe-

2105 4396 2233 4436 rare
2255 4376 2559 4441 rationem,
2590 4380 2647 4430 et
2674 4380 3016 4443 reverenter,
3048 4379 3113 4430 ut
3137 4379 3461 4449 oportebat,
3512 4380 3753 4452 attinge-

2105 4471 2286 4535 bant;
2319 4470 2394 4533 et,
2425 4465 2524 4521 ubi
2556 4481 2703 4537 Opus
2751 4468 2895 4533 erat,
2943 4464 3227 4521 habentes
3289 4468 3499 4523 clavim
3555 4468 3750 4535 David,

357 4552 693 4629 ferulazsed
721 4566 769 4623 si
793 4565 1069 4644 tortuosis
1084 4559 1355 4615 vitiortim
1379 4555 1737 4611 anfractibus
1763 4572 2002 4610 manum
2034 4566 2080 4630 D
2114 4555 2314 4615 subtili
2345 4552 2997 4625 discretioneaperiendi
3031 4557 3088 4609 et
3114 4554 3445 4623 claudendi,
3464 4563 3751 4630 quantum

357 4663 415 4718 in
436 4663 598 4732 virga
637 4654 974 4713 directionis
1016 4649 1256 4706 stimulo
1302 4647 1673 4716 repressum.
1722 4644 2000 4699 continuo

357 4768 458 4825 pro
489 4747 814 4820 majoribus
837 4742 1073 4816 quidem
1090 4743 1185 4791 aut
1221 4733 1838 4825 multitudosimilium
1870 4750 2001 4804 pro-

358 4821 669 4915 pugnatrix
700 4839 802 4890 aut
850 4828 1097 4904 pecunia
1140 4823 1495 4879 defcnsatrix
1561 4821 1800 4915 accedat
1826 4839 1860 4915 τ’
1903 4839 2003 4893 pro

358 4909 690 4986 minoribus
711 4939 844 4980 vero
871 4924 972 4975 aut
998 4917 1317 4971 immatura
1345 4912 1606 4977 libertas,
1658 4909 1754 4965 aul
1808 4910 2005 4966 allatis

360 5020 607 5094 pedibus
622 5017 757 5087 fuga
783 5007 1081 5066 liberatrix
1100 5001 1554 5094 intercedat.Sed
1590 5001 1661 5053 de
1684 5000 2007 5094 majoribus

359 5089 530 5167 silere
553 5099 913 5179 praestiterit:
944 5095 1153 5149 veritas
1175 5091 1329 5145 enim
1354 5089 1551 5142 odium
1582 5089 1748 5156 parit.
1777 5093 1849 5140 At.
1872 5104 2005 5141 vero

358 5198 415 5255 hi
452 5177 775 5269 qui‘adbuc
807 5187 916 5243 sub
951 5181 1201 5240 scholari
1232 5178 1414 5234 ferula
1444 5177 1744 5269 erudiendi
1789 5180 2005 5243 essent,

360 5264 794 5361 quiaignavize,
828 5272 1104 5332 socordia:
1136 5274 1192 5327 et
1236 5268 1342 5324 deo
1400 5282 1506 5322 suo
1564 5264 1747 5361 ventri
1798 5281 2010 5361 manus

361 5352 668 5439 dederunt,
714 5370 855 5423 dum
913 5361 1128 5420 instrui
1180 5358 1477 5429 refugiunt
1533 5354 1603 5410 ad
1663 5352 2006 5427 gravitatem

362 5462 603 5521 moralis
634 5456 975 5528 disciplinas,
1008 5456 1074 5508 ut
1105 5450 1245 5506 levis
1294 5445 1462 5519 palea
1516 5443 2012 5499 circumferuntur

362 5551 522 5609 omni
552 5544 1036 5611 ventodoctrinze,
1060 5546 1137 5608 et,
1157 5541 1328 5611 juxta
1346 5532 1619 5592 eumdem
1641 5531 2008 5604 Apostolum,

365 5654 570 5700 sanam
601 5631 931 5695 doctrinam
960 5647 1076 5693 non
1108 5627 1492 5694 sustinentes,
1516 5622 1617 5682 sed
1634 5621 1708 5684 ad
1729 5637 1838 5682 sua
1854 5620 2007 5680 desi-

2111 4648 2182 4703 ad
2217 4644 2590 4701 sobrietatem
2618 4642 2982 4714 sapientibus
3005 4641 3150 4698 satis
3177 4648 3352 4707 esset,
3374 4662 3443 4701 ea
3472 4646 3752 4702 catholico

2112 4734 2510 4807 exponebant:
2545 4732 2614 4787 de
2643 4731 2759 4797 his,
2790 4731 3055 4802 inquam,
3079 4732 3255 4789 rebus
3284 4738 3340 4789 et
3370 4736 3750 4790 sacramentis

2112 4828 2169 4880 et
2190 4839 2367 4879 novas
2396 4824 2452 4876 et
2482 4817 2819 4892 peregrinas
2839 4819 3064 4874 cudunt
3093 4837 3127 4876 a
3159 4821 3271 4875 ﬁde
3303 4821 3752 4894 intelligentias;

2112 4919 2169 4970 et
2194 4914 2323 4984 ipsa
2335 4911 2701 4966 sacramenta
2720 4906 3135 4980 coelestia,quze
3154 4910 3212 4964 in
3227 4909 3391 4965 altari
3405 4926 3751 4965 consecran-

2112 5001 2500 5067 tur,dieentes
2514 4997 2783 5053 umbram
2799 5013 2926 5052 esse
2941 4997 3534 5069 nonveritatem(quod
3551 4996 3759 5071 lingua

2116 5088 2413 5159 ret‘ugit,et
2435 5086 2671 5141 auditus
2694 5085 3105 5157 perhorrescit)
3124 5085 3373 5141 obnoxia
3393 5086 3757 5143 contendunt

2114 5176 2299 5234 ventri
2330 5181 2386 5232 et
2416 5173 2670 5231 secessui
2695 5175 2865 5245 juxta
2886 5175 3105 5231 naiura:
3155 5176 3584 5245 necessitatem,
3635 5192 3759 5248 quae

2117 5264 2339 5322 scilicet
2367 5267 2592 5319 natura
2624 5261 2899 5317 dominus
2930 5262 2988 5317 in
3022 5263 3232 5319 fcndere
3256 5263 3528 5319 humana:
3561 5280 3757 5320 recon-

2118 5351 2429 5410 ciliationis
2460 5349 2883 5420 omnipotentis
2915 5367 3025 5406 sua
3056 5358 3492 5408 sacramentum
3526 5352 3678 5421 fecit,
3708 5354 3761 5408 et

2119 5442 2461 5500 Christiane
2477 5438 2688 5495 animas
2708 5453 2904 5493 escam
2932 5440 3326 5511 spiritualem,
3350 5441 3507 5497 unde
3526 5441 3587 5497 in
3608 5445 3761 5498 aeter-

2120 5546 2261 5587 num
2292 5529 2469 5596 vivat,
2502 5525 2679 5582 dedit.
2713 5525 2813 5582 Isti
2835 5529 3110 5586 eumdem
3134 5546 3356 5603 agnum
3406 5528 3762 5604 pasehalem,

2119 5619 2221 5700 qui
2288 5616 2494 5679 eadem
2543 5619 2916 5677 sacramenta
2971 5616 3033 5679 in
3083 5618 3350 5697 seipsum
3397 5618 3769 5685 inmobiliter
