3966 6212
183 338 318 402 901

1367 341 1751 404 EPISTOLA
1793 341 1895 404 AD
1938 341 2036 407 VA
2049 344 2448 408 LCHERUM.

3489 352 3606 410 902

186 475 630 531 transformans
652 471 822 531 nobis
842 470 1105 530 condidit
1129 475 1186 528 et
1204 474 1581 542 consecravit,
1607 476 1851 531 crudum
1882 481 1937 545 Α
2036 477 2277 532 XXXIII.
2307 479 2436 534 llrec
2467 479 2662 535 omnia
2693 477 2987 550 sapienter
3014 480 3276 551 despexit
3300 482 3603 538 Heriman-

185 563 287 620 vel
312 567 543 619 coctum
572 579 743 635 aqua,
771 579 887 619 non
908 579 1110 618 assum
1133 561 1250 635 igni
1269 563 1604 618 comedunt.
1629 565 1850 636 etquod

193 653 336 725 ejus
364 653 666 709 residuum
698 656 805 720 est,
839 656 897 706 et
924 666 1156 722 semper
1183 651 1292 706 erit
1321 651 1485 722 (quia
1515 651 1713 706 nullus
1745 670 1853 707 un-

191 759 384 813 quam
416 741 700 805 mortalis,
735 738 1172 812 quantumlibet.
1202 739 1413 806 sciens,
1464 741 1536 794 ad
1567 740 1854 796 incarnati

188 831 375 886 Verbi
403 846 682 886 arcanum
707 829 878 901 plena
901 827 1286 901 intelligentia
1314 829 1373 883 in
1407 829 1516 885 hac
1535 829 1654 884 vita
1676 845 1854 902 pene-

190 924 357 975 trare
380 918 587 991 potuit,
615 923 719 973 aut
754 918 1006 990 poterit),
1040 918 1162 990 igni
1193 934 1307 973 non
1339 919 1712 974 comburunt.
1752 919 1852 974 Isti

190 1007 588 1080 improvidam
631 1007 1056 1078 simpliciorum
1111 1007 1356 1062 fratrum
1407 1007 1767 1075 facilitatem,
1800 1012 1856 1062 et

193 1096 457 1153 maxime
477 1096 769 1152 curiosam
793 1095 1247 1151 discurrentium
1264 1095 1642 1168 perfugarum
1663 1095 1856 1151 levita-

195 1191 324 1242 tem
357 1203 503 1241 novo
551 1185 806 1257 quodam
855 1183 1096 1240 decendi
1143 1184 1429 1240 lenocinio
1476 1189 1850 1256 occupantes,

197 1275 399 1345 primo
429 1275 618 1346 ipsam
650 1273 1085 1344 Scripturarum
1117 1273 1508 1344 superﬁciem,
1541 1274 1709 1344 quasi
1732 1273 1853 1345 pla-

199 1379 345 1418 nam
365 1363 435 1418 ad
453 1361 932 1434 septicolomnem
955 1362 1254 1434 sapientiai
1272 1363 1511 1417 domum
1539 1363 1857 1417 ostendunt

198 1454 381 1519 \iam,
417 1458 473 1506 et
503 1456 741 1521 rectam,
779 1451 940 1506 velut
971 1452 1044 1506 ad
1075 1456 1308 1522 portum
1357 1450 1568 1508 salutis
1613 1451 1855 1506 demon—

201 1546 398 1596 strant
442 1541 753 1597 semitam:
806 1540 1016 1596 deinde
1062 1539 1392 1612 sophisticae
1439 1538 1854 1612 disputationis

203 1630 432 1686 retibus
463 1635 686 1702 captos,
718 1633 776 1685 et
805 1628 1057 1684 carnalis
1085 1627 1337 1684 scientiis
1356 1628 1658 1684 accumine
1680 1627 1852 1683 hebe-

205 1722 382 1784 tatos,
443 1734 546 1789 per
591 1717 884 1790 captiosos
940 1716 1278 1772 necessariae
1331 1717 1854 1789 argumentationis

202 1807 437 1862 ducunt
465 1806 803 1862 anfractus:
837 1806 1019 1860 donec
1047 1809 1319 1904 extranea
1349 1809 1406 1859 et
1458 1821 1492 1859 a
1533 1804 1720 1903 salute
1747 1820 1849 1902 pe-
1887 1840 1934 1904 Β

201 1895 443 1968 regrina
470 1894 843 1967 questionum
868 1894 1116 1949 novitate
1136 1892 1379 1965 pulchre
1415 1894 1486 1948 ad
1541 1893 1856 1965 perniciem

203 1985 553 2056 instructos,
594 2000 712 2039 una
756 2000 956 2039 secum
999 1983 1342 2054 demergant
1388 1982 1446 2036 in
1497 1986 1739 2054 puteum
1772 1981 1858 2036 in-

201 2073 444 2129 teritus.

278 2161 465 2217 XXXI.
499 2161 670 2217 Tales
701 2177 838 2231 ergo
869 2160 1007 2232 quia
1038 2177 1153 2215 non
1185 2159 1521 2223 advertunt,
1557 2160 1710 2230 quod
1745 2175 1860 2214 non

204 2251 468 2306 humano
498 2256 600 2306 aut
625 2250 820 2305 saeculi
853 2265 1032 2305 sensu
1072 2250 1129 2302 in
1163 2247 1264 2304 Dei
1298 2248 1475 2304 rebus
1510 2248 1588 2302 sit
1620 2247 1861 2319 loquen-

212 2341 382 2408 dum,
415 2340 690 2411 quodque
717 2338 1017 2393 inventum
1051 2336 1165 2392 mel
1187 2337 1259 2391 ad
1283 2336 1723 2402 sufficientiam,
1746 2354 1860 2391 non

211 2445 404 2500 usque
425 2428 496 2483 ad
520 2443 799 2483 nauseam
820 2427 896 2482 sit
917 2426 1364 2493 comedendum,
1409 2427 1550 2481 dum
1592 2442 1700 2480 sua
1731 2426 1860 2481 freti

211 2516 504 2589 sapientia
533 2515 780 2571 nimium
811 2515 1138 2586 majestatis
1167 2515 1460 2586 profunda
1503 2517 1860 2583 scrutantur,

209 2605 473 2678 oppressi
491 2603 722 2676 agloria
734 2604 790 2659 in
805 2621 1068 2660 errorum
1085 2603 1374 2676 profunda
1393 2603 1860 2675 praecipitantur:

210 2700 269 2750 et
299 2695 440 2750 dum
472 2694 830 2766 imprudenti
862 2693 1114 2750 carnalis
1145 2693 1450 2764 sapientiae
1481 2693 1727 2747 audacia
1756 2692 1863 2765 lip-

213 2784 443 2856 pientes
472 2783 672 2838 oculos
689 2781 1253 2850 animalishominis,
1275 2781 1375 2852 qui
1396 2798 1510 2836 non
1535 2781 1783 2854 percipit
1799 2798 1866 2838 ea

211 2889 344 2942 qua:
376 2871 470 2926 Dei
505 2874 664 2939 sunt,
694 2871 753 2925 in
796 2887 996 2926 verum
1047 2869 1239 2925 Solem
1293 2869 1545 2942 defigere
1574 2869 1862 2939 nituntur,

217 2959 412 3031 ipsius
445 2959 751 3015 inaccessae
773 2958 923 3014 lucis
946 2959 1124 3016 radiis
1156 2959 1506 3030 repercussi,
1528 2958 1587 3013 in
1618 2959 1864 3014 exterio-

220 3066 316 3104 res
344 3064 604 3104 errorum
652 3048 916 3104 tenebras
964 3047 1369 3119 projiciuntur.
1421 3047 1518 3103 Isti
1550 3048 1621 3102 de
1652 3048 1866 3104 divinis

219 3141 722 3192 sacramentorum
755 3135 1064 3208 mysteriis,
1088 3153 1320 3208 semper
1343 3136 1578 3209 quidem
1602 3153 1865 3193 reveren-

1965 583 2076 620 nus
2112 567 2436 633 Ιὶυιηθιιεὶε,
2485 574 2668 641 Drogo
2700 567 3013 636 Pariensis,
3059 569 3349 641 Spirensis
3387 572 3606 628 Huore-

1964 672 2240 720 manuus,
2277 657 2772 729 Bavenbergensis
2817 657 3214 721 Meiubardus,
3248 667 3305 714 et
3335 666 3609 731 praeterea

1963 743 2157 809 multi,
2191 750 2246 799 et
2277 751 2636 816 praestantes,
2659 750 2717 801 et
2746 748 3049 819 praecipuae
3084 750 3448 805 auctoritatis
3478 751 3605 819 viri,

1964 831 2086 902 qui,
2138 833 2395 903 praecisis
2445 835 2771 905 speciebus,
2842 841 2899 888 et
2957 836 3242 891 abdicatis
3286 837 3607 906 laboribus,

1963 920 2176 976 studiis
2225 921 2649 990 valelecerunt;
2703 928 2759 976 et
2806 923 3052 994 sapienti
3109 927 3347 980 consilio
3398 928 3508 996 usi,
3550 929 3608 984 in

1963 1008 2265 1081 theologia:
2297 1010 2479 1064 otium
2511 1018 2944 1066 concesserunt.
2985 1015 3097 1084 ligo
3133 1032 3261 1069 vero
3295 1017 3433 1087 quid
3469 1018 3610 1073 face-

1963 1113 2086 1152 rem
2107 1099 2247 1152 ?cur
2273 1115 2385 1152 non
2409 1098 2563 1154 idem
2588 1101 2713 1154 vitae
2729 1103 3091 1171 prOpositum
3119 1104 3187 1157 de
3209 1113 3412 1160 ca-Iero
3438 1105 3610 1178 elige-

1964 1201 2086 1240 rem
2109 1186 2135 1239 ?
2157 1187 2273 1258 Ego
2296 1204 2428 1242 vero
2454 1204 2520 1242 ac
2543 1188 2772 1242 lubens.
2799 1190 2879 1243 Ad
2908 1191 3012 1243 I‘oc
3037 1192 3188 1245 enim
3232 1194 3337 1248 etsi
3363 1211 3609 1266 genera-

1963 1272 2037 1328 lis
2067 1273 2297 1346 piorum
2331 1277 2595 1330 omnium
2628 1277 2864 1346 querela
2903 1279 2984 1331 vel
3041 1296 3215 1333 causa
3245 1299 3334 1335 me
3368 1300 3478 1338 non
3512 1302 3607 1338 ur-

1964 1367 2140 1433 geret,
2192 1362 2508 1434 singularis
2574 1370 2767 1419 tamen
2834 1367 2957 1418 vita:
3027 1385 3162 1421 mea:
3203 1370 3504 1439 decursus,
3555 1379 3612 1429 et

1965 1467 2158 1505 rerum
2185 1468 2446 1506 mearum
2470 1460 2783 1524 proventus
2809 1471 2897 1507 me
2924 1456 3070 1508 idem
3093 1456 3305 1527 eligere
3327 1460 3472 1513 satis
3495 1478 3614 1516 mo-

1963 1539 2293 1594 neret.Vita2
2316 1558 2570 1614 namque
2582 1545 2864 1598 decursus
2885 1546 3035 1597 conti
3051 1563 3160 1597 nuo
3177 1546 3391 1602 laboris
3412 1551 3612 1605 attritu

1963 1630 2161 1684 eII‘etas
2201 1630 2487 1698 exhaurit,
2523 1631 2570 1686 si
2605 1649 2729 1702 quae
2764 1639 3100 1703 supersunt,
3151 1637 3411 1706 corporis
3441 1639 3613 1708 vires,

1962 1721 2019 1771 et
2038 1723 2419 1788 praematuras
2455 1719 2736 1791 inspergit
2774 1722 2945 1792 capiti
2989 1723 3147 1776 nives
3176 1739 3187 1777 :
3215 1724 3369 1779 unde
3399 1730 3455 1780 et
3487 1743 3616 1782 ma-

1964 1810 2165 1861 turum
2187 1807 2328 1861 mihi
2357 1808 2613 1862 minatur
2633 1808 2893 1869 exitium,
2926 1810 3032 1864 nisi
3064 1817 3286 1866 mature
3315 1830 3406 1869 me
3428 1816 3617 1871 confe-

1972 1912 2095 1950 ram
2130 1896 2188 1949 in
2219 1896 2474 1966 quietem
2507 1901 2561 1951 et
2591 1897 2798 1953 otium.
2837 1903 3151 1953 Proventus
3193 1905 3388 1956 autem
3420 1920 3615 1961 rerum

1969 1999 2255 2052 mearum,
2275 1983 2408 2039 licet
2429 1986 2662 2040 abunde
2684 1989 3180 2058 expectanilarum
3204 1990 3408 2045 afﬂuat
3428 1993 3614 2065 copia,

1968 2076 2163 2126 tamen
2213 2073 2469 2127 maxime
2515 2071 2994 2127 desiderabilium
3053 2075 3353 2144 aperiatur
3398 2078 3615 2150 inopia,

1970 2176 2170 2214 eorum
2203 2161 2404 2232 utique
2437 2161 2508 2215 de
2539 2177 2714 2215 aureo
2749 2163 3038 2230 majorum
3081 2163 3290 2217 saeculo
3322 2165 3483 2234 prius
3515 2184 3618 2222 au-

1971 2249 2109 2315 dita,
2145 2266 2274 2320 qua:
2309 2249 2664 2304 felicioribus
2697 2257 2905 2303 nostrm
2931 2253 3220 2306 memoriae
3255 2253 3460 2310 diebus
3495 2255 3619 2327 ipse

1969 2337 2156 2392 oculis
2173 2338 2315 2392 meis
2329 2337 2696 2401 vidi,scilicet
2710 2339 2878 2393 Iidem
2897 2357 3008 2393 non
3025 2342 3302 2405 Iietam,et
3314 2344 3617 2399 veritatem

1971 2426 2296 2496 integram;
2331 2433 2683 2499 praeceptum
2721 2428 2949 2482 Domini
2999 2429 3056 2482 in
3107 2429 3353 2484 invicem
3385 2447 3618 2488 conser-

1969 2515 2391 2585 vare,justitize
2434 2520 2490 2571 et
2539 2515 2800 2587 aequitati
2853 2517 2992 2570 nihil
3049 2522 3438 2590 anteponere:
3475 2522 3618 2577 nihil

1973 2603 2266 2659 remittere
2290 2605 2358 2678 de
2380 2605 2661 2677 gravitate
2696 2604 3017 2677 disciplinae
3041 2613 3096 2659 et
3135 2593 3617 2679 religionis,hihil

1972 2693 2278 2748 admittere
2303 2695 2457 2765 quod
2494 2711 2606 2748 non
2639 2698 2794 2749 esset
2833 2694 3077 2765 publica:
3128 2696 3399 2752 utilitatis
3431 2703 3487 2753 et
3516 2699 3618 2754 ho-

1972 2782 2253 2848 nestatis;
2289 2787 2606 2854 cazteraque
2638 2782 2695 2836 id
2727 2799 2912 2853 genus
2944 2783 3160 2850 omnia,
3193 2802 3319 2856 quae
3353 2786 3412 2841 in
3445 2787 3619 2843 luteis

1972 2869 2242 2924 humanae
2277 2875 2494 2924 natura:
2527 2871 2786 2925 cratibus
2825 2872 3046 2926 auratis
3097 2881 3344 2944 possunt
3391 2881 3618 2934 mentes

1974 2957 2339 3023 zediIicare,et
2363 2957 2419 3011 in
2453 2959 2606 3012 vasis
2640 2959 2914 3014 fictilibus
2945 2960 3361 3018 desiderabiles
3382 2963 3620 3020 thesau-

1972 3065 2068 3103 ros
2097 3047 2528 3119 reponere.Haec
2557 3053 2697 3102 sunt
2727 3065 2856 3118 quae
2892 3048 3236 3104 melioribus
3261 3057 3467 3107 nostra:
3500 3071 3623 3109 me-

1979 3136 2172 3192 moriis
2205 3136 2412 3191 diebus
2445 3152 2538 3190 me
2573 3136 2785 3202 videre,
2819 3141 2875 3191 et
2896 3137 2988 3192 his
3009 3138 3288 3194 interesse
3309 3141 3457 3195 serio
3479 3159 3622 3214 gau~

217 3225 332 3293 dis,
366 3241 469 3280 nec
501 3241 760 3297 unquam
802 3225 1060 3281 humano
1100 3241 1274 3280 sensu
1309 3208 1410 3280 aut
1441 3226 1662 3281 ratione
1692 3227 1866 3282 attin-
1897 3208 1940 3274 (ἶ
1979 3226 2210 3281 debam.
2245 3225 2408 3279 Nunc
2439 3242 2572 3280 vero
2605 3225 2744 3296 quia
2777 3242 2918 3296 pene
2965 3242 3031 3281 ex
3081 3233 3199 3282 toto
3246 3208 3618 3302 defecerunt;

216 3313 446 3385 gendis,
469 3314 610 3369 dum
627 3314 824 3386 impiis
843 3331 954 3368 non
972 3314 1667 3370 timentcontentionibus
1682 3317 1867 3371 inser-

214 3401 355 3469 vire,
380 3402 522 3458 nihil
546 3419 688 3459 sano
726 3404 928 3458 auditu
965 3401 1210 3474 dignum
1239 3407 1536 3459 merentur
1557 3405 1822 3460 difﬁnere
1850 3423 1865 3472 ;

217 3496 278 3547 et
301 3491 440 3547 dum
461 3496 680 3547 natura:
701 3492 982 3547 terminos
1006 3489 1539 3558 voluntincludere,
1561 3498 1618 3548 et
1633 3492 1690 3548 id
1711 3494 1864 3565 quod

215 3579 402 3636 totius
425 3579 726 3634 rationalis
746 3584 1022 3634 creaturae
1047 3579 1330 3634 rationem
1344 3581 1868 3652 superat,humana

215 3667 443 3722 ratione
473 3671 728 3738 pergunt
758 3665 1121 3730 concludere,
1146 3683 1276 3722 vere
1307 3667 1364 3722 in
1406 3668 1654 3740 lapidem
1689 3671 1864 3725 oil‘cn-

213 3756 403 3812 sionis
427 3759 485 3810 et
506 3758 728 3826 petram
774 3753 1034 3809 scandali
1080 3754 1449 3827 impingunt:
1482 3758 1620 3829 quia
1649 3759 1720 3813 de
1751 3760 1864 3830 piis

213 3843 646 3900 sanedoctrinae
673 3842 948 3896 uberibus
984 3859 1084 3912 pro
1111 3841 1276 3910 lacte,
1311 3843 1583 3916 butyrum
1616 3853 1862 3901 autsau-

212 3933 450 4006 guinem
519 3931 844 4004 exprimere
910 3931 1289 3986 contendunt.
1360 3933 1516 3988 Hanc
1579 3935 1864 3990 mortiferi

213 4021 504 4094 dogmatis
535 4025 758 4092 pestem
799 4020 872 4075 ab
921 4018 1179 4074 Ecclesia
1227 4037 1336 4075 sua
1385 4019 1650 4078 Christus
1691 4023 1863 4080 Jesus

212 4110 490 4166 radicitus
515 4108 743 4176 evellat,
774 4108 1123 4180 priusquam
1166 4109 1462 4164 modicum
1507 4109 1858 4168 fermentum

217 4205 395 4255 totam
425 4214 683 4255 massam
714 4201 1073 4269 corrumpat.

291 4287 506 4343 XXXII.
539 4288 684 4342 Cum
715 4302 850 4359 ergo
883 4285 992 4340 hoc
1033 4285 1243 4353 toxico,
1289 4285 1529 4359 insuper
1574 4292 1631 4344 et
1661 4289 1860 4344 multi-

213 4378 383 4433 formi
414 4375 651 4432 malitia
691 4379 749 4431 et
792 4374 1065 4446 nequitiae
1113 4375 1398 4432 fermento
1421 4380 1560 4450 Ltota
1601 4379 1861 4450 undique

209 4465 590 4520 fermentetur
609 4445 1012 4529 Ecclesia,inec
1043 4478 1295 4533 usquam
1331 4445 1477 4534 pene
1506 4445 1860 4521 sinceritatis

1976 3332 2091 3370 non
2133 3319 2252 3368 tam
2303 3329 2517 3381 meam,
2569 3331 2744 3385 quam
2795 3331 3166 3372 communem
3214 3317 3396 3374 defleo
3449 3321 3621 3377 mise-

1978 3403 2146 3458 riam.

2047 3491 2285 3546 XXXIV.
2319 3493 2388 3546 Et
2417 3497 2481 3546 ut
2525 3492 2876 3564 antiquiora,
2927 3499 2983 3548 et
3029 3496 3100 3549 ob
3149 3495 3256 3552 hoc
3293 3498 3530 3556 meliora
3561 3517 3622 3557 se

1976 3587 2200 3636 taceam
2233 3584 2514 3652 tempora,
2543 3585 2601 3635 et
2631 3581 2701 3634 de
2733 3581 2824 3636 his
2855 3581 3064 3652 loquar
3101 3602 3228 3656 qua:
3268 3589 3473 3656 partim
3511 3590 3622 3662 ipsi

1972 3670 2248 3735 vidimus,
2268 3669 2478 3740 partim
2506 3675 2764 3724 recenter
2781 3676 2943 3742 gesta
2968 3672 3119 3726 Iideli
3159 3674 3433 3732 relatione
3468 3679 3620 3734 didi-

1974 3760 2201 3813 cimus:
2237 3775 2270 3812 a
2299 3757 2506 3812 diebus
2535 3757 2756 3812 domini
2789 3760 3020 3831 Notgeri
3067 3767 3275 3816 nostra:
3307 3767 3466 3820 urbis
3499 3769 3618 3839 epi-

1975 3847 2155 3917 scopi,
2188 3862 2388 3901 eorum
2423 3847 2765 3917 pontificum
2815 3848 2914 3918 qui
2970 3849 3019 3903 ei
3071 3854 3530 3923 contemporales
3563 3857 3618 3911 in

1974 3935 2227 3990 Ecclesia
2257 3935 2538 3989 ﬂorebant
2560 3935 2854 4006 praecipui,
2881 3953 3065 4007 usque
3087 3940 3156 3992 ad
3181 3939 3300 3994 hzec
3341 3957 3468 4012 quae
3497 3944 3618 4012 jam

1974 4024 2034 4078 in
2067 4024 2302 4079 miseria
2331 4023 2698 4078 deﬂuxerunt
2726 4025 2840 4079 duo
2881 4024 3084 4094 lustra,
3138 4028 3536 4086 misericordia
3565 4038 3623 4087 et

1970 4112 2183 4168 veritas
2214 4113 2593 4168 obviaverunt
2634 4112 2766 4180 sibi,
2811 4113 3046 4184 justitia
3091 4121 3148 4170 et
3195 4135 3305 4188 pax
3347 4119 3619 4175 osculata:

1971 4206 2128 4257 sunt.
2157 4202 2321 4256 Nunc
2351 4205 2544 4256 autem
2570 4201 2639 4256 de
2672 4206 2826 4256 terra
2856 4201 3084 4258 sublata
3103 4209 3210 4272 est,
3240 4207 3536 4275 etjustitia
3561 4209 3618 4264 in

1971 4291 2181 4346 cmlum
2215 4290 2474 4361 recessit,
2507 4293 2564 4345 et
2593 4291 2895 4362 repentino
2939 4293 3188 4363 quodam
3233 4296 3474 4350 fortunae
3509 4297 3619 4352 im-

1969 4385 2128 4450 petu,
2160 4385 2217 4434 et
2261 4385 2630 4434 monstruosa
2661 4396 2854 4434 rerum
2888 4383 3320 4450 perturbatione
3351 4385 3622 4444 universa

1969 4472 2026 4522 et
2050 4483 2318 4539 perversa
2348 4472 2487 4521 sunt
2517 4467 2750 4535 omnia;
2785 4472 2860 4535 et,
2896 4472 2960 4522 ut
2989 4468 3236 4526 breviter
3257 4473 3472 4542 dicam,
3494 4491 3618 4530 om-

211 4558 268 4609 et
289 4550 545 4607 veritatis
566 4550 857 4622 integrum
882 4555 1142 4605 servetur
1162 4567 1664 4624 azymazcumque
1689 4570 1858 4609 nemo
1891 4575 1937 4639 Ι)
1971 4556 2068 4611 nia
2098 4555 2390 4628 praedictis
2417 4555 2726 4612 contraria.
2772 4558 2928 4613 Adeo
2977 4561 3042 4612 ut
3072 4558 3119 4613 si
3168 4562 3300 4631 quis
3334 4562 3484 4616 inter
3514 4564 3619 4620 has

209 4657 356 4714 pene
385 4639 461 4696 sit
496 4638 597 4710 qui
629 4644 830 4693 contra
858 4637 976 4694 hmo
1006 4637 1094 4695 vel
1117 4639 1189 4695 ad
1213 4656 1346 4695 vera
1367 4641 1531 4695 bonae
1547 4641 1671 4696 vitae
1693 4642 1859 4698 insti-

211 4734 352 4800 tuta,
375 4727 461 4784 vel
482 4727 731 4783 laboreti
737 4743 861 4798 pse,
887 4726 970 4782 vel
989 4727 1354 4784 laborantem
1372 4729 1441 4783 de
1459 4728 1577 4783 vita
1595 4732 1856 4786 mercede

211 4821 574 4885 remuneret;
609 4820 666 4872 et
694 4816 766 4871 ob
798 4815 906 4870 hoc
933 4816 1058 4888 ipsa
1087 4833 1213 4887 quis
1245 4817 1337 4871 vix
1367 4817 1603 4873 residua
1632 4823 1738 4885 est,
1771 4819 1852 4875 Ia-

211 4908 541 4964 borantium
566 4904 830 4979 paucitas
851 4905 1018 4960 taedio
1044 4905 1213 4972 victa,
1237 4923 1271 4960 a
1301 4905 1500 4962 labore
1527 4910 1814 4979 temperet
1837 4927 1849 4964 :

211 4996 340 5068 quis
366 4996 596 5069 negotio
624 5011 740 5051 non
770 4997 1085 5065 anteponat
1115 4993 1298 5049 otium
1323 4995 1350 5049 ‘I
1380 4995 1512 5065 quis
1543 4995 1737 5050 inutili
1769 4997 1850 5053 la-

215 5085 334 5142 bori
364 5091 422 5142 et
450 5083 692 5142 clamori
723 5083 790 5138 ad
825 5083 1037 5138 surdos
1069 5100 1184 5138 non
1227 5084 1490 5155 praeferat
1511 5085 1764 5156 quietem
1797 5091 1852 5141 et

208 5173 504 5229 silentium
526 5173 554 5227 ?
583 5173 771 5239 Posui,
825 5172 1038 5243 inquit,
1088 5175 1203 5228 orio
1233 5189 1354 5227 meo
1400 5175 1702 5230 custodiam
1728 5193 1851 5231 cum

207 5262 520 5318 consisteret
543 5265 795 5331 peccator
823 5261 1114 5316 adversum
1140 5278 1226 5316 me
1249 5279 1262 5316 :
1298 5262 1563 5331 obmutui,
1596 5269 1646 5320 et
1666 5266 1846 5320 humi-

210 5353 373 5406 liatus
400 5365 540 5415 sum,
573 5352 624 5402 et
653 5350 791 5403 silui
817 5365 852 5403 a
882 5349 1051 5404 bonis.
1086 5349 1171 5404 Et'
1198 5351 1338 5421 quid
1368 5351 1706 5422 hujusmodi
1736 5353 1847 5409 hu-

208 5436 446 5496 miliatis
475 5441 532 5492 et
556 5453 590 5492 a
613 5437 765 5492 bono
795 5436 1106 5492 silentibus
1135 5439 1427 5510 agendum
1451 5440 1527 5495 sit
1562 5440 1846 5499 Jeremias

208 5529 370 5585 docet
398 5526 637 5582 dicens:
681 5525 892 5583 Sedebit
919 5526 1200 5584 solitarius
1228 5532 1278 5586 et
1307 5529 1503 5586 tacebit
1521 5547 1540 5590 ,ο
1589 5532 1719 5604 quia
1768 5532 1844 5590 le-

204 5621 345 5683 vavit
370 5633 427 5680 se
457 5632 618 5697 super
652 5631 728 5677 se.

931 5763 959 5797 ο

1971 4644 2167 4700 saeculi
2198 4649 2576 4716 tempestates
2607 4647 2811 4701 eodem
2855 4646 3101 4702 rationis
3131 4649 3286 4704 claro
3334 4656 3391 4704 et
3412 4652 3617 4707 eadem

1964 4735 2056 4790 via
2090 4735 2521 4801 mandatorum,
2556 4735 2723 4805 quasi
2755 4735 3078 4790 cmlestium
3113 4737 3291 4791 ductu
3324 4738 3614 4809 siderum;

1965 4823 2098 4878 velit
2127 4825 2386 4894 seipsum
2417 4829 2473 4878 et
2502 4823 2612 4878 sibi
2661 4825 2879 4879 credita
2923 4841 3136 4895 regere,
3188 4826 3313 4896 ipsa
3341 4828 3615 4884 turbidus

1960 4911 2233 4967 violentia
2262 4927 2576 4982 percussus
2621 4917 2860 4983 cogatur
2909 4913 2980 4967 ab
3025 4913 3278 4985 inccepto
3310 4914 3612 4974 desistere.

1962 5001 2124 5064 Quod
2177 5018 2353 5072 quam
2404 4999 2702 5065 horribile,
2757 5017 2930 5071 quam
2983 5002 3230 5056 monstri
3280 5001 3471 5057 simile
3516 5007 3612 5075 sit,

1963 5089 2102 5143 nulli
2138 5087 3064 5160 facileexplicabilecst.Legimus
3079 5091 3231 5143 enim
3256 5090 3444 5145 nobile
3471 5093 3613 5149 illud

1960 5177 2168 5249 prioris
2191 5177 2384 5234 saeculi
2405 5195 2615 5233 aurum
2631 5184 2869 5248 argento
2885 5178 3105 5233 caeteris
3139 5179 3430 5236 inferioris
3445 5183 3613 5253 pretii

1961 5265 2214 5321 metallis
2246 5267 2466 5321 sensim
2491 5269 2543 5320 et
2571 5283 2674 5338 per
2694 5271 3025 5337 temporum
3050 5266 3353 5323 intervalla
3372 5269 3614 5342 degene-

1958 5371 2140 5421 rasse,
2177 5371 2281 5410 nec
2305 5361 2423 5410 tam
2447 5356 2644 5411 subito
2677 5356 2768 5411 sui
2791 5356 2998 5412 coloris
3035 5357 3286 5428 speciem
3319 5361 3607 5418 amisisse.

1955 5445 2122 5499 Nunc
2139 5447 2355 5509 autem,
2379 5447 2444 5498 ut
2462 5445 2831 5513 praemissum
2853 5452 2961 5513 est,
2981 5452 3352 5504 monstruosa
3373 5453 3429 5504 et
3449 5450 3615 5508 inau‘

1955 5531 2076 5587 dita
2105 5530 2358 5602 quadam
2409 5546 2608 5586 rerum
2655 5532 3113 5605 perturbatione,
3165 5538 3334 5609 quasi
3381 5539 3439 5594 in
3484 5557 3608 5598 mo-

1955 5625 2172 5696 mento,
2207 5638 2242 5680 a
2271 5637 2377 5680 suo
2408 5623 2565 5682 statu
2595 5621 2878 5682 subversa
2907 5626 3048 5682 sunt
3075 5627 3312 5705 omnia;
3337 5645 3442 5690 nec
3463 5643 3612 5707 pene
