3966 6212
387 349 505 411 903

1588 346 2011 410 GOZECHINI
2056 348 2590 412 SGHOLASTlGl.

3673 340 3810 407 θοι

388 483 701 554 quisquam
733 484 839 549 est,
875 480 973 551 qui
1006 479 1225 552 proprii
1266 480 1491 536 ordinis
1523 480 1608 535 vel
1640 480 1813 536 ofﬁcii
1849 485 2037 537 servet
2064 485 2117 548 Α
2151 483 2320 537 modo
2374 484 2526 554 quod
2579 482 2873 554 quairebat
2921 481 3154 536 dan-tem
3205 480 3479 534 excusat:
3524 484 3803 549 perorata

385 570 646 642 legitima
671 587 682 624 :
708 570 807 624 sed
831 567 1220 623 desiderabile
1237 567 1381 625 illud
1420 570 1603 626 nostri
1626 570 1906 642 temporis
1928 587 2029 625 au-

385 675 517 714 rum
540 658 842 730 repentino
864 658 1119 728 quodam
1141 674 1303 725 casu,
1341 675 1453 714 non
1486 664 1551 714 ut
1572 658 1735 731 prius
1764 676 1866 731 per
1884 664 2031 714 tem-

383 764 589 820 porum
644 746 964 812 intervalla,
1039 763 1152 801 non
1198 746 1255 801 in
1324 752 1632 820 argentum
1689 747 1776 803 vel
1828 753 2035 803 catera

383 836 678 909 quantivis
708 834 881 908 pretii
908 834 1162 901 metalla,
1196 836 1295 890 sed
1330 836 1387 890 in
1420 836 1697 907 stipulam
1721 840 1779 891 et
1809 837 2031 905 fenum,

381 929 482 980 aut
510 929 666 981 certe
692 924 751 979 in
784 922 1037 979 favillam
1071 928 1127 979 et
1158 924 1412 980 cinerem
1455 925 1695 980 omnino
1729 925 2029 980 redactum

381 1020 489 1071 est.
521 1014 596 1069 Ut
620 1013 772 1069 enim
804 1018 1018 1069 cunctu
1047 1030 1177 1085 quae
1199 1013 1472 1084 superius
1510 1014 1756 1084 objectis
1790 1013 1909 1068 tuis
1940 1029 2029 1068 re-

380 1104 721 1176 spondendo
740 1104 1058 1172 dequestus
1076 1118 1230 1169 sum,
1256 1102 1673 1173 compendiose
1689 1101 2028 1173 recolligam

378 1192 624 1265 epilogo,
650 1196 959 1264 postquam
986 1190 1315 1245 clarissima
1336 1191 1451 1245 duo
1483 1189 1749 1244 Ecclesim
1775 1189 2027 1244 lumina-

379 1283 485 1349 ria,
519 1299 647 1354 qua:
674 1281 850 1336 nimis
874 1296 1002 1335 sero
1023 1280 1175 1334 Deus
1199 1280 1484 1347 accendit,
1508 1285 1565 1334 et
1603 1278 1781 1333 nimis
1804 1282 2028 1332 mature

378 1372 436 1427 in
470 1370 811 1427 abscondito
852 1369 1019 1424 faciei
1058 1384 1175 1423 suae
1199 1385 1232 1423 a
1254 1366 1697 1423 conturbationc
1718 1366 2026 1421 hominum

378 1459 705 1525 abscondit,
739 1458 1052 1513 Henricum
1084 1457 1212 1512 dico
1245 1456 1569 1511 secundum
1590 1456 2024 1528 imperatorem,

377 1554 436 1604 et:
462 1546 838 1603 Liutboldum
871 1546 1226 1618 Moguntina
1251 1544 1408 1600 sedis
1430 1543 1931 1617 protoprasulem,
1964 1543 2025 1597 in

377 1635 714 1709 quosaurei
746 1634 943 1691 saeculi
988 1635 1135 1690 ﬁnes
1184 1651 1317 1690 cum
1368 1633 1624 1688 maxima
1666 1632 1756 1687 sui
1800 1630 2025 1687 decoris

377 1726 572 1799 specie
601 1725 993 1781 devenerunt:
1040 1723 1183 1789 hmo,
1234 1723 1501 1795 inquam,
1550 1721 1879 1777 clarissima
1907 1720 2023 1775 duo

375 1814 710 1883 luminaria,
764 1816 1078 1885 postquam
1138 1811 1210 1866 ab
1270 1812 1362 1866 bis
1409 1809 1665 1865 tenebris
1709 1809 1780 1864 ad
1824 1824 2017 1863 veram
2052 1852 2098 1917 Β

375 1903 587 1972 lucem,
622 1920 654 1959 a
680 1919 794 1975 qua
824 1901 997 1957 etiam
1031 1900 1145 1955 huc
1183 1898 1517 1954 alluxerunt
1566 1896 1689 1953 orbi
1738 1901 1923 1964 terraa,
1956 1900 2021 1951 ut

375 2004 612 2051 oramus
642 1996 699 2048 et
729 1995 1023 2063 optamus,
1054 1994 1362 2060 assumpta
1382 1991 1552 2054 sunt;
1580 1986 1862 2058 quidquid
1882 1985 2021 2040 divi-

374 2101 458 2138 nae
481 2079 803 2153 religionis,
828 2078 1112 2151 quidquid
1137 2076 1424 2149 aequitatis
1464 2080 1521 2131 et
1542 2076 1807 2146 justitiaa,
1842 2074 2011 2146 quid-

373 2169 512 2245 quid
537 2169 867 2226 liberalium
891 2168 1242 2234 studiorum,
1266 2164 1548 2237 quidquid
1574 2163 1830 2219 liberalis
1850 2161 2019 2219 disci-

370 2259 542 2333 plina
573 2260 790 2331 ubique
817 2257 1067 2330 vigebat,
1102 2258 1253 2311 sicut
1279 2260 1420 2309 tunc
1450 2253 1731 2325 temporis
1763 2250 2017 2308 Ecclesia

370 2354 426 2406 et
454 2350 612 2407 vario
642 2349 919 2403 virtutum
974 2347 1175 2400 decore
1221 2349 1277 2398 et
1325 2342 1632 2414 multiplici
1682 2341 2012 2397 liberalium

369 2440 695 2494 litterarum
729 2435 1045 2508 propagine
1076 2434 1336 2499 ﬂorebat,
1379 2449 1513 2487 cum
1564 2433 1648 2487 eis
1679 2431 1895 2504 pariter
1924 2448 2014 2486 se-

368 2525 556 2599 pulta,
589 2526 706 2581 imo
757 2525 813 2579 in
865 2523 1074 2578 coelum
1126 2527 1355 2594 recepta
1403 2525 1575 2577 sunt:
1626 2521 1708 2575 ita
1754 2525 1818 2574 ut
1865 2520 2013 2575 nihil

369 2632 570 2671 eorum
602 2630 749 2687 pene
780 2610 1123 2668 remanserit
1150 2611 1209 2666 in
1250 2615 1402 2667 terra
1448 2615 1654 2682 praeter
1695 2610 2011 2665 admodum

370 2721 577 2779 pauca,
609 2708 665 2760 et
695 2703 815 2758 haec
845 2707 912 2757 ut
941 2701 1162 2756 umbrae
1191 2700 1386 2756 inanis
1426 2699 1688 2772 vestigia.

442 2793 659 2849 XXXV.
690 2796 957 2863 Namque
986 2790 1045 2845 in
1078 2789 1302 2862 primis,
1339 2789 1397 2845 hi
1429 2789 1529 2861 qui
1561 2789 1619 2844 in
1661 2788 1879 2862 populo
1910 2789 2011 2845 Dei

368 2883 747 2955 magistratus
780 2885 836 2936 et
882 2881 1058 2935 duces
1106 2878 1299 2935 locum
1348 2878 1652 2950 regiminis
1704 2882 2009 2950 occupant,

365 2972 491 3027 sine
522 2975 782 3043 respectu
812 2969 912 3025 Dei
937 2969 1205 3035 videntis,
1230 2967 1354 3023 sine
1374 2970 1534 3022 metu
1556 2966 1811 3022 hominis
1833 2966 2011 3022 corri-

364 3061 576 3134 gentis,
601 3076 803 3116 omnes
825 3075 971 3132 pene
992 3075 1117 3130 quae
1150 3074 1257 3113 sua
1274 3060 1413 3112 sunt
1434 3059 1707 3128 querunt,
1744 3072 1857 3110 non
1883 3072 2010 3127 quae

364 3150 755 3206 communiter
782 3153 839 3203 et
877 3147 1163 3203 aliorum:
1218 3146 1353 3218 quia
1406 3162 1519 3201 non
1568 3149 1658 3201 est
1704 3143 1883 3199 timor
1910 3144 2009 3200 Dei

365 3244 497 3295 ante
528 3238 726 3295 oculos
756 3254 955 3294 eorum
983 3254 996 3304 ;
1032 3241 1089 3292 et
1116 3237 1245 3291 ideo
1294 3234 1562 3291 contritio
1593 3238 1649 3288 et
1696 3232 2009 3290 infelicitas
2041 3218 2081 3283 C

361 3328 420 3384 in
452 3329 561 3383 viis
591 3344 817 3384 eorum;
845 3327 911 3381 Et
933 3326 1225 3397 quomodo
1256 3327 1607 3397 cognoscent
1645 3322 1796 3377 viam
1825 3322 2001 3394 pacis,

364 3418 461 3491 qui
490 3418 786 3483 devorant,
820 3415 1031 3487 inquit,
1066 3413 1290 3486 plebem
1339 3430 1528 3469 meam
1575 3416 1639 3466 ut
1669 3411 1863 3466 cibum
1898 3429 2003 3484 pa-

363 3507 454 3564 nis
474 3508 501 3563 ?
531 3507 677 3571 Quia
706 3522 839 3561 vero
870 3521 985 3560 non
1016 3508 1106 3558 est
1149 3503 1245 3575 qui
1295 3501 1405 3558 hoc
1451 3500 1729 3573 requirat,
1773 3517 1886 3556 non
1915 3504 2007 3556 est

360 3593 460 3668 qui
494 3598 722 3669 arguat,
756 3609 860 3666 pro
919 3590 1135 3648 studiis
1184 3590 1516 3644 divinarum
1567 3587 2003 3659 Scripturarum

360 3684 731 3741 invaluerunt
760 3681 955 3739 studia
1001 3680 1278 3753 partium,
1332 3695 1436 3750 pro
1482 3677 1764 3750 gravitate
1792 3681 1851 3732 et
1880 3693 2003 3733 mo-

359 3774 547 3830 destia
576 3771 897 3845 religionis,
929 3769 1113 3842 gloria
1142 3773 1200 3824 et
1219 3766 1484 3841 gloriatio
1503 3783 1665 3822 vanzr
1694 3764 1962 3821 elationis
1989 3782 2001 3818 :

361 3868 416 3918 et
447 3863 585 3917 dum
617 3862 835 3917 divitiis
867 3864 923 3913 et
956 3858 1263 3914 hororibus
1291 3856 1552 3929 gestiunt
1580 3854 1727 3911 alter
1756 3854 2001 3910 alterum

359 3951 693 4024 praevenire,
724 3966 828 4004 nec
857 3948 1068 4003 timent
1113 3946 1373 4020 prolanis
1425 3945 1724 4001 mentibus
1771 3944 1920 3998 odiis
1952 3948 2008 3999 et

360 4039 833 4097 contentionibus
858 4036 1187 4104 deservire;
1221 4052 1324 4091 nec
1355 4035 1678 4107 quidquam
1716 4033 1877 4106 pensi
1910 4032 2007 4088 ha-

360 4131 519 4197 bent,
551 4144 685 4183 cum
716 4125 1081 4198 tyrannidem
1114 4125 1307 4196 potius
1338 4139 1515 4195 quam
1552 4122 1811 4193 regimen
1845 4137 2004 4176 exer-

361 4222 529 4273 ceant
556 4234 569 4272 :
600 4216 672 4270 ad
705 4230 880 4287 quem
913 4216 1155 4280 exitum,
1188 4213 1305 4268 imo
1344 4211 1586 4267 exitium
1635 4210 1776 4265 talia
1807 4226 2004 4281 prove-

368 4306 495 4361 nire
514 4305 763 4360 debeant
785 4303 796 4358 !
822 4308 954 4358 Haec
975 4309 1170 4359 autem
1195 4303 1471 4373 majestas
1493 4307 1548 4355 et
1571 4300 1705 4354 talis
1726 4303 2003 4370 potestas,

359 4396 410 4451 si
444 4395 680 4465 quando
722 4394 919 4450 sedeat
969 4409 1071 4464 pro
1128 4388 1433 4458 tribunali,
1489 4393 1555 4443 ut
1608 4389 2006 4459 subjectorum

363 4483 516 4538 facta
545 4483 751 4539 debeat
779 4482 1132 4540 examinare.
1183 4485 1240 4534 et
1288 4477 1551 4549 neglecta
1600 4477 1656 4530 in
1703 4475 1869 4531 oculo
1900 4492 2006 4531 suo

2142 588 2276 625 vero
2302 588 2479 627 causa
2499 570 2783 626 violentia
2805 573 2863 626 et
2882 568 3183 641 rapacitati
3215 565 3559 638 catenisque
3579 582 3800 623 concu—

2142 660 2388 715 rialibus
2417 659 2545 716 suis
2570 659 2760 715 media
2781 658 3062 726 residens,
3087 658 3157 712 de
3177 653 3799 728 libro:suolegit.quod

2142 748 2220 804 sit
2231 750 2486 820 justum,
2513 752 2569 803 et
2586 749 2805 804 eisdem
2821 746 3045 818 juratis.
3066 744 3303 818 legibus
3320 743 3435 800 sibi
3460 744 3796 801 assentien-

2140 836 2322 904 tibus,
2352 836 2477 909 lege
2506 835 2907 893 nummularia
2934 834 2993 890 in
3025 850 3187 889 reum
3212 833 3434 907 profert
3456 832 3755 902 judicium
3780 852 3794 903 ;

2141 929 2199 982 et
2224 927 2429 982 tandiu
2460 925 2791 982 vinculatus
2820 930 3050 981 tenetur
3081 939 3234 989 reus,
3265 923 3465 979 donec.
3486 920 3667 978 illum
3690 923 3796 979 ab-

2139 1015 2329 1071 solvat
2358 1032 2698 1071 mammona
2726 1015 2872 1071 deus
2896 1031 2909 1069 :
2944 1028 3236 1086 quemque
3254 1011 3436 1067 modo
3465 1012 3793 1069 Labeonem

2136 1103 2262 1178 lege
2292 1104 2528 1160 Cmcilia
2556 1104 2775 1160 sufficit
2803 1103 2980 1172 cruci,
3006 1102 3179 1157 modo
3204 1100 3480 1156 Catonem
3504 1099 3635 1174 lege
3662 1118 3791 1157 mo-

2138 1194 2357 1248 netaria
2378 1193 2771 1249 donatcuruli.
2805 1193 2864 1248 1n
2894 1192 3054 1247 omni
3073 1195 3267 1247 autem
3289 1188 3566 1245 concione
3607 1190 3790 1262 hujus

2137 1282 2441 1353 potestatis
2470 1282 2579 1338 hoc
2629 1280 2900 1353 proponit
2944 1279 3271 1336 auctoritas
3318 1277 3537 1351 legum,
3583 1279 3645 1333 in
3675 1279 3789 1334 hoc

2135 1372 2425 1427 consentit
2455 1386 2691 1426 summa
2701 1370 3081 1442 judiciorum,
3107 1373 3173 1423 ut
3197 1366 3297 1439 qui
3319 1384 3435 1422 non
3459 1366 3786 1439 potestea]-

2135 1476 2266 1516 vere
2291 1461 2363 1516 de
2388 1459 2679 1516 immenso
2720 1475 2849 1527 suo,
2896 1456 3084 1515 solvat
3133 1456 3290 1528 quod
3341 1472 3578 1529 compar
3604 1456 3681 1512 sit
3707 1457 3785 1512 de

2134 1548 2400 1604 dimenso
2432 1564 2539 1604 suo
2565 1565 2578 1602 :
2607 1552 2668 1603 et
2693 1547 2743 1602 si
2775 1563 2891 1603 non
2925 1545 3103 1602 habet
3149 1544 3620 1614 undeeolvatur,
3646 1545 3779 1602 sine

2134 1636 2511 1693 miseratione
2540 1635 2938 1709 crucifigatur.

2203 1726 2439 1782 XXXVI.
2478 1726 2618 1781 Inde
2647 1729 2737 1781 est
2765 1725 2920 1797 quod
2951 1740 3084 1780 cum
3120 1724 3179 1779 in
3204 1723 3489 1789 nundinis
3512 1725 3785 1780 sanctum

2132 1816 2396 1871 videmus
2419 1813 2825 1888 Evangelium,
2846 1812 3079 1870 venales
3108 1812 3167 1868 in
3206 1811 3462 1869 Ecclesia
3478 1810 3788 1868 columbas

2130 1908 2186 1960 et
2214 1904 2525 1960 cathedras
2553 1903 2952 1968 vendentium,
2990 1918 3094 1958 nec
3123 1901 3295 1973 longe
3323 1900 3520 1956 abhis
3542 1915 3791 1956 mensas

2128 1993 2685 2059 nummulariorum,
2719 2009 2835 2064 qua
2863 1990 3037 2047 hodie
3066 2006 3171 2045 nec
3212 1990 3397 2060 gratis
3446 1989 3790 2059 quidquam

2127 2082 2434 2154 accipitur,
2468 2099 2569 2137 nec
2601 2080 2780 2153 gralis
2808 2080 3018 2135 datur:
3052 2094 3185 2132 cum
3218 2076 3358 2142 haec,
3391 2075 3661 2146 inquam,
3694 2075 3791 2130 vi-

2126 2170 2245 2225 dim
2258 2188 2346 2241 us,
2377 2170 2676 2235 ettentius,
2698 2181 2971 2222 vacamus
2996 2180 3200 2220 omnes
3222 2166 3346 2220 foro
3373 2179 3552 2236 quam
3568 2163 3788 2229 choro,

2125 2259 2354 2315 cautius
2386 2258 2579 2315 usuris
2607 2271 2785 2328 quam
2815 2254 3142 2327 scripturis,
3186 2253 3519 2324 impensius
3546 2267 3785 2309 meme.-

2124 2349 2268 2405 tioni
2299 2364 2473 2421 quam
2508 2343 2811 2416 religioni:
2855 2343 3044 2415 magis
3093 2340 3408 2413 implendis
3454 2340 3781 2413 capacibus

2124 2436 2490 2508 marsurpiis,
2524 2431 3119 2506 quamvassequenrlis
3146 2428 3498 2486 liberalibus
3518 2429 3775 2486 studiis:

2121 2532 2178 2583 et
2207 2525 2445 2581 omnino
2476 2523 2675 2579 missis
2703 2523 2798 2577 his
2827 2539 2955 2593 quae
2986 2517 3318 2591 evangelica
3353 2518 3591 2584 veritas,
3629 2534 3775 2591 apo-

2121 2617 2325 2673 stolica
2390 2612 2701 2681 institutio,
2766 2616 3103 2667 sanctorum
3161 2609 3398 2664 Patrum
3454 2606 3774 2675 auctoritas

2122 2703 2531 2763 ecclesiasticis
2562 2702 2756 2757 sanxit
2773 2698 3122 2770 disciplinis,
3144 2696 3514 2753 saecularium
3536 2694 3769 2752 deside-

2121 2796 2208 2850 rio
2239 2794 2381 2850 adeo
2426 2791 2748 2855 inhiamus,
2798 2786 3172 2843 cumulandis
3218 2785 3449 2841 divitiis
3477 2784 3774 2857 tantisper

2121 2898 2495 2955 occupamur,
2531 2897 2595 2934 ac
2622 2879 2671 2935 si
2702 2876 2803 2932 tali
2835 2878 3018 2949 pretio
3057 2876 3235 2931 vitam
3270 2879 3564 2930 aeternam
3614 2890 3770 2930 mer-

2120 2972 2240 3029 cari
2284 2987 2631 3027 mereamur.
2685 2969 2872 3032 Quare
2917 2965 3060 3021 hoc!
3099 2962 3237 3036 quia
3280 2963 3768 3035 tantipquantum

2120 3062 2338 3117 habeas
2369 3061 2471 3115 sis.
2500 3056 2702 3113 Omnis
2735 3055 2889 3110 cnim
2922 3070 3033 3123 res,
3067 3057 3133 3107 ut
3160 3053 3245 3108 ait
3269 3068 3446 3123 quem
3467 3051 3653 3109 nosti:

2276 3192 2472 3247 Virtus,
2518 3188 2676 3246 fama,
2711 3188 2892 3245 decus,
2924 3185 3107 3235 divina
3134 3185 3477 3247 humanaque
3527 3182 3769 3247 pulchris

2275 3244 2480 3304 Divitiis
2509 3244 2720 3311 parent,
2742 3244 2885 3312 quas
2904 3249 3023 3312 quis
3052 3244 3403 3312 contraxerit,
3424 3246 3513 3295 ille

2260 3317 2454 3366 ‘Clarus
2487 3309 2602 3370 erit,
2635 3309 2806 3374 fortis,
2832 3309 3029 3374 justus,
3060 3309 3294 3373 sapiens,
3335 3309 3494 3365 etiam
3521 3321 3634 3368 rex,

2266 3381 2329 3429 Et
2361 3374 2621 3442 quidquid
2651 3372 2811 3424 volet.

2113 3505 2259 3561 Cum
2287 3517 2423 3575 ergo
2456 3516 2523 3556 ex
2552 3517 2619 3556 ea
2666 3515 2793 3572 quae
2842 3495 3132 3554 malorum
3170 3496 3443 3553 omnium
3474 3493 3645 3550 radix.
3666 3498 3767 3552 est

2115 3591 2377 3657 avaritia,
2421 3590 2543 3645 haec
2586 3587 2885 3645 horribilis
2930 3587 3233 3659 spinarum
3268 3584 3431 3642 silva
3461 3588 3760 3657 emergat,

2114 3682 2300 3748 facile,
2332 3681 2450 3736 imo
2477 3676 2774 3746 horribile,
2808 3680 2897 3734 est
2915 3676 3113 3733 videre
3135 3675 3246 3733 huc
3265 3674 3761 3747 spinetumquem

2116 3774 2305 3827 fructu
2318 3788 2371 3825 m
2404 3770 2567 3825 ferat.
2602 3767 2742 3823 Inde
2770 3771 2860 3823 ost
2888 3766 3044 3838 quod
3077 3766 3218 3821 dum
3245 3763 3760 3837 acquirendisxim-

2119 3878 2337 3916 moram
2347 3857 2658 3926 urstudiis,
2674 3857 2733 3911 in
2750 3853 3160 3927 comparandis
3181 3852 3763 3910 honoribusinvicem

2115 3951 2557 4024 praecurrentes,
2591 3962 2707 4002 non
2755 3944 2977 4001 honore
3023 3943 3272 3999 invicem
3320 3941 3761 4016 praevenientes,

2114 4040 2359 4111 antiqua
2389 4037 2592 4092 divinae
2624 4033 2929 4107 religionis
2954 4033 3265 4088 immutata
3307 4031 3475 4101 facie,
3525 4036 3765 4104 peteme

2117 4125 2357 4182 moralis
2380 4122 2699 4196 disciplinae
2723 4135 2869 4194 pene
2888 4120 2955 4175 in:
2971 4118 3232 4175 fabulam
3255 4119 3493 4176 redacta
3530 4118 3763 4176 institu-

2114 4216 2290 4283 tione,
2315 4214 2493 4268 frater
2518 4211 2679 4266 fratri
2701 4209 3052 4276 invidemus,
3075 4208 3224 4264 alter
3246 4207 3417 4265 alteri
3444 4207 3763 4264 mordenda

2117 4305 2507 4377 derogamus:
2560 4300 2807 4355 invicem
2864 4302 3210 4355 accusantes
3275 4295 3763 4353 intestinabella

2117 4408 2438 4459 movemus,
2469 4389 2656 4446 acutis
2684 4388 2994 4445 verborum
3024 4385 3271 4459 spiculis
3306 4386 3556 4442 fratrum
3587 4384 3762 4442 corda

2118 4481 2509 4547 confodimus;
2529 4478 2692 4535 dolos
2714 4477 2773 4533 in
2797 4477 2969 4533 corde
2989 4480 3291 4532 versantes
3319 4475 3760 4532 simulationem

357 4573 521 4628 trabe
551 4572 621 4627 de
658 4572 824 4628 oculo
872 4571 1113 4627 alterius
1160 4570 1440 4623 festucam
1493 4582 1713 4627 eruere,
1767 4565 2010 4620 avaritia
2041 4587 2083 4650 ο
2114 4571 2174 4626 in
2201 4568 2392 4633 vultu,
2426 4567 2717 4623 fallaciam
2750 4565 2806 4620 in
2829 4564 3022 4620 verbis
3054 4564 3504 4635 proferimus,et
3520 4562 3761 4619 omnino

357 4677 550 4718 comes
580 4660 638 4716 in
673 4661 867 4716 medio
894 4668 1094 4714 astans
1119 4656 1408 4712 declamat
1428 4656 1694 4727 (ιυριη-ιειε
1728 4653 2006 4715 ;exsudat

355 4767 586 4821 causas,
638 4750 725 4807 fas
773 4754 829 4805 et
881 4748 1064 4815 nefas,
1117 4761 1278 4801 sacra
1323 4749 1380 4800 et
1428 4743 1671 4816 profana
1719 4744 1773 4797 in
1817 4742 2006 4797 medio

356 4840 555 4895 haberi
585 4841 884 4911 deplorat:
912 4836 1344 4891 miserationem
1373 4833 1664 4905 iudicum,
1690 4831 2002 4904 auctorita-

352 4931 477 4984 tem
510 4927 728 5001 legum,
744 4928 884 4999 jura
906 4924 1098 4978 divina
1117 4928 1174 4978 et
1196 4924 1454 4977 humana
1476 4921 1787 4992 implorat;
1811 4932 1865 4974 et
1890 4921 2003 4974 nisi

355 5017 416 5073 id
458 5016 612 5090 quod
666 5014 952 5088 arguitur,
1003 5013 1062 5068 in
1110 5011 1333 5067 loculos
1384 5010 1674 5066 nummati
1714 5009 1871 5065 illius
1902 5010 2003 5080 qui

355 5106 687 5175 incesserit,
714 5104 886 5162 fuerit
911 5102 1205 5176 punitum,
1230 5099 1725 5174 prrturbatiouem
1751 5115 2004 5170 conque-

358 5196 508 5252 ritur
539 5197 658 5252 fore
687 5194 950 5251 omnium
973 5193 1351 5265 judiciorum.
1381 5191 1495 5246 Hoc
1527 5200 1721 5244 autem
1746 5188 2003 5244 tonitruo

357 5285 584 5342 cunctis
628 5290 848 5340 terrore
910 5281 1215 5355 perculsis,
1262 5281 1392 5353 ipsa
1452 5277 1750 5349 utrimque
1798 5293 2003 5332 susur-

354 5373 508 5431 ranti
541 5373 776 5430 inclinat
811 5390 1035 5439 aurem,
1067 5372 1300 5443 utrique
1348 5368 1497 5442 parti
1545 5367 1808 5440 linguam
1843 5371 2006 5439 aptat

356 5462 642 5531 venalem,
712 5468 1031 5535 utrumque
1098 5466 1329 5517 torvum
1395 5460 1688 5529 retorquet
1743 5456 2000 5526 oculum,

360 5550 591 5623 utrique
623 5552 981 5624 promittenti
1023 5564 1291 5622 rapacem
1344 5547 1591 5620 porrigit
1637 5563 1919 5601 manum:
1951 5550 2008 5603 et

358 5653 537 5716 quem
583 5641 756 5697 modo
806 5640 963 5714 quod
996 5637 1349 5713 concupivit
1385 5636 1698 5695 habentem
1722 5639 2002 5708 accusat,

2115 4660 2186 4715 ad
2218 4657 2495 4729 injuriam
2528 4654 2822 4711 mandatis
2850 4653 2947 4709 Dei
2979 4653 3177 4709 omnia
3197 4652 3477 4708 mandata
3497 4651 3761 4723 ejuspre

2117 4747 2365 4821 pecunia
2395 4745 2555 4819 parvi
2577 4744 2882 4800 habemus.
2903 4742 3200 4799 Postremo
3221 4757 3425 4797 omnes
3448 4740 3688 4796 levitate
3707 4742 3764 4793 et

2117 4853 2349 4893 morum
2377 4832 2970 4904 inconstantia,quasi
3005 4832 3230 4887 arundo
3251 4830 3436 4886 ventis
3464 4828 3612 4883 adeo
3634 4826 3762 4898 agi-

2114 4931 2332 4992 tamur,
2374 4929 2437 4979 ut
2484 4925 2541 4978 in
2592 4939 2709 4995 quo
2755 4920 2938 4993 pridie
2981 4921 3283 4976 studiosus
3326 4916 3639 4975 vehemens
3668 4914 3762 4970 vel

2116 5019 2269 5072 certe
2293 5015 2513 5069 nimius
2528 5013 2726 5079 fueris,
2744 5010 3020 5084 postridie
3042 5026 3112 5066 ne
3137 5008 3379 5081 quidem.
3390 5002 3762 5060 memineris.

2114 5105 2185 5160 Et
2205 5104 2345 5176 quid
2367 5100 2655 5175 superbis
2677 5115 2983 5172 speramus
3015 5099 3277 5154 futurum
3296 5096 3508 5151 inerte
3538 5092 3767 5161 hoc,‘ut

2117 5192 2266 5250 facto
2296 5192 2369 5248 de
2398 5188 2688 5247 resticulis
2719 5186 2947 5260 ﬂagello
2972 5203 3177 5243 omnes
3205 5182 3549 5258 hujusmodi
3570 5179 3765 5238 Domi-

2115 5299 2228 5338 nus
2259 5281 2455 5352 ejiciat
2485 5279 2556 5334 de
2585 5277 2825 5349 templo.
2875 5275 3059 5331 Valde
3102 5276 3277 5331 etiam
3323 5273 3650 5333 timendum
3677 5273 3765 5327 est

2115 5370 2329 5443 triplex
2356 5367 2500 5422 illud
2533 5366 3056 5422 animadversionis
3103 5363 3454 5437 flagellum,
3475 5361 3634 5435 quod
3665 5375 3765 5433 per

2115 5458 2459 5533 prophetam
2491 5453 2706 5529 populo
2733 5452 3021 5525 peccaturi
3040 5453 3341 5510 Dominus
3367 5451 3643 5516 intentat,
3660 5447 3761 5504 .di-

2114 5564 2292 5606 cens:
2323 5548 2452 5603 Ecce
2474 5559 2566 5617 ego
2610 5543 2870 5600 inducam
2913 5559 3078 5616 super
3116 5558 3205 5599 eo:
3249 5538 3766 5613 gladium,.«fmnen

2112 5643 2164 5703 et
2185 5641 2415 5719 pestem,
2446 5640 2499 5699 et
2518 5631 2833 5709 disperdam
2845 5647 2933 5692 eos
2960 5634 3024 5691 in
3051 5647 3273 5692 omnem
3284 5638 3553 5697 centum;
3566 5627 3766 5703 Hujus
