3966 6212
162 329 279 427 9‘05

1317 359 1700 421 EPISTOLA
1746 359 1852 419 AD
1897 359 2432 422 WALCHERUM.

3460 363 3576 424 906

161 502 358 553 autem
392 493 609 566 ﬂagelli
642 493 926 565 quosdam
964 491 1132 561 quasi
1166 506 1355 544 ramos
1390 495 1444 544 et
1467 491 1822 560 praznuntios
1851 493 1903 556 Α
1935 489 2218 545 cautelam
2251 490 2547 544 custodiae.
2600 491 2715 545 lloc-
2747 492 2938 545 autem
2973 490 3195 554 feceris,
3247 491 3296 547 si
3340 501 3580 553 cunctas

157 586 426 649 videmus
473 582 694 653 sensim
747 581 818 636 de
869 585 1023 635 terra
1054 579 1212 642 oriri,
1259 579 1493 648 quando
1543 578 1823 648 paulatim

160 673 408 743 conterit
434 670 718 726 Dominus
749 667 1029 724 baculum
1082 667 1252 737 panis
1282 671 1340 720 et
1371 666 1632 720 laetitiam
1680 666 1821 732 vini,

159 762 301 816 dum
332 761 485 816 inter
531 757 899 814 Christianos
930 756 1208 812 audimus
1237 754 1360 826 geri
1389 753 1541 810 bella
1589 760 1644 810 et
1674 755 1824 810 sedi-

154 849 366 917 tiones,
399 863 577 918 super
605 843 968 902 Christianos
990 859 1354 916 paganorum
1381 844 1612 899 crebras
1635 843 1823 898 incur-

155 936 369 994 siones.
421 936 583 991 Unde
633 935 812 996 datur
861 932 1072 1003 conjici
1125 932 1181 986 id
1241 932 1398 1002 quod
1452 937 1652 998 restat,
1707 931 1821 986 nisi

154 1024 509 1081 correctione
545 1028 746 1080 nostra
778 1022 1129 1093 propitiatur
1184 1025 1353 1084 Deus,
1390 1036 1500 1074 non
1534 1020 1634 1072 diu
1675 1018 1819 1074 dila-

153 1117 284 1168 tum
315 1114 406 1168 iri.
589 1183 592 1186 p

227 1193 493 1257 XXXVII.
532 1201 553 1256 Ι
584 1217 762 1267 nunc,
799 1200 976 1270 frater
1007 1214 1112 1270 age
1144 1202 1343 1252 contra
1370 1197 1552 1251 otium
1586 1200 1642 1250 et
1663 1196 1820 1267 quie-

152 1295 296 1364 tem,
326 1294 384 1362 et
425 1288 524 1362 qui
556 1305 626 1344 ea
666 1289 774 1344 hoc
825 1292 1088 1359 tempore
1133 1285 1512 1356 concupiscit,
1558 1301 1698 1338 voca
1729 1285 1814 1355 pi-

153 1396 326 1451 grum
350 1382 407 1434 et
437 1378 763 1434 socordem.
784 1380 853 1432 Et
874 1393 906 1431 o
929 1364 1179 1443 utinam“,
1203 1373 1526 1446 desperatis
1549 1373 1815 1428 laborum

152 1465 430 1540 praemiis,
463 1482 531 1522 ea
559 1466 856 1536 potiamur
900 1467 1102 1535 optata
1147 1468 1203 1518 et
1234 1461 1455 1518 salubri
1499 1461 1691 1532 quiete
1722 1462 1814 1516 cui

152 1573 270 1610 non
301 1555 465 1610 labor
512 1554 808 1618 succedat,
861 1553 961 1607 sed
1013 1551 1200 1624 gloria
1249 1551 1487 1606 accedat
1518 1550 1576 1604 in
1607 1553 1814 1605 senatu

153 1643 407 1699 caelestis
437 1641 637 1698 curize!
671 1642 732 1697 Si
764 1641 927 1712 quid,
963 1642 1156 1706 frater,
1193 1639 1375 1694 nostri
1407 1638 1643 1702 rectius,
1676 1655 1811 1694 can-

153 1732 351 1799 didus,
384 1731 656 1802 imperti:
693 1731 742 1785 si
775 1747 913 1796 non,
949 1734 1109 1783 utere
1155 1745 1407 1783 mecum.
1441 1728 1601 1791 Quod
1634 1726 1682 1781 si
1713 1744 1810 1797 ge-

1934 582 2045 633 tuae
2077 578 2322 633 civitatis
2349 583 2564 649 portas,
2597 594 2800 633 omnes
2823 578 3000 648 hujus
3040 577 3208 633 luteze
3255 579 3464 638 domus
3497 583 3576 640 fe-

1934 672 2181 732 nestras,
2213 667 2478 721 custodia
2507 665 2857 721 humilitatis
2887 667 2996 721 sub
3029 684 3156 720 sera
3185 673 3242 722 et
3262 669 3454 741 sigillo
3475 672 3576 728 ha-

1932 756 2070 810 beas
2098 772 2109 808 :
2146 755 2193 809 si
2226 760 2466 809 cunctos
2499 754 2676 824 hujus
2707 753 2902 810 ﬁctilis
2932 755 3054 811 vasi
3083 755 3272 812 exitus
3301 763 3358 814 et
3385 761 3580 818 aditus

1928 844 2211 898 virtutum
2240 842 2534 914 repagulis
2581 844 2834 910 munias,
2869 861 2940 899 ne
2975 844 3066 900 vel
3118 845 3304 901 exitus
3333 846 3425 902 his
3475 850 3578 920 qui

1929 931 2090 986 intus
2120 935 2442 999 servantur,
2474 931 2560 985 vel
2593 932 2788 986 aditus
2818 932 3123 1003 pateathis
3147 935 3247 1005 qui
3279 935 3418 992 foris
3440 937 3580 994 insi-

1930 1020 2196 1075 diantur:
2234 1019 2372 1089 quia
2403 1019 2452 1073 si
2483 1018 2750 1074 elationis
2777 1019 3007 1075 levitate
3055 1022 3195 1078 foris
3224 1024 3466 1080 efﬂuant
3509 1041 3579 1086 ea

1928 1124 2055 1178 quae
2088 1108 2245 1161 intus
2277 1108 2422 1162 bene
2450 1111 2823 1178 congesserat
2851 1125 3094 1179 operosa
3116 1127 3325 1166 manus
3345 1112 3578 1170 solliciti

1928 1193 2166 1260 laboris,
2227 1195 2502 1249 continuo
2546 1212 2632 1264 ea,
2685 1201 2788 1250 aut
2825 1197 3082 1262 difﬁcile,
3124 1204 3226 1252 aut
3273 1217 3576 1272 nunquam

1929 1283 2314 1356 recolligenda
2343 1284 2639 1355 disperdet
2661 1287 2718 1338 et
2737 1283 3045 1355 dissipabit
3062 1290 3267 1342 ventus
3289 1290 3575 1359 superbia:

1925 1371 1985 1426 in
2021 1373 2405 1443 perditionem
2431 1390 2546 1426 suae
2569 1371 2862 1427 vanitatis.
2896 1372 2954 1426 Si
2973 1390 3104 1428 vero
3128 1391 3160 1428 a
3182 1374 3320 1429 foris
3344 1380 3574 1448 patente

1926 1461 2083 1516 aditu
2106 1460 2347 1533 maligni
2369 1461 2683 1533 irruperint
2705 1461 3007 1527 hostes,ea
3025 1479 3152 1533 quae
3174 1463 3428 1534 plurimo
3441 1482 3576 1522 cum

1925 1549 2120 1604 labore
2143 1550 2302 1604 intus
2327 1549 2556 1622 gessisti
2582 1549 2865 1605 violenter
2884 1550 3180 1622 diripient,
3201 1552 3346 1606 nihil
3368 1552 3576 1625 reliqui

1922 1638 2070 1692 victo
2103 1643 2308 1708 praeter
2338 1638 2664 1709 gehennam
2699 1639 2992 1694 facientes.
3018 1639 3266 1695 Proinde
3287 1641 3572 1712 quidquid

1922 1727 2242 1798 gratiarum
2276 1727 2332 1780 in
2369 1733 2424 1781 te
2472 1727 2752 1781 divinitus
2804 1726 3081 1783 collatum
3137 1734 3245 1795 est,
3286 1729 3573 1801 quidquid

151 1837 364 1876 nerosa
394 1817 896 1890 magnanimitatis
916 1821 1028 1871 tua":
1050 1816 1330 1872 fortitudo
1357 1815 1548 1870 adhuc
1572 1815 1662 1870 his
1696 1832 1808 1870 non
1840 1851 1886 1914 Β
1921 1814 2097 1868 divini
2117 1815 2447 1870 munerisin
2469 1815 2740 1870 thesauro
2754 1817 3120 1871 conscientia
3140 1821 3250 1872 tua:
3265 1817 3574 1873 collectum

152 1908 506 1981 acquiescat,
556 1913 614 1962 et
643 1923 772 1962 eam
822 1905 965 1960 nihil
999 1905 1248 1960 arduum
1299 1904 1531 1976 aggredi
1574 1904 1804 1975 pigeat:

151 1998 332 2052 alium
365 2012 541 2068 quam
573 2012 664 2050 me
697 1995 800 2049 tibi
850 2010 1043 2066 quaere
1076 1993 1496 2057 Ferentarium,
1548 1992 1684 2063 quia
1714 2007 1806 2046 me

149 2087 260 2142 hoc
306 2091 565 2157 tempore
615 2084 674 2138 in
724 2099 922 2154 pugna
970 2099 1083 2137 non
1132 2081 1372 2136 habebis
1403 2080 1664 2135 socium:
1718 2079 1804 2134 vel

147 2190 341 2246 quzere
366 2173 620 2228 alterum
671 2171 968 2238 Martium,
1020 2170 1113 2225 cui
1144 2186 1294 2240 opus
1319 2169 1424 2224 hoc
1447 2168 1802 2237 committas,

149 2263 243 2317 cui
277 2268 470 2316 tamen
500 2260 672 2316 bonis
696 2259 880 2314 initiis
911 2259 1180 2314 meliores
1209 2264 1468 2322 eventus,
1513 2273 1688 2328 quam
1721 2255 1801 2310 illi

150 2352 414 2407 Romano
446 2349 688 2404 tribuas.
724 2349 840 2419 Ego
871 2365 1002 2403 vero
1024 2347 1160 2401 licet
1187 2347 1244 2400 in
1278 2346 1375 2401 illo
1406 2363 1582 2416 quam
1617 2345 1800 2411 ferali,

146 2444 269 2494 tam
301 2438 525 2493 diutino
556 2436 882 2492 vinculatus
929 2452 1179 2505 carcere,
1212 2434 1575 2506 quantalibet
1603 2442 1803 2505 potero

144 2528 346 2583 effetas
367 2527 520 2582 vires
547 2525 781 2581 solabor
802 2524 1025 2595 quiete:
1051 2528 1289 2594 etspero
1313 2524 1465 2594 quod
1486 2521 1802 2593 aliquando

145 2616 384 2670 tandem
416 2614 716 2679 exaudiar,
740 2617 797 2668 et
827 2611 1003 2684 longa
1024 2616 1231 2682 optatae
1257 2611 1557 2665 missionis
1584 2611 1803 2665 ducens

143 2703 421 2775 suspiria,
453 2703 503 2758 si
535 2720 650 2757 non
697 2701 995 2767 emeritus,
1048 2699 1256 2755 saltem
1306 2700 1580 2766 emissus,
1633 2698 1802 2752 alicui

138 2791 532 2847 transcribam
564 2807 694 2845 mea
736 2789 928 2844 tristia
977 2805 1174 2860 regna.
1207 2787 1362 2843 Nihil
1414 2805 1548 2842 vero
1582 2788 1643 2842 in
1672 2791 1802 2842 voto

139 2895 274 2934 meo
306 2895 553 2950 ponens,
585 2882 685 2933 aut
732 2877 1012 2933 voluntati
1065 2877 1424 2949 relinquens,
1476 2892 1567 2929 me
1610 2874 1802 2930 lutum

138 2985 319 3023 suum
352 2984 420 3021 ex
453 2970 568 3020 toto
599 2966 898 3020 committo
930 2965 1106 3038 figulo
1139 2982 1264 3020 meo
1294 2965 1465 3036 :,ipse
1498 2981 1588 3019 me
1620 2965 1804 3035 ﬁngat

138 3056 201 3110 in
236 3059 364 3110 rota
397 3054 690 3109 saecularis
721 3053 962 3120 ordinis,
996 3065 1166 3126 prout
1197 3054 1411 3108 sederit
1440 3052 1800 3124 beneplacito

137 3161 291 3200 suo:
328 3145 627 3214 utcunque
658 3160 749 3198 me
800 3143 928 3214 ejus
981 3147 1168 3198 tornet
1197 3142 1474 3214 potentia,
1519 3140 1665 3196 nihil
1699 3141 1800 3194 ad-

1917 1908 2023 1972 est,
2048 1919 2154 1957 nec
2179 1903 2320 1957 mihi
2349 1903 2670 1974 imputetur
2693 1903 2972 1974 plantanti
2996 1911 3052 1959 et
3072 1905 3305 1977 riganti,
3331 1922 3435 1961 nec
3467 1906 3574 1961 tibi

1917 1992 2079 2044 terrae
2114 1991 2364 2046 ubertim
2399 1991 2770 2047 fructificanti
2798 2009 2808 2046 :
2843 1993 2941 2046 sed
2974 1997 3162 2048 totum
3186 1995 3472 2049 referatur
3499 1995 3572 2050 ad

1917 2081 2145 2133 Patrem
2179 2079 2492 2146 luminum,
2527 2096 2560 2133 a
2587 2095 2702 2150 quo
2732 2085 2821 2135 est
2850 2098 3020 2137 omne
3041 2082 3243 2138 datum
3283 2083 3571 2155 optimum

1916 2172 1973 2223 et
1998 2184 2171 2222 omne
2203 2169 2422 2223 donum
2457 2169 2800 2238 perfectum.

1988 2255 2223 2311 XXXIX.
2260 2257 2496 2312 Possem
2529 2256 2765 2326 quidem
2816 2257 3055 2313 uberius
3087 2263 3142 2313 et
3184 2259 3414 2330 plenius
3441 2276 3573 2332 per-

1917 2345 2182 2399 fectionis
2219 2350 2328 2400 tuae
2362 2362 2580 2399 munus
2631 2344 3020 2416 applaudere:
3069 2348 3167 2402 sed
3200 2353 3437 2419 propter
3468 2364 3568 2403 no—

1915 2436 2033 2486 tam
2068 2433 2482 2488 assentationis
2529 2450 2642 2488 non
2695 2434 2912 2503 patitur
2960 2436 3217 2506 gravitas
3249 2437 3568 2493 modestia}.

1917 2521 2154 2575 Librum
2186 2527 2381 2576 autem
2405 2539 2579 2593 quem
2603 2521 2744 2576 mihi
2772 2523 3084 2594 scripsisti,
3107 2541 3397 2596 quemque
3422 2526 3570 2580 mihi

1916 2610 2221 2664 scribendo
2255 2610 2617 2665 occasionem
2649 2611 2858 2676 fecisti,
2885 2611 2942 2665 in
2975 2628 3092 2682 quo
3120 2612 3263 2666 mihi
3293 2614 3572 2670 articulos

1916 2697 2254 2768 digitorum,
2306 2698 2504 2753 oculos
2536 2704 2591 2753 et
2639 2699 2928 2769 animum,
2972 2699 3277 2756 inclinium
3308 2701 3567 2770 cervicis,

1916 2783 2173 2841 laborem
2205 2787 2434 2858 capitis,
2466 2787 2584 2841 imo
2615 2792 2672 2842 te
2696 2792 2881 2842 totum
2916 2788 3110 2844 animo
3143 2806 3271 2845 meo
3301 2789 3569 2846 insinua-

1915 2875 1989 2929 sti
2017 2891 2030 2941 ;
2064 2874 2121 2928 in
2175 2875 2556 2931 exterioribus
2579 2877 2724 2932 meis
2747 2893 2862 2931 non
2899 2877 3131 2934 invenio
3162 2879 3316 2935 unde
3347 2880 3570 2951 possim

1913 2980 1980 3017 ex
2039 2980 2203 3034 aequo
2266 2980 2728 3036 recompensare,
2777 2964 2878 3024 veL
2909 2965 3177 3038 plurimae
3228 2951 3571 3041 benignitati

1917 3055 2024 3106 ture
2056 3051 2333 3108 talionem
2367 3053 2624 3108 reddere.
2679 3054 2789 3109 Sed
2842 3054 3099 3125 primum
3151 3057 3344 3128 rogari
3393 3057 3464 3112 ab
3503 3073 3568 3132 eo

1913 3139 2019 3194 tibi
2053 3140 2300 3210 restitui,
2334 3157 2367 3194 a
2397 3158 2511 3212 quo
2545 3141 2663 3196 haec
2687 3147 2742 3197 et
2781 3144 2978 3197 omnia
3018 3161 3144 3215 quae
3193 3144 3374 3201 habes
3415 3145 3570 3220 bona

135 3250 304 3304 dam,
338 3232 448 3287 nisi
478 3213 737 3288 solemne
788 3213 930 3287 illud
963 3213 1305 3287 obedientiaa
1354 3231 1593 3286 verbum
1620 3246 1633 3284 :
1687 3228 1801 3284 Fiat
1833 3213 1875 3278 C
1915 3228 2210 3301 accepisti,
2249 3234 2313 3283 ut
2343 3229 2414 3283 ad
2439 3229 2684 3284 invicem
2717 3229 2897 3300 hujus
2929 3213 3345 3290 benevolentiae
3377 3213 3568 3290 aureis

145 3323 402 3378 voluntas
432 3323 573 3375 tuas.

216 3409 517 3464 XXXVIII.
551 3409 812 3477 Constat,
867 3409 1062 3474 frater,
1096 3425 1387 3480 quorsum
1422 3408 1821 3463 aberravimus

143 3515 437 3570 quorsum
471 3516 506 3552 a
537 3496 674 3552 recti
711 3496 941 3552 itineris
973 3497 1128 3551 linea
1157 3513 1399 3552 cursum
1431 3501 1696 3551 nostrum
1730 3496 1821 3551 de-

134 3587 461 3643 tersimus:
516 3583 793 3654 quoniam
829 3601 922 3638 me
950 3584 1245 3638 abduxisti
1296 3584 1588 3655 ignarum,
1621 3584 1812 3654 adque

134 3675 459 3732 verborum
483 3671 831 3726 diverticula
853 3688 945 3726 me
967 3671 1192 3726 traxisti
1216 3671 1518 3726 dulcedine
1541 3676 1650 3726 tua;
1673 3672 1809 3726 cha-

139 3761 347 3819 ritatis
381 3760 630 3815 ebrium.
666 3759 810 3813 Vide
867 3759 1064 3825 frater,
1111 3763 1173 3813 ut
1216 3759 1525 3830 diligenter
1554 3759 1705 3829 vide,
1739 3776 1817 3814 ne

141 3853 292 3907 dum
313 3849 580 3921 quaedam
597 3847 1024 3919 scripturarum
1041 3847 1470 3902 sideraincaute
1485 3849 1812 3927 sequimur,

139 3941 200 3994 in
226 3943 431 3994 cautes
462 3941 517 3992 et
549 3941 736 4010 syrtes
767 3936 958 3991 adacti
992 3934 1399 4014 Charybdeum
1444 3935 1816 3990 incurramus

142 4027 547 4099 naufragium.
582 4025 742 4093 Vide,
794 4025 1060 4095 inquam,
1112 4026 1341 4080 etiamsi
1393 4025 1593 4080 minus
1625 4024 1811 4092 libito,

143 4135 218 4173 ne
251 4115 476 4172 dictum
507 4115 584 4170 sit
614 4114 873 4186 amplius
903 4112 1084 4180 licito,
1111 4113 1249 4184 quia
1280 4112 1493 4185 ﬂagelli
1525 4112 1696 4185 plaga
1741 4113 1812 4167 li-

142 4221 349 4262 vorem
407 4203 561 4271 facit,
613 4201 908 4275 ﬂagellum
967 4201 1178 4275 linguae
1246 4201 1592 4257 comminuit
1656 4219 1808 4257 ossa.

143 4293 546 4363 Proindejam
579 4309 735 4348 nunc
776 4291 915 4346 illuc
950 4291 1148 4346 redeat
1195 4290 1400 4357 oratio,
1452 4291 1606 4346 unde
1649 4277 1811 4358 abiit,

143 4389 201 4440 et
234 4383 311 4438 ad
341 4386 397 4437 te
427 4386 766 4447 revertatur,
801 4381 954 4435 unde
985 4380 1175 4451 prima
1195 4380 1324 4450 ejus
1355 4379 1646 4451 scaturigo
1679 4396 1812 4452 pro-

147 4472 287 4526 ﬂuit
311 4486 324 4523 :
359 4474 414 4523 et
442 4469 582 4538 quia
612 4486 644 4522 a
672 4469 953 4523 charitate
977 4467 1232 4539 cmpitjn
1255 4468 1537 4522 charitate
1561 4467 1809 4522 desinat.

1929 3317 2210 3372 bonorum
2245 3335 2486 3388 operum
2526 3317 2735 3374 litteris
2767 3335 2976 3374 nomen
3008 3325 3176 3375 tuum
3206 3321 3578 3378 scribaturin

1927 3405 2074 3460 libro
2105 3407 2252 3460 vitae.
2287 3406 2429 3460 Dein
2470 3423 2583 3460 non
2635 3407 2976 3461 dormitabit
3006 3413 3206 3464 nostra
3236 3427 3374 3482 erga
3397 3415 3450 3466 te
3480 3393 3578 3466 de-

1925 3495 2078 3549 votio
2110 3498 2406 3566 perpetua,
2442 3494 2488 3548 si
2524 3495 2890 3565 permodeste
2919 3496 3234 3551 succinctis
3274 3499 3448 3553 rebus
3477 3515 3578 3554 n0-

1925 3582 2086 3648 stris,
2119 3586 2407 3654 quantum
2460 3581 2689 3653 utrique
2723 3588 2992 3638 nostrum
3025 3585 3094 3639 ad
3138 3584 3414 3641 honorem
3446 3602 3580 3642 con-

1924 3673 2118 3736 ducat,
2154 3671 2567 3725 remunerandi
2603 3671 2907 3727 subluceat
2941 3672 3188 3727 occasio.

1995 3760 2106 3815 XL.
2138 3764 2268 3814 Jam
2321 3760 2555 3814 tandem
2588 3759 2681 3815 his
2713 3777 2838 3830 qua:
2888 3761 3132 3816 dicenda
3177 3766 3363 3827 erant,
3410 3768 3583 3834 prout

1924 3849 2156 3920 negotia
2202 3848 2593 3919 patiebantur,
2626 3848 2934 3920 explicitis,
2981 3848 3241 3904 calamus
3290 3865 3352 3905 se
3392 3854 3580 3908 totum

1925 3953 2069 3990 novo
2101 3936 2306 3991 scribae
2338 3935 2634 4007 scalpello,
2666 3953 2778 3990 non
2811 3936 3075 4004 Judaico,
3111 3938 3209 3992 sed
3234 3923 3580 3994 scholastice

1923 4042 2082 4081 more
2112 4025 2527 4094 circumcidat;
2562 4031 2618 4082 et
2649 4027 2720 4080 ad
2759 4031 2815 4081 te
2847 4027 3268 4098 recipiendum,
3311 4026 3577 4094 salutan-

1924 4111 2084 4182 dum,
2119 4113 2316 4169 festive
2347 4113 2707 4180 habendum,
2760 4131 2877 4169 non
2924 4117 3212 4186 quantum
3243 4114 3441 4180 latius,
3476 4099 3579 4172 sed

1922 4210 2141 4274 quanto
2173 4201 2392 4257 lautius
2422 4200 2591 4266 valet,
2631 4201 2924 4274 accingat;
2959 4203 3096 4274 quia
3126 4205 3201 4273 te,
3235 4220 3410 4276 quem
3440 4203 3582 4260 inte.

1924 4291 2046 4346 rius
2076 4291 2136 4346 in
2186 4291 2508 4347 visceribus
2555 4291 2694 4346 Jesu
2728 4291 2940 4347 Christi
2990 4296 3156 4346 teneo
3189 4291 3577 4366 complexum,

1924 4397 1956 4435 a
1989 4379 2126 4435 foris
2159 4397 2273 4435 non
2310 4379 2754 4448 dimittam,nisi
2783 4380 3284 4452 lauteacceptum:
3310 4382 3581 4456 sciasque

1923 4469 2050 4538 ejus
2081 4469 2246 4541 dapis
2279 4473 2332 4524 te
2363 4486 2491 4524 esse
2539 4470 2881 4540 debitorem,
2914 4470 3083 4540 cujus
3133 4474 3186 4526 te
3219 4470 3387 4526 nobis
3419 4471 3579 4552 festi-

147 4557 429 4617 Charitas
480 4573 609 4611 vero
657 4573 960 4628 nunquam
1008 4556 1251 4622 excidat,
1307 4556 1408 4612 sed
1451 4556 1542 4610 hic
1592 4565 1721 4612 sata
1757 4559 1815 4612 et
1850 4577 1895 4640 Ι)
1926 4573 2062 4612 vum
2094 4557 2409 4613 exhibuisti
2439 4557 2738 4612 convivam
2770 4563 2827 4613 et
2875 4574 3251 4614 assessorem.
3294 4557 3495 4616 Saluto
3527 4563 3582 4616 te

145 4649 535 4711 crementata,
574 4661 768 4699 veram
821 4645 910 4700 sui
960 4644 1383 4716 plenitudinem
1435 4645 1728 4717 praeripiat
1758 4645 1816 4701 in

147 4739 272 4792 vita
303 4739 535 4788 aeterna.
577 4733 648 4787 De
681 4732 966 4803 probitate
983 4737 1176 4787 autem
1211 4737 1332 4797 tua,
1358 4733 1660 4804 gravitate,
1697 4749 1821 4788 mo-

147 4822 347 4880 destia
378 4826 433 4877 et
463 4819 809 4889 constantia,
845 4820 1029 4890 deque
1056 4820 1277 4876 caeteris
1308 4821 1470 4874 bona:
1521 4820 1646 4875 vita)
1698 4821 1822 4874 fun-

149 4911 455 4968 ctionibus
487 4910 632 4965 satis
665 4909 721 4962 in
747 4908 1146 4980 superioribus
1178 4909 1398 4963 dictum
1434 4907 1544 4963 sit:
1581 4910 1650 4963 de
1681 4909 1813 4964 affe-

146 5002 346 5056 ctione
377 5017 506 5054 vcro
541 5004 660 5065 tua,
689 4997 1110 5061 benevolentia,
1133 4998 1468 5068 canterisque
1493 4997 1821 5053 humanita-

149 5090 231 5145 tis
255 5088 489 5154 officiis,
526 5103 712 5157 neque
745 5087 855 5154 hic,
893 5102 1082 5157 neque
1113 5087 1192 5140 ibi
1237 5086 1380 5140 satis
1417 5103 1673 5157 unquam
1707 5087 1820 5142 dici

149 5177 390 5251 poterit.
425 5175 541 5230 Hoc
589 5178 815 5229 tantum
855 5174 959 5228 tibi
1006 5174 1309 5246 imprecer,
1362 5178 1427 5228 ut
1486 5191 1718 5246 semper
1765 5175 1822 5230 in

151 5264 374 5321 melius
420 5265 477 5316 et
521 5263 714 5332 majus
755 5261 1048 5332 proficias,
1102 5263 1283 5316 donec
1316 5263 1386 5317 ad
1420 5279 1547 5317 eam
1599 5263 1823 5334 aspires

150 5349 443 5410 crementi
469 5349 914 5420 plenitudinem,
940 5349 997 5404 in
1018 5367 1135 5421 qua
1151 5349 1378 5404 nullum
1403 5351 1820 5407 detrimentum

151 5441 562 5516 pertimescas.
589 5439 760 5493 Porro
784 5437 938 5493 hunc
956 5440 1090 5509 quia
1110 5439 1558 5494 desiderabilem
1582 5440 1818 5496 thesau-

153 5545 296 5588 rum
327 5528 388 5584 in
420 5526 582 5584 fictili
612 5542 746 5582 vase
782 5541 997 5596 servas,
1040 5546 1155 5584 non
1205 5528 1458 5584 otiosum
1505 5528 1652 5585 duco
1682 5528 1732 5585 si
1763 5534 1818 5585 te

156 5615 704 5688 commonefaciam,
741 5619 804 5671 ut
851 5615 1158 5691 diligenter
1197 5617 1476 5675 adhibeas
1523 5617 1818 5691 pervigilis

493 5745 760 5816 PATROL.
806 5743 1065 5829 CXLIII.

1929 4663 2062 4701 cum
2096 4647 2319 4718 paucis,
2364 4646 2496 4701 licet
2529 4648 2640 4702 sim
2673 4664 2806 4701 cum
2852 4646 3091 4702 multis:
3127 4647 3264 4717 quia
3294 4646 3380 4701 vel
3409 4648 3583 4718 pauci

1932 4739 2070 4790 sunt
2098 4735 2382 4808 indigena:
2416 4736 2543 4805 eius
2574 4753 2747 4806 quam
2778 4752 2942 4792 servo
2973 4734 3232 4801 coloniae,
3258 4735 3355 4804 qui
3388 4735 3584 4790 norint

1932 4829 2153 4895 quanta
2183 4823 2462 4880 virtutum
2494 4824 2625 4878 dote
2658 4823 3013 4878 industrium
3037 4821 3263 4876 ornaris
3295 4814 3581 4890 animum,

1930 4911 2016 4966 vel
2048 4912 2213 4984 pauci
2249 4918 2388 4968 sunt
2420 4912 2554 4966 boni
2581 4929 2771 4967 rerum
2805 4911 3212 4980 aestimatores,
3239 4909 3337 4981 qui
3370 4897 3583 4966 sanum

1931 5002 2002 5056 de
2034 5003 2207 5056 rebus
2239 5003 2427 5056 ferant
2461 5000 2776 5070 judicium.
2809 4999 2867 5054 Si
2898 4999 3053 5054 enim
3087 5004 3142 5054 te
3173 5003 3503 5066 noscerent,
3527 5003 3587 5074 et
3629 5009 3633 5013 ‘

1932 5091 2001 5144 de
2033 5096 2085 5145 te
2129 5108 2231 5161 pro
2266 5090 2486 5144 meritis
2527 5089 2882 5143 zestimarent
2930 5087 2990 5140 hi
3047 5087 3147 5158 qui
3193 5086 3376 5143 multa
3429 5073 3585 5143 bona

1934 5183 2217 5232 noverunt
2246 5184 2301 5232 et
2322 5182 2589 5245 oderunt,
2631 5177 2885 5247 profecto
2917 5180 2970 5231 te
2991 5181 3277 5231 amarent.
3309 5175 3509 5232 Saluto
3530 5181 3588 5232 te

1931 5283 2066 5321 cum
2082 5266 2174 5321 his
2191 5265 2660 5336 cooperatoribus
2679 5263 2914 5330 nostris,
2933 5264 3029 5334 qui
3045 5264 3116 5318 ad
3132 5266 3344 5321 bonam
3356 5265 3588 5339 frugem

1931 5354 2183 5417 instituti
2215 5355 2285 5408 de
2310 5353 2608 5408 academia
2639 5356 2837 5406 nostra
2867 5352 3276 5420 ascenderunt,
3310 5358 3366 5410 et
3395 5354 3452 5409 in
3477 5353 3590 5411 loci

1928 5449 2080 5498 certe
2120 5441 2432 5514 praecipuis
2465 5439 2786 5512 magisterii
2815 5438 3153 5494 cathedram
3186 5443 3299 5498 sibi
3331 5443 3590 5500 vindica-

1926 5539 2148 5588 verunt.
2175 5530 2374 5587 Saluto
2407 5535 2462 5586 te
2494 5545 2629 5585 cum
2659 5525 2968 5585 tirunculis
2991 5528 3230 5598 nostris,
3266 5533 3365 5605 qui
3397 5533 3595 5596 adhuc

1929 5620 1989 5678 in
2011 5619 2260 5679 scholari
2289 5621 2577 5679 desudant
2599 5619 2895 5695 palmstra;
2925 5615 3368 5681 nobilissimum
3391 5621 3594 5699 utique

3192 5731 3274 5830 22
