  <div class='ocr_page' id='page_1' title='image "/cluster/home/n/w/nwhite01/storage/ocr_20150623/143/uva.x000829790/475.png"; bbox 0 0 3966 6212; ppageno 0'>
   <div class='ocr_carea' id='block_1_1' title="bbox 396 347 519 412">
    <p class='ocr_par' dir='ltr' id='par_1_1' title="bbox 396 347 519 412">
     <span class='ocr_line' id='line_1_1' title="bbox 396 347 519 412; baseline -0.016 0"><span class='ocrx_word' id='word_1_1' title='bbox 396 347 519 412; x_wconf 83' lang='grc'>907</span> 
     </span>
    </p>
   </div>
   <div class='ocr_carea' id='block_1_2' title="bbox 1474 343 2728 410">
    <p class='ocr_par' dir='ltr' id='par_1_2' title="bbox 1474 343 2728 410">
     <span class='ocr_line' id='line_1_2' title="bbox 1474 343 2728 410; baseline -0.002 0"><span class='ocrx_word' id='word_1_2' title='bbox 1474 345 1802 410; x_wconf 88' lang='lat' dir='ltr'>JOANNIS</span> <span class='ocrx_word' id='word_1_3' title='bbox 1848 343 2306 408; x_wconf 83' lang='lat' dir='ltr'>SABINENSIS</span> <span class='ocrx_word' id='word_1_4' title='bbox 2351 343 2728 408; x_wconf 80' lang='lat' dir='ltr'>EPISCOPI.</span> 
     </span>
    </p>
   </div>
   <div class='ocr_carea' id='block_1_3' title="bbox 395 477 3793 551">
    <p class='ocr_par' dir='ltr' id='par_1_3' title="bbox 395 477 3793 551">
     <span class='ocr_line' id='line_1_3' title="bbox 395 477 3793 551; baseline -0.001 -13"><span class='ocrx_word' id='word_1_5' title='bbox 395 484 558 538; x_wconf 69' lang='lat' dir='ltr'>bonae</span> <span class='ocrx_word' id='word_1_6' title='bbox 602 480 813 536; x_wconf 85' lang='lat' dir='ltr'>indolis</span> <span class='ocrx_word' id='word_1_7' title='bbox 861 479 1084 546; x_wconf 75' lang='lat' dir='ltr'>ﬂorem,</span> <span class='ocrx_word' id='word_1_8' title='bbox 1133 477 1235 551; x_wconf 88' lang='lat' dir='ltr'>qui</span> <span class='ocrx_word' id='word_1_9' title='bbox 1290 481 1363 535; x_wconf 87' lang='lat' dir='ltr'>ad</span> <span class='ocrx_word' id='word_1_10' title='bbox 1422 483 1628 536; x_wconf 89' lang='lat' dir='ltr'>nutum</span> <span class='ocrx_word' id='word_1_11' title='bbox 1686 479 1802 534; x_wconf 87' lang='lat' dir='ltr'>oris</span> <span class='ocrx_word' id='word_1_12' title='bbox 1851 479 2033 534; x_wconf 80' lang='lat' dir='ltr'>nostri</span> <span class='ocrx_word' id='word_1_13' title='bbox 2065 481 2119 547; x_wconf 82' lang='grc' dir='ltr'><strong>Α</strong></span> <span class='ocrx_word' id='word_1_14' title='bbox 2151 479 2387 533; x_wconf 85' lang='lat' dir='ltr'>nomine</span> <span class='ocrx_word' id='word_1_15' title='bbox 2416 477 2625 534; x_wconf 85' lang='lat' dir='ltr'>humili</span> <span class='ocrx_word' id='word_1_16' title='bbox 2656 479 2861 534; x_wconf 82' lang='lat' dir='ltr'>fratres</span> <span class='ocrx_word' id='word_1_17' title='bbox 2892 493 3072 548; x_wconf 90' lang='lat' dir='ltr'>meos,</span> <span class='ocrx_word' id='word_1_18' title='bbox 3100 494 3216 534; x_wconf 91' lang='lat' dir='ltr'>non</span> <span class='ocrx_word' id='word_1_19' title='bbox 3238 493 3386 549; x_wconf 87' lang='lat' dir='ltr'>quos</span> <span class='ocrx_word' id='word_1_20' title='bbox 3414 493 3549 533; x_wconf 90' lang='lat' dir='ltr'>caro</span> <span class='ocrx_word' id='word_1_21' title='bbox 3580 481 3639 533; x_wconf 88' lang='lat' dir='ltr'>et</span> <span class='ocrx_word' id='word_1_22' title='bbox 3665 495 3793 534; x_wconf 84' lang='lat' dir='ltr'>san-</span> 
     </span>
    </p>
   </div>
   <div class='ocr_carea' id='block_1_4' title="bbox 395 568 2037 640">
    <p class='ocr_par' dir='ltr' id='par_1_4' title="bbox 395 568 2037 640">
     <span class='ocr_line' id='line_1_4' title="bbox 395 568 2037 640; baseline -0.002 -15"><span class='ocrx_word' id='word_1_23' title='bbox 395 571 653 627; x_wconf 83' lang='lat' dir='ltr'>fructum</span> <span class='ocrx_word' id='word_1_24' title='bbox 680 585 855 626; x_wconf 89' lang='lat' dir='ltr'>suum</span> <span class='ocrx_word' id='word_1_25' title='bbox 876 568 1195 624; x_wconf 85' lang='lat' dir='ltr'>meditatur</span> <span class='ocrx_word' id='word_1_26' title='bbox 1215 568 1389 623; x_wconf 89' lang='lat' dir='ltr'>etiam</span> <span class='ocrx_word' id='word_1_27' title='bbox 1414 569 1524 624; x_wconf 86' lang='lat' dir='ltr'>sub</span> <span class='ocrx_word' id='word_1_28' title='bbox 1551 569 1734 623; x_wconf 82' lang='lat' dir='ltr'>ferula</span> <span class='ocrx_word' id='word_1_29' title='bbox 1756 586 1768 622; x_wconf 90' lang='lat'>:</span> <span class='ocrx_word' id='word_1_30' title='bbox 1788 585 2037 640; x_wconf 90' lang='lat' dir='ltr'>quorum</span> 
     </span>
    </p>
   </div>
   <div class='ocr_carea' id='block_1_5' title="bbox 393 655 2040 731">
    <p class='ocr_par' dir='ltr' id='par_1_5' title="bbox 393 655 2040 731">
     <span class='ocr_line' id='line_1_5' title="bbox 393 655 2040 731; baseline -0.002 -16"><span class='ocrx_word' id='word_1_31' title='bbox 393 659 502 715; x_wconf 91' lang='lat' dir='ltr'>etsi</span> <span class='ocrx_word' id='word_1_32' title='bbox 549 657 787 715; x_wconf 91' lang='lat' dir='ltr'>nomina</span> <span class='ocrx_word' id='word_1_33' title='bbox 846 658 950 713; x_wconf 88' lang='lat' dir='ltr'>tibi</span> <span class='ocrx_word' id='word_1_34' title='bbox 1002 658 1223 730; x_wconf 90' lang='lat' dir='ltr'>scripta</span> <span class='ocrx_word' id='word_1_35' title='bbox 1275 655 1517 731; x_wconf 76' lang='lat' dir='ltr'>legeres,</span> <span class='ocrx_word' id='word_1_36' title='bbox 1576 662 1775 713; x_wconf 89' lang='lat' dir='ltr'>tamen</span> <span class='ocrx_word' id='word_1_37' title='bbox 1834 657 2040 712; x_wconf 83' lang='lat' dir='ltr'>notitia</span> 
     </span>
    </p>
   </div>
   <div class='ocr_carea' id='block_1_6' title="bbox 393 746 2039 819">
    <p class='ocr_par' dir='ltr' id='par_1_6' title="bbox 393 746 2039 819">
     <span class='ocr_line' id='line_1_6' title="bbox 393 746 2039 819; baseline -0.001 -16"><span class='ocrx_word' id='word_1_38' title='bbox 393 763 639 815; x_wconf 77' lang='lat' dir='ltr'><strong>careres,</strong></span> <span class='ocrx_word' id='word_1_39' title='bbox 667 762 803 802; x_wconf 91' lang='lat' dir='ltr'>cum</span> <span class='ocrx_word' id='word_1_40' title='bbox 853 746 1057 802; x_wconf 83' lang='lat' dir='ltr'>faciem</span> <span class='ocrx_word' id='word_1_41' title='bbox 1099 746 1398 819; x_wconf 82' lang='lat' dir='ltr'>ignorares</span> <span class='ocrx_word' id='word_1_42' title='bbox 1451 749 1571 812; x_wconf 89' lang='lat' dir='ltr'>Quo</span> <span class='ocrx_word' id='word_1_43' title='bbox 1622 750 1817 801; x_wconf 86' lang='lat' dir='ltr'>tamen</span> <span class='ocrx_word' id='word_1_44' title='bbox 1865 747 2039 801; x_wconf 84' lang='lat' dir='ltr'>verbo</span> 
     </span>
    </p>
   </div>
   <div class='ocr_carea' id='block_1_7' title="bbox 395 835 2039 909">
    <p class='ocr_par' dir='ltr' id='par_1_7' title="bbox 395 835 2039 909">
     <span class='ocr_line' id='line_1_7' title="bbox 395 835 2039 909; baseline -0.001 -17"><span class='ocrx_word' id='word_1_45' title='bbox 395 852 488 892; x_wconf 89' lang='lat' dir='ltr'>me</span> <span class='ocrx_word' id='word_1_46' title='bbox 516 836 641 909; x_wconf 91' lang='lat' dir='ltr'>ipse</span> <span class='ocrx_word' id='word_1_47' title='bbox 671 851 950 909; x_wconf 85' lang='lat' dir='ltr'>coargue:</span> <span class='ocrx_word' id='word_1_48' title='bbox 977 836 1116 907; x_wconf 88' lang='lat' dir='ltr'>quia</span> <span class='ocrx_word' id='word_1_49' title='bbox 1146 835 1193 890; x_wconf 91' lang='lat' dir='ltr'>si</span> <span class='ocrx_word' id='word_1_50' title='bbox 1217 836 1502 907; x_wconf 87' lang='lat' dir='ltr'>cujusque</span> <span class='ocrx_word' id='word_1_51' title='bbox 1524 835 1787 890; x_wconf 83' lang='lat' dir='ltr'>notitiam</span> <span class='ocrx_word' id='word_1_52' title='bbox 1812 852 1879 889; x_wconf 76' lang='lat' dir='ltr'>ex</span> <span class='ocrx_word' id='word_1_53' title='bbox 1898 836 2039 891; x_wconf 68' lang='lat' dir='ltr'>facie</span> 
     </span>
    </p>
   </div>
   <div class='ocr_carea' id='block_1_8' title="bbox 395 923 2040 996">
    <p class='ocr_par' dir='ltr' id='par_1_8' title="bbox 395 923 2040 996">
     <span class='ocr_line' id='line_1_8' title="bbox 395 923 2040 996; baseline -0.002 -15"><span class='ocrx_word' id='word_1_54' title='bbox 395 925 642 995; x_wconf 88' lang='lat' dir='ltr'>metiris,</span> <span class='ocrx_word' id='word_1_55' title='bbox 672 941 777 980; x_wconf 89' lang='lat' dir='ltr'>nec</span> <span class='ocrx_word' id='word_1_56' title='bbox 812 928 868 979; x_wconf 90' lang='lat' dir='ltr'>te</span> <span class='ocrx_word' id='word_1_57' title='bbox 890 925 1039 980; x_wconf 87' lang='lat' dir='ltr'>nosti</span> <span class='ocrx_word' id='word_1_58' title='bbox 1066 925 1282 996; x_wconf 92' lang='lat' dir='ltr'>ipsum,</span> <span class='ocrx_word' id='word_1_59' title='bbox 1315 941 1448 979; x_wconf 90' lang='lat' dir='ltr'>cum</span> <span class='ocrx_word' id='word_1_60' title='bbox 1472 923 1676 979; x_wconf 80' lang='lat' dir='ltr'>faciem</span> <span class='ocrx_word' id='word_1_61' title='bbox 1699 928 1859 978; x_wconf 89' lang='lat' dir='ltr'>tuam</span> <span class='ocrx_word' id='word_1_62' title='bbox 1891 941 2040 978; x_wconf 87' lang='lat' dir='ltr'>nun-</span> 
     </span>
    </p>
   </div>
   <div class='ocr_carea' id='block_1_9' title="bbox 395 1012 2044 1087">
    <p class='ocr_par' dir='ltr' id='par_1_9' title="bbox 395 1012 2044 1087">
     <span class='ocr_line' id='line_1_9' title="bbox 395 1012 2044 1087; baseline -0.001 -18"><span class='ocrx_word' id='word_1_63' title='bbox 395 1029 573 1087; x_wconf 91' lang='lat' dir='ltr'>quam</span> <span class='ocrx_word' id='word_1_64' title='bbox 596 1012 964 1086; x_wconf 89' lang='lat' dir='ltr'>ipsevideris.</span> <span class='ocrx_word' id='word_1_65' title='bbox 984 1012 1185 1068; x_wconf 83' lang='lat' dir='ltr'>Saluto</span> <span class='ocrx_word' id='word_1_66' title='bbox 1205 1016 1259 1067; x_wconf 86' lang='lat' dir='ltr'>te</span> <span class='ocrx_word' id='word_1_67' title='bbox 1291 1029 1467 1084; x_wconf 83' lang='lat' dir='ltr'>super</span> <span class='ocrx_word' id='word_1_68' title='bbox 1487 1012 1684 1067; x_wconf 89' lang='lat' dir='ltr'>omnia</span> <span class='ocrx_word' id='word_1_69' title='bbox 1703 1028 1770 1067; x_wconf 87' lang='lat' dir='ltr'>ea</span> <span class='ocrx_word' id='word_1_70' title='bbox 1790 1013 2044 1083; x_wconf 87' lang='lat' dir='ltr'>genuina</span> 
     </span>
    </p>
   </div>
   <div class='ocr_carea' id='block_1_10' title="bbox 394 1100 2042 1174">
    <p class='ocr_par' dir='ltr' id='par_1_10' title="bbox 394 1100 2042 1174">
     <span class='ocr_line' id='line_1_10' title="bbox 394 1100 2042 1174; baseline -0.002 -14"><span class='ocrx_word' id='word_1_71' title='bbox 394 1102 823 1174; x_wconf 84' lang='lat' dir='ltr'>charitate,qua</span> <span class='ocrx_word' id='word_1_72' title='bbox 842 1108 895 1157; x_wconf 91' lang='lat' dir='ltr'>te</span> <span class='ocrx_word' id='word_1_73' title='bbox 915 1102 970 1156; x_wconf 92' lang='lat' dir='ltr'>in</span> <span class='ocrx_word' id='word_1_74' title='bbox 990 1101 1298 1157; x_wconf 89' lang='lat' dir='ltr'>cunabulis</span> <span class='ocrx_word' id='word_1_75' title='bbox 1310 1100 1648 1172; x_wconf 62' lang='lat' dir='ltr'>disciplinae,</span> <span class='ocrx_word' id='word_1_76' title='bbox 1668 1101 2042 1156; x_wconf 89' lang='lat' dir='ltr'>elementario</span> 
     </span>
    </p>
   </div>
   <div class='ocr_carea' id='block_1_11' title="bbox 395 1188 2041 1260">
    <p class='ocr_par' dir='ltr' id='par_1_11' title="bbox 395 1188 2041 1260">
     <span class='ocr_line' id='line_1_11' title="bbox 395 1188 2041 1260; baseline -0.002 -12"><span class='ocrx_word' id='word_1_77' title='bbox 395 1191 739 1248; x_wconf 84' lang='lat' dir='ltr'>eruditionis</span> <span class='ocrx_word' id='word_1_78' title='bbox 761 1190 909 1246; x_wconf 88' lang='lat' dir='ltr'>lacte</span> <span class='ocrx_word' id='word_1_79' title='bbox 940 1191 1175 1257; x_wconf 84' lang='lat' dir='ltr'>nutrivi,</span> <span class='ocrx_word' id='word_1_80' title='bbox 1207 1195 1265 1244; x_wconf 93' lang='lat' dir='ltr'>et</span> <span class='ocrx_word' id='word_1_81' title='bbox 1294 1191 1361 1244; x_wconf 88' lang='lat' dir='ltr'>ad</span> <span class='ocrx_word' id='word_1_82' title='bbox 1397 1189 1650 1243; x_wconf 87' lang='lat' dir='ltr'>solidum</span> <span class='ocrx_word' id='word_1_83' title='bbox 1685 1188 2041 1260; x_wconf 81' lang='lat' dir='ltr'>perfectioris</span> 
     </span>
    </p>
   </div>
   <div class='ocr_carea' id='block_1_12' title="bbox 395 1277 2039 1351">
    <p class='ocr_par' dir='ltr' id='par_1_12' title="bbox 395 1277 2039 1351">
     <span class='ocr_line' id='line_1_12' title="bbox 395 1277 2039 1351; baseline -0.004 -15"><span class='ocrx_word' id='word_1_84' title='bbox 395 1280 667 1336; x_wconf 60' lang='lat' dir='ltr'>doctrinae</span> <span class='ocrx_word' id='word_1_85' title='bbox 691 1279 887 1334; x_wconf 89' lang='lat' dir='ltr'>cibum</span> <span class='ocrx_word' id='word_1_86' title='bbox 920 1296 1105 1351; x_wconf 91' lang='lat' dir='ltr'>usque</span> <span class='ocrx_word' id='word_1_87' title='bbox 1136 1277 1399 1351; x_wconf 77' lang='lat' dir='ltr'>perduxi,</span> <span class='ocrx_word' id='word_1_88' title='bbox 1434 1282 1496 1332; x_wconf 92' lang='lat' dir='ltr'>ut</span> <span class='ocrx_word' id='word_1_89' title='bbox 1525 1278 1595 1332; x_wconf 85' lang='lat' dir='ltr'>de</span> <span class='ocrx_word' id='word_1_90' title='bbox 1643 1282 1846 1332; x_wconf 63' lang='lat' dir='ltr'>caetero</span> <span class='ocrx_word' id='word_1_91' title='bbox 1877 1293 2039 1331; x_wconf 90' lang='lat' dir='ltr'>com-</span> 
     </span>
    </p>
   </div>
   <div class='ocr_carea' id='block_1_13' title="bbox 395 1364 2039 1436">
    <p class='ocr_par' dir='ltr' id='par_1_13' title="bbox 395 1364 2039 1436">
     <span class='ocr_line' id='line_1_13' title="bbox 395 1364 2039 1436; baseline -0.003 -13"><span class='ocrx_word' id='word_1_92' title='bbox 395 1367 580 1424; x_wconf 86' lang='lat' dir='ltr'>milito</span> <span class='ocrx_word' id='word_1_93' title='bbox 609 1383 776 1423; x_wconf 89' lang='lat' dir='ltr'>meus</span> <span class='ocrx_word' id='word_1_94' title='bbox 805 1367 865 1421; x_wconf 91' lang='lat' dir='ltr'>in</span> <span class='ocrx_word' id='word_1_95' title='bbox 897 1367 1039 1436; x_wconf 90' lang='lat' dir='ltr'>acie,</span> <span class='ocrx_word' id='word_1_96' title='bbox 1073 1370 1129 1422; x_wconf 86' lang='lat' dir='ltr'>et</span> <span class='ocrx_word' id='word_1_97' title='bbox 1158 1365 1509 1421; x_wconf 87' lang='lat' dir='ltr'>concolonus</span> <span class='ocrx_word' id='word_1_98' title='bbox 1540 1365 1596 1417; x_wconf 89' lang='lat' dir='ltr'>in</span> <span class='ocrx_word' id='word_1_99' title='bbox 1626 1364 1842 1431; x_wconf 82' lang='lat' dir='ltr'>labore,</span> <span class='ocrx_word' id='word_1_100' title='bbox 1869 1382 2039 1419; x_wconf 85' lang='lat' dir='ltr'>com-</span> 
     </span>
    </p>
   </div>
   <div class='ocr_carea' id='block_1_14' title="bbox 394 1452 2040 1528">
    <p class='ocr_par' dir='ltr' id='par_1_14' title="bbox 394 1452 2040 1528">
     <span class='ocr_line' id='line_1_14' title="bbox 394 1452 2040 1528; baseline -0.002 -17"><span class='ocrx_word' id='word_1_101' title='bbox 394 1456 698 1528; x_wconf 89' lang='lat' dir='ltr'>municeps</span> <span class='ocrx_word' id='word_1_102' title='bbox 748 1454 894 1510; x_wconf 90' lang='lat' dir='ltr'>mihi</span> <span class='ocrx_word' id='word_1_103' title='bbox 944 1454 1026 1510; x_wconf 90' lang='lat' dir='ltr'>sis</span> <span class='ocrx_word' id='word_1_104' title='bbox 1069 1470 1333 1526; x_wconf 73' lang='lat' dir='ltr'>superna:</span> <span class='ocrx_word' id='word_1_105' title='bbox 1382 1453 1651 1519; x_wconf 80' lang='lat' dir='ltr'>civitatis,</span> <span class='ocrx_word' id='word_1_106' title='bbox 1698 1457 1756 1507; x_wconf 89' lang='lat' dir='ltr'>et</span> <span class='ocrx_word' id='word_1_107' title='bbox 1786 1452 2040 1508; x_wconf 81' lang='lat' dir='ltr'>cohaeres</span> 
     </span>
    </p>
   </div>
   <div class='ocr_carea' id='block_1_15' title="bbox 393 1540 2038 1613">
    <p class='ocr_par' dir='ltr' id='par_1_15' title="bbox 393 1540 2038 1613">
     <span class='ocr_line' id='line_1_15' title="bbox 393 1540 2038 1613; baseline -0.002 -13"><span class='ocrx_word' id='word_1_108' title='bbox 393 1549 619 1601; x_wconf 67' lang='lat' dir='ltr'>aeterne</span> <span class='ocrx_word' id='word_1_109' title='bbox 649 1542 1024 1600; x_wconf 62' lang='lat' dir='ltr'>hereditatis.</span> <span class='ocrx_word' id='word_1_110' title='bbox 1060 1543 1361 1598; x_wconf 88' lang='lat' dir='ltr'>Salutatus</span> <span class='ocrx_word' id='word_1_111' title='bbox 1381 1557 1517 1613; x_wconf 90' lang='lat' dir='ltr'>ergo</span> <span class='ocrx_word' id='word_1_112' title='bbox 1560 1540 1754 1596; x_wconf 88' lang='lat' dir='ltr'>saluta</span> <span class='ocrx_word' id='word_1_113' title='bbox 1802 1558 1869 1595; x_wconf 83' lang='lat' dir='ltr'>ex</span> <span class='ocrx_word' id='word_1_114' title='bbox 1910 1556 2038 1596; x_wconf 89' lang='lat' dir='ltr'>meo</span> 
     </span>
    </p>
   </div>
   <div class='ocr_carea' id='block_1_16' title="bbox 2148 566 3789 641">
    <p class='ocr_par' dir='ltr' id='par_1_16' title="bbox 2148 566 3789 641">
     <span class='ocr_line' id='line_1_16' title="bbox 2148 566 3789 641; baseline 0.001 -18"><span class='ocrx_word' id='word_1_115' title='bbox 2148 567 2281 640; x_wconf 86' lang='lat' dir='ltr'>guis</span> <span class='ocrx_word' id='word_1_116' title='bbox 2310 567 2369 622; x_wconf 92' lang='lat' dir='ltr'>in</span> <span class='ocrx_word' id='word_1_117' title='bbox 2400 585 2575 623; x_wconf 90' lang='lat' dir='ltr'>unam</span> <span class='ocrx_word' id='word_1_118' title='bbox 2599 568 2742 623; x_wconf 87' lang='lat' dir='ltr'>mihi</span> <span class='ocrx_word' id='word_1_119' title='bbox 2789 566 3191 641; x_wconf 87' lang='lat' dir='ltr'>congeneravit</span> <span class='ocrx_word' id='word_1_120' title='bbox 3232 566 3659 640; x_wconf 83' lang='lat' dir='ltr'>cognationem,</span> <span class='ocrx_word' id='word_1_121' title='bbox 3692 569 3789 624; x_wconf 86' lang='lat' dir='ltr'>sed</span> 
     </span>
    </p>
   </div>
   <div class='ocr_carea' id='block_1_17' title="bbox 2147 657 3793 730">
    <p class='ocr_par' dir='ltr' id='par_1_17' title="bbox 2147 657 3793 730">
     <span class='ocr_line' id='line_1_17' title="bbox 2147 657 3793 730; baseline 0.001 -18"><span class='ocrx_word' id='word_1_122' title='bbox 2147 673 2296 728; x_wconf 90' lang='lat' dir='ltr'>quos</span> <span class='ocrx_word' id='word_1_123' title='bbox 2326 673 2477 728; x_wconf 91' lang='lat' dir='ltr'>aqua</span> <span class='ocrx_word' id='word_1_124' title='bbox 2519 662 2575 713; x_wconf 90' lang='lat' dir='ltr'>et</span> <span class='ocrx_word' id='word_1_125' title='bbox 2604 657 2821 730; x_wconf 86' lang='lat' dir='ltr'>Spiritu</span> <span class='ocrx_word' id='word_1_126' title='bbox 2853 658 2907 712; x_wconf 92' lang='lat' dir='ltr'>in</span> <span class='ocrx_word' id='word_1_127' title='bbox 2960 674 3139 714; x_wconf 91' lang='lat' dir='ltr'>unam</span> <span class='ocrx_word' id='word_1_128' title='bbox 3170 673 3402 714; x_wconf 89' lang='lat' dir='ltr'>mecum</span> <span class='ocrx_word' id='word_1_129' title='bbox 3432 658 3793 730; x_wconf 88' lang='lat' dir='ltr'>regeneravit</span> 
     </span>
    </p>
   </div>
   <div class='ocr_carea' id='block_1_18' title="bbox 2147 745 3795 820">
    <p class='ocr_par' dir='ltr' id='par_1_18' title="bbox 2147 745 3795 820">
     <span class='ocr_line' id='line_1_18' title="bbox 2147 745 3795 820; baseline 0.002 -21"><span class='ocrx_word' id='word_1_130' title='bbox 2147 745 2548 816; x_wconf 79' lang='lat' dir='ltr'>adoptionem:</span> <span class='ocrx_word' id='word_1_131' title='bbox 2574 750 2637 800; x_wconf 88' lang='lat' dir='ltr'>ut</span> <span class='ocrx_word' id='word_1_132' title='bbox 2652 746 2976 802; x_wconf 69' lang='lat' dir='ltr'>cohaeredes</span> <span class='ocrx_word' id='word_1_133' title='bbox 2989 746 3199 802; x_wconf 88' lang='lat' dir='ltr'>Christi</span> <span class='ocrx_word' id='word_1_134' title='bbox 3220 746 3277 801; x_wconf 90' lang='lat' dir='ltr'>in</span> <span class='ocrx_word' id='word_1_135' title='bbox 3291 762 3470 820; x_wconf 86' lang='lat' dir='ltr'>regno</span> <span class='ocrx_word' id='word_1_136' title='bbox 3486 745 3589 802; x_wconf 87' lang='lat' dir='ltr'>Dei</span> <span class='ocrx_word' id='word_1_137' title='bbox 3609 746 3795 803; x_wconf 88' lang='lat' dir='ltr'>Patris</span> 
     </span>
    </p>
   </div>
   <div class='ocr_carea' id='block_1_19' title="bbox 2149 835 3792 908">
    <p class='ocr_par' dir='ltr' id='par_1_19' title="bbox 2149 835 3792 908">
     <span class='ocr_line' id='line_1_19' title="bbox 2149 835 3792 908; baseline 0.003 -21"><span class='ocrx_word' id='word_1_138' title='bbox 2149 837 2496 890; x_wconf 86' lang='lat' dir='ltr'>testamento</span> <span class='ocrx_word' id='word_1_139' title='bbox 2510 835 2816 907; x_wconf 88' lang='lat' dir='ltr'>sanguinis</span> <span class='ocrx_word' id='word_1_140' title='bbox 2828 836 2954 906; x_wconf 87' lang='lat' dir='ltr'>ejus</span> <span class='ocrx_word' id='word_1_141' title='bbox 2968 840 3181 891; x_wconf 83' lang='lat' dir='ltr'>sortem</span> <span class='ocrx_word' id='word_1_142' title='bbox 3200 835 3559 908; x_wconf 89' lang='lat' dir='ltr'>accipiamus</span> <span class='ocrx_word' id='word_1_143' title='bbox 3572 840 3792 892; x_wconf 64' lang='lat' dir='ltr'>aeterna</span> 
     </span>
    </p>
   </div>
   <div class='ocr_carea' id='block_1_20' title="bbox 2152 922 3794 996">
    <p class='ocr_par' dir='ltr' id='par_1_20' title="bbox 2152 922 3794 996">
     <span class='ocr_line' id='line_1_20' title="bbox 2152 922 3794 996; baseline 0.004 -20"><span class='ocrx_word' id='word_1_144' title='bbox 2152 922 2552 979; x_wconf 82' lang='lat' dir='ltr'>beatitudinis.</span> <span class='ocrx_word' id='word_1_145' title='bbox 2603 923 2804 979; x_wconf 90' lang='lat' dir='ltr'>Saluto</span> <span class='ocrx_word' id='word_1_146' title='bbox 2834 940 2969 996; x_wconf 91' lang='lat' dir='ltr'>ergo</span> <span class='ocrx_word' id='word_1_147' title='bbox 2991 929 3183 996; x_wconf 89' lang='lat' dir='ltr'>patres</span> <span class='ocrx_word' id='word_1_148' title='bbox 3213 928 3270 979; x_wconf 92' lang='lat' dir='ltr'>et</span> <span class='ocrx_word' id='word_1_149' title='bbox 3288 923 3560 980; x_wconf 91' lang='lat' dir='ltr'>dominos</span> <span class='ocrx_word' id='word_1_150' title='bbox 3592 926 3794 982; x_wconf 80' lang='lat' dir='ltr'>fratres</span> 
     </span>
    </p>
   </div>
   <div class='ocr_carea' id='block_1_21' title="bbox 2152 1011 3797 1087">
    <p class='ocr_par' dir='ltr' id='par_1_21' title="bbox 2152 1011 3797 1087">
     <span class='ocr_line' id='line_1_21' title="bbox 2152 1011 3797 1087; baseline 0.004 -23"><span class='ocrx_word' id='word_1_151' title='bbox 2152 1015 2207 1065; x_wconf 89' lang='lat' dir='ltr'>et</span> <span class='ocrx_word' id='word_1_152' title='bbox 2236 1011 2454 1065; x_wconf 87' lang='lat' dir='ltr'>amicos</span> <span class='ocrx_word' id='word_1_153' title='bbox 2479 1030 2491 1079; x_wconf 93' lang='lat'><strong>;</strong></span> <span class='ocrx_word' id='word_1_154' title='bbox 2520 1015 2712 1083; x_wconf 91' lang='lat' dir='ltr'>patres</span> <span class='ocrx_word' id='word_1_155' title='bbox 2733 1029 2871 1068; x_wconf 89' lang='lat' dir='ltr'>cura</span> <span class='ocrx_word' id='word_1_156' title='bbox 2888 1012 3208 1085; x_wconf 89' lang='lat' dir='ltr'>regiminis,</span> <span class='ocrx_word' id='word_1_157' title='bbox 3228 1011 3497 1069; x_wconf 87' lang='lat' dir='ltr'>dominos</span> <span class='ocrx_word' id='word_1_158' title='bbox 3517 1014 3797 1087; x_wconf 85' lang='lat' dir='ltr'>dignitate</span> 
     </span>
    </p>
   </div>
   <div class='ocr_carea' id='block_1_22' title="bbox 2151 1098 3796 1173">
    <p class='ocr_par' dir='ltr' id='par_1_22' title="bbox 2151 1098 3796 1173">
     <span class='ocr_line' id='line_1_22' title="bbox 2151 1098 3796 1173; baseline 0.005 -21"><span class='ocrx_word' id='word_1_159' title='bbox 2151 1098 2541 1169; x_wconf 67' lang='lat' dir='ltr'>praeiationis;</span> <span class='ocrx_word' id='word_1_160' title='bbox 2575 1100 2783 1156; x_wconf 80' lang='lat' dir='ltr'>fratres</span> <span class='ocrx_word' id='word_1_161' title='bbox 2813 1101 2871 1155; x_wconf 92' lang='lat' dir='ltr'>in</span> <span class='ocrx_word' id='word_1_162' title='bbox 2902 1101 3015 1157; x_wconf 92' lang='lat' dir='ltr'>Deo</span> <span class='ocrx_word' id='word_1_163' title='bbox 3058 1105 3273 1173; x_wconf 87' lang='lat' dir='ltr'>patres,</span> <span class='ocrx_word' id='word_1_164' title='bbox 3315 1102 3534 1159; x_wconf 89' lang='lat' dir='ltr'>amicos</span> <span class='ocrx_word' id='word_1_165' title='bbox 3564 1103 3623 1158; x_wconf 92' lang='lat' dir='ltr'>in</span> <span class='ocrx_word' id='word_1_166' title='bbox 3655 1103 3796 1160; x_wconf 87' lang='lat' dir='ltr'>cha-</span> 
     </span>
    </p>
   </div>
   <div class='ocr_carea' id='block_1_23' title="bbox 2147 1187 3797 1266">
    <p class='ocr_par' dir='ltr' id='par_1_23' title="bbox 2147 1187 3797 1266">
     <span class='ocr_line' id='line_1_23' title="bbox 2147 1187 3797 1266; baseline 0.003 -24"><span class='ocrx_word' id='word_1_167' title='bbox 2147 1187 2851 1260; x_wconf 88' lang='lat' dir='ltr'>ritate.Saluta,inquam,</span> <span class='ocrx_word' id='word_1_168' title='bbox 2877 1206 3357 1263; x_wconf 86' lang='lat' dir='ltr'>unumquemque</span> <span class='ocrx_word' id='word_1_169' title='bbox 3376 1207 3602 1263; x_wconf 88' lang='lat' dir='ltr'>eorum,</span> <span class='ocrx_word' id='word_1_170' title='bbox 3625 1196 3797 1266; x_wconf 87' lang='lat' dir='ltr'>prout</span> 
     </span>
    </p>
   </div>
   <div class='ocr_carea' id='block_1_24' title="bbox 2149 1277 3795 1337">
    <p class='ocr_par' dir='ltr' id='par_1_24' title="bbox 2149 1277 3795 1337">
     <span class='ocr_line' id='line_1_24' title="bbox 2149 1277 3795 1337; baseline 0.004 -6"><span class='ocrx_word' id='word_1_171' title='bbox 2149 1277 2303 1331; x_wconf 88' lang='lat' dir='ltr'>nosti</span> <span class='ocrx_word' id='word_1_172' title='bbox 2338 1294 2560 1332; x_wconf 86' lang='lat' dir='ltr'>mecum</span> <span class='ocrx_word' id='word_1_173' title='bbox 2593 1295 2718 1332; x_wconf 89' lang='lat' dir='ltr'>esse</span> <span class='ocrx_word' id='word_1_174' title='bbox 2749 1278 2835 1332; x_wconf 90' lang='lat' dir='ltr'>vel</span> <span class='ocrx_word' id='word_1_175' title='bbox 2866 1282 3080 1333; x_wconf 90' lang='lat' dir='ltr'>tecum.</span> <span class='ocrx_word' id='word_1_176' title='bbox 3114 1278 3396 1335; x_wconf 89' lang='lat' dir='ltr'>Salutatio</span> <span class='ocrx_word' id='word_1_177' title='bbox 3428 1298 3557 1337; x_wconf 90' lang='lat' dir='ltr'>mea</span> <span class='ocrx_word' id='word_1_178' title='bbox 3599 1282 3675 1337; x_wconf 88' lang='lat' dir='ltr'>sit</span> <span class='ocrx_word' id='word_1_179' title='bbox 3721 1282 3795 1337; x_wconf 87' lang='lat' dir='ltr'>ad</span> 
     </span>
    </p>
   </div>
   <div class='ocr_carea' id='block_1_25' title="bbox 2150 1367 3797 1440">
    <p class='ocr_par' dir='ltr' id='par_1_25' title="bbox 2150 1367 3797 1440">
     <span class='ocr_line' id='line_1_25' title="bbox 2150 1367 3797 1440; baseline 0.004 -21"><span class='ocrx_word' id='word_1_180' title='bbox 2150 1383 2250 1420; x_wconf 88' lang='lat' dir='ltr'>vos</span> <span class='ocrx_word' id='word_1_181' title='bbox 2295 1382 2523 1435; x_wconf 90' lang='lat' dir='ltr'>omnes,</span> <span class='ocrx_word' id='word_1_182' title='bbox 2574 1370 2637 1420; x_wconf 91' lang='lat' dir='ltr'>ut</span> <span class='ocrx_word' id='word_1_183' title='bbox 2683 1383 2749 1421; x_wconf 91' lang='lat' dir='ltr'>eo</span> <span class='ocrx_word' id='word_1_184' title='bbox 2788 1367 3098 1436; x_wconf 84' lang='lat' dir='ltr'>adjuvante</span> <span class='ocrx_word' id='word_1_185' title='bbox 3147 1368 3205 1422; x_wconf 90' lang='lat' dir='ltr'>in</span> <span class='ocrx_word' id='word_1_186' title='bbox 3255 1384 3428 1440; x_wconf 88' lang='lat' dir='ltr'>quem</span> <span class='ocrx_word' id='word_1_187' title='bbox 3481 1371 3797 1438; x_wconf 91' lang='lat' dir='ltr'>credimus,</span> 
     </span>
    </p>
   </div>
   <div class='ocr_carea' id='block_1_26' title="bbox 2151 1454 3580 1524">
    <p class='ocr_par' dir='ltr' id='par_1_26' title="bbox 2151 1454 3580 1524">
     <span class='ocr_line' id='line_1_26' title="bbox 2151 1454 3580 1524; baseline 0.004 -17"><span class='ocrx_word' id='word_1_188' title='bbox 2151 1454 2370 1524; x_wconf 90' lang='lat' dir='ltr'>pariter</span> <span class='ocrx_word' id='word_1_189' title='bbox 2397 1454 2584 1508; x_wconf 90' lang='lat' dir='ltr'>simus</span> <span class='ocrx_word' id='word_1_190' title='bbox 2615 1459 2837 1509; x_wconf 67' lang='lat' dir='ltr'>aeterna:</span> <span class='ocrx_word' id='word_1_191' title='bbox 2869 1454 2994 1509; x_wconf 82' lang='lat' dir='ltr'>vitae</span> <span class='ocrx_word' id='word_1_192' title='bbox 3026 1461 3343 1513; x_wconf 89' lang='lat' dir='ltr'>consortes.</span> <span class='ocrx_word' id='word_1_193' title='bbox 3374 1464 3580 1514; x_wconf 81' lang='lat' dir='ltr'>Amen.</span> 
     </span>
    </p>
   </div>
   <div class='ocr_carea' id='block_1_27' title="bbox 2627 1682 3798 1726">
    <p class='ocr_par' dir='ltr' id='par_1_27' title="bbox 2627 1682 3798 1726">
     <span class='ocr_line' id='line_1_27' title="bbox 2627 1682 3798 1726; baseline 0.004 -5"><span class='ocrx_word' id='word_1_194' title='bbox 2627 1682 3798 1726; x_wconf 46' lang='grc' dir='ltr'>ξ</span> 
     </span>
    </p>
   </div>
   <div class='ocr_carea' id='block_1_28' title="bbox 1802 1812 2386 1854">
    <p class='ocr_par' dir='ltr' id='par_1_28' title="bbox 1802 1812 2386 1854">
     <span class='ocr_line' id='line_1_28' title="bbox 1802 1812 2386 1854; baseline 0.003 -3"><span class='ocrx_word' id='word_1_195' title='bbox 1802 1813 1949 1852; x_wconf 80' lang='lat' dir='ltr'><strong>ANNO</strong></span> <span class='ocrx_word' id='word_1_196' title='bbox 1988 1812 2189 1854; x_wconf 66' lang='lat' dir='ltr'>DONINI</span> <span class='ocrx_word' id='word_1_197' title='bbox 2229 1815 2364 1853; x_wconf 80' lang='lat' dir='ltr'>MLIX</span> <span class='ocrx_word' id='word_1_198' title='bbox 2374 1840 2386 1852; x_wconf 87' lang='lat'>.</span> 
     </span>
    </p>
   </div>
   <div class='ocr_carea' id='block_1_29' title="bbox 1587 1994 2616 2157">
    <p class='ocr_par' dir='ltr' id='par_1_29' title="bbox 1587 1994 2616 2157">
     <span class='ocr_line' id='line_1_29' title="bbox 1587 1994 2616 2157; baseline 0.003 -3"><span class='ocrx_word' id='word_1_199' title='bbox 1587 1994 2616 2157; x_wconf 85' lang='lat' dir='ltr'>JOANNES</span> 
     </span>
    </p>
   </div>
   <div class='ocr_carea' id='block_1_30' title="bbox 1334 2250 2853 2363">
    <p class='ocr_par' dir='ltr' id='par_1_30' title="bbox 1334 2250 2853 2363">
     <span class='ocr_line' id='line_1_30' title="bbox 1334 2250 2853 2363; baseline 0 -2"><span class='ocrx_word' id='word_1_200' title='bbox 1334 2266 2073 2361; x_wconf 89' lang='lat' dir='ltr'>SABINENSIS</span> <span class='ocrx_word' id='word_1_201' title='bbox 2138 2250 2853 2363; x_wconf 77' lang='lat' dir='ltr'>EPISCOPUS.</span> 
     </span>
    </p>
   </div>
   <div class='ocr_carea' id='block_1_31' title="bbox 1450 2536 2728 2631">
    <p class='ocr_par' dir='ltr' id='par_1_31' title="bbox 1450 2536 2728 2631">
     <span class='ocr_line' id='line_1_31' title="bbox 1450 2536 2728 2631; baseline -0.002 0"><span class='ocrx_word' id='word_1_202' title='bbox 1450 2536 1955 2631; x_wconf 90' lang='lat' dir='ltr'>NOTITIA</span> <span class='ocrx_word' id='word_1_203' title='bbox 2022 2536 2728 2630; x_wconf 85' lang='lat' dir='ltr'>HISTORICA.</span> 
     </span>
    </p>
   </div>
   <div class='ocr_carea' id='block_1_32' title="bbox 1598 2741 2567 2812">
    <p class='ocr_par' dir='ltr' id='par_1_32' title="bbox 1598 2741 2567 2812">
     <span class='ocr_line' id='line_1_32' title="bbox 1598 2741 2567 2812; baseline 0 -15"><span class='ocrx_word' id='word_1_204' title='bbox 1598 2741 1895 2812; x_wconf 77' lang='lat' dir='ltr'>(UGHELLI,</span> <span class='ocrx_word' id='word_1_205' title='bbox 1933 2741 2097 2797; x_wconf 75' lang='lat' dir='ltr'>Italia</span> <span class='ocrx_word' id='word_1_206' title='bbox 2125 2757 2309 2809; x_wconf 72' lang='lat' dir='ltr'>sacra,</span> <span class='ocrx_word' id='word_1_207' title='bbox 2353 2741 2397 2805; x_wconf 90' lang='grc' dir='ltr'>Ι,</span> <span class='ocrx_word' id='word_1_208' title='bbox 2438 2741 2567 2810; x_wconf 61' lang='lat'>459.</span> 
     </span>
    </p>
   </div>
   <div class='ocr_carea' id='block_1_33' title="bbox 461 2970 3811 3046">
    <p class='ocr_par' dir='ltr' id='par_1_33' title="bbox 461 2970 3811 3046">
     <span class='ocr_line' id='line_1_33' title="bbox 461 2970 3811 3046; baseline 0.002 -17"><span class='ocrx_word' id='word_1_209' title='bbox 461 2972 718 3029; x_wconf 87' lang='lat' dir='ltr'>Joannes</span> <span class='ocrx_word' id='word_1_210' title='bbox 729 2971 941 3029; x_wconf 87' lang='lat' dir='ltr'>Joanni</span> <span class='ocrx_word' id='word_1_211' title='bbox 958 2972 1238 3028; x_wconf 78' lang='lat' dir='ltr'>suffectus</span> <span class='ocrx_word' id='word_1_212' title='bbox 1255 2975 1362 3038; x_wconf 90' lang='lat' dir='ltr'>est,</span> <span class='ocrx_word' id='word_1_213' title='bbox 1377 2971 1715 3045; x_wconf 89' lang='lat' dir='ltr'>electusque</span> <span class='ocrx_word' id='word_1_214' title='bbox 1736 2972 2047 3045; x_wconf 89' lang='lat' dir='ltr'>episcopus</span> <span class='ocrx_word' id='word_1_215' title='bbox 2077 2976 2124 3041; x_wconf 86' lang='grc' dir='ltr'>Β</span> <span class='ocrx_word' id='word_1_216' title='bbox 2156 2971 2411 3026; x_wconf 83' lang='lat' dir='ltr'>maxima</span> <span class='ocrx_word' id='word_1_217' title='bbox 2434 2975 2768 3043; x_wconf 88' lang='lat' dir='ltr'>tempestas.</span> <span class='ocrx_word' id='word_1_218' title='bbox 2793 2970 2914 3035; x_wconf 91' lang='lat' dir='ltr'>Quo</span> <span class='ocrx_word' id='word_1_219' title='bbox 2936 2971 3055 3028; x_wconf 90' lang='lat' dir='ltr'>viso</span> <span class='ocrx_word' id='word_1_220' title='bbox 3075 2974 3385 3046; x_wconf 89' lang='lat' dir='ltr'>episcopus</span> <span class='ocrx_word' id='word_1_221' title='bbox 3402 2979 3646 3034; x_wconf 86' lang='lat' dir='ltr'>secessit</span> <span class='ocrx_word' id='word_1_222' title='bbox 3664 2995 3700 3036; x_wconf 93' lang='lat' dir='ltr'>a</span> <span class='ocrx_word' id='word_1_223' title='bbox 3714 2980 3811 3036; x_wconf 88' lang='lat' dir='ltr'>via</span> 
     </span>
    </p>
   </div>
   <div class='ocr_carea' id='block_1_34' title="bbox 396 3058 2044 3118">
    <p class='ocr_par' dir='ltr' id='par_1_34' title="bbox 396 3058 2044 3118">
     <span class='ocr_line' id='line_1_34' title="bbox 396 3058 2044 3118; baseline -0.001 0"><span class='ocrx_word' id='word_1_224' title='bbox 396 3058 712 3118; x_wconf 90' lang='lat' dir='ltr'>cardinalis</span> <span class='ocrx_word' id='word_1_225' title='bbox 739 3060 1077 3118; x_wconf 88' lang='lat' dir='ltr'>Sabinensis</span> <span class='ocrx_word' id='word_1_226' title='bbox 1100 3075 1133 3117; x_wconf 85' lang='lat' dir='ltr'>a</span> <span class='ocrx_word' id='word_1_227' title='bbox 1156 3061 1344 3116; x_wconf 92' lang='lat' dir='ltr'>Leone</span> <span class='ocrx_word' id='word_1_228' title='bbox 1388 3061 1477 3116; x_wconf 84' lang='grc' dir='ltr'>ΙΧ.</span> <span class='ocrx_word' id='word_1_229' title='bbox 1507 3061 1768 3117; x_wconf 81' lang='lat' dir='ltr'>Romano</span> <span class='ocrx_word' id='word_1_230' title='bbox 1800 3061 2044 3117; x_wconf 91' lang='lat' dir='ltr'>concilio</span> 
     </span>
    </p>
   </div>
   <div class='ocr_carea' id='block_1_35' title="bbox 399 3148 2045 3219">
    <p class='ocr_par' dir='ltr' id='par_1_35' title="bbox 399 3148 2045 3219">
     <span class='ocr_line' id='line_1_35' title="bbox 399 3148 2045 3219; baseline 0.001 -15"><span class='ocrx_word' id='word_1_231' title='bbox 399 3148 663 3206; x_wconf 89' lang='lat' dir='ltr'>interfuit</span> <span class='ocrx_word' id='word_1_232' title='bbox 684 3150 793 3206; x_wconf 90' lang='lat' dir='ltr'>sub</span> <span class='ocrx_word' id='word_1_233' title='bbox 822 3148 1055 3206; x_wconf 90' lang='lat' dir='ltr'>Nicolao</span> <span class='ocrx_word' id='word_1_234' title='bbox 1075 3149 1146 3219; x_wconf 93' lang='lat' dir='ltr'>II,</span> <span class='ocrx_word' id='word_1_235' title='bbox 1161 3166 1314 3206; x_wconf 92' lang='lat' dir='ltr'>anno</span> <span class='ocrx_word' id='word_1_236' title='bbox 1338 3151 1492 3205; x_wconf 84' lang='lat'>1059.</span> <span class='ocrx_word' id='word_1_237' title='bbox 1515 3151 1634 3206; x_wconf 88' lang='lat' dir='ltr'>Sub</span> <span class='ocrx_word' id='word_1_238' title='bbox 1656 3150 1978 3206; x_wconf 79' lang='lat' dir='ltr'>Alexandro</span> <span class='ocrx_word' id='word_1_239' title='bbox 1998 3150 2045 3205; x_wconf 95' lang='grc' dir='ltr'><strong>ΙΙ</strong></span> 
     </span>
    </p>
   </div>
   <div class='ocr_carea' id='block_1_36' title="bbox 397 3238 2043 3310">
    <p class='ocr_par' dir='ltr' id='par_1_36' title="bbox 397 3238 2043 3310">
     <span class='ocr_line' id='line_1_36' title="bbox 397 3238 2043 3310; baseline -0.002 -15"><span class='ocrx_word' id='word_1_240' title='bbox 397 3256 428 3295; x_wconf 92' lang='lat' dir='ltr'>e</span> <span class='ocrx_word' id='word_1_241' title='bbox 457 3239 602 3296; x_wconf 89' lang='lat' dir='ltr'>vivis</span> <span class='ocrx_word' id='word_1_242' title='bbox 631 3238 922 3294; x_wconf 85' lang='lat' dir='ltr'>eximitur.</span> <span class='ocrx_word' id='word_1_243' title='bbox 942 3239 1128 3310; x_wconf 86' lang='lat' dir='ltr'>Hujus</span> <span class='ocrx_word' id='word_1_244' title='bbox 1156 3238 1400 3295; x_wconf 87' lang='lat' dir='ltr'>Joannis</span> <span class='ocrx_word' id='word_1_245' title='bbox 1428 3239 1764 3295; x_wconf 87' lang='lat' dir='ltr'>Sabinensis</span> <span class='ocrx_word' id='word_1_246' title='bbox 1786 3238 2043 3310; x_wconf 84' lang='lat' dir='ltr'>episcOpi</span> 
     </span>
    </p>
   </div>
   <div class='ocr_carea' id='block_1_37' title="bbox 395 3326 2043 3400">
    <p class='ocr_par' dir='ltr' id='par_1_37' title="bbox 395 3326 2043 3400">
     <span class='ocr_line' id='line_1_37' title="bbox 395 3326 2043 3400; baseline -0.001 -19"><span class='ocrx_word' id='word_1_247' title='bbox 395 3327 456 3383; x_wconf 91' lang='lat' dir='ltr'>in</span> <span class='ocrx_word' id='word_1_248' title='bbox 487 3327 823 3384; x_wconf 88' lang='lat' dir='ltr'>monasterii</span> <span class='ocrx_word' id='word_1_249' title='bbox 844 3326 1134 3383; x_wconf 89' lang='lat' dir='ltr'>Farfensis</span> <span class='ocrx_word' id='word_1_250' title='bbox 1166 3326 1474 3400; x_wconf 88' lang='lat' dir='ltr'>indignum</span> <span class='ocrx_word' id='word_1_251' title='bbox 1507 3328 1756 3392; x_wconf 79' lang='lat' dir='ltr'>facinus,</span> <span class='ocrx_word' id='word_1_252' title='bbox 1788 3331 1962 3398; x_wconf 91' lang='lat' dir='ltr'>atque</span> <span class='ocrx_word' id='word_1_253' title='bbox 1983 3326 2043 3381; x_wconf 92' lang='lat' dir='ltr'>in</span> 
     </span>
    </p>
   </div>
   <div class='ocr_carea' id='block_1_38' title="bbox 396 3415 2041 3489">
    <p class='ocr_par' dir='ltr' id='par_1_38' title="bbox 396 3415 2041 3489">
     <span class='ocr_line' id='line_1_38' title="bbox 396 3415 2041 3489; baseline -0.001 -16"><span class='ocrx_word' id='word_1_254' title='bbox 396 3433 531 3473; x_wconf 89' lang='lat' dir='ltr'>eum</span> <span class='ocrx_word' id='word_1_255' title='bbox 560 3416 817 3472; x_wconf 88' lang='lat' dir='ltr'>divinam</span> <span class='ocrx_word' id='word_1_256' title='bbox 847 3415 1129 3472; x_wconf 89' lang='lat' dir='ltr'>ultionem</span> <span class='ocrx_word' id='word_1_257' title='bbox 1159 3416 1363 3472; x_wconf 89' lang='lat' dir='ltr'>recitat</span> <span class='ocrx_word' id='word_1_258' title='bbox 1408 3432 1735 3489; x_wconf 81' lang='lat' dir='ltr'>anonymus</span> <span class='ocrx_word' id='word_1_259' title='bbox 1779 3415 2041 3471; x_wconf 88' lang='lat' dir='ltr'>Vaticani</span> 
     </span>
    </p>
   </div>
   <div class='ocr_carea' id='block_1_39' title="bbox 393 3503 2043 3562">
    <p class='ocr_par' dir='ltr' id='par_1_39' title="bbox 393 3503 2043 3562">
     <span class='ocr_line' id='line_1_39' title="bbox 393 3503 2043 3562; baseline -0.002 -1"><span class='ocrx_word' id='word_1_260' title='bbox 393 3503 608 3562; x_wconf 89' lang='lat' dir='ltr'>codicis</span> <span class='ocrx_word' id='word_1_261' title='bbox 637 3504 707 3561; x_wconf 92' lang='lat' dir='ltr'>de</span> <span class='ocrx_word' id='word_1_262' title='bbox 736 3503 1128 3561; x_wconf 87' lang='lat' dir='ltr'>destructione</span> <span class='ocrx_word' id='word_1_263' title='bbox 1160 3505 1451 3561; x_wconf 86' lang='lat' dir='ltr'>Farfensis</span> <span class='ocrx_word' id='word_1_264' title='bbox 1471 3504 1807 3561; x_wconf 89' lang='lat' dir='ltr'>monasterii</span> <span class='ocrx_word' id='word_1_265' title='bbox 1836 3519 1988 3559; x_wconf 92' lang='lat' dir='ltr'>anno</span> <span class='ocrx_word' id='word_1_266' title='bbox 2010 3505 2043 3558; x_wconf 91' lang='lat'>3</span> 
     </span>
    </p>
   </div>
   <div class='ocr_carea' id='block_1_40' title="bbox 395 3593 2042 3665">
    <p class='ocr_par' dir='ltr' id='par_1_40' title="bbox 395 3593 2042 3665">
     <span class='ocr_line' id='line_1_40' title="bbox 395 3593 2042 3665; baseline -0.002 -13"><span class='ocrx_word' id='word_1_267' title='bbox 395 3595 602 3652; x_wconf 87' lang='lat' dir='ltr'>Leonis</span> <span class='ocrx_word' id='word_1_268' title='bbox 643 3593 730 3649; x_wconf 85' lang='lat' dir='ltr'>IX.</span> <span class='ocrx_word' id='word_1_269' title='bbox 783 3617 811 3645; x_wconf 85' lang='lat'><strong><em>«</em></strong></span> <span class='ocrx_word' id='word_1_270' title='bbox 856 3593 1242 3665; x_wconf 89' lang='lat' dir='ltr'>Temporibus</span> <span class='ocrx_word' id='word_1_271' title='bbox 1290 3594 1494 3649; x_wconf 86' lang='lat' dir='ltr'>Leonis</span> <span class='ocrx_word' id='word_1_272' title='bbox 1548 3610 1732 3665; x_wconf 62' lang='lat' dir='ltr'>papae,</span> <span class='ocrx_word' id='word_1_273' title='bbox 1787 3596 2042 3649; x_wconf 89' lang='lat' dir='ltr'>Joannes</span> 
     </span>
    </p>
   </div>
   <div class='ocr_carea' id='block_1_41' title="bbox 396 3681 2041 3754">
    <p class='ocr_par' dir='ltr' id='par_1_41' title="bbox 396 3681 2041 3754">
     <span class='ocr_line' id='line_1_41' title="bbox 396 3681 2041 3754; baseline -0.002 -14"><span class='ocrx_word' id='word_1_274' title='bbox 396 3682 739 3740; x_wconf 88' lang='lat' dir='ltr'>Sabinensis</span> <span class='ocrx_word' id='word_1_275' title='bbox 766 3681 1096 3754; x_wconf 91' lang='lat' dir='ltr'>episcopus,</span> <span class='ocrx_word' id='word_1_276' title='bbox 1128 3681 1228 3753; x_wconf 89' lang='lat' dir='ltr'>qui</span> <span class='ocrx_word' id='word_1_277' title='bbox 1266 3681 1657 3737; x_wconf 88' lang='lat' dir='ltr'>insidiabatur</span> <span class='ocrx_word' id='word_1_278' title='bbox 1689 3681 2041 3737; x_wconf 89' lang='lat' dir='ltr'>monasterio</span> 
     </span>
    </p>
   </div>
   <div class='ocr_carea' id='block_1_42' title="bbox 398 3769 2042 3844">
    <p class='ocr_par' dir='ltr' id='par_1_42' title="bbox 398 3769 2042 3844">
     <span class='ocr_line' id='line_1_42' title="bbox 398 3769 2042 3844; baseline -0.002 -16"><span class='ocrx_word' id='word_1_279' title='bbox 398 3772 658 3828; x_wconf 90' lang='lat' dir='ltr'>Farfensi</span> <span class='ocrx_word' id='word_1_280' title='bbox 687 3787 790 3844; x_wconf 91' lang='lat' dir='ltr'>pro</span> <span class='ocrx_word' id='word_1_281' title='bbox 839 3769 1083 3826; x_wconf 89' lang='lat' dir='ltr'>decimis</span> <span class='ocrx_word' id='word_1_282' title='bbox 1115 3774 1171 3826; x_wconf 92' lang='lat' dir='ltr'>et</span> <span class='ocrx_word' id='word_1_283' title='bbox 1207 3770 1602 3826; x_wconf 89' lang='lat' dir='ltr'>oblationibus</span> <span class='ocrx_word' id='word_1_284' title='bbox 1653 3774 2042 3839; x_wconf 86' lang='lat' dir='ltr'>mortuorum,</span> 
     </span>
    </p>
   </div>
   <div class='ocr_carea' id='block_1_43' title="bbox 395 3856 2045 3933">
    <p class='ocr_par' dir='ltr' id='par_1_43' title="bbox 395 3856 2045 3933">
     <span class='ocr_line' id='line_1_43' title="bbox 395 3856 2045 3933; baseline -0.001 -17"><span class='ocrx_word' id='word_1_285' title='bbox 395 3861 649 3919; x_wconf 83' lang='lat' dir='ltr'>maxime</span> <span class='ocrx_word' id='word_1_286' title='bbox 671 3876 776 3933; x_wconf 90' lang='lat' dir='ltr'>pro</span> <span class='ocrx_word' id='word_1_287' title='bbox 822 3856 1083 3914; x_wconf 87' lang='lat' dir='ltr'>ecclesia.</span> <span class='ocrx_word' id='word_1_288' title='bbox 1117 3860 1175 3915; x_wconf 88' lang='lat' dir='ltr'>S.</span> <span class='ocrx_word' id='word_1_289' title='bbox 1222 3858 1425 3931; x_wconf 83' lang='lat' dir='ltr'>Angeli</span> <span class='ocrx_word' id='word_1_290' title='bbox 1463 3859 1523 3914; x_wconf 91' lang='lat' dir='ltr'>in</span> <span class='ocrx_word' id='word_1_291' title='bbox 1554 3859 1791 3927; x_wconf 86' lang='lat' dir='ltr'>Toncia,</span> <span class='ocrx_word' id='word_1_292' title='bbox 1825 3860 1895 3914; x_wconf 91' lang='lat' dir='ltr'>de</span> <span class='ocrx_word' id='word_1_293' title='bbox 1926 3876 2045 3931; x_wconf 92' lang='lat' dir='ltr'>qua</span> 
     </span>
    </p>
   </div>
   <div class='ocr_carea' id='block_1_44' title="bbox 393 3946 2042 4018">
    <p class='ocr_par' dir='ltr' id='par_1_44' title="bbox 393 3946 2042 4018">
     <span class='ocr_line' id='line_1_44' title="bbox 393 3946 2042 4018; baseline -0.002 -13"><span class='ocrx_word' id='word_1_294' title='bbox 393 3947 533 4006; x_wconf 89' lang='lat' dir='ltr'>olim</span> <span class='ocrx_word' id='word_1_295' title='bbox 563 3950 778 4005; x_wconf 86' lang='lat' dir='ltr'>fecerat</span> <span class='ocrx_word' id='word_1_296' title='bbox 817 3946 1081 4018; x_wconf 89' lang='lat' dir='ltr'>iniquam</span> <span class='ocrx_word' id='word_1_297' title='bbox 1129 3946 1590 4003; x_wconf 88' lang='lat' dir='ltr'>convenientiam</span> <span class='ocrx_word' id='word_1_298' title='bbox 1639 3964 1774 4003; x_wconf 90' lang='lat' dir='ltr'>cum</span> <span class='ocrx_word' id='word_1_299' title='bbox 1807 3948 2042 4003; x_wconf 90' lang='lat' dir='ltr'>domino</span> 
     </span>
    </p>
   </div>
   <div class='ocr_carea' id='block_1_45' title="bbox 388 4035 2049 4112">
    <p class='ocr_par' dir='ltr' id='par_1_45' title="bbox 388 4035 2049 4112">
     <span class='ocr_line' id='line_1_45' title="bbox 388 4035 2049 4112; baseline -0.001 -17"><span class='ocrx_word' id='word_1_300' title='bbox 388 4038 589 4112; x_wconf 90' lang='lat' dir='ltr'>Ugone</span> <span class='ocrx_word' id='word_1_301' title='bbox 620 4037 851 4102; x_wconf 87' lang='lat' dir='ltr'>abbate,</span> <span class='ocrx_word' id='word_1_302' title='bbox 902 4036 1002 4108; x_wconf 90' lang='lat' dir='ltr'>qui</span> <span class='ocrx_word' id='word_1_303' title='bbox 1042 4037 1307 4092; x_wconf 87' lang='lat' dir='ltr'>eamdem</span> <span class='ocrx_word' id='word_1_304' title='bbox 1354 4035 1683 4093; x_wconf 88' lang='lat' dir='ltr'>ecclesiam.</span> <span class='ocrx_word' id='word_1_305' title='bbox 1733 4040 1789 4091; x_wconf 88' lang='lat' dir='ltr'>S.</span> <span class='ocrx_word' id='word_1_306' title='bbox 1844 4036 2049 4110; x_wconf 82' lang='lat' dir='ltr'>Angeli</span> 
     </span>
    </p>
   </div>
   <div class='ocr_carea' id='block_1_46' title="bbox 386 4124 2043 4196">
    <p class='ocr_par' dir='ltr' id='par_1_46' title="bbox 386 4124 2043 4196">
     <span class='ocr_line' id='line_1_46' title="bbox 386 4124 2043 4196; baseline -0.001 -12"><span class='ocrx_word' id='word_1_307' title='bbox 386 4126 580 4185; x_wconf 78' lang='lat' dir='ltr'>tenuit</span> <span class='ocrx_word' id='word_1_308' title='bbox 606 4129 664 4181; x_wconf 83' lang='lat' dir='ltr'>et</span> <span class='ocrx_word' id='word_1_309' title='bbox 701 4125 961 4196; x_wconf 84' lang='lat' dir='ltr'>possedit</span> <span class='ocrx_word' id='word_1_310' title='bbox 989 4124 1051 4180; x_wconf 91' lang='lat' dir='ltr'>in</span> <span class='ocrx_word' id='word_1_311' title='bbox 1097 4125 1425 4181; x_wconf 90' lang='lat' dir='ltr'>dominium</span> <span class='ocrx_word' id='word_1_312' title='bbox 1458 4124 1636 4195; x_wconf 87' lang='lat' dir='ltr'>hujus</span> <span class='ocrx_word' id='word_1_313' title='bbox 1681 4127 2043 4195; x_wconf 88' lang='lat' dir='ltr'>monasterii,</span> 
     </span>
    </p>
   </div>
   <div class='ocr_carea' id='block_1_47' title="bbox 390 4212 2045 4286">
    <p class='ocr_par' dir='ltr' id='par_1_47' title="bbox 390 4212 2045 4286">
     <span class='ocr_line' id='line_1_47' title="bbox 390 4212 2045 4286; baseline 0 -16"><span class='ocrx_word' id='word_1_314' title='bbox 390 4231 571 4286; x_wconf 91' lang='lat' dir='ltr'>quam</span> <span class='ocrx_word' id='word_1_315' title='bbox 588 4212 1049 4269; x_wconf 90' lang='lat' dir='ltr'>convenientiam</span> <span class='ocrx_word' id='word_1_316' title='bbox 1072 4213 1200 4269; x_wconf 91' lang='lat' dir='ltr'>ideo</span> <span class='ocrx_word' id='word_1_317' title='bbox 1222 4212 1500 4279; x_wconf 86' lang='lat' dir='ltr'>diximus,</span> <span class='ocrx_word' id='word_1_318' title='bbox 1524 4213 1664 4284; x_wconf 88' lang='lat' dir='ltr'>quia</span> <span class='ocrx_word' id='word_1_319' title='bbox 1683 4215 2045 4285; x_wconf 87' lang='lat' dir='ltr'>temporibus</span> 
     </span>
    </p>
   </div>
   <div class='ocr_carea' id='block_1_48' title="bbox 388 4302 2042 4376">
    <p class='ocr_par' dir='ltr' id='par_1_48' title="bbox 388 4302 2042 4376">
     <span class='ocr_line' id='line_1_48' title="bbox 388 4302 2042 4376; baseline -0.001 -14"><span class='ocrx_word' id='word_1_320' title='bbox 388 4303 458 4362; x_wconf 92' lang='lat' dir='ltr'>D.</span> <span class='ocrx_word' id='word_1_321' title='bbox 490 4302 729 4359; x_wconf 82' lang='lat' dir='ltr'>Adriani</span> <span class='ocrx_word' id='word_1_322' title='bbox 760 4303 783 4358; x_wconf 97' lang='grc' dir='ltr'><strong>Ι</strong></span> <span class='ocrx_word' id='word_1_323' title='bbox 812 4302 1109 4376; x_wconf 83' lang='lat' dir='ltr'>pontificis</span> <span class='ocrx_word' id='word_1_324' title='bbox 1145 4302 1525 4358; x_wconf 88' lang='lat' dir='ltr'>Ildebrandus</span> <span class='ocrx_word' id='word_1_325' title='bbox 1574 4303 1691 4357; x_wconf 86' lang='lat' dir='ltr'>dux</span> <span class='ocrx_word' id='word_1_326' title='bbox 1736 4319 1839 4374; x_wconf 87' lang='lat' dir='ltr'>per</span> <span class='ocrx_word' id='word_1_327' title='bbox 1867 4320 2042 4360; x_wconf 91' lang='lat' dir='ltr'>suum</span> 
     </span>
    </p>
   </div>
   <div class='ocr_carea' id='block_1_49' title="bbox 389 4390 2045 4465">
    <p class='ocr_par' dir='ltr' id='par_1_49' title="bbox 389 4390 2045 4465">
     <span class='ocr_line' id='line_1_49' title="bbox 389 4390 2045 4465; baseline -0.001 -17"><span class='ocrx_word' id='word_1_328' title='bbox 389 4395 741 4465; x_wconf 67' lang='lat' dir='ltr'>praeceptum</span> <span class='ocrx_word' id='word_1_329' title='bbox 770 4391 907 4448; x_wconf 92' lang='lat' dir='ltr'>huic</span> <span class='ocrx_word' id='word_1_330' title='bbox 934 4391 1284 4448; x_wconf 87' lang='lat' dir='ltr'>monasterio</span> <span class='ocrx_word' id='word_1_331' title='bbox 1326 4391 1632 4446; x_wconf 84' lang='lat' dir='ltr'>concessit.</span> <span class='ocrx_word' id='word_1_332' title='bbox 1675 4390 1806 4445; x_wconf 70' lang='lat' dir='ltr'>Haec</span> <span class='ocrx_word' id='word_1_333' title='bbox 1845 4392 2045 4448; x_wconf 87' lang='lat' dir='ltr'>omnia</span> 
     </span>
    </p>
   </div>
   <div class='ocr_carea' id='block_1_50' title="bbox 389 4479 2046 4555">
    <p class='ocr_par' dir='ltr' id='par_1_50' title="bbox 389 4479 2046 4555">
     <span class='ocr_line' id='line_1_50' title="bbox 389 4479 2046 4555; baseline -0.001 -18"><span class='ocrx_word' id='word_1_334' title='bbox 389 4481 697 4555; x_wconf 89' lang='lat' dir='ltr'>ignorabat</span> <span class='ocrx_word' id='word_1_335' title='bbox 737 4480 1012 4554; x_wconf 66' lang='lat' dir='ltr'>praefatus</span> <span class='ocrx_word' id='word_1_336' title='bbox 1041 4480 1206 4553; x_wconf 85' lang='lat' dir='ltr'>Hugo</span> <span class='ocrx_word' id='word_1_337' title='bbox 1238 4479 1440 4546; x_wconf 91' lang='lat' dir='ltr'>abbas,</span> <span class='ocrx_word' id='word_1_338' title='bbox 1475 4483 1672 4551; x_wconf 87' lang='lat' dir='ltr'>utpote</span> <span class='ocrx_word' id='word_1_339' title='bbox 1719 4479 2046 4552; x_wconf 88' lang='lat' dir='ltr'>alienigena</span> 
     </span>
    </p>
   </div>
   <div class='ocr_carea' id='block_1_51' title="bbox 387 4567 2039 4642">
    <p class='ocr_par' dir='ltr' id='par_1_51' title="bbox 387 4567 2039 4642">
     <span class='ocr_line' id='line_1_51' title="bbox 387 4567 2039 4642; baseline -0.001 -16"><span class='ocrx_word' id='word_1_340' title='bbox 387 4570 498 4640; x_wconf 88' lang='lat' dir='ltr'>vir,</span> <span class='ocrx_word' id='word_1_341' title='bbox 528 4574 584 4627; x_wconf 89' lang='lat' dir='ltr'>et</span> <span class='ocrx_word' id='word_1_342' title='bbox 612 4571 950 4642; x_wconf 65' lang='lat' dir='ltr'>praedictam</span> <span class='ocrx_word' id='word_1_343' title='bbox 972 4568 1344 4625; x_wconf 91' lang='lat' dir='ltr'>concordiam</span> <span class='ocrx_word' id='word_1_344' title='bbox 1368 4567 1440 4623; x_wconf 87' lang='lat' dir='ltr'>ab</span> <span class='ocrx_word' id='word_1_345' title='bbox 1458 4568 1728 4640; x_wconf 91' lang='lat' dir='ltr'>episcopo</span> <span class='ocrx_word' id='word_1_346' title='bbox 1761 4570 2039 4641; x_wconf 89' lang='lat' dir='ltr'>suscepit,</span> 
     </span>
    </p>
   </div>
   <div class='ocr_carea' id='block_1_52' title="bbox 386 4655 2045 4732">
    <p class='ocr_par' dir='ltr' id='par_1_52' title="bbox 386 4655 2045 4732">
     <span class='ocr_line' id='line_1_52' title="bbox 386 4655 2045 4732; baseline -0.001 -16"><span class='ocrx_word' id='word_1_347' title='bbox 386 4659 673 4717; x_wconf 90' lang='lat' dir='ltr'>nesciens.</span> <span class='ocrx_word' id='word_1_348' title='bbox 690 4663 891 4732; x_wconf 82' lang='lat' dir='ltr'>Itaque</span> <span class='ocrx_word' id='word_1_349' title='bbox 913 4656 1227 4731; x_wconf 63' lang='lat' dir='ltr'>praedictus</span> <span class='ocrx_word' id='word_1_350' title='bbox 1247 4655 1554 4728; x_wconf 90' lang='lat' dir='ltr'>episcopus</span> <span class='ocrx_word' id='word_1_351' title='bbox 1576 4657 1891 4713; x_wconf 83' lang='lat' dir='ltr'>insurrexit</span> <span class='ocrx_word' id='word_1_352' title='bbox 1913 4662 2045 4730; x_wconf 91' lang='lat' dir='ltr'>post</span> 
     </span>
    </p>
   </div>
   <div class='ocr_carea' id='block_1_53' title="bbox 385 4745 2042 4818">
    <p class='ocr_par' dir='ltr' id='par_1_53' title="bbox 385 4745 2042 4818">
     <span class='ocr_line' id='line_1_53' title="bbox 385 4745 2042 4818; baseline -0.002 -12"><span class='ocrx_word' id='word_1_353' title='bbox 385 4749 517 4818; x_wconf 92' lang='lat' dir='ltr'>hoc,</span> <span class='ocrx_word' id='word_1_354' title='bbox 567 4753 624 4805; x_wconf 85' lang='lat' dir='ltr'>et</span> <span class='ocrx_word' id='word_1_355' title='bbox 676 4748 749 4804; x_wconf 91' lang='lat' dir='ltr'>ad</span> <span class='ocrx_word' id='word_1_356' title='bbox 795 4746 1063 4803; x_wconf 89' lang='lat' dir='ltr'>eamdem</span> <span class='ocrx_word' id='word_1_357' title='bbox 1107 4745 1411 4801; x_wconf 90' lang='lat' dir='ltr'>ecclesiam</span> <span class='ocrx_word' id='word_1_358' title='bbox 1444 4746 1502 4800; x_wconf 92' lang='lat' dir='ltr'>S.</span> <span class='ocrx_word' id='word_1_359' title='bbox 1561 4745 1767 4818; x_wconf 87' lang='lat' dir='ltr'>Angeli</span> <span class='ocrx_word' id='word_1_360' title='bbox 1819 4752 2042 4803; x_wconf 88' lang='lat' dir='ltr'>armata</span> 
     </span>
    </p>
   </div>
   <div class='ocr_carea' id='block_1_54' title="bbox 385 4833 2043 4911">
    <p class='ocr_par' dir='ltr' id='par_1_54' title="bbox 385 4833 2043 4911">
     <span class='ocr_line' id='line_1_54' title="bbox 385 4833 2043 4911; baseline -0.002 -15"><span class='ocrx_word' id='word_1_361' title='bbox 385 4855 563 4896; x_wconf 91' lang='lat' dir='ltr'>manu</span> <span class='ocrx_word' id='word_1_362' title='bbox 600 4835 873 4911; x_wconf 86' lang='lat' dir='ltr'>perrexit,</span> <span class='ocrx_word' id='word_1_363' title='bbox 918 4834 1047 4904; x_wconf 88' lang='lat' dir='ltr'>ejus</span> <span class='ocrx_word' id='word_1_364' title='bbox 1100 4833 1277 4891; x_wconf 82' lang='lat' dir='ltr'>altare</span> <span class='ocrx_word' id='word_1_365' title='bbox 1325 4851 1600 4890; x_wconf 85' lang='lat' dir='ltr'>amovens</span> <span class='ocrx_word' id='word_1_366' title='bbox 1649 4834 1951 4904; x_wconf 82' lang='lat' dir='ltr'>destruxit,</span> <span class='ocrx_word' id='word_1_367' title='bbox 1985 4842 2043 4892; x_wconf 90' lang='lat' dir='ltr'>et</span> 
     </span>
    </p>
   </div>
   <div class='ocr_carea' id='block_1_55' title="bbox 384 4922 2043 5001">
    <p class='ocr_par' dir='ltr' id='par_1_55' title="bbox 384 4922 2043 5001">
     <span class='ocr_line' id='line_1_55' title="bbox 384 4922 2043 5001; baseline -0.002 -16"><span class='ocrx_word' id='word_1_368' title='bbox 384 4927 664 5001; x_wconf 86' lang='lat' dir='ltr'>reliquias</span> <span class='ocrx_word' id='word_1_369' title='bbox 693 4941 763 4982; x_wconf 81' lang='lat' dir='ltr'>ex</span> <span class='ocrx_word' id='word_1_370' title='bbox 783 4922 883 4979; x_wconf 92' lang='lat' dir='ltr'>illo</span> <span class='ocrx_word' id='word_1_371' title='bbox 933 4922 1281 4980; x_wconf 89' lang='lat' dir='ltr'>abstrahens</span> <span class='ocrx_word' id='word_1_372' title='bbox 1330 4940 1526 4980; x_wconf 90' lang='lat' dir='ltr'>secum</span> <span class='ocrx_word' id='word_1_373' title='bbox 1577 4924 1938 4996; x_wconf 84' lang='lat' dir='ltr'>asportavit;</span> <span class='ocrx_word' id='word_1_374' title='bbox 1985 4930 2043 4981; x_wconf 91' lang='lat' dir='ltr'>et</span> 
     </span>
    </p>
   </div>
   <div class='ocr_carea' id='block_1_56' title="bbox 385 5011 2039 5085">
    <p class='ocr_par' dir='ltr' id='par_1_56' title="bbox 385 5011 2039 5085">
     <span class='ocr_line' id='line_1_56' title="bbox 385 5011 2039 5085; baseline -0.002 -11"><span class='ocrx_word' id='word_1_375' title='bbox 385 5034 520 5074; x_wconf 91' lang='lat' dir='ltr'>cum</span> <span class='ocrx_word' id='word_1_376' title='bbox 555 5017 691 5072; x_wconf 91' lang='lat' dir='ltr'>inde</span> <span class='ocrx_word' id='word_1_377' title='bbox 717 5013 794 5068; x_wconf 92' lang='lat' dir='ltr'>nd</span> <span class='ocrx_word' id='word_1_378' title='bbox 825 5011 1185 5085; x_wconf 85' lang='lat' dir='ltr'>episcopium</span> <span class='ocrx_word' id='word_1_379' title='bbox 1233 5016 1634 5079; x_wconf 86' lang='lat' dir='ltr'>reverteretur,</span> <span class='ocrx_word' id='word_1_380' title='bbox 1679 5014 1869 5069; x_wconf 83' lang='lat' dir='ltr'>subito</span> <span class='ocrx_word' id='word_1_381' title='bbox 1900 5014 2039 5071; x_wconf 81' lang='lat' dir='ltr'>ccelo</span> 
     </span>
    </p>
   </div>
   <div class='ocr_carea' id='block_1_57' title="bbox 383 5101 2039 5182">
    <p class='ocr_par' dir='ltr' id='par_1_57' title="bbox 383 5101 2039 5182">
     <span class='ocr_line' id='line_1_57' title="bbox 383 5101 2039 5182; baseline -0.004 -17"><span class='ocrx_word' id='word_1_382' title='bbox 383 5106 606 5182; x_wconf 86' lang='lat' dir='ltr'>optime</span> <span class='ocrx_word' id='word_1_383' title='bbox 634 5106 897 5163; x_wconf 85' lang='lat' dir='ltr'>serenato</span> <span class='ocrx_word' id='word_1_384' title='bbox 927 5104 1055 5158; x_wconf 81' lang='lat' dir='ltr'>orta</span> <span class='ocrx_word' id='word_1_385' title='bbox 1081 5104 1170 5159; x_wconf 84' lang='lat' dir='ltr'>est</span> <span class='ocrx_word' id='word_1_386' title='bbox 1184 5118 1369 5175; x_wconf 62' lang='lat' dir='ltr'>aqua),</span> <span class='ocrx_word' id='word_1_387' title='bbox 1393 5101 1697 5175; x_wconf 86' lang='lat' dir='ltr'>grandinis</span> <span class='ocrx_word' id='word_1_388' title='bbox 1718 5108 1774 5158; x_wconf 90' lang='lat' dir='ltr'>et</span> <span class='ocrx_word' id='word_1_389' title='bbox 1791 5101 2039 5175; x_wconf 83' lang='lat' dir='ltr'>fulguris</span> 
     </span>
    </p>
   </div>
   <div class='ocr_carea' id='block_1_58' title="bbox 2155 3060 3807 3132">
    <p class='ocr_par' dir='ltr' id='par_1_58' title="bbox 2155 3060 3807 3132">
     <span class='ocr_line' id='line_1_58' title="bbox 2155 3060 3807 3132; baseline 0.007 -18"><span class='ocrx_word' id='word_1_390' title='bbox 2155 3060 2216 3114; x_wconf 90' lang='lat' dir='ltr'>in</span> <span class='ocrx_word' id='word_1_391' title='bbox 2248 3060 2561 3130; x_wconf 84' lang='lat' dir='ltr'>quemdam</span> <span class='ocrx_word' id='word_1_392' title='bbox 2606 3060 2795 3115; x_wconf 75' lang='lat' dir='ltr'>locum</span> <span class='ocrx_word' id='word_1_393' title='bbox 2844 3060 2945 3132; x_wconf 92' lang='lat' dir='ltr'>qui</span> <span class='ocrx_word' id='word_1_394' title='bbox 2994 3061 3208 3117; x_wconf 89' lang='lat' dir='ltr'>dicitur</span> <span class='ocrx_word' id='word_1_395' title='bbox 3258 3067 3420 3131; x_wconf 84' lang='lat' dir='ltr'>Area,</span> <span class='ocrx_word' id='word_1_396' title='bbox 3475 3070 3533 3121; x_wconf 87' lang='lat' dir='ltr'>et</span> <span class='ocrx_word' id='word_1_397' title='bbox 3574 3084 3807 3126; x_wconf 88' lang='lat' dir='ltr'>moram</span> 
     </span>
    </p>
   </div>
   <div class='ocr_carea' id='block_1_59' title="bbox 2156 3147 3813 3222">
    <p class='ocr_par' dir='ltr' id='par_1_59' title="bbox 2156 3147 3813 3222">
     <span class='ocr_line' id='line_1_59' title="bbox 2156 3147 3813 3222; baseline 0.007 -20"><span class='ocrx_word' id='word_1_398' title='bbox 2156 3147 2587 3218; x_wconf 86' lang='lat' dir='ltr'>aliquantulum</span> <span class='ocrx_word' id='word_1_399' title='bbox 2622 3148 2700 3203; x_wconf 92' lang='lat' dir='ltr'>ibi</span> <span class='ocrx_word' id='word_1_400' title='bbox 2734 3165 2868 3203; x_wconf 89' lang='lat' dir='ltr'>cum</span> <span class='ocrx_word' id='word_1_401' title='bbox 2898 3148 3044 3220; x_wconf 89' lang='lat' dir='ltr'>ipsis</span> <span class='ocrx_word' id='word_1_402' title='bbox 3076 3150 3338 3222; x_wconf 87' lang='lat' dir='ltr'>reliquiis</span> <span class='ocrx_word' id='word_1_403' title='bbox 3370 3152 3528 3209; x_wconf 89' lang='lat' dir='ltr'>fecit.</span> <span class='ocrx_word' id='word_1_404' title='bbox 3580 3157 3813 3213; x_wconf 81' lang='lat' dir='ltr'>Accidit</span> 
     </span>
    </p>
   </div>
   <div class='ocr_carea' id='block_1_60' title="bbox 2154 3236 3806 3317">
    <p class='ocr_par' dir='ltr' id='par_1_60' title="bbox 2154 3236 3806 3317">
     <span class='ocr_line' id='line_1_60' title="bbox 2154 3236 3806 3317; baseline 0.008 -28"><span class='ocrx_word' id='word_1_405' title='bbox 2154 3240 2294 3291; x_wconf 88' lang='lat' dir='ltr'>tunc</span> <span class='ocrx_word' id='word_1_406' title='bbox 2318 3236 2538 3307; x_wconf 87' lang='lat' dir='ltr'>grande</span> <span class='ocrx_word' id='word_1_407' title='bbox 2570 3236 2920 3293; x_wconf 89' lang='lat' dir='ltr'>miraculum</span> <span class='ocrx_word' id='word_1_408' title='bbox 2969 3238 3028 3294; x_wconf 93' lang='lat' dir='ltr'>in</span> <span class='ocrx_word' id='word_1_409' title='bbox 3058 3238 3186 3310; x_wconf 91' lang='lat' dir='ltr'>ipso</span> <span class='ocrx_word' id='word_1_410' title='bbox 3234 3238 3358 3297; x_wconf 90' lang='lat' dir='ltr'>loco</span> <span class='ocrx_word' id='word_1_411' title='bbox 3390 3242 3489 3296; x_wconf 89' lang='lat' dir='ltr'>ubi</span> <span class='ocrx_word' id='word_1_412' title='bbox 3536 3243 3806 3317; x_wconf 65' lang='lat' dir='ltr'>reliquias</span> 
     </span>
    </p>
   </div>
   <div class='ocr_carea' id='block_1_61' title="bbox 2155 3325 3805 3400">
    <p class='ocr_par' dir='ltr' id='par_1_61' title="bbox 2155 3325 3805 3400">
     <span class='ocr_line' id='line_1_61' title="bbox 2155 3325 3805 3400; baseline 0.007 -21"><span class='ocrx_word' id='word_1_413' title='bbox 2155 3326 2490 3392; x_wconf 89' lang='lat' dir='ltr'>manebant,</span> <span class='ocrx_word' id='word_1_414' title='bbox 2524 3325 2606 3380; x_wconf 92' lang='lat' dir='ltr'>nil</span> <span class='ocrx_word' id='word_1_415' title='bbox 2639 3325 2844 3397; x_wconf 62' lang='lat' dir='ltr'>pluvia</span> <span class='ocrx_word' id='word_1_416' title='bbox 2888 3326 2973 3383; x_wconf 90' lang='lat' dir='ltr'>vel</span> <span class='ocrx_word' id='word_1_417' title='bbox 3022 3328 3327 3400; x_wconf 75' lang='lat' dir='ltr'>grandinis</span> <span class='ocrx_word' id='word_1_418' title='bbox 3372 3330 3452 3386; x_wconf 91' lang='lat' dir='ltr'>ibi</span> <span class='ocrx_word' id='word_1_419' title='bbox 3495 3332 3805 3391; x_wconf 89' lang='lat' dir='ltr'>cecidisse.</span> 
     </span>
    </p>
   </div>
   <div class='ocr_carea' id='block_1_62' title="bbox 2153 3412 3809 3492">
    <p class='ocr_par' dir='ltr' id='par_1_62' title="bbox 2153 3412 3809 3492">
     <span class='ocr_line' id='line_1_62' title="bbox 2153 3412 3809 3492; baseline 0.007 -23"><span class='ocrx_word' id='word_1_420' title='bbox 2153 3412 2427 3469; x_wconf 85' lang='lat' dir='ltr'>Cessante</span> <span class='ocrx_word' id='word_1_421' title='bbox 2472 3431 2603 3470; x_wconf 86' lang='lat' dir='ltr'>vero</span> <span class='ocrx_word' id='word_1_422' title='bbox 2658 3419 3021 3488; x_wconf 87' lang='lat' dir='ltr'>tempestate,</span> <span class='ocrx_word' id='word_1_423' title='bbox 3067 3417 3240 3473; x_wconf 91' lang='lat' dir='ltr'>rediit</span> <span class='ocrx_word' id='word_1_424' title='bbox 3282 3419 3355 3475; x_wconf 89' lang='lat' dir='ltr'>ad</span> <span class='ocrx_word' id='word_1_425' title='bbox 3392 3420 3809 3492; x_wconf 83' lang='lat' dir='ltr'>episcopatum</span> 
     </span>
    </p>
   </div>
   <div class='ocr_carea' id='block_1_63' title="bbox 2152 3503 3813 3577">
    <p class='ocr_par' dir='ltr' id='par_1_63' title="bbox 2152 3503 3813 3577">
     <span class='ocr_line' id='line_1_63' title="bbox 2152 3503 3813 3577; baseline 0.007 -21"><span class='ocrx_word' id='word_1_426' title='bbox 2152 3518 2286 3556; x_wconf 90' lang='lat' dir='ltr'>cum</span> <span class='ocrx_word' id='word_1_427' title='bbox 2317 3518 2526 3573; x_wconf 88' lang='lat' dir='ltr'>magno</span> <span class='ocrx_word' id='word_1_428' title='bbox 2558 3519 2784 3574; x_wconf 88' lang='lat' dir='ltr'>pavore.</span> <span class='ocrx_word' id='word_1_429' title='bbox 2816 3503 3011 3560; x_wconf 87' lang='lat' dir='ltr'>Altera</span> <span class='ocrx_word' id='word_1_430' title='bbox 3031 3509 3227 3561; x_wconf 89' lang='lat' dir='ltr'>autem</span> <span class='ocrx_word' id='word_1_431' title='bbox 3259 3507 3368 3577; x_wconf 90' lang='lat' dir='ltr'>die,</span> <span class='ocrx_word' id='word_1_432' title='bbox 3393 3507 3500 3562; x_wconf 91' lang='lat' dir='ltr'>hoc</span> <span class='ocrx_word' id='word_1_433' title='bbox 3528 3525 3664 3566; x_wconf 89' lang='lat' dir='ltr'>cum</span> <span class='ocrx_word' id='word_1_434' title='bbox 3699 3529 3813 3568; x_wconf 89' lang='lat' dir='ltr'>au-</span> 
     </span>
    </p>
   </div>
   <div class='ocr_carea' id='block_1_64' title="bbox 2149 3589 3808 3670">
    <p class='ocr_par' dir='ltr' id='par_1_64' title="bbox 2149 3589 3808 3670">
     <span class='ocr_line' id='line_1_64' title="bbox 2149 3589 3808 3670; baseline 0.009 -27"><span class='ocrx_word' id='word_1_435' title='bbox 2149 3589 2300 3644; x_wconf 89' lang='lat' dir='ltr'>diret</span> <span class='ocrx_word' id='word_1_436' title='bbox 2326 3589 2393 3645; x_wconf 93' lang='lat' dir='ltr'>D.</span> <span class='ocrx_word' id='word_1_437' title='bbox 2428 3591 2759 3647; x_wconf 90' lang='lat' dir='ltr'>Bernardus</span> <span class='ocrx_word' id='word_1_438' title='bbox 2780 3591 2962 3649; x_wconf 88' lang='lat' dir='ltr'>abbas</span> <span class='ocrx_word' id='word_1_439' title='bbox 2984 3592 3255 3665; x_wconf 89' lang='lat' dir='ltr'>Ortanus,</span> <span class='ocrx_word' id='word_1_440' title='bbox 3281 3595 3453 3668; x_wconf 90' lang='lat' dir='ltr'>elegit</span> <span class='ocrx_word' id='word_1_441' title='bbox 3480 3602 3808 3670; x_wconf 85' lang='lat' dir='ltr'>quemdam</span> 
     </span>
    </p>
   </div>
   <div class='ocr_carea' id='block_1_65' title="bbox 2151 3681 3808 3757">
    <p class='ocr_par' dir='ltr' id='par_1_65' title="bbox 2151 3681 3808 3757">
     <span class='ocr_line' id='line_1_65' title="bbox 2151 3681 3808 3757; baseline 0.007 -22"><span class='ocrx_word' id='word_1_442' title='bbox 2151 3681 2510 3752; x_wconf 85' lang='lat' dir='ltr'>episc0pum,</span> <span class='ocrx_word' id='word_1_443' title='bbox 2547 3681 2647 3752; x_wconf 93' lang='lat' dir='ltr'>qui</span> <span class='ocrx_word' id='word_1_444' title='bbox 2676 3685 2814 3736; x_wconf 91' lang='lat' dir='ltr'>tunc</span> <span class='ocrx_word' id='word_1_445' title='bbox 2845 3682 2988 3738; x_wconf 88' lang='lat' dir='ltr'>forte</span> <span class='ocrx_word' id='word_1_446' title='bbox 3017 3682 3423 3757; x_wconf 86' lang='lat' dir='ltr'>hospitabatur</span> <span class='ocrx_word' id='word_1_447' title='bbox 3452 3686 3512 3742; x_wconf 90' lang='lat' dir='ltr'>in</span> <span class='ocrx_word' id='word_1_448' title='bbox 3546 3688 3652 3745; x_wconf 84' lang='lat' dir='ltr'>hoc</span> <span class='ocrx_word' id='word_1_449' title='bbox 3673 3708 3808 3747; x_wconf 88' lang='lat' dir='ltr'>mo-</span> 
     </span>
    </p>
   </div>
   <div class='ocr_carea' id='block_1_66' title="bbox 2153 3768 3808 3844">
    <p class='ocr_par' dir='ltr' id='par_1_66' title="bbox 2153 3768 3808 3844">
     <span class='ocr_line' id='line_1_66' title="bbox 2153 3768 3808 3844; baseline 0.008 -21"><span class='ocrx_word' id='word_1_450' title='bbox 2153 3769 2428 3840; x_wconf 87' lang='lat' dir='ltr'>nasterio,</span> <span class='ocrx_word' id='word_1_451' title='bbox 2473 3770 2544 3824; x_wconf 93' lang='lat' dir='ltr'>de</span> <span class='ocrx_word' id='word_1_452' title='bbox 2600 3768 3057 3828; x_wconf 90' lang='lat' dir='ltr'>Ultramontanis</span> <span class='ocrx_word' id='word_1_453' title='bbox 3104 3774 3393 3844; x_wconf 87' lang='lat' dir='ltr'>partibus,</span> <span class='ocrx_word' id='word_1_454' title='bbox 3445 3780 3503 3832; x_wconf 88' lang='lat' dir='ltr'>et</span> <span class='ocrx_word' id='word_1_455' title='bbox 3541 3777 3808 3836; x_wconf 85' lang='lat' dir='ltr'>collectis</span> 
     </span>
    </p>
   </div>
   <div class='ocr_carea' id='block_1_67' title="bbox 2155 3857 3808 3937">
    <p class='ocr_par' dir='ltr' id='par_1_67' title="bbox 2155 3857 3808 3937">
     <span class='ocr_line' id='line_1_67' title="bbox 2155 3857 3808 3937; baseline 0.008 -25"><span class='ocrx_word' id='word_1_456' title='bbox 2155 3857 2400 3937; x_wconf 70' lang='lat' dir='ltr'>abbatis:</span> <span class='ocrx_word' id='word_1_457' title='bbox 2446 3857 2585 3912; x_wconf 91' lang='lat' dir='ltr'>viris</span> <span class='ocrx_word' id='word_1_458' title='bbox 2632 3863 2688 3913; x_wconf 91' lang='lat' dir='ltr'>et</span> <span class='ocrx_word' id='word_1_459' title='bbox 2729 3858 2998 3915; x_wconf 81' lang='lat' dir='ltr'>fidelibus</span> <span class='ocrx_word' id='word_1_460' title='bbox 3044 3860 3334 3919; x_wconf 90' lang='lat' dir='ltr'>militibus</span> <span class='ocrx_word' id='word_1_461' title='bbox 3366 3882 3501 3920; x_wconf 90' lang='lat' dir='ltr'>sum</span> <span class='ocrx_word' id='word_1_462' title='bbox 3545 3866 3808 3925; x_wconf 84' lang='lat' dir='ltr'>maximo</span> 
     </span>
    </p>
   </div>
   <div class='ocr_carea' id='block_1_68' title="bbox 2153 3944 3805 4029">
    <p class='ocr_par' dir='ltr' id='par_1_68' title="bbox 2153 3944 3805 4029">
     <span class='ocr_line' id='line_1_68' title="bbox 2153 3944 3805 4029; baseline 0.008 -29"><span class='ocrx_word' id='word_1_463' title='bbox 2153 3944 2370 4001; x_wconf 89' lang='lat' dir='ltr'>honore</span> <span class='ocrx_word' id='word_1_464' title='bbox 2400 3946 2746 4002; x_wconf 69' lang='lat' dir='ltr'>resaditicare</span> <span class='ocrx_word' id='word_1_465' title='bbox 2762 3948 2989 4002; x_wconf 90' lang='lat' dir='ltr'>studuit</span> <span class='ocrx_word' id='word_1_466' title='bbox 3016 3948 3212 4021; x_wconf 91' lang='lat' dir='ltr'>ipsum</span> <span class='ocrx_word' id='word_1_467' title='bbox 3242 3951 3443 4023; x_wconf 90' lang='lat' dir='ltr'>altare,</span> <span class='ocrx_word' id='word_1_468' title='bbox 3477 3956 3711 4029; x_wconf 89' lang='lat' dir='ltr'>magnis</span> <span class='ocrx_word' id='word_1_469' title='bbox 3742 3962 3805 4014; x_wconf 88' lang='lat' dir='ltr'>et</span> 
     </span>
    </p>
   </div>
   <div class='ocr_carea' id='block_1_69' title="bbox 2154 4035 3808 4116">
    <p class='ocr_par' dir='ltr' id='par_1_69' title="bbox 2154 4035 3808 4116">
     <span class='ocr_line' id='line_1_69' title="bbox 2154 4035 3808 4116; baseline 0.01 -28"><span class='ocrx_word' id='word_1_470' title='bbox 2154 4035 2460 4107; x_wconf 60' lang='lat' dir='ltr'>praecipuis</span> <span class='ocrx_word' id='word_1_471' title='bbox 2490 4035 2569 4090; x_wconf 91' lang='lat' dir='ltr'>ibi</span> <span class='ocrx_word' id='word_1_472' title='bbox 2602 4035 2914 4094; x_wconf 88' lang='lat' dir='ltr'>reconditis</span> <span class='ocrx_word' id='word_1_473' title='bbox 2931 4036 3216 4109; x_wconf 88' lang='lat' dir='ltr'>reliquiis.</span> <span class='ocrx_word' id='word_1_474' title='bbox 3249 4040 3440 4114; x_wconf 91' lang='lat' dir='ltr'>Super</span> <span class='ocrx_word' id='word_1_475' title='bbox 3467 4061 3644 4116; x_wconf 88' lang='lat' dir='ltr'>quam</span> <span class='ocrx_word' id='word_1_476' title='bbox 3678 4064 3808 4103; x_wconf 88' lang='lat' dir='ltr'>rem</span> 
     </span>
    </p>
   </div>
   <div class='ocr_carea' id='block_1_70' title="bbox 2154 4125 3810 4199">
    <p class='ocr_par' dir='ltr' id='par_1_70' title="bbox 2154 4125 3810 4199">
     <span class='ocr_line' id='line_1_70' title="bbox 2154 4125 3810 4199; baseline 0.008 -20"><span class='ocrx_word' id='word_1_477' title='bbox 2154 4125 2465 4196; x_wconf 70' lang='lat' dir='ltr'>praedictus</span> <span class='ocrx_word' id='word_1_478' title='bbox 2495 4125 2805 4197; x_wconf 87' lang='lat' dir='ltr'>episcopus</span> <span class='ocrx_word' id='word_1_479' title='bbox 2833 4125 3000 4183; x_wconf 89' lang='lat' dir='ltr'>valde</span> <span class='ocrx_word' id='word_1_480' title='bbox 3025 4128 3323 4185; x_wconf 85' lang='lat' dir='ltr'>condoluit</span> <span class='ocrx_word' id='word_1_481' title='bbox 3362 4132 3669 4199; x_wconf 78' lang='lat' dir='ltr'>Sabinensi</span> <span class='ocrx_word' id='word_1_482' title='bbox 3703 4135 3810 4192; x_wconf 84' lang='lat' dir='ltr'>Ec-</span> 
     </span>
    </p>
   </div>
   <div class='ocr_carea' id='block_1_71' title="bbox 2154 4212 3811 4295">
    <p class='ocr_par' dir='ltr' id='par_1_71' title="bbox 2154 4212 3811 4295">
     <span class='ocr_line' id='line_1_71' title="bbox 2154 4212 3811 4295; baseline 0.007 -26"><span class='ocrx_word' id='word_1_483' title='bbox 2154 4212 2364 4281; x_wconf 67' lang='lat' dir='ltr'>clesia),</span> <span class='ocrx_word' id='word_1_484' title='bbox 2397 4217 2453 4269; x_wconf 93' lang='lat' dir='ltr'>et</span> <span class='ocrx_word' id='word_1_485' title='bbox 2473 4213 2610 4285; x_wconf 90' lang='lat' dir='ltr'>quia</span> <span class='ocrx_word' id='word_1_486' title='bbox 2637 4212 2818 4270; x_wconf 91' lang='lat' dir='ltr'>altare</span> <span class='ocrx_word' id='word_1_487' title='bbox 2840 4214 3037 4287; x_wconf 89' lang='lat' dir='ltr'>ipsum</span> <span class='ocrx_word' id='word_1_488' title='bbox 3057 4216 3423 4276; x_wconf 78' lang='lat' dir='ltr'>destruxerat</span> <span class='ocrx_word' id='word_1_489' title='bbox 3450 4226 3509 4278; x_wconf 90' lang='lat' dir='ltr'>et</span> <span class='ocrx_word' id='word_1_490' title='bbox 3526 4221 3811 4295; x_wconf 79' lang='lat' dir='ltr'>reliquias</span> 
     </span>
    </p>
   </div>
   <div class='ocr_carea' id='block_1_72' title="bbox 2156 4301 3811 4377">
    <p class='ocr_par' dir='ltr' id='par_1_72' title="bbox 2156 4301 3811 4377">
     <span class='ocr_line' id='line_1_72' title="bbox 2156 4301 3811 4377; baseline 0.008 -20"><span class='ocrx_word' id='word_1_491' title='bbox 2156 4306 2568 4374; x_wconf 86' lang='lat' dir='ltr'>asportaverat,</span> <span class='ocrx_word' id='word_1_492' title='bbox 2599 4301 2729 4374; x_wconf 90' lang='lat' dir='ltr'>ipsa</span> <span class='ocrx_word' id='word_1_493' title='bbox 2759 4308 2925 4360; x_wconf 91' lang='lat' dir='ltr'>nocte</span> <span class='ocrx_word' id='word_1_494' title='bbox 2946 4320 3260 4376; x_wconf 90' lang='lat' dir='ltr'>percussus</span> <span class='ocrx_word' id='word_1_495' title='bbox 3290 4315 3401 4377; x_wconf 91' lang='lat' dir='ltr'>est,</span> <span class='ocrx_word' id='word_1_496' title='bbox 3432 4315 3491 4368; x_wconf 91' lang='lat' dir='ltr'>et</span> <span class='ocrx_word' id='word_1_497' title='bbox 3520 4329 3705 4369; x_wconf 89' lang='lat' dir='ltr'>unum</span> <span class='ocrx_word' id='word_1_498' title='bbox 3724 4316 3811 4369; x_wconf 77' lang='lat' dir='ltr'>to-</span> 
     </span>
    </p>
   </div>
   <div class='ocr_carea' id='block_1_73' title="bbox 2153 4390 3803 4471">
    <p class='ocr_par' dir='ltr' id='par_1_73' title="bbox 2153 4390 3803 4471">
     <span class='ocr_line' id='line_1_73' title="bbox 2153 4390 3803 4471; baseline 0.008 -26"><span class='ocrx_word' id='word_1_499' title='bbox 2153 4392 2271 4446; x_wconf 88' lang='lat' dir='ltr'>tius</span> <span class='ocrx_word' id='word_1_500' title='bbox 2321 4390 2476 4446; x_wconf 88' lang='lat' dir='ltr'>latus</span> <span class='ocrx_word' id='word_1_501' title='bbox 2524 4392 2782 4465; x_wconf 85' lang='lat' dir='ltr'>corporis</span> <span class='ocrx_word' id='word_1_502' title='bbox 2820 4393 3262 4468; x_wconf 85' lang='lat' dir='ltr'>obstupescens,</span> <span class='ocrx_word' id='word_1_503' title='bbox 3320 4398 3503 4456; x_wconf 90' lang='lat' dir='ltr'>donec</span> <span class='ocrx_word' id='word_1_504' title='bbox 3561 4402 3803 4471; x_wconf 82' lang='lat' dir='ltr'>advixit,</span> 
     </span>
    </p>
   </div>
   <div class='ocr_carea' id='block_1_74' title="bbox 2151 4480 3807 4562">
    <p class='ocr_par' dir='ltr' id='par_1_74' title="bbox 2151 4480 3807 4562">
     <span class='ocr_line' id='line_1_74' title="bbox 2151 4480 3807 4562; baseline 0.006 -26"><span class='ocrx_word' id='word_1_505' title='bbox 2151 4480 2341 4553; x_wconf 89' lang='lat' dir='ltr'>periit.</span> <span class='ocrx_word' id='word_1_506' title='bbox 2376 4480 2511 4535; x_wconf 91' lang='lat' dir='ltr'>Post</span> <span class='ocrx_word' id='word_1_507' title='bbox 2539 4480 2648 4537; x_wconf 90' lang='lat' dir='ltr'>hoc</span> <span class='ocrx_word' id='word_1_508' title='bbox 2677 4481 2894 4538; x_wconf 87' lang='lat' dir='ltr'>veritus</span> <span class='ocrx_word' id='word_1_509' title='bbox 2924 4487 2982 4539; x_wconf 90' lang='lat' dir='ltr'>et</span> <span class='ocrx_word' id='word_1_510' title='bbox 3009 4500 3226 4556; x_wconf 90' lang='lat' dir='ltr'>pavens</span> <span class='ocrx_word' id='word_1_511' title='bbox 3256 4503 3436 4560; x_wconf 90' lang='lat' dir='ltr'>super</span> <span class='ocrx_word' id='word_1_512' title='bbox 3464 4489 3595 4562; x_wconf 91' lang='lat' dir='ltr'>hoc,</span> <span class='ocrx_word' id='word_1_513' title='bbox 3625 4495 3684 4548; x_wconf 85' lang='lat' dir='ltr'>et</span> <span class='ocrx_word' id='word_1_514' title='bbox 3714 4491 3807 4546; x_wconf 89' lang='lat' dir='ltr'>ni-</span> 
     </span>
    </p>
   </div>
   <div class='ocr_carea' id='block_1_75' title="bbox 2154 4568 3811 4645">
    <p class='ocr_par' dir='ltr' id='par_1_75' title="bbox 2154 4568 3811 4645">
     <span class='ocr_line' id='line_1_75' title="bbox 2154 4568 3811 4645; baseline 0.008 -22"><span class='ocrx_word' id='word_1_515' title='bbox 2154 4569 2265 4624; x_wconf 89' lang='lat' dir='ltr'>mis</span> <span class='ocrx_word' id='word_1_516' title='bbox 2295 4568 2516 4637; x_wconf 88' lang='lat' dir='ltr'>dolens,</span> <span class='ocrx_word' id='word_1_517' title='bbox 2551 4587 2654 4643; x_wconf 92' lang='lat' dir='ltr'>pro</span> <span class='ocrx_word' id='word_1_518' title='bbox 2681 4570 3058 4629; x_wconf 81' lang='lat' dir='ltr'>aedificatione</span> <span class='ocrx_word' id='word_1_519' title='bbox 3080 4589 3259 4645; x_wconf 89' lang='lat' dir='ltr'>quam</span> <span class='ocrx_word' id='word_1_520' title='bbox 3292 4581 3354 4632; x_wconf 89' lang='lat' dir='ltr'>D.</span> <span class='ocrx_word' id='word_1_521' title='bbox 3388 4578 3570 4636; x_wconf 88' lang='lat' dir='ltr'>abbas</span> <span class='ocrx_word' id='word_1_522' title='bbox 3600 4583 3811 4637; x_wconf 88' lang='lat' dir='ltr'>noster</span> 
     </span>
    </p>
   </div>
   <div class='ocr_carea' id='block_1_76' title="bbox 2152 4657 3811 4740">
    <p class='ocr_par' dir='ltr' id='par_1_76' title="bbox 2152 4657 3811 4740">
     <span class='ocr_line' id='line_1_76' title="bbox 2152 4657 3811 4740; baseline 0.008 -28"><span class='ocrx_word' id='word_1_523' title='bbox 2152 4657 2275 4713; x_wconf 80' lang='lat' dir='ltr'>fieri</span> <span class='ocrx_word' id='word_1_524' title='bbox 2302 4658 2626 4726; x_wconf 89' lang='lat' dir='ltr'>studuerat,</span> <span class='ocrx_word' id='word_1_525' title='bbox 2659 4660 2730 4713; x_wconf 91' lang='lat' dir='ltr'>ad</span> <span class='ocrx_word' id='word_1_526' title='bbox 2784 4660 3055 4716; x_wconf 89' lang='lat' dir='ltr'>eumdem</span> <span class='ocrx_word' id='word_1_527' title='bbox 3102 4660 3296 4719; x_wconf 90' lang='lat' dir='ltr'>locum</span> <span class='ocrx_word' id='word_1_528' title='bbox 3336 4664 3646 4739; x_wconf 85' lang='lat' dir='ltr'>episcOpus</span> <span class='ocrx_word' id='word_1_529' title='bbox 3676 4684 3811 4740; x_wconf 84' lang='lat' dir='ltr'>per-</span> 
     </span>
    </p>
   </div>
   <div class='ocr_carea' id='block_1_77' title="bbox 2151 4746 3808 4829">
    <p class='ocr_par' dir='ltr' id='par_1_77' title="bbox 2151 4746 3808 4829">
     <span class='ocr_line' id='line_1_77' title="bbox 2151 4746 3808 4829; baseline 0.007 -28"><span class='ocrx_word' id='word_1_530' title='bbox 2151 4746 2314 4815; x_wconf 84' lang='lat' dir='ltr'>rexit,</span> <span class='ocrx_word' id='word_1_531' title='bbox 2347 4752 2402 4802; x_wconf 88' lang='lat' dir='ltr'>et</span> <span class='ocrx_word' id='word_1_532' title='bbox 2432 4746 2891 4805; x_wconf 88' lang='lat' dir='ltr'>abstractisinde</span> <span class='ocrx_word' id='word_1_533' title='bbox 2903 4749 3067 4806; x_wconf 88' lang='lat' dir='ltr'>novis</span> <span class='ocrx_word' id='word_1_534' title='bbox 3087 4766 3236 4822; x_wconf 84' lang='lat' dir='ltr'>quas</span> <span class='ocrx_word' id='word_1_535' title='bbox 3266 4752 3485 4810; x_wconf 85' lang='lat' dir='ltr'>invenit</span> <span class='ocrx_word' id='word_1_536' title='bbox 3506 4754 3808 4829; x_wconf 87' lang='lat' dir='ltr'>reliquiis,</span> 
     </span>
    </p>
   </div>
   <div class='ocr_carea' id='block_1_78' title="bbox 2150 4833 3813 4913">
    <p class='ocr_par' dir='ltr' id='par_1_78' title="bbox 2150 4833 3813 4913">
     <span class='ocr_line' id='line_1_78' title="bbox 2150 4833 3813 4913; baseline 0.007 -22"><span class='ocrx_word' id='word_1_537' title='bbox 2150 4835 2371 4908; x_wconf 89' lang='lat' dir='ltr'>priores</span> <span class='ocrx_word' id='word_1_538' title='bbox 2429 4833 2549 4890; x_wconf 89' lang='lat' dir='ltr'>illic</span> <span class='ocrx_word' id='word_1_539' title='bbox 2588 4834 2902 4892; x_wconf 83' lang='lat' dir='ltr'>honorifice</span> <span class='ocrx_word' id='word_1_540' title='bbox 2944 4839 3301 4910; x_wconf 84' lang='lat' dir='ltr'>recondidit;</span> <span class='ocrx_word' id='word_1_541' title='bbox 3346 4842 3415 4897; x_wconf 95' lang='lat' dir='ltr'>de</span> <span class='ocrx_word' id='word_1_542' title='bbox 3470 4842 3617 4913; x_wconf 89' lang='lat' dir='ltr'>ipsis</span> <span class='ocrx_word' id='word_1_543' title='bbox 3668 4862 3813 4902; x_wconf 90' lang='lat' dir='ltr'>vero</span> 
     </span>
    </p>
   </div>
   <div class='ocr_carea' id='block_1_79' title="bbox 2150 4923 3817 4999">
    <p class='ocr_par' dir='ltr' id='par_1_79' title="bbox 2150 4923 3817 4999">
     <span class='ocr_line' id='line_1_79' title="bbox 2150 4923 3817 4999; baseline 0.008 -20"><span class='ocrx_word' id='word_1_544' title='bbox 2150 4924 2313 4980; x_wconf 89' lang='lat' dir='ltr'>novis</span> <span class='ocrx_word' id='word_1_545' title='bbox 2327 4923 2662 4995; x_wconf 89' lang='lat' dir='ltr'>reliquiisin</span> <span class='ocrx_word' id='word_1_546' title='bbox 2682 4941 2788 4980; x_wconf 90' lang='lat' dir='ltr'>suo</span> <span class='ocrx_word' id='word_1_547' title='bbox 2801 4925 3092 4999; x_wconf 91' lang='lat' dir='ltr'>episcopio</span> <span class='ocrx_word' id='word_1_548' title='bbox 3105 4927 3430 4985; x_wconf 88' lang='lat' dir='ltr'>altariolum</span> <span class='ocrx_word' id='word_1_549' title='bbox 3443 4934 3817 4992; x_wconf 83' lang='lat' dir='ltr'>construens</span> 
     </span>
    </p>
   </div>
   <div class='ocr_carea' id='block_1_80' title="bbox 2148 5013 3814 5083">
    <p class='ocr_par' dir='ltr' id='par_1_80' title="bbox 2148 5013 3814 5083">
     <span class='ocr_line' id='line_1_80' title="bbox 2148 5013 3814 5083; baseline 0.007 -14"><span class='ocrx_word' id='word_1_550' title='bbox 2148 5013 2524 5083; x_wconf 88' lang='lat' dir='ltr'>consecravit,</span> <span class='ocrx_word' id='word_1_551' title='bbox 2556 5016 2613 5068; x_wconf 91' lang='lat' dir='ltr'>et</span> <span class='ocrx_word' id='word_1_552' title='bbox 2637 5013 2875 5069; x_wconf 91' lang='lat' dir='ltr'>demum</span> <span class='ocrx_word' id='word_1_553' title='bbox 2901 5015 2962 5071; x_wconf 93' lang='lat' dir='ltr'>in</span> <span class='ocrx_word' id='word_1_554' title='bbox 3011 5016 3077 5071; x_wconf 96' lang='lat' dir='ltr'>D.</span> <span class='ocrx_word' id='word_1_555' title='bbox 3127 5018 3392 5073; x_wconf 88' lang='lat' dir='ltr'>abbatem</span> <span class='ocrx_word' id='word_1_556' title='bbox 3440 5024 3718 5079; x_wconf 86' lang='lat' dir='ltr'>nostrum</span> <span class='ocrx_word' id='word_1_557' title='bbox 3746 5023 3814 5081; x_wconf 91' lang='lat' dir='ltr'>in</span> 
     </span>
    </p>
   </div>
   <div class='ocr_carea' id='block_1_81' title="bbox 2147 5101 3281 5175">
    <p class='ocr_par' dir='ltr' id='par_1_81' title="bbox 2147 5101 3281 5175">
     <span class='ocr_line' id='line_1_81' title="bbox 2147 5101 3281 5175; baseline 0.006 -17"><span class='ocrx_word' id='word_1_558' title='bbox 2147 5102 2366 5175; x_wconf 85' lang='lat' dir='ltr'>synodo</span> <span class='ocrx_word' id='word_1_559' title='bbox 2399 5101 2916 5174; x_wconf 87' lang='lat' dir='ltr'>proclamationem</span> <span class='ocrx_word' id='word_1_560' title='bbox 2947 5104 3031 5161; x_wconf 90' lang='lat' dir='ltr'>sic</span> <span class='ocrx_word' id='word_1_561' title='bbox 3059 5106 3214 5165; x_wconf 89' lang='lat' dir='ltr'>fecit.</span> <span class='ocrx_word' id='word_1_562' title='bbox 3254 5129 3281 5156; x_wconf 87' lang='grc'><strong>››</strong></span> 
     </span>
    </p>
   </div>
   <div class='ocr_carea' id='block_1_82' title="bbox 1852 5411 2316 5451">
    <p class='ocr_par' dir='ltr' id='par_1_82' title="bbox 1852 5411 2316 5451">
     <span class='ocr_line' id='line_1_82' title="bbox 1852 5411 2316 5451; baseline 0 0"><span class='ocrx_word' id='word_1_563' title='bbox 1852 5411 2316 5451; x_wconf 75' lang='lat' dir='ltr'>-—--ooo-——-</span> 
     </span>
    </p>
   </div>
  </div>
