3966 6212
269 283 388 344 909

1130 281 1628 355 QUERIMONIA
1668 282 1980 345 CONTRA
2024 283 2482 357 FARFENSES
2528 284 2819 348 MONAG.

3558 284 3678 348 910

271 438 3677 471 m

1056 585 2116 749 QUEBIMONIA
2200 535 2888 723 JOANNIS

1583 834 1665 885 SA
1674 829 1997 886 BINENSIS
2033 829 2348 886 EPISCOPI

1007 982 1234 1044 Contra
1262 981 1578 1061 Far/enses
1602 981 1913 1042 monachos
1942 982 2004 1042 in
2032 981 2253 1062 synodo
2284 982 2553 1045 Romana
2580 982 2732 1044 anni
2756 985 2932 1047 1051.

706 1161 913 1233 (ΜΑΝει
956 1159 1161 1216 Cenat.
1198 1158 1344 1225 XIX,
1374 1160 1501 1226 797,
1535 1174 1605 1215 ex
1634 1158 1902 1214 Cbronicc

2018 1157 2224 1225 rfensi,
2258 1161 2382 1215 Rer.
2416 1160 2540 1215 Ital.
2575 1160 2805 1232 Script.,
2839 1160 2935 1225 III,
2970 1178 3033 1230 ιι,
3065 1162 3215 1233 581.)

1759 1333 2166 1346 ———-

329 1454 543 1511 Audiat
575 1455 857 1511 Dominus
896 1456 954 1510 et
998 1453 1182 1510 totius
1224 1452 1550 1525 regni.......
1584 1454 1915 1509 moderator
1940 1455 1995 1521 Α
2027 1452 2422 1509 ministerium
2456 1469 2652 1509 meum
2682 1452 2765 1508 ita
2794 1453 3064 1509 tractavit
3112 1456 3178 1508 ut
3231 1453 3447 1521 decuit,
3481 1470 3671 1526 neque

257 1544 653 1617 aequissimus,
684 1543 773 1599 vel
803 1543 1006 1616 primae
1034 1542 1193 1599 sedis
1222 1541 1554 1614 episcopus,
1590 1542 1907 1613 audiatque

258 1632 601 1690 cunctahzsc
618 1636 821 1688 saneta
842 1633 1122 1704 synodus,
1138 1630 1537 1704 percipiatque
1541 1632 1765 1701 justam
1781 1646 1908 1703 pro-

258 1722 667 1779 clamationem
700 1737 877 1793 quam
909 1720 1057 1775 facio
1089 1736 1265 1792 super
1285 1720 1553 1775 abbatem
1570 1719 1904 1791 Pbarphen-

259 1827 408 1879 sem,
441 1828 475 1866 a
506 1826 622 1882 quo
648 1808 867 1864 multas
895 1812 952 1865 et
972 1824 1182 1881 passus
1213 1823 1345 1863 sum
1365 1812 1421 1863 et
1436 1807 1900 1879 patiorinjurias.

260 1898 638 1971 Estquzedam
657 1896 900 1953 ecclesia
920 1896 979 1951 in
997 1896 1217 1952 honore
1245 1896 1303 1951 S.
1337 1895 1633 1951 Michaelis
1659 1895 1902 1950 areban-

257 1987 390 2060 geli,
426 1987 541 2043 sita
568 1986 628 2041 in
661 1989 858 2041 monte
888 1984 989 2057 qui
1018 1984 1229 2040 dicitur
1257 1984 1494 2049 Taneia,
1526 1983 1795 2039 videlicet
1842 1983 1900 2038 in

256 2076 594 2149 episcopatu
653 2091 801 2141 meo,
862 2090 989 2145 qua;
1039 2073 1194 2144 juris
1242 2073 1354 2128 mei
1387 2073 1759 2144 episcopatus
1789 2075 1898 2139 est,

257 2167 424 2237 cujus
455 2164 656 2220 altaris
686 2167 888 2219 auctor
917 2166 971 2218 et
993 2162 1291 2218 dedieator
1310 2162 1563 2217 creditur
1582 2161 1763 2216 fuisse
1789 2159 1901 2215 Sil-

254 2259 445 2310 vester
497 2252 875 2309 beatissimus
931 2251 1111 2322 hujus
1167 2250 1331 2307 alma:
1363 2249 1519 2305 sedis
1549 2249 1895 2321 episcopus;

257 2358 435 2415 super
464 2340 616 2413 quod
647 2340 826 2396 altare
857 2356 973 2396 non
1004 2343 1093 2394 est
1134 2339 1353 2394 veritus
1409 2338 1592 2393 abbas
1622 2336 1721 2392 ille
1752 2354 1899 2393 ausu

257 2429 567 2487 temerario
596 2428 906 2484 maceriam
929 2428 1164 2493 addere,
1197 2433 1256 2482 et
1300 2443 1480 2499 supra
1519 2425 1665 2481 tanti
1697 2442 1898 2481 conse-

253 2519 498 2575 cratoris
527 2516 804 2574 violatam
849 2516 1346 2573 consecrationem
1399 2515 1613 2570 missas
1647 2530 1750 2585 per
1775 2531 1898 2570 mo-

255 2608 474 2664 nachos
506 2624 645 2664 suos
670 2611 925 2673 cantare,
956 2605 1118 2661 nullo
1147 2604 1235 2661 vel
1263 2604 1508 2660 faciente
1536 2602 1624 2658 vel
1657 2603 1901 2674 jubente

256 2697 550 2770 episcopo.
585 2700 662 2751 De
692 2694 936 2751 ecclesia
966 2698 1162 2750 autem
1199 2693 1301 2749 illa
1349 2692 1544 2748 nescio
1599 2708 1701 2762 per
1724 2706 1900 2762 quem

255 2786 545 2853 datorem,
576 2784 945 2886 medietatem
972 2783 1196 2839 obtinet
1234 2780 1477 2886 ecclesia
1523 2781 1747 2835 Sancta":
1780 2779 1900 2886 It’la-
1933 2821 1980 2886 Β

256 2873 377 2940 riae,
410 2874 582 2943 cujus
604 2873 730 2944 ipse
767 2872 950 2927 abbas
996 2876 1122 2939 est;
1172 2871 1545 2927 medietatem
1592 2884 1726 2924 vero
1757 2867 1900 2923 alte-

257 2979 385 3017 ram
408 2960 782 3033 episcopatus
803 2959 1061 3032 possidet
1081 2976 1267 3017 meus.
1289 2959 1399 3014 Sed
1422 2975 1489 3013 ex
1506 2958 1601 3013 hic
1623 2956 1900 3012 medieta-

256 3052 419 3106 tibus
449 3050 601 3105 inter
629 3065 720 3104 me
750 3057 807 3104 et
837 3048 1105 3104 abbatem
1141 3046 1603 3119 Hugonem'talis
1626 3045 1903 3117 obligatio

254 3140 415 3196 facta
440 3143 549 3207 est,
580 3142 645 3193 ut
671 3154 902 3210 semper
927 3136 987 3192 in
1018 3141 1277 3209 tempore
1307 3132 1798 3208 quadragesimali
1846 3137 1905 3189 et

256 3228 317 3282 in
352 3243 551 3283 mense
582 3225 733 3282 Maio
767 3242 933 3282 meus
962 3224 1043 3281 ibi
1075 3241 1209 3281 cum
1256 3241 1364 3280 suo
1421 3223 1691 3279 minister
1721 3223 1902 3287 sedet,

251 3316 478 3372 caeteris
506 3332 639 3371 vero
673 3315 1035 3388 temporibus
1067 3312 1230 3370 solus
1266 3329 1411 3369 suus
1440 3312 1518 3368 ibi
1550 3312 1715 3368 sedet
1735 3310 1905 3365 mini-

252 3410 393 3475 ster,
425 3421 459 3461 a
490 3421 608 3477 quo
638 3404 752 3460 tria
779 3403 952 3460 xenia
981 3402 1040 3457 in
1073 3418 1226 3458 anno
1258 3401 1557 3458 haberem.
1587 3402 1657 3456 Et
1705 3400 1757 3455 si
1788 3417 1903 3454 un-

253 3508 434 3565 quam
466 3492 650 3547 abbas
680 3491 776 3548 ille
804 3495 907 3547 aut
935 3489 1148 3563 aliquis
1179 3504 1484 3546 successor
1503 3490 1631 3560 ejus
1648 3492 1751 3544 aut
1767 3504 1905 3544 ven-

253 3582 421 3635 deret
449 3579 646 3646 alicui,
679 3583 782 3634 aut
806 3581 1069 3644 donaret,
1116 3582 1217 3634 aut
1271 3582 1503 3650 propter
1532 3577 1904 3645 beneficium,

253 3672 361 3724 aut
393 3683 629 3740 quoque
664 3667 835 3723 modo
857 3667 1044 3738 ipsius
1056 3666 1316 3745 ecclesiae
1328 3666 1698 3722 medietatem
1714 3681 1906 3731 suam,

254 3762 401 3813 tunc
434 3755 505 3812 ad
536 3771 729 3812 meam
760 3772 1146 3827 meorumque
1176 3771 1585 3811 successorum
1616 3753 1910 3810 deveniret

257 3844 697 3919 proprietatem.
730 3845 801 3899 Et
830 3843 880 3899 si
912 3859 1017 3915 ego
1049 3842 1134 3899 vel
1165 3842 1382 3915 aliquis
1409 3859 1713 3900 successor
1743 3857 1910 3898 meus

257 3936 333 3990 de
362 3933 675 3991 medietate
704 3932 897 4005 ipsius
928 3931 1182 3988 ecclesias
1215 3948 1343 4004 quas
1395 3937 1485 3988 est
1530 3932 1643 3987 mei
1682 3928 1911 4003 episco-

258 4027 456 4097 patus,
504 4021 727 4093 aliquid
774 4021 890 4077 tale
935 4020 1227 4089 fecissem,
1275 4024 1417 4074 tunc
1463 4019 1593 4091 ipsa
1630 4019 1914 4075 medietas

259 4113 337 4168 ad
364 4111 595 4169 abbatis
626 4111 921 4168 deveniret
948 4109 1383 4183 proprietatem.
1417 4110 1486 4164 Et
1506 4125 1638 4165 ecce
1657 4109 1911 4166 domnus

257 4202 388 4274 ipse
444 4201 627 4258 abbas
680 4201 741 4256 in
798 4200 893 4255 bis
949 4199 1225 4256 omnibus
1284 4197 1511 4265 cecidit,
1546 4198 1685 4270 quia
1716 4213 1906 4269 neque

2015 1542 2309 1613 promissa
2338 1542 2508 1598 xenia
2539 1541 2721 1608 misit,
2753 1543 2856 1598 sed
2908 1541 3278 1597 medietatem
3322 1558 3493 1598 suam
3524 1543 3668 1599 dua-

2016 1630 2127 1685 bus
2159 1631 2257 1685 Dei
2290 1629 2519 1686 ancillis
2551 1631 2730 1685 dedit.
2763 1630 2921 1685 Arsit
2949 1630 3227 1702 praedicta
3274 1629 3523 1686 ecclesia
3552 1647 3672 1687 una

2014 1718 2263 1788 dierum,
2297 1723 2353 1775 et
2374 1723 2507 1791 post
2528 1717 2995 1774 combustionem
3024 1718 3190 1773 duxit
3211 1717 3306 1775 ille
3326 1718 3667 1792 episcopum

2014 1807 2482 1879 Sipboniensem,
2516 1811 2591 1875 et,
2626 1824 2717 1863 me
2749 1807 2982 1863 nolente
3013 1812 3070 1863 et
3099 1807 3414 1879 nesciente,
3464 1825 3668 1866 conse-

2013 1892 2192 1950 cravit
2221 1912 2369 1951 eam.
2404 1895 2546 1951 Cum
2577 1913 2710 1951 vero
2741 1913 2860 1952 una
2882 1897 3111 1967 dierum
3135 1897 3311 1952 sciret
3329 1912 3424 1952 me
3443 1896 3666 1953 iturum

2011 1983 2133 2039 fore
2165 1984 2234 2039 ad
2269 1984 2584 2055 quemdam
2618 1983 2834 2052 locum,
2860 1984 2976 2039 mei
2998 1984 3245 2040 senioris
3257 1984 3529 2055 jussione
3559 1986 3668 2040 im-

2015 2072 2248 2144 plenda,
2283 2072 2507 2144 paravit
2535 2074 2817 2129 adversus
2850 2090 2943 2128 me
2973 2072 3242 2142 insidias,
3293 2077 3353 2129 et
3400 2072 3570 2142 tales,
3604 2079 3669 2131 ut

2011 2162 2060 2215 si
2092 2178 2185 2216 me
2218 2165 2433 2231 posset,
2467 2161 2775 2229 occideret,
2811 2166 2913 2217 aut
2941 2161 2989 2216 si
3014 2178 3127 2217 non
3177 2167 3396 2233 posset,
3421 2163 3663 2219 domum

2008 2241 2068 2305 in
2110 2266 2227 2322 qua
2256 2250 2380 2321 ipse
2413 2254 2586 2305 noctu
2613 2252 2889 2321 jacerem,
2922 2249 3192 2305 incendio
3239 2254 3664 2311 concremaret.

2008 2340 2191 2410 Cujus
2220 2338 2457 2394 nefariae
2487 2338 2917 2395 adinventionis
2962 2338 3181 2395 exstitit
3227 2343 3430 2395 auctor
3456 2340 3665 2398 Petrus

2012 2427 2359 2493 monachus,
2422 2428 2523 2499 qui
2582 2427 2798 2483 dicitur
2853 2429 2924 2483 de
2981 2427 3316 2499 Laurentio,
3347 2431 3405 2483 et
3432 2445 3567 2484 eum
3598 2446 3665 2486 eo

2017 2517 2201 2572 Datus
2261 2517 2331 2570 de
2387 2516 2618 2585 Uberto,
2679 2517 2871 2572 Teuzo
2926 2517 2998 2572 de
3056 2516 3269 2585 Berizo,
3326 2515 3666 2576 Albertinus

2010 2603 2418 2672 Adulterinus,
2456 2605 2726 2669 Baroceo,
2782 2609 2988 2661 Petrus
3046 2604 3434 2675 Castellanus,
3481 2606 3663 2686 Raipo

2011 2694 2081 2748 de
2113 2692 2465 2762 Crescentio,
2497 2692 2682 2748 Follia
2709 2692 2963 2749 Joannes
2990 2693 3312 2762 Ferrarius,
3341 2693 3662 2752 Rainaldus

2011 2782 2081 2837 de
2111 2781 2375 2837 Guidone
2406 2782 2763 2853 presbytero,
2796 2787 2852 2837 et
2879 2780 3177 2837 Azolinus.
3201 2781 3386 2838 Unius
3407 2783 3660 2856 denique

2012 2871 2125 2925 mei
2175 2868 2660 2942 archipresbyteri
2718 2869 2925 2926 silvam
2979 2870 3185 2926 incidit
3237 2871 3311 2926 ob
3362 2870 3472 2928 hoc
3502 2873 3657 2943 quod

2012 2975 2208 3013 meum
2242 2956 2474 3012 ﬁdelem
2506 2957 2674 3013 illum
2705 2959 2992 3031 cognovit,
3023 2976 3150 3030 quas
3182 2976 3297 3015 non
3329 2961 3525 3016 minus
3555 2977 3659 3017 va-

2012 3047 2119 3101 luit
2149 3063 2327 3118 quam
2341 3050 2574 3101 centum
2591 3046 2788 3103 libras.
2805 3048 3294 3120 Cepitquemdam
3308 3049 3655 3106 servientem

2015 3140 2311 3205 meum,et
2358 3135 2496 3207 quia
2553 3135 2698 3190 dixit
2749 3152 2810 3191 se
2867 3154 3085 3207 meum,
3145 3153 3295 3206 esse,
3328 3138 3572 3194 abstulit
3602 3138 3655 3195 ei

2012 3242 2230 3297 equum
2253 3229 2310 3279 et
2329 3225 2527 3280 omnia
2546 3224 2897 3280 vestimenta
2923 3226 3071 3297 ejus.
3099 3227 3382 3283 Praeterea
3403 3228 3661 3284 decimas

2013 3330 2217 3370 omnes
2243 3330 2370 3385 quae
2403 3314 2545 3368 mihi
2570 3313 2882 3385 pertinent,
2902 3330 3008 3370 nec
3025 3331 3139 3370 non
3158 3319 3215 3370 et
3231 3320 3454 3387 partem
3470 3333 3661 3373 meam

2013 3403 2086 3458 de
2117 3402 2287 3457 bonis
2318 3406 2706 3469 mortuorum,
2738 3402 3077 3473 ubicunque
3130 3401 3301 3471 valet,
3343 3406 3662 3473 contendit,

2016 3490 2268 3546 maxime
2297 3494 2495 3546 tamen
2526 3489 2587 3544 in
2620 3489 2975 3545 Bucciniano
3004 3494 3061 3545 et
3114 3490 3425 3562 Vulpanio.
3474 3492 3577 3549 His
3608 3497 3668 3548 et

2015 3578 2145 3634 aliis
2174 3579 2246 3633 ab
2270 3594 2338 3634 eo
2370 3579 2577 3634 abbate
2608 3594 2848 3650 pressus
2870 3578 3344 3648 adversitatibus,
3370 3580 3666 3652 proclamo

2017 3684 2111 3723 me
2142 3666 2559 3739 snper,iillum,
2597 3683 2863 3737 quaerens
2893 3666 3355 3723 misericordiam
3385 3672 3663 3739 vestram,

2017 3760 2084 3811 ut
2114 3772 2228 3811 non
2262 3755 2471 3811 sinatis
2502 3754 2818 3810 Ecclesiam
2852 3772 3064 3823 meam,
3098 3755 3216 3810 imo
3264 3760 3384 3811 tam
3413 3764 3666 3814 vestram

2018 3861 2195 3917 quam
2229 3860 2439 3911 meam,
2455 3844 2634 3899 tantis
2648 3845 2717 3899 ad
2726 3843 3101 3901 versitatibus
3117 3845 3347 3917 gravari
3366 3846 3668 3918 tantisque

2020 3932 2306 3989 molestiis
2337 3931 2658 4003 molestari,
2691 3935 2793 3989 sed
2824 3933 3021 4006 potius
3041 3933 3285 3990 liberata
3306 3935 3668 4007 aperturba-

2019 4021 2279 4079 tionibus
2311 4022 2456 4078 tanti
2487 4022 2932 4095 perturbatoris,
2963 4026 3157 4096 grates
3187 4022 3323 4080 inde
3379 4023 3666 4081 maximas

2023 4111 2140 4168 Deo
2172 4110 2487 4167 reddamus
2517 4116 2574 4167 et
2600 4110 2763 4169 vobis
2791 4112 2889 4184 (1).

333 4344 416 4418 (Ι),
443 4343 653 4418 llis_i_ta
697 4342 974 4418 recitatis,
1006 4342 1339 4414 quaesitum,
1372 4345 1481 4418 est,
1514 4341 1586 4397 ab
1634 4341 1913 4418 advocato
1942 4329 1985 4395 C
2025 4343 2140 4399 tica
2165 4342 2526 4418 professione
2556 4344 2851 4418 antiquior
2880 4348 2939 4401 et
2965 4344 3221 4418 anterior
3244 4362 3346 4418 per
3366 4344 3564 4402 omnia
3584 4345 3669 4401 in-

258 4413 486 4486 domini
515 4414 743 4486 abbatis
772 4418 837 4469 ut
860 4413 1113 4469 domnus
1139 4416 1527 4486 papa,sancta
1542 4413 1760 4486 synodo
1775 4430 1909 4486 eon-

259 4485 524 4554 cedente,
553 4485 820 4541 inducias
852 4482 1317 4556 permitterefad
1369 4482 1604 4556 singula
1651 4500 1780 4555 quas
1810 4485 1909 4538 Sa-

260 4556 527 4639 binetnsis
548 4554 869 4639 episcopus
905 4556 1383 4639 conclamaverat,
1406 4554 1600 4639 vei-liis
1646 4554 1704 4639 et
1734 4556 1913 4636 subti-

260 4628 381 4683 lius
396 4627 864 4699 investigandum
889 4633 946 4682 et
967 4627 1460 4699 respondendum.
1484 4628 1647 4682 Tunc
1662 4627 1916 4699 benigna

262 4698 577 4781 largitione
608 4697 985 4781 permissum.
1009 4697 1117 4754 est.
1165 4699 1422 4781 Aderant
1467 4703 1665 4781 autem
1694 4697 1912 4781 ibidem

268 4769 575 4853 utriusque
604 4769 787 4853 partis
816 4770 987 4825 amici
1010 4771 1333 4853 veraciores
1359 4776 1414 4825 et
1439 4769 1666 4853 paciﬁci
1685 4775 1914 4853 scruta:

265 4847 442 4914 tores,
479 4840 577 4913 qui
602 4840 761 4914 ipsas
780 4857 868 4914 res
894 4843 1170 4914 canonice
1190 4841 1562 4914 indagantes,
1590 4840 1916 4896 retulerunt

265 4910 677 4985 domno'pap'az
710 4913 864 4984 quod
896 4928 1019 4985 per,
1045 4913 1228 4985 legem
1288 4910 1374 4967 vel
1404 4984 1407 4985 ν
1435 4928 1640 4985 saeros
1659 4928 1912 4967 canones

258 4983 534 5057 judicare
557 4983 749 5047 vellet,
781 5000 852 5039 ne
898 4983 1345 5057 'amhaa'gpartes
1398 4984 1455 5037 in
1497 4983 1913 5057 detrimentum

265 5054 682 5128 gravissimum
715 5056 1071 5128 devenirent,
1092 5054 1358 5128 videlicet
1398 5060 1630 5128 propter
1652 5054 1910 5110 violatio-

267 5125 403 5182 nem
434 5132 492 5183 et
520 5125 973 5197 destructionem
1006 5125 1207 5197 altaris
1236 5131 1293 5182 et
1345 5125 1729 5197 reliquiarum
1760 5128 1910 5197 ejus,

267 5214 418 5278 quas
446 5196 855 5278 auferre‘idem
889 5196 1232 5278 Sabinensis
1280 5195 1588 5278 episcopus
1631 5195 1915 5278 praesum-

267 5266 410 5343 psit,
441 5273 494 5322 et
522 5271 771 5343 propter
810 5266 1438 5343 depraedationesnswe
1479 5266 1914 5343 incendiaque:

267 5337 288 5343 ’
309 5337 658 5395 οεῑωοίίὶηῐί
677 5337 1140 5394 ᾶοωιιῖαὺδειῐὶε
1167 5337 1424 5392 militum
1456 5338 1744 5394 exercitus
1763 5337 1913 5394 fecit.

263 5358 415 5472 Eam
449 5408 772 5472 preprietas
800 5408 1053 5471 ecclesia
1075 5425 1178 5472 pro
1191 5408 1577 5472 acquisitione
1596 5414 1654 5470 et
1676 5409 1913 5469 authen-

317 5428 415 5471 am
447 5408 772 5485 proprietas
800 5408 1053 5471 ecclesia
1075 5425 1178 5485 pro
1191 5408 1577 5484 acquisitione
1596 5414 1654 5470 et
1676 5409 1921 5469 authen-

2021 4418 2190 4469 venta
2219 4418 2308 4469 est
2338 4414 2517 4486 hujus
2545 4414 2726 4471 nostri
2760 4416 3097 4472 monasterii
3133 4414 3331 4474 fuisse.
3356 4422 3474 4474 Hoc
3503 4434 3669 4474 sum-

2023 4502 2156 4540 mus
2187 4485 2397 4557 prasul
2422 4485 2641 4562 eertius
2671 4488 3029 4562 discernens,
3079 4487 3256 4562 litem
3290 4489 3502 4561 ipsam,
3535 4506 3668 4562 pro-

2020 4564 2320 4629 utcunque
2351 4559 2565 4629 potuit,
2588 4561 2792 4614 sedare
2842 4560 2998 4626 fecit,
3021 4564 3079 4613 et
3104 4560 3289 4615 edidit
3313 4559 3668 4616 monasterio

2022 4628 2458 4703 huicmirabile
2478 4630 2842 4703 privilegium
2862 4648 2978 4687 suae
2996 4631 3103 4701 piae
3126 4631 3585 4703 confirmationis
3596 4631 3670 4686 de

2021 4700 2286 4772 omnium
2308 4700 2489 4772 hujus
2510 4700 2849 4758 monasterii
2872 4700 3159 4758 bonorum
3182 4700 3672 4772 acquisitionibus

2022 4771 2318 4854 liberrime
2360 4773 2747 4854 possidendis:
2783 4771 3041 4854 Denique
3070 4776 3202 4854 post
3247 4771 3489 4854 longum
3521 4776 3670 4854 tem-

2025 4859 2156 4914 pus,
2189 4842 2406 4898 nostris
2437 4844 2659 4898 scilicet
2688 4845 2913 4907 diebus,
2946 4842 3033 4899 ita
3063 4842 3317 4898 vidimus
3343 4842 3400 4897 et
3445 4842 3670 4897 audivi-

2024 4931 2157 4968 mus
2189 4914 2527 4969 referentem
2561 4920 2616 4968 et
2646 4915 2970 4970 certissime
2998 4918 3312 4970 testantem
3353 4914 3671 4985 quemdam

2024 4985 2188 5040 ltom.
2223 4986 2400 5055 epise.
2434 4987 2670 5039 nomine
2703 4987 2957 5051 Petrum,
2980 4986 3108 5055 jam
3167 4985 3345 5040 nimis
3372 4984 3668 5050 vetulum,

2024 5056 2125 5127 qui
2158 5057 2350 5128 Roma;
2384 5057 2721 5128 morabatur
2749 5056 2903 5128 apud
2942 5060 3219 5128 sanetum
3278 5055 3672 5128 Vincentium,

2013 5126 2185 5208 juxta
2216 5126 2517 5208 ecclesiam
2549 5126 2815 5208 sanctam
2845 5126 2998 5181 beati
3033 5126 3183 5181 Petri
3232 5126 3520 5208 apostoli,
3544 5143 3671 5208 om:

2023 5197 2140 5262 nia,
2176 5202 2241 5253 ut
2296 5215 2478 5269 supra
2533 5197 2810 5269 diximus,
2866 5213 3061 5251 coram
3120 5214 3197 5269 se
3235 5197 3585 5263 examinata,
3616 5198 3677 5253 et

2024 5270 2275 5324 dit'ﬁnita
2306 5271 2485 5324 fuisse
2514 5273 2571 5325 et
2601 5268 2965 5342 privilegium
2998 5268 3082 5324 sic
3113 5268 3356 5326 editum.
3391 5271 3676 5344 (Sequitur

2019 5341 2395 5414 privilegium.
