3966 6212
318 390 433 452 m
1335 385 1823 451 HUMBERTUS
1872 385 1937 447 s.
1985 387 2058 446 Β.
2106 387 2175 446 E.
2223 384 2714 449 CARDINALIS.
3607 344 3733 445 9112

325 512 3732 545 Η

1722 651 1875 689 ANNO
1912 649 2119 690 DOMINI
2156 650 2273 691 MLX
2314 675 2327 687 .

1716 746 1723 763 ι

1718 770 1727 781 \

1182 803 2860 1004 HUMBERTUS

1106 1081 1165 1137 S.
1208 1082 1270 1137 E.
1314 1081 1381 1137 R.
1414 1079 1869 1148 CARDINALIS,
1912 1078 2291 1135 EPISGOPUS
2331 1079 2557 1135 SILV/E
2596 1079 2950 1136 CANDID/E.

1390 1280 1897 1378 NOTITIA
1971 1283 2675 1379 HISTORICA.

326 1468 521 1542 (Apud
551 1465 707 1522 J.-G.
738 1464 913 1529 Eous,
954 1464 1206 1542 Parrum;
1231 1461 1536 1542 docta,_seit
1567 1462 1663 1542 Res
1690 1467 1880 1542 gestae,
1914 1462 2237 1542 legationes,
2267 1465 2411 1542 etc.,_
2435 1462 2487 1515 S.
2525 1464 2585 1542 Ii.
2620 1464 2680 1517 Ε.
2714 1461 3110 1542 (ξανάίηαιί-ιρῃ,
3148 1460 3433 1533 desumpta
3482 1477 3552 1517 ex
3597 1463 3734 1521 Cia-

963 1536 1143 1601 com'o,
1166 1533 1380 1590 Andrea
1403 1534 1517 1589 Vict
1538 1535 1714 1598 trello,
1748 1534 2048 1602 Augustino
2079 1533 2330 1598 Oldoino,
2365 1538 2476 1588 etc.
2505 1551 2517 1599 ;
2555 1538 2698 1589 tom.
2732 1532 2778 1602 Ι,
2812 1548 2944 1605 pag.
2978 1532 3096 1603 45.)

1832 1210 2248 1222 σ--.

1833 1667 2242 1679 —_—_

406 1768 782 1845 llumbertus,
813 1764 972 1822 nullo
1003 1764 1366 1838 cognominis
1391 1763 1666 1819 vocabulo
1690 1763 1760 1819 ab
1782 1766 1979 1818 aucto-
2011 1765 2065 1831 Α
2096 1763 2280 1818 fectus
2311 1767 2401 1818 est
2427 1782 2440 1829 ;
2474 1763 2870 1835 abrogatoque
2924 1763 3147 1820 Othone
3203 1763 3501 1821 dissolutis
3542 1764 3746 1820 obser-

336 1859 499 1917 ribus
524 1856 842 1929 insignitus
874 1857 1067 1910 ortum
1103 1855 1278 1909 traxit
1307 1870 1337 1910 ο
1369 1852 1725 1925 Burgundio,
1757 1851 1979 1907 ordinis
2090 1852 2299 1907 vantia:
2332 1868 2450 1922 reo,
2484 1852 2871 1908 llumbcrtum
2893 1851 3163 1925 regimini
3186 1853 3459 1925 praefecit,
3484 1852 3749 1925 quivigi-

334 1949 394 2004 S.
436 1945 770 2015 Benedicti,
830 1944 1129 2016 professus
1182 1943 1241 1998 in
1299 1942 1415 1996 divi
1477 1941 1778 1996 Mansueti‘
1808 1940 1981 2012 primi
2092 1938 2276 1995 lautia
2306 1958 2433 2007 sua,
2467 1940 2713 2012 vitaeque
2743 1941 3167 2013 probatissima:
3225 1940 3488 2012 exemplo
3517 1942 3754 1999 exstin-

340 2037 665 2095 Leucorum
679 2031 962 2089 antistitis
983 2030 1243 2089 cccnobio
1265 2030 1325 2086 in
1351 2029 1505 2085 Tulli
1527 2029 1827 2085 suburbiis
1849 2029 1980 2097 site,

339 2126 424 2181 vir
453 2124 646 2181 Graece
675 2125 732 2179 et
760 2122 962 2179 Latine
992 2120 1388 2178 doctissimus.
1424 2120 1587 2175 llunc
1618 2120 1675 2175 S.
1703 2119 1813 2174 Leo
1836 2136 1985 2190 papa

340 2232 555 2285 nonus,
613 2212 880 2286 ejusdem
953 2210 1203 2268 civitatis
1270 2214 1590 2265 Leucorum
1655 2208 1984 2279 episcopus,

343 2306 588 2363 Romam
622 2302 1011 2376 profecturus,
1042 2299 1313 2356 comitem
1344 2297 1457 2353 sibi
1513 2296 1741 2352 itineris
1773 2294 1988 2367 delegit

321 2376 498 2461 ἀμΩο
528 2391 736 2450 salutis
763 2391 916 2446 1049.
943 2389 1148 2445 Paucis
1172 2392 1304 2460 post
1326 2386 1626 2442 mensibus
1650 2386 1703 2440 in
1728 2384 1988 2441 Siciliam

345 2482 529 2543 divini
559 2480 718 2538 verbi
734 2478 967 2552 populis
999 2477 1117 2534 illis
1134 2474 1520 2532 annuntiandi
1552 2492 1727 2529 causa
1748 2474 1987 2540 missus,

346 2589 482 2635 cum
500 2575 751 2628 strenue
782 2568 972 2624 officio
1002 2584 1109 2622 suo
1140 2566 1480 2639 fungeretur
1509 2566 1772 2636 ejusdem
1805 2565 1989 2637 regio-

346 2661 442 2727 nis
470 2658 970 2731 archiepiscopus,
1002 2673 1136 2711 mox
1166 2656 1224 2711 S.
1252 2656 1318 2711 It.
1343 2655 1402 2710 E.
1428 2652 1763 2721 cardinalis,
1785 2659 1843 2709 et
1872 2654 1991 2725 epi-

349 2767 564 2824 scopus
593 2746 775 2821 Sylvae
806 2733 1073 2801 Candidas
1105 2746 1175 2801 ab
1209 2744 1409 2800 eodem
1435 2744 1622 2799 Leone
1644 2747 1731 2799 est
1759 2742 1994 2798 institu-

349 2843 467 2897 tus.

420 2924 738 2985 Humberti
768 2921 1081 2980 cardinalis
1107 2921 1351 2977 virtutes
1382 2920 1598 2993 insigni
1622 2919 1808 2993 elogio
1839 2934 1995 2975 com-

355 3014 562 3089 plexus
618 3017 707 3077 est
766 3011 1145 3079 Lanfrancus,
1206 3009 1364 3066 illius
1410 3010 1511 3064 aevi
1544 3009 1750 3065 doctus
1781 3012 1838 3063 et
1866 3008 1999 3079 pius

356 3108 563 3173 auctor
619 3102 1093 3175 archiepiscopus
1177 3098 1646 3166 Cantuariensis,
1734 3115 1791 3151 in
1850 3096 1999 3152 libro

361 3195 642 3252 adversus
673 3191 1087 3264 Berengarium
1118 3188 1567 3246 haeresiarcham
1600 3188 1670 3242 de
1700 3184 2005 3241 Eucharis-

355 3283 442 3342 tia
470 3283 643 3351 edito,
677 3282 736 3338 in
785 3297 901 3354 quo
947 3279 1155 3336 asserit
1175 3302 1203 3329 «
1255 3278 1455 3333 Fuisse
1501 3276 1888 3331 Humbertum
1919 3273 2001 3327 vi-

357 3389 492 3444 rum
549 3371 911 3446 religiosum,
973 3369 1085 3425 ﬁde
1140 3367 1473 3424 Christiana
1526 3368 1583 3421 et
1612 3361 2000 3420 sanctissimis

357 3462 631 3537 operibus
661 3462 1022 3527 decoratum,
1054 3457 1299 3515 scientia
1321 3456 1650 3511 divinarum
1682 3457 1739 3507 et
1768 3449 2003 3508 saecula-

342 3552 511 3613 .rium
539 3551 871 3615 litterarum
898 3548 1161 3623 apprime
1191 3545 1508 3611 excultum,
1559 3546 1623 3597 ut
1670 3558 1874 3596 omnes
1914 3544 1998 3596 at-

349 3645 639 3703 testantur
668 3640 769 3715 qui
798 3638 886 3696 vel
909 3636 1145 3711 propria
1166 3632 1519 3708 experientia
1536 3648 1668 3688 eum
1691 3634 1996 3695 noverunt,

347 3730 438 3793 vel
450 3732 522 3789 ab
535 3729 666 3787 aliis
679 3729 780 3803 qui
793 3744 930 3784 eum
948 3724 1167 3799 experti
1183 3727 1342 3791 sunt,
1363 3723 1492 3793 ejus
1508 3719 1899 3793 cognitionem
1913 3735 2000 3774 ac-

348 3823 650 3893 ceperunt.
671 3818 839 3874 Hunc
861 3832 977 3872 non
1009 3831 1042 3871 e
1081 3811 1441 3886 Burgundia,
1485 3815 1547 3865 ut
1575 3810 1816 3882 quidam
1850 3807 1999 3864 male

346 3909 730 3983 scripserunt.
763 3906 867 3963 sed
885 3921 916 3961 ο
938 3900 1385 3974 LotharingiaS.
1403 3900 1513 3954 Leo
1528 3899 1771 3955 Romam
1787 3897 1997 3969 perdu-

338 3997 451 4069 Lit,
481 4002 540 4067 et
569 3997 641 4055 ad
670 3993 1107 4070 praedicandum
1141 3989 1350 4047 Siculis
1381 3987 1621 4044 verbum
1652 3986 1748 4042 Dei
1781 3985 1998 4041 archie-

340 4087 655 4161 piscopum
686 4081 1009 4155 ordinavit;
1044 4084 1246 4154 postea
1272 4094 1406 4133 vero
1432 4078 1488 4132 S.
1515 4077 1580 4132 It.
1606 4076 1667 4130 E.
1692 4074 1997 4147 praesulem

350 4173 706 4232 cardinalem
738 4170 1079 4228 constituit:
1114 4168 1270 4242 quod
1302 4167 1362 4223 in
1391 4165 1515 4221 loco
1547 4164 1774 4237 positus
1804 4162 1999 4218 taliter

348 4263 513 4332 vixit,
536 4261 731 4318 taliter
745 4260 960 4326 docuit,
988 4263 1050 4315 ut
1070 4260 1139 4315 de
1163 4258 1276 4312 fide
1295 4254 1381 4311 vel
1404 4254 1668 4310 doctrina
1688 4253 1817 4324 ejus
1837 4250 2000 4307 nulla

352 4368 425 4409 ne
454 4350 702 4407 minima
730 4348 968 4422 quidem
999 4348 1250 4404 sinistra:
1282 4343 1635 4415 suspicionis
1661 4341 1815 4396 fama
1833 4357 1995 4396 exor-

348 4446 414 4498 ta
442 4441 539 4497 sit.
572 4440 759 4512 Hujus
792 4438 873 4495 rei
904 4438 1072 4495 testis
1102 4440 1188 4493 est
1216 4439 1336 4491 tota
1369 4434 1484 4488 fere
1516 4430 1820 4498 Latinitas,
1869 4446 1998 4501 quae

2094 2030 2247 2082 ctam
2282 2045 2428 2099 pene
2458 2027 2740 2099 humique
2761 2029 3055 2099 jacentem
3084 2028 3455 2098 disciplinam
3499 2041 3755 2087 rursum

2095 2116 2167 2170 ad
2200 2116 2517 2186 pristinum
2550 2118 2810 2172 decorem
2838 2115 3120 2171 revocavit
3150 2119 3328 2186 atque
3384 2115 3583 2172 erexit.
3636 2116 3756 2171 Pro

2096 2220 2213 2274 qua
2242 2205 2457 2259 tuenda
2489 2205 2699 2259 multos
2744 2203 3117 2276 postmodum
3149 2220 3184 2259 a
3212 2203 3479 2260 discessu
3528 2204 3754 2260 Leonis

2096 2292 2409 2349 exantlavit
2438 2292 2682 2348 labores.

2170 2424 2342 2478 Trnni
2373 2423 2430 2477 in
2463 2424 2673 2495 Apulia
2702 2424 3072 2495 negotiorum
3133 2440 3315 2479 causa
3365 2424 3489 2480 dies
3520 2424 3753 2499 aliquot

2100 2512 2443 2584 transigenti
2492 2513 2835 2582 Humberto,
2892 2511 3191 2584 exemplar
3244 2512 3443 2568 datum
3504 2519 3595 2570 est
3623 2516 3751 2589 epi-

2100 2599 2261 2656 stolae
2292 2601 2485 2655 Graeco
2515 2600 2791 2655 idiomate
2808 2617 2844 2656 a
2864 2599 3142 2655 Michaele
3164 2599 3482 2673 Cerulario,
3506 2604 3753 2674 patriar-

2102 2690 2212 2747 cha
2240 2689 2903 2762 Constantinopolitano,
2937 2693 2994 2745 et
3041 2689 3230 2745 Leone
3287 2690 3579 2747 Acridano
3611 2691 3750 2748 Bul-

2104 2794 2376 2849 garorum
2411 2777 2842 2848 archiepiscopo
2882 2777 3107 2849 scriptae
3156 2778 3229 2833 ad
3281 2778 3569 2835 Joannem
3615 2781 3756 2839 Tra-

2106 2882 2348 2922 nensem
2381 2867 2739 2938 episcopum,
2774 2865 3254 2938 quamlatinitate
3275 2867 3549 2923 donatam
3576 2869 3753 2931 Leoni

2108 2972 2342 3010 summo
2373 2954 2635 3026 pontifici
2668 2956 2737 3010 ad
2781 2971 3090 3010 censuram
3151 2956 3448 3012 submisit.
3482 2957 3757 3029 Epistolas

2108 3044 2358 3116 pleanus
2391 3044 2485 3097 hic
2516 3044 2857 3116 arrogantiae
2890 3043 3095 3100 titulus
3115 3045 3387 3116 praefixus
3408 3050 3567 3102 erat:
3596 3069 3623 3096 «
3649 3046 3759 3123 Mi-

2035 3147 2080 3211 B
2113 3132 2277 3188 chael
2312 3132 2660 3188 universalis
2692 3133 3020 3204 patriarcha
3050 3150 3207 3189 novae
3266 3133 3480 3189 Romae.
3519 3157 3544 3183 ››
3576 3133 3761 3206 Cujus

2114 3226 2281 3276 tenor
2307 3221 2420 3275 tria
2448 3221 2820 3292 potissimum
2872 3222 3084 3293 capita,
3139 3221 3227 3276 vel
3285 3222 3480 3294 potius
3508 3223 3764 3278 convitia

2112 3310 2472 3377 continebat;
2509 3309 2734 3380 primo:
2770 3309 3028 3365 Ecclesia
3058 3309 3323 3365 Latinam
3380 3310 3614 3366 Judzeos
3656 3329 3761 3366 su-

2108 3400 2439 3472 perstitioso
2452 3397 2712 3470 exemplo
2734 3398 2949 3453 imitari
2965 3399 3022 3454 in
3037 3398 3535 3455 benedictionibus
3551 3400 3729 3472 panis
3742 3442 3760 3466 ,

2109 3487 2335 3560 azymi;
2368 3488 2652 3543 secundo:
2709 3488 2928 3543 Morem
2985 3504 3115 3543 eam
3173 3489 3338 3560 sequi
3370 3476 3761 3545 barbarorum

2110 3579 2392 3634 suffocata
2443 3576 2963 3645 manducanlium;
3024 3577 3238 3633 tertio:
3298 3575 3534 3632 alleluia
3562 3577 3760 3648 ipsam

2109 3669 2418 3724 decantare
2446 3664 2707 3738 paschali
2768 3665 3136 3721 solummodo
3196 3670 3477 3738 tempore.
3528 3666 3762 3731 Quibus

2109 3756 2381 3812 omnibus
2414 3755 2578 3811 lectis
2611 3754 2924 3810 calumniis
2954 3755 3297 3827 plenissime
3327 3753 3613 3813 satisfecit
3643 3755 3761 3811 Leo

2109 3846 2385 3919 pontifex,
2419 3844 2642 3917 prolixa
2672 3844 2919 3915 epistola
2940 3845 3011 3900 ad
3035 3845 3305 3900 eumdem
3328 3844 3670 3900 Michaelem
3701 3848 3763 3900 et

2108 3936 2356 3991 Leonem
2388 3934 2627 4000 directa,
2661 3950 2789 4005 quae
2820 3933 2973 3989 inter
3018 3933 3209 4006 ipsius
3240 3933 3450 3989 Leonis
3511 3933 3605 4001 IX,
3633 3932 3758 4006 epi-

2109 4026 2288 4081 stolas
2321 4024 2513 4096 prima
2540 4022 2743 4079 ordine
2774 4027 3125 4078 recensetur.

2180 4163 2349 4213 Anno
2406 4157 2566 4224 4054,
2620 4156 2795 4227 jussu
2854 4154 3059 4212 Leonis
3118 4155 3435 4227 pontificis,
3465 4154 3758 4229 legatione

2106 4247 2343 4302 functus
2394 4250 2483 4302 est
2539 4244 2896 4301 Humbertus
2954 4243 3600 4317 Constantinopolitana
3644 4261 3763 4321 una

2107 4353 2239 4392 cum
2275 4334 2577 4390 Frederico
2605 4334 2929 4390 Lothareno
2952 4333 3272 4402 cardinale,
3296 4339 3353 4390 et
3374 4334 3542 4391 Petro
3573 4333 3758 4391 archi-

2107 4423 2351 4498 praesule
2406 4421 2823 4495 Amalphitano
2881 4423 2953 4477 ad
3002 4422 3409 4479 Constantium
3440 4423 3755 4480 Menema-

348 4511 815 4604 pro‘excellentia
841 4526 1170 4601 apostolicae
1205 4523 1383 4590 sedis,
1427 4523 1597 4593 cujus
1651 4518 1911 4575 consiliis
1941 4524 1997 4574 et
2026 4519 2069 4584 C
2107 4513 2284 4604 chum
2315 4512 2404 4604 1X,
2432 4512 2573 4604 imp.
2608 4515 2891 4604 Augustze
2913 4511 3383 4604 Zoes‘maritum,
3417 4517 3476 4569 et
3505 4511 3759 4604 liiichae-

344 4619 609 4687 conciliis
639 4635 872 4693 semper
900 4618 1122 4683 aderat,
1152 4618 1211 4671 et
1261 4615 1522 4685 praeerat,
1556 4626 1691 4666 eum
1724 4609 1991 4681 ignorare

345 4725 465 4766 non
495 4707 704 4782 potuit.
741 4729 769 4758 »

415 4799 574 4854 Idem
608 4797 969 4854 Lanirancus
998 4791 1204 4847 eodem
1254 4789 1314 4843 in
1367 4787 1515 4843 libro
1563 4785 1864 4857 alloquens
1890 4785 1990 4840 Be-

302 4891 307 4896 ’
341 4888 679 4962 rengarium
704 4904 717 4943 :
741 4908 768 4936 «
793 4880 1175 4948 Venerabilis,
1193 4877 1401 4950 inquit,
1426 4876 1796 4940 llumbertus,
1819 4891 1991 4946 quem

341 4978 511 5053 quasi
536 4974 934 5049 exprobrando
955 4969 1339 5044 Burgundum
1362 4966 1632 5023 nominas
1653 4963 1843 5037 (quasi
1876 4981 1990 5053 non

339 5071 539 5141 posset
567 5067 722 5124 Deus
752 5063 814 5118 in
873 5058 1215 5134 Burgundia
1272 5073 1467 5112 servos
1524 5054 1735 5109 habere
1770 5052 1990 5124 ﬁdeles)

342 5154 490 5213 nihil
523 5154 685 5212 aliud
718 5152 854 5208 fecit
912 5149 1024 5207 nisi
1057 5148 1214 5221 quod
1244 5146 1606 5218 Scripturam
1634 5142 1821 5214 ipsam
1847 5160 1989 5213 prae-

338 5244 591 5319 cipiente
647 5242 890 5317 synodo,
958 5256 1135 5297 manu
1194 5237 1252 5291 in
1322 5252 1565 5290 manum
1637 5232 1905 5302 porrexit.
1962 5254 1989 5279 ››

339 5336 587 5392 Exstant
611 5331 831 5406 passim
867 5329 1035 5403 plura
1063 5329 1191 5400 ejus
1222 5325 1376 5399 apud
1409 5322 1551 5378 alios
1581 5319 1863 5377 encomia.

409 5425 577 5479 Anno
612 5420 836 5476 Domini
863 5420 1016 5484 1853,
1045 5433 1181 5473 cum
1208 5412 1565 5487 percepisset
1588 5409 1704 5466 Leo
1727 5407 1990 5481 pontifex

340 5508 726 5568 monasticam
749 5508 991 5564 ccenobii
1016 5501 1391 5563 Sublacensis
1414 5498 1788 5571 disciplinam
1810 5498 1989 5554 Otho-

341 5599 435 5654 nis
464 5596 693 5653 abbatis
723 5595 950 5650 incuria
995 5601 1052 5651 et
1100 5591 1411 5649 oscitantis
1468 5588 1614 5643 fmde
1644 5586 1984 5660 collapsam,

342 5682 500 5747 malo
529 5695 904 5751 occursurus,
963 5682 1022 5738 in
1066 5680 1365 5737 consortio
1420 5674 1727 5753 Humberti
1756 5692 1821 5736 eo
1853 5693 1986 5754 pro-

2099 4604 2214 4660 lem
2236 4601 2599 4658 Ccrularium
2623 4600 3037 4673 patriarcham,
3061 4601 3119 4656 in
3146 4618 3326 4658 causa
3373 4600 3756 4659 concilianda

2103 4692 2370 4749 Ecclesia:
2402 4691 2608 4746 Graecas
2639 4707 2773 4746 cum
2806 4691 3011 4747 Latina
3069 4695 3127 4747 et
3180 4690 3531 4763 implorandi
3557 4689 3760 4745 auxilii

2102 4784 2380 4839 adversus
2436 4780 2934 4836 Nortmaunorum
2993 4780 3386 4852 tyrannidem.
3435 4782 3553 4834 Hos
3598 4777 3760 4833 sedis

2101 4871 2429 4945 apostolicae
2459 4868 2681 4942 legatos
2713 4869 3033 4941 imperator
3064 4867 3430 4925 eonvenienti
3468 4866 3760 4937 obsequio

2102 4968 2158 5018 et
2187 4961 2405 5017 honore
2432 4957 2674 5029 excepit,
2698 4957 3020 5029 quemlibet
3041 4974 3241 5015 eorum
3267 4956 3324 5012 in
3348 4955 3582 5028 signum
3605 4953 3762 5011 ami-

2102 5050 2268 5119 citiae,
2293 5050 2362 5104 ad
2387 5047 2576 5121 gentis
2603 5063 2847 5114 morem,
2875 5046 3266 5103 exosculatus.
3292 5044 3424 5109 Quae
3449 5046 3652 5100 autem
3684 5059 3759 5102 ea

2100 5140 2160 5195 in
2192 5138 2476 5212 legatione
2508 5140 2742 5208 peracta
2770 5134 3007 5203 fuerint,
3042 5136 3398 5192 Humbertus
3418 5132 3755 5206 legatorum

2100 5228 2415 5302 primarius
2444 5226 2662 5296 scripto
2694 5223 2949 5281 exaravit
2981 5225 3053 5281 ad
3082 5224 3336 5281 Leonem
3367 5222 3747 5295 pontificem:

2101 5323 2311 5375 notans
2342 5317 2493 5371 inter
2522 5317 2727 5369 caetera
2758 5314 3018 5370 Nicetam
3050 5312 3433 5381 monachum,
3493 5309 3597 5383 qui
3614 5324 3754 5383 pec-

2099 5409 2324 5464 toratus
2353 5408 2441 5460 est
2461 5404 2856 5473 nuncupatus,
2880 5402 2941 5457 in
2968 5401 3157 5473 ipsius
3184 5400 3579 5473 imperatoris,
3601 5397 3757 5470 lega-

2098 5502 2291 5553 torum
2350 5498 2407 5551 et
2463 5506 2769 5564 procerum
2826 5491 3157 5563 praesentia,
3211 5489 3401 5546 multa
3438 5488 3753 5546 verborum

2100 5583 2423 5642 acrimonia
2451 5580 2896 5637 commendasse
2924 5578 3194 5635 libellum
3216 5578 3536 5651 quemdam
3558 5576 3754 5632 Attico

2097 5675 2275 5734 livore
2304 5676 2361 5734 et
2416 5667 2729 5747 supercilio
2760 5668 2820 5728 in
2850 5667 3170 5733 Ecclesium
3202 5669 3474 5729 Latinam
3513 5680 3754 5741 compo-
