3966 6212
225 334 343 413 9,1,3

1523 333 1572 395 Ν
1580 330 1843 397 ΟΤῙΊἽΑ
1885 328 2303 395 HISTORICA
2318 375 2332 391 .

3511 322 3633 394 914

229 474 432 541 situm,
461 467 576 528 tria
597 464 975 543 potissimum
1007 464 1201 541 capita
1228 467 1303 522 De
1332 468 1612 535 azimo,Dc
1648 467 1875 522 sabbato
1903 466 1959 532 Α
1989 466 2266 522 nonnulis
2298 464 2468 525 annis
2498 463 2937 541 amplissimum
2966 480 3183 523 munus
3202 461 3631 524 bibliothecarii

230 568 279 620 et
291 564 508 635 Nuptiis
518 558 853 618 sacerdotum
866 554 1553 629 complectentem.0uem
1572 558 1871 627 Augustus

231 650 609 722 orthodoxus,
641 665 776 704 cum
806 650 1011 720 praeter
1058 644 1305 701 convitia
1351 650 1407 701 et
1456 661 1679 700 errores
1732 643 1872 699 nihil

232 740 401 798 solidi
432 743 532 796 aut
560 738 688 795 sani
720 734 1277 807 contineret,legatis
1300 732 1875 797 suadentibus,ilam-

230 829 343 885 mis
374 827 532 885 exuri
559 827 761 898 jussit.
797 824 993 880 Rebus
1024 823 1105 878 ita
1133 822 1497 895 compositis,
1530 839 1659 877 cum
1695 823 1872 878 Ilum-

228 918 428 974 bertus
460 932 592 971 cum
625 913 865 987 collegis
882 912 1131 984 jamjam
1155 911 1380 967 abitum
1404 911 1650 966 Romam
1674 928 1875 967 versus

227 1009 477 1080 pararet,
510 1002 759 1060 Michael
791 1000 1143 1075 patriarcha,
1175 1000 1264 1054 vir
1294 998 1889 1071 impius,t‘raudulen-'

226 1100 323 1152 tus
352 1098 411 1151 et
439 1092 708 1159 callidus,
729 1089 909 1146 libelli
937 1088 1238 1145 exustione
1267 1092 1595 1144 commotus
1628 1088 1873 1160 impera-

227 1190 411 1241 torem
443 1181 604 1249 adiit,
639 1184 878 1236 acturus
908 1179 979 1235 de
1011 1177 1219 1251 legatis
1252 1176 1660 1246 retinendis,eo
1684 1177 1797 1232 {Inc
1814 1181 1879 1232 ut

227 1274 284 1329 in
318 1273 544 1329 Sanctae
575 1269 802 1343 Sophiae
832 1267 1119 1340 templum
1142 1267 1251 1322 sub
1270 1266 1465 1338 aliquo
1505 1265 1874 1322 comitiorum

230 1359 769 1435 congregandorum
800 1360 1075 1429 praetextu
1098 1355 1410 1411 introducti
1436 1372 1468 1410 a
1490 1354 1704 1427 populo
1722 1354 1877 1409 saxis

229 1451 648 1523 impeterentur
676 1449 733 1502 et
764 1444 910 1501 risui
944 1448 1372 1516 exponerentur
1400 1448 1599 1498 contra
1620 1444 1721 1514 jus
1742 1460 1879 1515 gen-

229 1539 399 1607 tium,
433 1538 550 1592 imo
587 1534 851 1592 naturale
880 1537 938 1589 et
969 1532 1251 1588 divinum.
1285 1535 1357 1587 At
1380 1531 1877 1604 prudentissimus

231 1629 548 1700 imperator
559 1639 893 1698 perversam
906 1620 1207 1677 Michaelis
1219 1625 1473 1677 mentem
1487 1620 1877 1677 subodoratus

230 1715 694 1786 scaudalumque
723 1712 929 1768 exinde
960 1710 1250 1766 oriturum
1294 1710 1636 1782 praevidens,
1687 1709 1877 1783 impia:

228 1803 495 1878 petitioni
544 1801 879 1857 nullatenus
928 1798 1201 1856 assentiri
1230 1798 1430 1855 voluit.
1481 1798 1630 1864 Quin
1680 1798 1877 1871 potius
1908 1834 1956 1899 B

230 1894 411 1966 regiis
438 1894 687 1948 donatos
716 1888 1483 1960 muneribus,prosperaque
1513 1891 1881 1960 precatus,ut

230 1983 290 2039 in
322 1981 477 2038 viam
508 1996 594 2045 se,
624 1979 743 2034 Deo
775 1978 941 2045 duce,
977 1976 1205 2042 darent,
1237 1975 1505 2031 hortatus
1536 1980 1641 2032 est.
1760 1970 1767 1985 '

268 2095 275 2103 ι
302 2070 538 2127 Interim
557 2066 800 2124 Michael
827 2069 980 2122 artes
1003 2082 1140 2121 suas
1153 2064 1349 2120 elusas
1363 2065 1662 2137 aegerrime
1689 2065 1878 2121 ferens

230 2162 301 2217 ad
334 2175 514 2220 novas
545 2155 857 2213 struendas
886 2153 1134 2211 insidias
1164 2170 1503 2222 conversus,
1525 2153 1748 2209 litteras
1778 2154 1878 2208 de-

231 2248 319 2306 dit
347 2249 420 2303 ad
454 2247 692 2302 Petrum
745 2242 1135 2316 patriarcham
1181 2242 1629 2311 Antiochenum,
1677 2241 1877 2298 effreni

233 2335 458 2393 calamo
486 2334 547 2389 in
573 2333 961 2389 Humberlum
994 2336 1053 2386 et
1079 2331 1268 2386 socios
1298 2331 1581 2387 detonans
1612 2335 1880 2403 atque,ut

233 2442 331 2482 eos
357 2423 536 2481 veluti
566 2423 772 2478 Graecae
804 2419 1102 2494 religionis
1136 2422 1565 2492 contemptores
1595 2422 1652 2475 et
1680 2420 1880 2477 hostes

233 2512 608 2585 interciperet
632 2509 1093 2580 muneribusque
1142 2507 1440 2580 spoliaret,
1476 2509 1784 2564 mandans.
1808 2510 1881 2564 At

233 2603 441 2658 Petrus
472 2599 797 2673 legatorum
830 2597 1221 2653 innocentiam
1250 2602 1609 2669 perspectam
1634 2597 1877 2663 habens,

232 2688 516 2763 neglectis
552 2685 857 2744 Michaelis
904 2686 1207 2757 injuriosis
1265 2685 1579 2751 mandatis,
1637 2701 1736 2741 eos
1766 2702 1881 2756 qua

231 2778 429 2835 decuit
455 2775 822 2833 humanitate
853 2773 1093 2845 excepit,
1126 2773 1408 2846 novisque
1453 2777 1653 2829 auctos
1676 2790 1879 2829 mune-

234 2866 404 2922 ribus
435 2881 568 2920 cum
598 2864 817 2919 honore
844 2861 1085 2918 dimisit.

306 2955 475 3009 Anno
505 2952 643 3008 1055
671 2954 914 3007 Romam
942 2949 1170 3023 allapsi,
1200 2949 1326 3006 loco
1359 2950 1568 3007 Leonis
1589 2950 1879 3007 demortui

233 3041 535 3097 Victorem
582 3039 650 3108 Il,
684 3040 755 3094 ad
787 3038 1015 3094 clavum
1059 3038 1327 3095 Ecclesiae
1376 3040 1671 3095 sedentem
1718 3039 1881 3095 inve-

234 3133 471 3198 nerunt,
506 3146 540 3185 a
565 3142 700 3201 quo,
732 3127 936 3201 paucis
964 3127 1284 3200 iuterjectis
1324 3128 1648 3197 mensibus,
1697 3128 1877 3184 Hum-

230 3219 438 3276 bertus
468 3218 541 3274 ad
575 3218 923 3275 Cassinense
969 3216 1390 3273 monasterium
1442 3216 1744 3290 ablegatus
1792 3202 1952 3273 estC

233 3308 310 3364 ob
341 3322 503 3363 acres
523 3305 946 3363 monachorum
968 3305 1368 3363 dissensiones
1391 3306 1449 3360 in
1483 3322 1663 3362 causa
1692 3306 1879 3361 intru-

232 3393 285 3454 si
316 3395 467 3452 Petri
495 3395 724 3451 abbatis
754 3398 1000 3451 exortas.
1038 3397 1221 3462 Quam
1253 3399 1451 3449 tamen
1497 3395 1879 3461 Humbertus,

231 3487 443 3558 sponte
473 3483 787 3556 praelatura
815 3483 1053 3539 cedente
1080 3481 1272 3550 Petro,
1315 3487 1487 3555 atque
1534 3484 1593 3538 in
1621 3484 1748 3555 ejus
1791 3483 1880 3539 lo-

230 3588 372 3630 cum
395 3572 817 3629 monachorum
847 3571 1165 3644 suffragiis,
1200 3572 1441 3628 suﬂ‘ecto
1463 3573 1752 3629 Friderico
1780 3575 1883 3629 Lo-

229 3661 480 3717 thareno
508 3657 823 3723 cardinale,
856 3658 1023 3714 facile
1050 3675 1117 3714 co
1135 3659 1399 3730 nposuit.

297 3746 441 3803 -Vita
469 3746 669 3802 functo
697 3745 927 3802 Victore
968 3747 1038 3816 II,
1089 3745 1279 3802 tribus
1326 3746 1707 3805 electionibus
1757 3750 1884 3805 Ste-

233 3834 419 3911 phani
447 3834 669 3892 scilicet
697 3835 764 3901 X,
793 3833 1017 3890 Nicolai
1050 3835 1120 3901 II,
1155 3838 1211 3890 et
1239 3834 1547 3891 Alexandri
1590 3839 1659 3905 II,
1696 3838 1885 3910 ponti-

233 3926 416 3982 ﬁcum
447 3938 554 3980 suo
585 3922 867 3996 suffragio
896 3922 1300 3990 interfuit,sub
1323 3940 1572 3995 quorum
1597 3926 1883 4000 regimine

1982 559 2038 610 et
2066 555 2395 612 cancellarii
2427 555 2749 613 incredibili
2781 556 2954 612 laude
2984 559 3041 611 et
3082 555 3422 611 dexteritate
3476 571 3633 612 exer-

1982 661 2138 699 cens.
2172 646 2339 700 Anno
2371 644 2575 701 salutis
2612 645 2769 713 1059,
2804 646 2977 717 jussu
3010 644 3231 700 Nicolai
3266 644 3311 700 II
3336 648 3393 701 et
3422 645 3630 718 synodi

1984 734 2412 801 Lateranensis,
2446 734 2800 807 praescripsit
2828 731 3140 790 formulam
3188 733 3323 789 ﬁdei
3372 750 3630 807 pronun-

1985 821 2243 877 tiandam
2276 823 2334 877 in
2366 822 2608 877 concilio
2639 841 2671 878 a
2710 822 3056 895 Berengario
3108 822 3375 878 hmretico
3424 822 3630 897 resipi-

1985 910 2285 965 scientiam
2306 916 2432 966 tum
2457 912 2708 984 fingente
2736 910 3211 967 coramduccntis
3227 910 3470 984 triginta
3507 912 3629 985 epi-

1986 999 2178 1069 scopis
2200 1004 2257 1054 et
2279 999 2632 1071 praelatisAt
2653 1017 2785 1055 cum
2811 1000 3198 1072 Berengarius
3220 1000 3382 1055 ﬁnito
3407 1001 3630 1071 synodo

1986 1088 2056 1142 ad
2092 1087 2276 1141 instar
2305 1089 2468 1143 canis
2498 1088 2711 1160 impuri
2743 1088 2813 1142 ad
2845 1088 3131 1143 vomitum
3167 1087 3458 1156 rediisset,
3489 1102 3631 1146 voce

1986 1191 2051 1230 ac
2082 1175 2228 1247 stylo
2261 1174 2521 1247 plaustra
2551 1175 2935 1232 convitiorum
2966 1180 3092 1231 tum
3126 1176 3184 1232 in
3215 1176 3626 1245 Humbertum,

1984 1267 2109 1317 tum
2143 1263 2202 1317 in
2236 1263 2548 1319 Ecclesiam
2582 1265 2906 1319 Romanam
2937 1264 3289 1331 exoneravit,
3342 1268 3630 1338 quemad-

1986 1352 2224 1407 modum
2251 1353 2376 1423 jam
2408 1351 2693 1424 allegatus
2724 1353 3084 1408 Lanfrancus
3124 1357 3402 1410 strenuus
3434 1353 3633 1411 Eccle-

1987 1439 2083 1495 siae
2109 1445 2164 1496 et
2195 1441 2498 1496 Humberti
2530 1441 2801 1497 defensor
2824 1444 3153 1497 attestatur.
3304 1456 3311 1461 '
3512 1450 3541 1455 “

2057 1531 2372 1602 Assumpto
2425 1532 2493 1586 ad
2554 1529 2962 1603 pontificatum
3035 1532 3145 1586 sub
3208 1531 3445 1587 nomine
3509 1532 3634 1588 Ste-

1987 1618 2163 1691 phani
2196 1619 2241 1673 X
2272 1619 2560 1675 Friderico
2602 1620 2944 1688 Lothareno,
2996 1619 3084 1675 vel
3137 1619 3225 1692 (ut
3274 1621 3522 1677 Baronio
3577 1625 3636 1678 et

1989 1707 2116 1764 aliis
2149 1707 2354 1779 placet,
2384 1709 2622 1763 sedente
2673 1709 2729 1763 in
2786 1708 2939 1764 Petri
2988 1708 3269 1765 cathedra
3308 1708 3633 1768 Alexandro

1989 1796 2168 1868 hujus
2198 1797 2454 1852 nominis
2488 1797 2555 1865 II,
2588 1797 2947 1853 Humbertus
2995 1797 3224 1871 legatus
3254 1798 3314 1854 in
3366 1799 3633 1874 Angliam

1987 1885 2335 1953 destinatur,
2398 1884 2497 1941 ubi
2551 1890 2866 1941 convocatu
2919 1886 3163 1942 concilio
3212 1887 3273 1942 in
3324 1888 3635 1960 praesentia

1984 1975 2166 2030 totius
2196 1974 2332 2029 cieri
2362 1973 2666 2047 Anglicani
2692 1978 2851 2030 sexto
2883 1975 3021 2030 Idus
3059 1974 3277 2047 Aprilis
3306 1993 3462 2033 anno
3493 1976 3637 2047 1072

1985 2063 2394 2136 gravissimam
2428 2062 2587 2119 litem
2614 2062 2768 2119 inter
2812 2060 3101 2120 Ecclesiae
3149 2065 3631 2122 Cantuariensem

1986 2156 2043 2208 et
2069 2152 2489 2208 Eboracensem
2523 2169 2698 2224 super
2728 2151 2983 2226 primatu
3014 2156 3273 2208 exortam
3307 2157 3472 2210 tanta
3501 2154 3635 2211 dex-

1985 2240 2218 2296 teritate
2247 2241 2592 2313 composuit,
2625 2245 2689 2296 ut
2716 2241 2972 2298 Thomas
3021 2241 3404 2298 Eboracensis
3434 2242 3633 2301 Eccle-

1989 2330 2086 2385 sim
2119 2330 2365 2385 antistes
2395 2331 2524 2401 ejus
2555 2330 3038 2402 persuasionibus
3069 2336 3127 2387 et
3147 2331 3476 2388 rationibus
3502 2349 3636 2389 con-

1986 2418 2174 2473 victus
2205 2418 2523 2490 primatum
2546 2417 2948 2475 Cantuariensi
2968 2418 3635 2493 adjudicatum,publica

1988 2508 2095 2563 hac
2118 2507 2338 2563 emissa
2367 2507 2745 2579 professione,
2791 2511 2983 2563 ratum
3032 2507 3338 2565 habuerit:
3375 2532 3403 2559 «
3463 2509 3638 2566 Decet

1989 2595 2229 2651 omnino
2260 2595 2656 2651 Christianum
2690 2610 2982 2668 quemque
3012 2596 3359 2653 Christianis
3404 2596 3635 2672 legibus

1990 2684 2292 2755 subiacere
2317 2688 2640 2757 ;pr0ptcrea
2650 2701 2756 2756 ego
2770 2683 3027 2741 Thomas
3040 2685 3423 2742 Eboracensis
3444 2684 3633 2743 Eccle-

1990 2774 2086 2828 sia:
2119 2772 2603 2845 metropolitanus
2634 2772 2881 2829 antistes
2904 2775 3031 2845 jam
3062 2775 3385 2843 ordinatus,
3420 2775 3636 2832 auditis

1989 2861 2355 2935 cognitisque
2386 2861 2729 2930 rationibus,
2761 2861 3091 2918 absolutam
3131 2861 3258 2932 tibi,
3293 2862 3633 2934 Lant‘rance,

1988 2950 2423 3007 Cantuariensis
2454 2950 2907 3024 archiepisc0pe,
2938 2949 3175 3024 tuisque
3198 2950 3637 3013 successoribus

1990 3042 2060 3097 de
2091 3040 2369 3096 canonica
2400 3040 2727 3095 obedientia
2758 3040 3182 3112 professionem
3205 3041 3453 3111 faciO‘;et
3472 3042 3637 3117 quid-

1990 3129 2130 3202 quid
2164 3147 2198 3185 a
2226 3134 2299 3197 te,
2330 3127 2418 3184 vel
2451 3129 2523 3184 ab
2554 3127 2637 3184 eis
2662 3130 2827 3200 juste
2856 3145 2922 3185 ac
2974 3130 3249 3186 canonice
3297 3130 3633 3204 injunctum

1992 3219 2137 3275 mihi
2168 3219 2363 3285 fuerit,
2396 3222 2766 3273 servaturum
2794 3234 2887 3273 me
2916 3218 3210 3291 promitto.
3248 3241 3277 3269 »

2062 3307 2307 3362 Romam
2321 3322 2445 3361 com
2454 3305 2645 3379 posita
2654 3305 2974 3379 Anglorum
2987 3307 3307 3379 praasulum
3327 3307 3428 3365 lite
3450 3323 3638 3366 rever-

1990 3412 2113 3461 sus,
2150 3395 2377 3451 dierum
2408 3411 2474 3449 ac
2506 3394 2871 3461 meritorum,
2899 3393 3425 3469 plenus,perceptis
3450 3397 3640 3454 F.'ccle-

1992 3484 2089 3539 sine
2137 3483 2521 3539 sacramentis
2577 3483 2649 3538 ad
2705 3499 2950 3556 superos
2998 3484 3320 3540 translatus
3351 3488 3440 3540 est
3468 3485 3640 3543 tertio

1992 3573 2186 3628 Nonas
2217 3571 2374 3640 Maii,
2407 3588 2558 3626 anno
2590 3589 2623 3626 a
2651 3575 2821 3644 partu
2850 3571 3113 3645 Virginis
3158 3573 3314 3628 1064.
3365 3571 3641 3646 Sepultus

1993 3661 2053 3716 in
2102 3659 2343 3717 basilica
2387 3660 2889 3725 Constantiniana,
2939 3668 3193 3717 summo'
3230 3659 3503 3734 pontiﬁce
3558 3660 3642 3718 ita

1996 3750 2516 3821 mandanto,prope
2547 3765 2787 3820 corpora
2807 3748 3209 3822 SS.virginum
3229 3753 3286 3806 et
3315 3753 3642 3822 martyrum

1997 3839 2274 3894 Maternae
2299 3841 2356 3893 et
2386 3836 2751 3893 Secundinaa.
3066 3848 3069 3853 ·
3342 3856 3343 3859 η
3411 3842 3417 3849 ~
3580 3842 3605 3847 ιι

1093 4051 3648 4080 ω

1410 4158 1917 4253 ΝΟΤΙΤΙΑ
1984 4161 2481 4254 ALTERA

1222 4333 1475 4403 (FABRIC.
1510 4336 1775 4393 Biblioth.
1811 4337 1949 4393 med.
1981 4341 2033 4409 et
2061 4339 2166 4409 inf.
2197 4340 2340 4407 Lat,
2372 4341 2470 4407 IV,
2499 4338 2651 4409 306.)

315 4553 693 4621 Humbertus,
726 4570 794 4608 ex
825 4554 1111 4611 monacho
1142 4555 1268 4612 0rd.
1301 4554 1589 4612 Bened.in
1624 4557 1891 4615 Mediano
1924 4562 1970 4627 Ι)
2002 4563 2044 4615 t.
2071 4561 2149 4615 ΧΙ
2175 4559 2398 4627 Colon.,
2431 4564 2488 4616 et
2518 4564 2659 4617 tom.
2690 4562 2870 4616 XVIII
2901 4561 3110 4633 Lugd.,
3163 4551 3295 4635 pag.
3346 4562 3473 4628 389,
3522 4563 3649 4630 405,

238 4640 603 4700 S.Mansueti
636 4642 898 4697 cmnobio
927 4643 1224 4699 Tullcnsis
1255 4643 1542 4714 dioecesis,
1561 4645 1747 4701 Iactus
1770 4665 1893 4702 car-

240 4729 459 4788 dinalis
492 4731 563 4786 ab
595 4731 850 4785 an.1049
880 4736 937 4787 et
965 4734 1274 4804 episcopus
1306 4734 1475 4790 Silva?
1503 4735 1773 4791 Candida:
1799 4754 1892 4791 an.

242 4818 378 4876 1051
418 4819 627 4876 Leonis
654 4819 725 4875 IX
746 4820 818 4875 ad
840 4820 1251 4891 imperatorem
1275 4822 1894 4879 CPol.Coustantinum

244 4907 700 4965 Monomachum
724 4908 949 4981 legatus
975 4926 988 4977 ;
1020 4908 1231 4964 deinde
1262 4926 1296 4963 a
1322 4909 1551 4966 Victore
1584 4913 1627 4966 ΙΙ
1654 4914 1894 4969 an.1057

243 4995 467 5053 missus
497 4999 571 5054 ad
601 4997 1037 5069 componendas
1068 4996 1201 5053 lites
1232 4997 1289 5052 in
1323 5000 1681 5056 monasterio
1735 5001 1894 5057 Casi-

246 5084 517 5154 neusi,de
548 5102 662 5156 quo
693 5084 802 5139 Leo
834 5084 1118 5141 Ostiensis
1151 5085 1233 5140 lib
1268 5102 1309 5140 ιι
1332 5086 1597 5143 Chronici
1620 5089 1895 5145 Casinen-

244 5173 354 5231 sis.
387 5173 751 5228 c.88.Praatsr
779 5173 906 5244 ejus
938 5173 1157 5244 scripta
1188 5191 1302 5229 non
1330 5173 1623 5233 incrudita
1643 5178 1898 5234 adversus

244 5262 459 5319 Graecos
513 5260 676 5316 Mich.
740 5260 1109 5329 Cerularium,
1151 5266 1384 5317 Leonem
1431 5265 1797 5321 Achridenum
1849 5270 1899 5322 et

242 5350 498 5408 Nicetam
526 5348 889 5416 Pectoratum,
920 5348 1157 5421 vulgata
1184 5366 1218 5404 a
1267 5350 1511 5407 Baronio
1560 5354 1631 5408 ad
1676 5371 1896 5409 annum

248 5437 413 5508 1054,
445 5440 503 5493 et
530 5436 589 5493 in
621 5437 941 5510 appendice
971 5437 1043 5494 ad
1072 5441 1300 5495 tomum
1332 5440 1406 5495 XI
1436 5441 1751 5498 Annalium
1781 5447 1839 5500 et
1868 5462 1901 5499 a

242 5527 483 5588 Canisio
511 5532 555 5584 t.
588 5527 662 5585 VI
693 5528 1035 5586 Lectionum
1066 5528 1361 5602 antiquar.
1398 5531 1461 5602 (t.
1507 5530 1581 5587 ΙΙΙ
1627 5533 1901 5590 editionis

243 5634 410 5677 novae
439 5617 819 5694 Basnagianae
848 5636 908 5693 p.
940 5620 1066 5692 277)
1098 5621 1156 5676 et
1183 5619 1243 5675 in
1266 5617 1641 5678 Bibliothecis
1662 5620 1901 5677 Patrum

2006 4650 2129 4704 415.
2163 4649 2491 4705 Novissime
2520 4648 2649 4720 ejus
2680 4651 2847 4705 libros
2875 4654 2984 4704 tres
3014 4649 3271 4705 adversus
3310 4649 3653 4705 Simoniacos

2006 4755 2074 4793 ex
2104 4737 2456 4793 bibliotheca
2504 4739 2894 4795 Laurentiaua
2941 4737 3160 4809 publici
3198 4737 3355 4807 juris
3383 4737 3519 4792 fecit
3540 4738 3653 4794 Ed-

2008 4827 2266 4881 mundus
2298 4827 2575 4891 Marteue,
2610 4831 2752 4881 tom.
2786 4826 2851 4879 V.
2885 4826 3317 4881 Anecdotorum
3347 4838 3481 4896 pag,
3509 4824 3652 4879 633-

2005 4915 2130 4969 844.
2166 4916 2227 4969 In
2264 4914 2407 4970 libro
2439 4914 2606 4970 tertio
2638 4921 2766 4969 octo
2797 4912 3051 4987 capitula
3079 4914 3376 4985 postrema
3421 4908 3655 4968 deside-

2008 5009 2228 5058 rantur.
2267 5003 2608 5074 Spinosulus,
2641 5019 2817 5074 quem
2867 5020 2922 5073 p.
2973 5002 3079 5056 647
3124 4998 3507 5074 perstringit,
3536 5016 3654 5057 non

2007 5091 2234 5147 videtur
2264 5108 2390 5149 esse
2423 5108 2633 5146 nomen
2666 5090 2925 5146 hominis
2946 5089 3375 5164 proprium,sed
3395 5089 3658 5162 positum

2008 5178 2251 5235 convicii
2272 5176 2396 5233 loco
2426 5179 2483 5232 in
2506 5179 2838 5249 spinosiora
2858 5177 3176 5235 adversarii
3195 5175 3658 5235 acumina.ldem

2007 5267 2364 5323 Humbertus
2399 5265 2823 5338 praescripsisse
2844 5267 3101 5323 traditur
3120 5266 3470 5341 Berengario
3491 5264 3659 5341 ejura

2008 5355 2228 5410 tionem
2260 5353 2318 5408 in
2350 5354 2592 5409 concilio
2625 5354 2788 5408 Rom.
2823 5370 2918 5409 an.
2952 5355 3114 5425 4059,
3147 5374 3274 5429 qua
3305 5356 3513 5431 incipit
3531 5357 3658 5435 :Ego

2010 5444 2391 5512 Berengarz'us,
2424 5447 2601 5515 atque
2631 5443 2806 5498 etiam
2835 5444 3053 5499 inserta
3090 5450 3180 5500 est
3224 5445 3463 5503 Decreto
3507 5445 3661 5504 Gra-

2009 5532 2171 5599 tiani,
2206 5530 2339 5586 dist.
2373 5534 2426 5599 2,
2461 5531 2541 5586 De
2571 5532 3030 5599 consecratione,
3064 5548 3114 5588 c.
3146 5533 3236 5589 42.
