3966 6212
332 403 449 465 911

1348 396 1837 461 HUMBEBTUS
1886 394 1950 456 S.
1998 396 2072 456 Β.
2119 396 2189 455 Ε.
2237 394 2728 458 CARDlNALIS.

3623 346 3746 455 911s

340 523 3747 558 ω

1736 661 1888 700 ANNO
1926 659 2133 699 DOMINI
2171 659 2287 699 MLX
2328 683 2340 696 .

1196 812 2874 1013 HUMBERTUS

1120 1091 1179 1147 S.
1222 1092 1285 1147 E.
1329 1092 1395 1147 R.
1429 1089 1883 1157 CARDINALIS,
1926 1087 2305 1144 EPISCOPUS
2346 1088 2571 1144 SILV/E
2610 1088 2964 1145 CANDIDA‘J.

1846 1219 2263 1231 —u————.

1406 1290 1912 1389 NOTITIA
1986 1293 2689 1388 HISTOBICA.

342 1479 537 1555 (Apud
567 1477 724 1535 J.-G.
755 1477 929 1543 ans,
968 1476 1223 1555 Parrum;
1247 1473 1551 1555 dcam-sea
1582 1474 1679 1555 Res
1706 1478 1896 1555 gesta},
1929 1472 2251 1555 legationes,
2282 1474 2427 1555 etc...
2449 1472 2501 1525 S.
2635 1474 2693 1526 E.
2728 1471 3124 1555 qardinalizgrt,
3162 1470 3449 1543 desumpta
3497 1487 3568 1527 ex
3614 1473 3749 1530 Cia-

979 1548 1159 1613 com'o,
1182 1544 1396 1601 Andrea
1418 1546 1532 1600 Vict
1553 1542 1729 1609 trello,
1764 1545 2062 1613 Augustino
2094 1542 2344 1609 Oldoz'no,
2380 1547 2490 1598 etc.
2520 1560 2531 1609 ;
2569 1548 2712 1598 tom.
2746 1542 2792 1612 Ι,
2826 1558 2958 1615 pag.
2992 1543 3110 1613 45.)

1848 1678 2257 1689 ~—.——_

424 1750 799 1846 llumbertus,
829 1777 989 1834 nullo
1019 1775 1381 1850 cognominis
1407 1774 1682 1831 vocabulo
1705 1775 1775 1831 ab
1798 1777 1994 1830 aucto-
2026 1776 2081 1841 Α
2110 1774 2295 1829 fectus
2326 1778 2415 1828 est
2441 1791 2454 1839 ;
2488 1773 2885 1845 abrogatoque
2939 1772 3162 1830 Othone
3218 1736 3518 1831 dissolutae
3558 1773 3759 1831 obsor-

353 1873 516 1931 ribus
541 1870 858 1943 insignitus
890 1870 1083 1923 ortum
1118 1866 1294 1922 traxit
1322 1882 1353 1922 c
1384 1864 1741 1937 Burgundia,
1774 1862 1995 1919 ordinis
2105 1862 2313 1917 vantiae
2347 1878 2465 1932 reo,
2499 1863 2886 1918 llumbertum
2907 1861 3179 1934 regimini
3201 1862 3474 1934 praefecit,
3500 1862 3761 1934 quivigi-

351 1962 411 2018 S.
452 1958 786 2031 ,Benedicti,
845 1957 1145 2029 professus
1198 1955 1258 2010 in
1316 1954 1430 2009 divi
1493 1952 1795 2009 Mansueti’
1823 1952 1996 2024 primi
2106 1950 2290 2004 lautia
2321 1968 2447 2016 sua,
2480 1950 2729 2022 vitaeque
2758 1951 3183 2022 probatissimae
3240 1950 3504 2022 exemplo
3534 1952 3766 2008 exstin—

358 2051 682 2123 Leucorum
696 2045 979 2103 antistitis
999 2043 1259 2102 cwncbio
1281 2043 1341 2099 in
1367 2041 1522 2098 Tulli
1544 2042 1843 2098 suburbiis
1865 2041 1996 2108 sito,

356 2139 441 2195 vir
470 2138 663 2195 Graece
691 2139 749 2192 et
778 2135 979 2193 Latine
1009 2133 1405 2190 doctissimus.
1440 2133 1603 2188 llunc
1634 2132 1691 2187 S.
1719 2132 1830 2186 Leo
1853 2147 2002 2202 papa

357 2246 571 2297 nonus,
630 2225 897 2299 ejusdem
970 2222 1219 2280 civitatis
1286 2226 1607 2277 Leucorum
1672 2220 2001 2291 cpiscopus,

360 2316 1027 2389 Romamprofecturus,
1059 2311 1330 2368 comitem
1361 2310 1473 2365 sibi
1531 2308 1759 2364 itineris
1790 2306 2006 2379 delegit

338 2390 515 2477 anno
545 2404 754 2463 salutis
780 2404 933 2458 1049.
960 2402 1165 2458 Paucis
1189 2404 1321 2473 post
1343 2398 1643 2455 mensibus
1666 2398 1721 2452 in
1746 2396 2005 2453 Siciliam

363 2495 546 2555 divini
576 2492 735 2552 verbi
751 2490 984 2565 populis
1016 2489 1134 2547 illis
1150 2486 1537 2544 annuntiandi
1569 2504 1745 2541 causa
1765 2485 2004 2551 missus,

364 2602 500 2647 cum
518 2589 768 2645 strenue
799 2581 989 2637 ofﬁcio
1019 2596 1126 2635 suo
1157 2578 1498 2651 fungeretur
1526 2578 1790 2648 ejusdem
1824 2575 2007 2648 regio-

362 2675 460 2737 nis
487 2671 987 2744 archiepiscopus,
1019 2685 1153 2723 mox
1183 2668 1241 2723 S.
1269 2667 1335 2722 Β.
1361 2667 1421 2721 Ε.
1447 2664 1781 2733 cardinalis,
1804 2669 1861 2720 et
1890 2664 2009 2736 epi-

366 2780 581 2837 scopus
611 2759 793 2834 Sylsz
824 2746 1090 2814 Candida:
1122 2758 1193 2812 ab
1226 2756 1427 2812 eodem
1454 2755 1640 2810 Leone
1662 2758 1749 2810 est
1777 2753 2012 2809 institu-

367 2856 484 2910 tus.

442 2937 756 2998 Humberti
786 2932 1099 2992 cardinalis
1123 2932 1369 2988 virtutes
1401 2931 1617 3004 insigni
1641 2930 1826 3004 elogio
1857 2946 2014 2986 com-

373 3028 581 3102 plexus
636 3029 725 3083 est
784 3024 1163 3090 Lanfrancus,
1223 3020 1382 3077 illius
1428 3020 1529 3075 aevi
1563 3020 1769 3075 doctus
1800 3024 1856 3074 et
1886 3020 2018 3090 pius

375 3121 582 3184 auctor
638 3113 1111 3187 archiepiscOpus
1194 3109 1666 3177 Cantuariensis,
1753 3113 1811 3163 in
1869 3107 2017 3163 libro

380 3207 661 3264 adversus
692 3203 1106 3275 Berengarium
1138 3199 1586 3257 baeresiarcham
1619 3198 1688 3253 de
1719 3196 2023 3253 Eucharis-

375 3295 662 3362 tiaedito,
696 3293 755 3349 in
805 3308 920 3365 quo
966 3291 1174 3347 asserit
1194 3313 1221 3339 ‹‹
1273 3290 1474 3344 Fuisse
1521 3287 1906 3342 Humbertum
1938 3284 2021 3339 vi-

376 3402 511 3455 rum
568 3383 930 3458 religiosum,
992 3381 1104 3437 ﬁde
1159 3378 1493 3435 Christiana
1545 3381 1601 3432 et
1632 3373 2019 3431 sanctissimis

376 3474 650 3549 operibus
680 3474 1041 3539 decoratdm,
1073 3468 1318 3525 scientia
1339 3467 1669 3522 divinarum
1701 3469 1757 3519 et
1787 3462 2021 3519 saecula-

373 3564 531 3625 rium
559 3563 891 3623 litterarum
917 3559 1179 3634 apprime
1210 3556 1527 3622 excultum,
1578 3558 1641 3609 ut
1689 3570 1893 3608 omnes
1932 3556 2017 3608 at-

368 3657 659 3725 testantur
688 3651 790 3726 qui
818 3649 906 3708 vel
929 3648 1164 3722 prOpria
1185 3643 1539 3719 experientia
1555 3660 1687 3700 eum
1710 3646 2014 3707 noverunt,

367 3742 457 3803 vel
470 3743 542 3800 ab
554 3740 686 3798 aliis
699 3740 800 3813 qui
812 3755 950 3796 eum
967 3735 1187 3811 experti
1203 3739 1361 3802 sunt,
1382 3735 1511 3805 ejus
1527 3730 1918 3804 cognitionem
1932 3746 2018 3786 ac-

367 3834 669 3904 ceperunt.
690 3829 858 3887 Hunc
880 3844 995 3884 non
1029 3843 1060 3883 e
1100 3823 1460 3897 Burgundia,
1503 3826 1566 3877 ut
1594 3821 1834 3893 quidam
1868 3819 2018 3876 male

367 3920 749 3994 scripserunt.
782 3918 885 3975 sed
904 3933 934 3972 e
957 3912 1404 3984 LotharingiaS.
1422 3911 1532 3965 Leo
1546 3910 1789 3966 Romam
1805 3909 2015 3981 perdu-

357 4009 470 4080 xit,
501 4014 559 4077 et
588 4009 661 4066 ad
688 4004 1128 4081 praedicandum
1160 3999 1370 4057 Siculis
1401 3998 1640 4055 verbum
1670 3998 1767 4054 Dei
1800 3997 2016 4052 archie-

358 4098 673 4173 piscopum
705 4092 1028 4165 ordinavit;
1064 4094 1267 4163 postea
1291 4105 1425 4144 vero
1451 4088 1507 4144 S.
1533 4088 1599 4143 R.
1625 4087 1686 4141 E.
1710 4085 2016 4158 praesulem

369 4185 725 4243 cardinalem
757 4180 1099 4239 constituit:
1134 4177 1291 4251 quod
1321 4177 1380 4233 in
1410 4176 1533 4232 loco
1566 4175 1793 4248 positus
1822 4174 2019 4229 taliter

367 4274 532 4344 vixit,
555 4272 750 4330 taliter
764 4269 981 4335 docuit,
1009 4273 1071 4325 ut
1091 4268 1160 4324 de
1182 4267 1295 4323 ﬁde
1313 4265 1401 4322 vel
1423 4265 1687 4321 doctrina
1706 4264 1835 4335 ejus
1855 4261 2020 4319 nulla

371 4380 444 4420 ne
473 4361 722 4418 minima
750 4358 989 4432 quidem
1019 4357 1270 4414 sinistrae
1301 4354 1654 4427 suspicionis
1680 4354 2014 4408 famaexor-

368 4457 433 4509 ta
461 4452 558 4508 sit.
590 4451 780 4522 Hujus
812 4447 893 4504 rei
924 4448 1092 4504 testis
1122 4450 1207 4503 est
1236 4450 1356 4502 tota
1388 4445 1502 4499 fere
1534 4442 1839 4510 Latinitas,
1888 4458 2018 4512 qua:

2110 2041 2262 2092 ctam
2298 2055 2442 2109 pene
2473 2037 2756 2109 humique
2777 2039 3071 2109 jacentcm
3101 2038 3472 2109 disciplinam
3517 2052 3766 2097 rursum

2111 2126 2182 2180 ad
2216 2125 2532 2196 pristinum
2566 2128 2826 2182 decorem
2854 2126 3137 2182 revocavit
3167 2130 3343 2197 atque
3400 2124 3600 2182 erexit.
3652 2127 3769 2182 Pro

2113 2230 2228 2285 qua
2258 2214 2472 2269 tuenda
2505 2214 2717 2269 multos
2761 2214 3135 2287 postmodum
3166 2231 3201 2270 a
3230 2214 3497 2271 discessu
3545 2215 3767 2270 Leonis

2113 2302 2426 2358 exantlavit
2454 2302 2699 2359 labores.

2187 2436 2361 2489 Trani
2391 2434 2447 2488 in
2482 2435 2692 2507 Apulia
2721 2436 3090 2507 negotiorum
3151 2451 3332 2491 causa
3382 2436 3507 2491 dies
3538 2428 3768 2510 aliquot

2119 2523 2461 2596 transigenti
2512 2524 2854 2594 Humberto,
2911 2522 3208 2596 exemplar
3261 2523 3460 2579 datum
3521 2530 3613 2581 cst
3640 2526 3766 2599 epi-

2119 2611 2280 2667 stolae
2311 2614 2504 2667 Graeco
2536 2611 2810 2666 idiomate
2828 2629 2862 2667 a
2883 2610 3160 2667 Michaele
3181 2610 3499 2685 Cerulario,
3523 2615 3767 2686 patriar-

2121 2702 2230 2758 cha
2258 2700 2921 2773 Constantinopolitano,
2955 2704 3012 2756 et
3058 2700 3248 2756 Leone
3305 2702 3597 2757 Acridano
3629 2702 3766 2759 Bul-

2122 2805 2393 2861 garorum
2429 2788 2860 2859 archiepiscopo
2900 2788 3125 2861 scriptae
3174 2790 3246 2844 ad
3284 2789 3586 2853 Joannem
3633 2793 3771 2850 Tra-

2125 2893 2365 2933 nensem
2398 2877 2757 2949 episcopum,
2792 2876 3272 2949 quamlatinitate
3292 2879 3566 2935 donatam
3593 2880 3769 2943 Leoni

2126 2982 2359 3021 summo
2390 2966 2652 3036 pontiﬁci
2686 2967 2756 3021 ad
2799 2983 3107 3022 censuram
3169 2967 3466 3023 submisit.
3498 2968 3772 3041 Epistolas

2126 3055 2376 3127 plcnnus
2410 3054 2503 3109 hic
2534 3056 2876 3127 arrogantia:
2906 3054 3113 3110 titulus
3134 3056 3404 3127 praeﬁxus
3426 3060 3583 3112 erat:
3614 3080 3641 3106 α
3666 3057 3775 3133 Mi-

2053 3158 2098 3222 B
2131 3143 2295 3199 chael
2330 3144 2679 3199 universalis
2711 3143 3039 3215 patriarcha
3069 3160 3225 3199 novae
3284 3144 3497 3200 Romae.
3535 3168 3562 3193 ››
3594 3144 3776 3216 Cujus

2132 3238 2299 3288 tenor
2326 3232 2438 3287 tria
2467 3233 2838 3303 potissimum
2890 3233 3102 3304 capita,
3158 3231 3246 3287 vel
3304 3232 3497 3304 potius
3525 3233 3779 3289 convitia

2131 3322 2491 3389 continebat;
2527 3321 2752 3391 primo:
2789 3319 3047 3376 Ecclesia
3077 3319 3340 3376 Latinam
3397 3321 3633 3377 Judzeos
3674 3339 3776 3377 sn-

2127 3411 2458 3483 perstitioso
2471 3409 2730 3482 exemplo
2753 3409 2966 3464 imitari
2984 3409 3041 3465 in
3056 3409 3553 3465 benedictionibus
3570 3398 3774 3482 panis,

2128 3499 2354 3572 azymi;
2387 3499 2672 3555 secundo:
2728 3498 2946 3553 Morem
3004 3515 3134 3553 eam
3193 3499 3357 3570 sequi
3388 3498 3776 3555 barbarorum

2129 3590 2411 3646 suffocata
2463 3587 2982 3655 manducanlium;
3042 3587 3256 3643 tertio:
3317 3585 3553 3643 alleluia
3580 3587 3774 3659 ipsam

2127 3680 2437 3735 decantare
2465 3676 2725 3749 paschali
2787 3676 3155 3732 solummodo
3216 3682 3496 3748 tempore.
3547 3677 3777 3741 Quibus

2127 3767 2400 3824 omnibus
2432 3766 2596 3822 lectis
2630 3764 2943 3821 calumniis
2973 3765 3316 3838 plenissime
3345 3763 3631 3822 satisfecit
3662 3765 3774 3821 Leo

2127 3858 2404 3930 pontifex,
2438 3855 2661 3928 prolixa
2690 3855 2937 3927 epistola
2959 3856 3030 3910 ad
3054 3855 3323 3911 eumdem
3346 3854 3689 3910 Michaelem
3720 3858 3777 3910 et

2126 3948 2375 4003 Leonem
2408 3946 2647 4011 directa,
2680 3960 2807 4016 quae
2840 3943 2991 3999 inter
3036 3943 3229 4016 ipsius
3259 3943 3468 3999 Leonis
3530 3943 3624 4010 IX,
3653 3942 3773 4016 epi-

2128 4037 2307 4092 stolas
2340 4035 2533 4107 prima
2560 4034 2762 4090 ordine
2792 4037 3145 4089 recensetur.

2199 4175 2368 4224 Anno
2425 4168 2585 4235 4054,
2639 4166 2814 4237 jussu
2872 4164 3078 4222 Leonis
3138 4165 3454 4238 pontiﬁcis,
3484 4164 3773 4238 legatione

2125 4258 2361 4313 functus
2412 4260 2502 4312 est
2558 4254 2915 4311 Humbertus
2973 4253 3619 4327 Constantinopolitana
3664 4271 3779 4313 una

2126 4363 2259 4403 cum
2294 4344 2596 4401 Frederico
2624 4344 2948 4400 Lothareno
2971 4343 3292 4413 cardinale,
3316 4349 3373 4400 et
3394 4344 3561 4400 Petro
3593 4343 3775 4400 archi-

2126 4433 2370 4509 preesule
2425 4431 2842 4505 Amalphitano
2900 4433 2972 4488 ad
3021 4432 3428 4489 Constantium
3460 4433 3773 4491 Μητιοωᾶ-

368 4521 836 4615 pro‘excellentia
862 4536 1189 4611 apostolica
1224 4534 1402 4601 sedis,
1446 4534 1616 4604 cujus
1670 4530 1931 4587 consiliis
1960 4536 2016 4587 et
2046 4530 2088 4595 C
2126 4524 2303 4615 chum
2334 4523 2423 4615 IX,
2453 4522 2593 4615 imp.
2626 4525 2906 4615 Augustae
2932 4522 3073 4578 Zoes
3100 4521 3402 4590 maritum,
3436 4527 3495 4579 et
3524 4521 3775 4583 Michae-

364 4629 629 4697 conciliis
659 4645 892 4704 semper
921 4628 1141 4695 aderat,
1172 4630 1230 4682 et
1280 4626 1542 4697 praeerat,
1576 4637 1711 4676 eum
1743 4620 2010 4693 ignorare

365 4736 485 4777 non
516 4716 724 4792 potuit.
760 4739 789 4768 »

435 4809 593 4865 Idem
628 4807 988 4865 Lanfrancus
1017 4803 1222 4859 eodem
1274 4800 1333 4853 in
1387 4797 1535 4853 libro
1582 4795 1884 4867 alloquens
1908 4796 2009 4851 Bc-

324 4902 327 4905 ‘
360 4898 698 4971 rengarium
724 4915 736 4952 :
761 4919 787 4946 ‹‹
812 4890 1195 4960 Venerabilis,
1212 4887 1420 4961 inquit,
1446 4887 1816 4951 llumbertus,
1838 4902 2010 4957 quem

361 4987 532 5063 quasi
555 4985 953 5059 exprobrando
975 4980 1359 5054 Burgundum
1383 4977 1652 5033 nominas
1673 4974 1864 5047 (quasi
1895 4991 2009 5030 non

359 5062 558 5150 posset
586 5077 742 5133 Deus
772 5072 833 5129 in
892 5069 1233 5145 Burgundia
1291 5083 1487 5123 servos
1544 5064 1755 5119 habere
1789 5062 2010 5133 ﬁdeles)

361 5163 510 5222 nihil
543 5164 705 5221 aliud
738 5162 874 5218 fecit
932 5159 1043 5217 nisi
1077 5159 1233 5231 quod
1264 5156 1625 5228 Scripturam
1654 5153 1841 5224 ipsam
1866 5170 2008 5223 prae-

359 5254 611 5328 cipiente
667 5252 910 5326 synodo,
978 5267 1155 5307 manu
1214 5247 1272 5301 in
1343 5263 1584 5300 manum
1657 5242 1925 5312 porrexit.
1981 5264 2008 5289 ››

359 5344 607 5402 Exstant
630 5340 852 5415 passim
886 5339 1055 5413 plura
1083 5338 1211 5409 ejus
1242 5334 1396 5407 apud
1429 5332 1571 5388 alios
1600 5329 1882 5386 cncomia.

429 5434 597 5488 Anno
632 5429 857 5485 Domini
882 5430 1036 5493 1853,
1065 5441 1202 5482 cum
1228 5421 1585 5495 percepisset
1608 5419 1723 5475 Leo
1747 5416 2010 5491 pontifex

362 5518 748 5576 monasticam
770 5517 1012 5573 cmnobii
1036 5511 1411 5571 Snblacensis
1434 5507 1807 5580 disciplinam
1829 5507 2009 5563 Otho-

361 5608 454 5663 nis
484 5605 713 5662 abbatis
742 5604 969 5659 incuria
1014 5608 1071 5658 et
1120 5599 1431 5657 oscitantia
1488 5597 1634 5652 foede
1663 5595 2004 5669 collapsam,

361 5693 518 5757 malo
548 5706 922 5761 occursurus,
981 5690 1041 5746 in
1084 5687 1413 5746 consortio‘
1439 5684 1746 5763 Ηυαώβηί
1775 5701 1840 5745 eo
1873 5701 2005 5762 pro-

2119 4616 2234 4670 lem
2255 4611 2619 4669 Cerularium
2643 4610 3056 4683 patriarcham,
3080 4611 3139 4666 in
3166 4628 3345 4668 causa
3392 4610 3773 4668 concilianda

2122 4702 2389 4759 Ecclesiae
2421 4702 2627 4757 Grmcaa
2658 4717 2793 4756 cum
2826 4701 3031 4756 Latina
3088 4706 3146 4757 et
3202 4700 3549 4773 implorandi
3573 4698 3777 4754 auxilii

2122 4796 2399 4849 adversus
2456 4791 2954 4845 Nortmaunorum
3013 4789 3403 4862 tyrannidem.
3451 4790 3567 4841 Hos
3611 4786 3773 4841 sedis

2121 4881 2448 4955 apostolica:
2479 4879 2700 4952 legatos
2732 4879 3053 4951 imperator
3083 4876 3447 4934 convenienti
3485 4873 3772 4946 obsequio

2122 4977 2177 5028 et
2207 4971 2425 5027 honore
2452 4967 2693 5039 excepit,
2718 4967 3040 5039 quemlibet
3061 4983 3260 5024 eorum
3286 4965 3344 5021 in
3366 4964 3605 5038 signum
3626 4963 3777 5021 ami-

2121 5061 2287 5128 citiae,
2313 5060 2382 5114 ad
2407 5056 2596 5131 gentis
2624 5073 2867 5124 morem,
2895 5056 3285 5112 exosculatus.
3312 5053 3444 5118 Quae
3470 5057 3672 5110 autem
3704 5069 3774 5112 ea

2119 5150 2179 5205 in
2212 5149 2496 5221 legatione
2527 5150 2761 5217 peracta
2790 5145 3028 5213 fuerint,
3062 5142 3770 5216 Humbertuslegatorum

2120 5238 2435 5312 primarius
2463 5234 2681 5305 scripto
2714 5233 2969 5290 exaravit
3001 5234 3073 5290 ad
3102 5234 3357 5291 Leonem
3378 5231 3764 5305 pentiﬁsem:

2121 5332 2330 5384 notans
2362 5326 2512 5381 inter
2541 5327 2747 5379 caetera
2777 5323 3039 5380 Nicetam
3070 5321 3454 5389 monachum,
3514 5318 3616 5392 qui
3639 5334 3770 5392 pec-

2118 5417 2343 5472 toratus
2372 5416 2461 5469 est
2481 5414 2877 5483 nuncupatus,
2901 5411 2962 5466 in
2988 5410 3178 5483 ipsius
3205 5409 3599 5482 imperatoris,
3621 5407 3773 5480 lega-

2117 5510 2311 5561 torum
2370 5506 2427 5559 et
2481 5515 2789 5573 procerum
2846 5500 3177 5572 praesentia,
3232 5498 3422 5556 multa
3460 5497 3769 5555 verborum

2119 5590 2443 5649 acrimonia
2471 5589 2917 5645 commendasse
2944 5587 3215 5644 libellum
3237 5587 3557 5660 quemdam
3579 5585 3770 5642 Attico

2116 5682 2294 5742 livore
2323 5684 2380 5741 et
2436 5676 2748 5755 supercilio
2780 5677 2840 5737 in
2870 5676 3190 5741 Ecclesiam
3223 5677 3495 5737 Latinam
3534 5690 3770 5750 compo-
