3966 6212
205 393 326 469 91,3

1504 391 1824 458 ΝΟΤΙΤΙΑ
1866 390 2284 456 HlSTORICA
2299 437 2313 454 .

3492 384 3614 456 914

209 532 416 600 situm,
446 526 560 587 tria
582 524 957 603 potissimum
989 525 1183 601 capita
1210 528 1285 584 De
1314 529 1593 596 azimo,De
1629 528 1856 584 sabbato
1884 527 1940 593 Α
1970 527 2247 584 nonnulis
2278 526 2449 586 annis
2478 524 2918 602 amplissimum
2948 542 3164 585 munus
3183 523 3612 585 bibliothecarii

210 626 264 679 et
275 622 492 694 Nuptiis
502 618 834 677 sacerdotum
847 615 1535 690 complectentem.Quem
1553 619 1852 689 Augustus

212 709 593 781 orthodoxus,
625 724 758 764 cum
788 710 993 780 praeter
1039 705 1286 762 convitia
1333 711 1388 761 et
1437 723 1660 761 errores
1712 704 1853 761 nihil

211 799 383 856 solidi
415 801 515 854 aut
544 798 671 854 sani
702 795 1258 868 contineret,legatis
1281 794 1856 858 suadentibus,flam-

209 887 325 944 mis
356 886 515 943 exuri
541 886 744 957 jussit.
779 884 974 939 Rebus
1005 883 1087 939 ita
1115 883 1478 955 compositis,
1510 901 1641 939 cum
1676 884 1853 939 llum-

207 977 412 1033 bertus
442 991 576 1030 cum
609 973 847 1046 collegis
864 972 1113 1044 jamjam
1136 972 1361 1027 abitum
1385 972 1631 1027 Romam
1655 989 1856 1027 versus

207 1067 460 1139 pararet,
493 1061 741 1119 Michael
774 1060 1125 1134 patriarcha,
1157 1060 1245 1115 vir
1274 1059 1855 1132 impius,f‘raudulen-

205 1159 305 1210 tus
334 1157 391 1210 et
420 1151 691 1219 callidus,
712 1149 889 1206 libelli
919 1149 1219 1206 exustione
1249 1153 1576 1205 commotus
1608 1149 1854 1221 impera-

204 1248 390 1300 torem
423 1240 585 1308 adiit,
620 1244 860 1296 acturus
890 1239 960 1294 de
993 1237 1201 1311 legatis
1232 1237 1640 1305 retinendis,eo
1664 1237 1777 1293 ﬁne
1795 1242 1859 1293 ut

205 1332 265 1388 in
298 1333 525 1388 Sanctae
556 1329 784 1402 Sophia:
815 1327 1099 1400 templum
1123 1328 1232 1382 sub
1251 1327 1446 1399 aliquo
1485 1326 1855 1383 comitiorum

209 1419 751 1493 congregandorum
782 1418 1057 1489 praetextu
1080 1416 1390 1472 introducti
1417 1434 1449 1471 a
1470 1414 1684 1488 populo
1703 1416 1857 1471 saxis

209 1511 630 1582 impeterentur
657 1509 714 1562 et
745 1505 892 1560 risui
925 1508 1353 1576 exponerentur
1381 1508 1579 1559 contra
1600 1505 1701 1575 jus
1723 1522 1860 1577 gen-

208 1598 382 1666 tium,
415 1597 533 1652 imo
569 1593 832 1651 naturale
862 1597 920 1649 et
950 1593 1232 1649 divinum.
1266 1595 1338 1647 At
1360 1592 1857 1665 prudentissimus

209 1688 531 1759 imperator
542 1699 874 1758 perversam
888 1681 1187 1737 Michaelis
1201 1686 1454 1737 mentem
1468 1682 1858 1738 subodoratus

209 1774 675 1845 scandalumque
705 1771 910 1828 exinde
941 1770 1231 1827 oriturum
1276 1770 1617 1842 prmvidens,
1668 1770 1858 1843 impiae

206 1863 477 1937 petitioni
527 1861 860 1917 nullatenus
909 1859 1182 1960 assentiri
1211 1858 1411 1915 voluit.
1461 1859 1610 1925 Quin
1659 1859 1856 1931 potius
1888 1895 1937 1960 B

209 1953 391 2026 regiis
420 1953 668 2007 donatos
698 1948 1464 2020 muneribus,prosperaque
1492 1952 1861 2020 precatus,ut

209 2042 271 2099 in
302 2041 459 2097 viam
491 2055 575 2105 se,
604 2038 724 2094 Deo
756 2038 923 2104 duce,
959 2036 1186 2102 darent,
1218 2036 1485 2091 hortatus
1517 2040 1622 2092 est.
1740 2030 1747 2045 '

248 2142 255 2163 ί
282 2129 519 2186 Interim
538 2126 781 2183 Michael
808 2130 962 2181 artes
984 2142 1121 2181 suas
1134 2124 1330 2180 elusas
1344 2125 1643 2198 aegerrime
1669 2125 1858 2181 ferens

210 2221 282 2277 ad
315 2234 495 2279 novas
526 2215 839 2272 struendas
867 2213 1114 2270 insidias
1144 2230 1484 2283 conversus,
1506 2213 1728 2269 litteras
1758 2214 1858 2269 de-

211 2308 300 2365 dit
328 2308 400 2362 ad
435 2306 673 2361 Petrum
727 2302 1116 2376 patriarcham
1161 2301 1609 2371 Antiochenum,
1658 2301 1856 2358 effreni

213 2396 439 2453 calamo
467 2393 527 2449 in
554 2392 942 2449 Humbertum
976 2395 1034 2446 et
1060 2391 1248 2446 socios
1279 2392 1561 2446 detonans
1593 2395 1860 2463 atque,ut

212 2502 312 2542 eos
338 2482 515 2540 veluti
545 2482 753 2538 Graecae
785 2479 1083 2553 religionis
1117 2483 1545 2551 contemptores
1576 2482 1633 2535 et
1661 2479 1859 2537 hostes

213 2571 588 2645 interciperet
612 2568 1075 2639 muneribusque
1123 2567 1421 2640 spoliaret,
1457 2568 1764 2623 mandans.
1788 2570 1861 2624 At

214 2663 422 2718 Petrus
453 2658 778 2732 legatorum
812 2656 1202 2712 innocentiam
1232 2661 1591 2728 perspectam
1614 2656 1857 2724 habens,

214 2748 498 2822 neglectis
534 2745 837 2803 Michaelis
885 2745 1187 2816 injuriosis
1246 2744 1559 2811 mandatis,
1618 2761 1716 2800 eos
1746 2762 1862 2816 qua

212 2837 412 2895 decuit
438 2834 803 2891 humanitate
833 2832 1074 2904 excepit,
1107 2833 1389 2905 novisque
1433 2837 1633 2888 auctos
1656 2850 1859 2889 mune-

215 2925 387 2982 ribus
417 2940 550 2979 cum
579 2923 795 2978 honore
823 2921 1066 2977 dimisit.

288 3015 456 3069 Anno
487 3012 624 3067 1055
652 3014 893 3067 Romam
921 3009 1151 3083 allapsi,
1180 3008 1306 3065 loco
1339 3009 1548 3066 Leonis
1569 3010 1858 3067 demortui

214 3101 516 3157 Victorem
564 3099 631 3167 II,
664 3100 734 3154 ad
765 3098 993 3155 clavum
1039 3097 1308 3154 Ecclesiae
1356 3099 1651 3155 sedentem
1698 3098 1861 3154 inve-

216 3192 453 3257 nerunt,
487 3205 522 3245 a
545 3202 679 3261 quo,
712 3187 915 3261 paucis
943 3186 1264 3259 interjectis
1304 3187 1628 3256 mensibus,
1677 3187 1856 3243 Hum-

213 3279 420 3336 bertus
449 3278 520 3334 ad
556 3277 903 3335 Cassinense
950 3276 1370 3332 monasterium
1422 3275 1724 3349 ablegatus
1772 3261 1932 3333 estC

215 3368 291 3424 ob
321 3382 483 3423 acres
504 3366 926 3423 monachorum
949 3365 1349 3422 dissensiones
1371 3365 1430 3420 in
1463 3382 1642 3421 causa
1671 3366 1859 3421 intru-

215 3454 266 3513 si
295 3456 447 3512 Petri
476 3455 705 3511 abbatis
734 3457 980 3510 exortas.
1018 3456 1202 3521 Quam
1233 3458 1430 3509 tamen
1477 3455 1858 3521 Humbertus,

214 3548 424 3618 sponte
454 3543 768 3615 praelatura
796 3542 1033 3597 cedente
1061 3542 1252 3610 Petro,
1294 3547 1467 3614 atque
1514 3544 1572 3598 in
1600 3544 1728 3615 ejus
1770 3543 1860 3599 lo-

213 3648 353 3690 cum
375 3631 798 3687 monachorum
828 3630 1145 3703 sufi'ragiis,
1180 3632 1420 3687 suffecto
1442 3632 1731 3689 Friderico
1759 3634 1862 3689 Lo-

211 3721 461 3777 thareno
489 3715 804 3782 eardinale,
837 3716 1004 3772 facile
1031 3734 1097 3772 eo
1116 3719 1379 3790 nposuit.

278 3804 422 3862 -Vita
444 3805 651 3860 functo
679 3802 908 3860 Victore
948 3806 1019 3874 Il,
1069 3804 1259 3861 tribus
1306 3805 1687 3865 electionibus
1736 3810 1864 3865 Ste-

217 3894 400 3971 phani
428 3892 651 3951 scilicet
678 3893 745 3960 X,
775 3891 999 3948 Nicolai
1030 3893 1101 3958 II,
1136 3897 1190 3949 et
1220 3892 1527 3950 Alexandri
1570 3899 1639 3965 II,
1675 3898 1864 3970 ponti-

218 3986 395 4043 ﬁcum
427 3999 535 4040 suo
567 3981 848 4055 suffragio
876 3980 1280 4048 interfuit,sub
1304 3998 1552 4053 quorum
1577 3986 1863 4059 regimine

1963 621 2019 671 et
2047 617 2376 673 cancellarii
2408 617 2730 674 incredibili
2762 617 2936 673 laude
2965 620 3022 672 et
3062 617 3403 673 dexteritate
3457 633 3613 673 exer-

1963 722 2119 761 cens.
2153 707 2320 761 Anno
2352 706 2557 762 salutis
2592 706 2750 774 1059,
2784 708 2958 779 jussu
2990 705 3211 761 Nicolai
3246 705 3292 761 II
3316 709 3375 762 et
3403 706 3609 779 synodi

1964 795 2392 862 Lateranensis,
2427 796 2781 868 prmscripsit
2808 792 3121 851 formulam
3168 794 3303 850 fidei
3353 810 3610 868 pronun-

1965 883 2224 939 tiandam
2256 884 2315 938 in
2347 884 2589 939 concilio
2619 902 2653 939 a
2692 883 3036 956 Berengario
3088 883 3355 939 haeretica
3404 882 3610 957 resipi-

1966 971 2265 1027 scientiam
2287 976 2413 1027 tum
2438 973 2690 1045 fingente
2716 971 3191 1028 coramducentis
3208 972 3450 1046 triginta
3487 974 3609 1046 epi-

1966 1059 2159 1131 scopis
2181 1065 2238 1115 et
2260 1061 2613 1133 praelatisAt
2634 1078 2766 1117 cum
2792 1061 3179 1133 Berengarius
3201 1061 3363 1116 ﬁnito
3388 1062 3610 1132 synodo

1967 1149 2036 1203 ad
2072 1148 2256 1202 instar
2286 1150 2448 1205 canis
2478 1149 2691 1221 impuri
2724 1149 2794 1203 ad
2826 1148 3111 1204 vomitum
3147 1148 3439 1217 rediisset,
3470 1165 3611 1207 voce

1966 1252 2031 1291 ac
2062 1236 2208 1308 style
2241 1236 2501 1309 plaustra
2531 1237 2915 1292 convitiorum
2946 1241 3072 1292 tum
3107 1237 3165 1293 in
3197 1237 3607 1306 Humbertum,

1965 1329 2091 1379 tum
2122 1324 2182 1378 in
2217 1325 2529 1380 Ecclesiam
2562 1326 2887 1380 Romanam
2917 1326 3269 1393 exoneravit,
3322 1329 3610 1399 quemad-

1967 1413 2205 1467 modum
2231 1414 2356 1484 jam
2389 1413 2673 1486 allegatus
2705 1414 3065 1469 Lanf‘rancus
3105 1418 3382 1471 strenuus
3415 1415 3613 1472 Eccle-

1967 1500 2063 1557 size
2090 1506 2144 1557 et
2175 1502 2478 1557 Humberti
2511 1502 2782 1558 defensor
2805 1505 3134 1558 attestatur.
3286 1516 3293 1521 '
3494 1512 3523 1517 “

2038 1593 2352 1663 Assumpto
2406 1592 2474 1647 ad
2535 1590 2942 1664 pontificatum
3015 1592 3125 1647 sub
3189 1592 3425 1648 nomine
3490 1593 3615 1649 Ste-

1967 1679 2144 1752 phani
2176 1680 2221 1734 X
2252 1679 2541 1735 Friderico
2582 1681 2925 1748 Lothareno,
2977 1681 3064 1736 vel
3117 1680 3206 1753 (ut
3254 1682 3502 1738 Baronio
3557 1686 3617 1739 et

1969 1768 2097 1825 aliis
2129 1768 2334 1840 placet,
2365 1770 2602 1824 sedente
2654 1770 2710 1824 in
2768 1769 2919 1824 Petri
2968 1769 3249 1827 cathedra
3288 1770 3614 1828 Alexandro

1968 1857 2148 1929 hujus
2179 1858 2434 1913 nominis
2468 1858 2535 1926 II,
2569 1858 2927 1913 Humbcrtus
2975 1857 3204 1931 legatus
3234 1859 3294 1915 in
3345 1859 3613 1935 Angliam

1967 1946 2315 2013 destinatur,
2379 1945 2479 2001 ubi
2531 1950 2847 2002 convocata
2900 1947 3144 2002 concilio
3192 1948 3253 2002 in
3304 1949 3614 2020 praesentia

1964 2035 2146 2090 totius
2176 2035 2313 2090 cleri
2343 2034 2647 2108 Anglicani
2673 2039 2832 2091 sexto
2864 2035 3002 2090 Idus
3040 2035 3257 2108 Aprilis
3287 2053 3442 2093 anno
3474 2037 3616 2109 1072

1966 2123 2375 2196 gravissimam
2408 2122 2568 2179 litem
2595 2122 2749 2179 inter
2792 2120 3082 2179 Ecclesiae
3129 2125 3611 2182 Cantuariensem

1967 2216 2022 2268 et
2050 2213 2469 2267 Eboracensem
2503 2228 2679 2284 super
2707 2210 2963 2285 primatu
2994 2217 3253 2268 exortam
3288 2217 3452 2270 tanta
3480 2215 3614 2273 dex-

1966 2300 2199 2356 teritate
2227 2301 2572 2373 composuit,
2605 2304 2669 2356 ut
2696 2301 2951 2358 Thomas
3001 2301 3384 2359 Eboracensis
3414 2302 3613 2361 Eccle-

1969 2390 2066 2445 size
2099 2390 2344 2445 antistes
2375 2390 2504 2460 ejus
2535 2389 3018 2461 persuasionibus
3050 2396 3107 2447 et
3127 2390 3456 2448 rationibus
3482 2388 3615 2449 eon-

1966 2478 2155 2533 victus
2186 2478 2503 2550 primatum
2526 2476 2928 2534 Cantuariensi
2949 2477 3615 2553 adjudicatum,publica

1968 2567 2075 2622 hac
2098 2566 2317 2623 emissa
2346 2567 2725 2639 professione,
2771 2571 2962 2622 ratum
3012 2566 3318 2624 habuerit:
3355 2591 3383 2619 «
3443 2569 3617 2625 Decet

1969 2655 2209 2711 omnino
2239 2654 2636 2710 Christianum
2670 2670 2962 2727 quemque
2992 2655 3339 2712 Christianis
3384 2655 3614 2731 legibus

1970 2744 2271 2814 subiacere
2297 2747 2620 2816 ;proptcrea
2630 2760 2736 2816 ego
2750 2742 3007 2800 Thomas
3019 2744 3403 2801 Eboracensis
3423 2745 3613 2803 Eccle-

1970 2833 2065 2888 siae
2099 2831 2583 2904 metropolitanus
2614 2831 2860 2889 antistes
2883 2833 3011 2905 jam
3042 2834 3365 2903 ordinatus,
3399 2835 3615 2892 auditis

1969 2920 2336 2995 cognitisque
2367 2920 2709 2989 rationibus,
2741 2920 3070 2977 absolutam
3109 2921 3237 2992 tibi,
3272 2922 3613 2995 Lanf'rance,

1968 3009 2403 3067 Cantuariensis
2434 3009 2886 3082 archiepiscope,
2919 3009 3155 3084 tuisque
3177 3011 3616 3071 successoribus

1970 3102 2040 3157 de
2071 3099 2348 3155 canonica
2380 3099 2707 3155 obedientia
2738 3099 3161 3171 professionem
3184 3101 3431 3171 facio';et
3451 3102 3616 3177 quid-

1970 3187 2110 3261 quid
2144 3206 2178 3243 a
2206 3192 2279 3256 te,
2311 3187 2398 3244 vel
2431 3189 2504 3243 ab
2534 3186 2617 3244 eis
2643 3189 2807 3259 juste
2836 3205 2901 3244 ac
2953 3190 3228 3246 canonice
3276 3190 3612 3264 injunctum

1972 3277 2117 3334 mihi
2149 3278 2343 3344 fuerit,
2375 3282 2745 3332 servaturum
2773 3294 2866 3333 me
2894 3277 3189 3350 promitto.
3227 3301 3256 3329 ››

2042 3367 2287 3422 Romam
2301 3381 2425 3421 com
2434 3364 2625 3438 posita
2634 3365 2953 3438 Anglorum
2966 3367 3285 3438 praasulum
3306 3367 3407 3425 lite
3428 3383 3617 3427 rever-

1970 3472 2093 3521 sus,
2130 3455 2356 3510 dierum
2388 3471 2453 3509 ac
2485 3453 2850 3520 meritorum,
2878 3453 3403 3530 plenus,perceptis
3428 3457 3619 3514 Eccle-

1972 3545 2069 3600 siae
2116 3543 2500 3600 sacramentis
2556 3543 2628 3598 ad
2684 3559 2928 3616 superos
2976 3544 3299 3603 translatus
3329 3550 3418 3603 est
3446 3546 3618 3605 tertio

1971 3633 2165 3689 Nonas
2196 3632 2353 3701 Maii,
2387 3649 2538 3687 anno
2569 3650 2603 3687 a
2630 3635 2800 3705 partu
2829 3631 3091 3705 Virginis
3136 3634 3292 3691 1064.
3343 3634 3619 3710 Sepultus

1972 3721 2033 3776 in
2081 3720 2323 3778 basilica
2367 3720 2867 3785 Constantiniana,
2918 3730 3171 3778 summo'
3208 3722 3481 3796 pontiﬁce
3537 3724 3621 3780 ita

1977 3811 2495 3883 mandante,prope
2526 3826 2766 3883 corpora
2785 3808 3186 3883 SS.virginum
3207 3815 3265 3869 et
3293 3816 3620 3884 martyrum

1977 3898 2252 3955 Maternae
2278 3903 2335 3954 et
2365 3899 2729 3956 Secundinaa.
3044 3910 3049 3913 ’
3390 3905 3397 3910 ’

220 4109 3626 4144 Μ

1390 4216 1897 4312 ΝΟΤΙΤΙΑ
1964 4221 2460 4313 ALTERA

1203 4392 1455 4462 (Fanum.
1491 4395 1756 4451 Biblioth.
1792 4395 1929 4451 med.
1961 4400 2013 4469 et
2041 4399 2145 4468 inf.
2177 4399 2320 4464 Lat.,
2352 4401 2449 4467 IV,
2478 4399 2629 4471 306.)

1720 4528 2132 4540 *—

292 4614 673 4680 Humbertus,
706 4629 775 4668 ex
805 4612 1092 4669 monacho
1123 4613 1248 4670 0rd.
1282 4612 1570 4671 Bened.in
1604 4615 1871 4673 Mediano
1903 4621 1950 4685 D
1982 4621 2024 4673 t.
2051 4620 2128 4674 XI
2155 4617 2378 4684 Colon.,
2411 4623 2468 4674 et
2496 4624 2637 4676 tom.
2668 4621 2849 4677 XVIII
2878 4623 3087 4695 Lugd.,
3139 4640 3272 4697 pag.
3323 4625 3451 4692 389,
3501 4625 3628 4694 405,

222 4701 580 4760 S.Mansueti
614 4701 878 4757 ccenobio
908 4701 1205 4758 Tullensis
1236 4701 1522 4772 dimcesis,
1541 4704 1727 4759 factus
1750 4724 1872 4759 car~

223 4790 437 4847 dinalis
470 4792 542 4847 ab
574 4808 673 4846 an.
694 4791 830 4845 1049
860 4794 917 4845 et
946 4792 1254 4862 episcopus
1286 4791 1455 4849 Silva?
1483 4793 1752 4850 Candida:
1778 4812 1872 4849 an.

224 4878 356 4936 4051
396 4879 607 4936 Leonis
633 4879 705 4935 ΙΧ
725 4879 798 4935 ad
821 4879 1231 4950 imperatorem
1255 4880 1874 4938 CPol.Constantinum

226 4967 680 5026 Monomachum
704 4967 969 5040 legatus;
1002 4967 1211 5023 deinde
1243 4985 1276 5022 a
1303 4968 1531 5025 Victore
1563 4971 1607 5024 II
1634 4972 1874 5027 an.1057

226 5056 446 5115 missus
477 5059 551 5114 ad
582 5056 1019 5129 componendas
1049 5054 1182 5112 lites
1213 5056 1270 5111 in
1304 5059 1661 5115 monasterio
1715 5060 1874 5116 Casi-

228 5145 497 5215 nensi,de
529 5161 643 5217 quo
674 5144 783 5199 Leo
815 5143 1100 5200 Ostiensis
1133 5144 1213 5199 lib
1248 5162 1289 5199 ιι
1312 5145 1577 5202 Chronici
1601 5147 1874 5204 Casinen-

227 5233 333 5291 sis.
366 5233 732 5289 c.88.Pra3tsr
760 5233 887 5304 ejus
919 5233 1137 5305 scripta
1169 5250 1283 5288 non
1310 5232 1602 5292 inerudita
1623 5237 1878 5293 adversus

228 5321 438 5379 Graecos
494 5320 658 5377 Mich.
721 5320 1089 5390 Cerularium,
1130 5326 1363 5378 Leonem
1410 5324 1776 5381 Achridenum
1829 5330 1879 5382 et

227 5411 478 5469 Nicetam
507 5409 869 5477 Pectoratum,
900 5410 1136 5483 vulgata
1164 5428 1197 5465 a
1246 5411 1491 5467 Baronio
1540 5414 1612 5468 ad
1655 5430 1877 5469 annum

232 5500 392 5570 1054,
424 5502 483 5556 et
509 5498 571 5555 in
602 5498 921 5572 appendice
950 5500 1023 5557 ad
1051 5504 1279 5556 tomum
1312 5499 1387 5556 XI
1415 5501 1731 5558 Annalium
1761 5507 1819 5560 et
1848 5523 1881 5560 a

229 5590 463 5649 Ganisio
493 5594 535 5646 t.
569 5589 643 5646 VI
674 5590 1015 5649 Lectionum
1045 5591 1340 5662 antiquar.
1377 5590 1440 5662 (t.
1487 5590 1561 5647 III
1607 5593 1880 5651 editionis

230 5696 390 5739 novae
419 5680 801 5753 Basnagianae
830 5697 889 5753 p.
920 5681 1047 5753 277)
1078 5682 1136 5736 et
1163 5679 1223 5735 in
1246 5676 1620 5737 Bibliothecis
1642 5680 1880 5739 Patrum

1985 4709 2109 4763 415.
2142 4706 2470 4762 Novissime
2500 4708 2628 4778 ejus
2659 4710 2826 4765 libros
2853 4715 2962 4766 tres
2992 4711 3248 4767 adversus
3288 4712 3632 4767 Simoniacos

1985 4814 2053 4852 ex
2083 4795 2435 4851 bibliotheca
2484 4797 2873 4854 Laurentiana
2920 4799 3138 4870 publici
3176 4799 3332 4870 juris
3361 4799 3497 4854 fecit
3518 4799 3631 4855 Ed-

1987 4885 2246 4939 mundus
2277 4885 2554 4950 Marteue,
2588 4889 2731 4939 tom.
2764 4886 2830 4939 V.
2864 4888 3295 4943 Anecdotorum
3325 4901 3459 4958 pag,
3488 4885 3631 4941 633-

1985 4974 2109 5029 814.
2145 4975 2206 5028 In
2242 4972 2386 5027 libro
2420 4973 2585 5028 tertio
2618 4978 2745 5028 octo
2776 4974 3030 5047 capitula
3058 4976 3354 5046 postrema
3399 4970 3634 5029 deside-

1987 5067 2208 5117 rantur.
2246 5061 2587 5132 sz'nosulus,
2620 5077 2796 5132 quem
2845 5079 2901 5133 p.
2951 5062 3057 5117 647
3103 5060 3464 5135 perstringit,
3515 5078 3632 5120 non

1986 5150 2214 5206 videtur
2243 5167 2369 5215 esse
2401 5166 2613 5205 nomen
2645 5148 2903 5206 hominis
2926 5150 3353 5222 proprium,sed
3373 5149 3635 5223 positum

1987 5237 2229 5295 convicii
2251 5237 2375 5294 loco
2404 5238 2462 5292 in
2485 5237 2817 5310 spinosiora
2837 5235 3153 5293 adversarii
3173 5236 3635 5297 acuminaJdem

1986 5327 2342 5383 Humbertus
2378 5325 2802 5399 praescripsisse
2824 5325 3079 5382 traditur
3098 5324 3448 5399 Berengario
3469 5326 3636 5400 ejura

1987 5416 2207 5471 tionem
2239 5414 2296 5470 in
2329 5415 2571 5471 concilio
2602 5415 2767 5470 Rom.
2802 5431 2897 5472 an.
2931 5415 3093 5484 1059,
3126 5432 3251 5488 qua:
3284 5415 3635 5490 incipitzEgo

1989 5506 2371 5574 Berengarz'us,
2403 5510 2579 5577 atque
2610 5505 2785 5562 etiam
2814 5507 3032 5563 inserta
3069 5510 3159 5561 est
3203 5505 3441 5562 Decreto
3485 5504 3639 5563 Gra-

1989 5593 2150 5663 tiani,
2185 5593 2319 5648 dist.
2352 5596 2404 5662 2,
2439 5593 2519 5649 De
2550 5596 3009 5663 consecratione,
3043 5610 3094 5651 c.
3126 5594 3215 5651 42.
