3966 6212
404 283 523 348 92Ἰ

1415 284 1902 350 HUMBERTUS
1949 286 2014 347 s.
2062 284 2137 381 a.
2183 283 2256 349 E.
2302 282 2797 352 CARDINALIS.

3699 291 3832 354 928

3761 362 3815 381 9.-

405 424 505 495 qui
526 440 596 479 en
621 438 725 480 son
748 424 936 493 temps
960 418 1229 491 regardat
1254 433 1480 475 comma
1500 418 1689 474 nulles
1712 419 1795 475 les
1817 420 2047 475 ordina-
2076 422 2132 488 Α
2231 420 2290 474 6°
2319 419 2622 477 Ciaconius
2650 421 2822 493 (Rom.
2875 422 3034 480 Pent.
3063 419 3205 492 Vit.,
3260 422 3305 479 t.
3338 420 3380 494 l,
3422 438 3481 498 p.
3525 423 3684 505 797),
3721 427 3826 484 ω-

407 511 561 567 tions
590 509 1005 581 simoniaques.
1040 507 1123 564 0n
1158 526 1190 563 a
1217 526 1290 563 vu
1323 524 1435 580 que
1464 507 1518 564 le
1565 524 1713 580 pape
1742 505 1972 563 Nicolas
2002 507 2051 562 ΙΙ
2159 507 2317 564 doini
2341 509 2482 582 (Ath.
2518 511 2692 577 Rom,
2731 528 2790 583 p.
2813 506 2962 584 349.)
3002 514 3060 568 et
3094 509 3379 586 quelques
3418 516 3615 573 autres
3645 516 3827 572 attri-

403 600 604 656 établit
632 598 687 654 la
717 601 904 653 meme
934 598 1107 653 chose
1132 598 1275 653 dans
1301 615 1379 652 un
1400 597 1470 652 de
1502 614 1595 652 ses
1621 598 1849 652 décrets
1882 596 2044 669 (ΒΑι.

402 689 571 753 Nisa,
603 692 644 742 t.
668 686 790 745 VII.
824 705 878 759 p.
911 688 1001 753 68,
1036 702 1085 741 c.
1109 686 1163 758 9)
1191 705 1203 754 ;
1227 689 1283 741 et
1312 687 1657 759 peut-étrey
1680 685 1836 741 fut-il
1859 686 2047 741 deter-

404 777 560 832 miné
591 793 693 848 par
721 775 1009 847 l’ouvrage
1039 775 1397 830 d’Humbert.

471 869 570 921 Cet
599 881 869 936 ouvrage,
895 868 1064 936 apros
1082 870 1226 931 tout,
1254 869 1341 919 est
1365 864 1476 918 fort
1501 881 1707 936 propre
1730 867 1763 917 ὸ
1798 863 2047 936 inspirer

403 972 516 1010 une
546 955 792 1009 horreur
820 953 1097 1008 salutaire
1128 971 1276 1026 pour
1304 954 1360 1008 la
1401 952 1687 1019 simonie;
1723 956 1756 1007 ὸ,
1804 970 1873 1008 en
1906 952 2045 1008 faire

401 1044 584 1100 sentir
602 1046 792 1098 toutes
811 1042 894 1098 les
918 1043 1098 1098 suites
1118 1042 1529 1115 pernicieuses,
1555 1045 1608 1097 et
1631 1045 1663 1097 ὰ
1685 1040 2044 1098 montrerles

399 1134 616 1207 grands
666 1149 840 1187 maux
887 1131 1096 1205 qu'elle
1146 1133 1295 1185 ava’t
1341 1132 1441 1185 des
1487 1131 1605 1186 lors
1651 1132 1858 1185 causés
1897 1130 2044 1185 dans

399 1210 648 1295 l‘Eglise.
685 1221 729 1275 Il
761 1225 848 1276 est
878 1221 948 1276 de
969 1220 1101 1293 plus
1131 1221 1270 1276 écrit
1297 1237 1430 1275 aveo
1456 1238 1528 1275 un
1555 1220 1641 1275 air
1680 1220 1750 1274 de
1774 1219 1921 1292 piélé
1944 1218 2042 1291 qui

396 1312 630 1375 touche,
654 1316 710 1366 et
732 1328 845 1365 une
865 1310 1147 1365 certaines
1163 1309 1434 1381 politesse
1448 1309 1544 1381 qui
1566 1309 1878 1380 n’étaitpas
1891 1308 2045 1364 alors

398 1416 729 1456 commune.
766 1398 805 1453 Il
838 1416 873 1471 y
901 1400 1025 1455 ade
1055 1398 1409 1471 l'éloqucnce
1440 1403 1494 1453 et
1527 1415 1639 1452 une
1670 1398 1891 1469 grande
1920 1398 2045 1452 éru-

398 1488 605 1544 dition.
640 1487 910 1543 L'autrur
936 1506 971 1560 y
1001 1488 1111 1543 cite
1161 1486 1543 1559 quelquel‘ois,
1595 1485 1630 1539 il
1683 1489 1770 1541 est
1799 1486 1939 1553 vrai,
1974 1487 2044 1541 de

399 1578 626 1633 fausses
663 1577 872 1649 piéces,
906 1574 1073 1632 telles
1104 1592 1217 1647 que
1246 1575 1330 1630 les
1361 1573 1679 1630 déeretales
1725 1573 2043 1629 attribuées

397 1683 509 1722 aux
540 1665 822 1739 premiers
870 1680 1068 1738 papes.
1113 1663 1154 1719 Il
1205 1666 1392 1736 paralt
1435 1661 1576 1735 qu’il
1627 1662 1780 1717 avait
1811 1666 2044 1718 surtout

395 1756 697 1828 beaucoup
726 1755 785 1810 lu
816 1754 901 1810 les
933 1752 1159 1825 poésies
1190 1754 1261 1809 de
1293 1753 1351 1808 S.
1384 1754 1650 1825 Prosper,
1695 1756 1751 1806 et
1790 1750 1929 1823 qu’il
1958 1750 2042 1807 les

394 1843 620 1917 goutait
648 1841 1149 1915 singulierement.

462 1936 522 1990 5°
556 1934 785 2002 Richer,
816 1932 1211 2004 chroniqueur
1241 1933 1311 1987 de
1340 1932 1598 1987 Senones
1632 1930 1880 2001 (Chron.,
1912 1928 1951 1983 l.
1976 1946 2037 1997 ιι,

394 2039 437 2077 ο,
478 2023 585 2089 l9),
614 2026 668 2076 et
699 2022 838 2076 .Iean
873 2023 944 2078 de
992 2022 1184 2095 Bayon
1232 2020 1452 2090 (CALM.,
1502 2018 1664 2085 ibid.,
1717 2036 1772 2090 p.
1806 2019 1916 2090 69),
1952 2017 2036 2072 at-

392 2112 651 2167 tribuent
665 2110 1109 2167 aliumbertdes
1127 2108 1371 2181 bymnes
1388 2111 1445 2162 et
1465 2124 1534 2161 au
1545 2111 1661 2161 tres
1683 2106 1870 2178 pieces
1892 2123 2038 2178 pour

390 2201 475 2257 les
496 2201 693 2257 ofﬁces
719 2200 788 2254 de
810 2199 1000 2255 divers
1018 2197 1630 2262 saints,nommément
1650 2196 1708 2251 S.
1734 2194 2035 2267 Cyriaque,

392 2296 649 2362 martyr;
681 2289 738 2345 S.
772 2286 1065 2359 Grégoire,
1099 2302 1284 2358 pape;
1317 2285 1376 2340 S.
1412 2283 1663 2350 IIidulI‘e,
1705 2287 1759 2337 S.
1794 2282 2035 2349 Déodat,

392 2379 451 2435 S.
493 2377 834 2445 Colomban,
883 2375 1069 2430 sainle
1113 2373 1347 2439 Othilie,
1396 2372 1605 2444 vierge.
1656 2371 1730 2427 Ils
1777 2371 2037 2444 ajoutent

392 2465 797 2539 qu’Humbert,
823 2467 991 2535 apres
1023 2462 1108 2518 les
1136 2462 1295 2517 avoir
1325 2461 1682 2532 composées,
1717 2459 1799 2515 les
1820 2476 2039 2534 envoya

391 2554 621 2613 ensuite
653 2556 686 2608 ὰ
720 2552 977 2618 Brunon,
1009 2552 1222 2622 échue
1252 2550 1322 2604 de
1353 2548 1522 2619 Toul,
1556 2552 1612 2603 et
1642 2548 1850 2620 depuis
1890 2565 2038 2621 pape

392 2660 531 2701 sous
561 2641 612 2698 le
643 2657 778 2697 nom
811 2640 881 2695 de
915 2641 1061 2694 Leon
1098 2639 1189 2706 IX,
1222 2639 1334 2693 alin
1368 2636 1508 2710 qu'il
1531 2636 1614 2694 les
1636 2642 1795 2693 notet
1815 2655 1882 2692 en
1908 2654 2035 2693 mu-

392 2734 579 2805 sique,
612 2748 684 2786 ou
718 2746 788 2785 en
813 2727 1198 2800 plain-ebant.
1226 2726 1372 2783 Mais
1391 2726 1637 2793 Wibert,
1662 2726 1943 2781 historien
1965 2726 2037 2781 de

391 2838 454 2877 ce
487 2836 652 2893 pape,
688 2817 788 2890 qui
808 2816 978 2873 vivait
1009 2816 1079 2872 de
1107 2832 1210 2872 son
1242 2820 1451 2887 temps,
1474 2814 1554 2869 lui
1578 2815 1768 2870 donne
1795 2814 2037 2870 diserte-

393 2913 551 2965 ment
576 2923 670 2963 ces
696 2906 906 2980 pieces,
929 2908 1056 2961 tant
1076 2922 1223 2977 pour
1242 2904 1295 2960 le
1331 2904 1464 2960 fond
1503 2919 1615 2977 que
1637 2920 1784 2976 pour
1801 2901 1858 2959 la
1878 2907 2033 2959 note.

392 2999 586 3072 (MAB.,
616 2997 754 3063 Act,
789 3000 829 3051 t.
863 2995 951 3061 IX,
983 3012 1036 3068 p.
1072 2995 1161 3062 64,
1205 3012 1262 3049 n.
1300 2994 1406 3065 l3.)

390 3150 814 3162 _—.————

390 3167 814 3178 _—_——

2158 597 2339 653 buent
2364 599 2523 655 aussi
2548 602 2581 654 ὲ
2606 594 2991 656 Ηυωῦθιιιύη
3015 600 3309 658 recueilde
3322 602 3579 660 diverses
3598 603 3822 661 histoi-

2156 703 2246 742 res
2269 686 2442 759 qu'ils
2459 704 2531 744 ne
2557 687 2858 762 spéciﬁent
2878 689 3040 762 point
3059 694 3412 747 autrement.
3435 692 3826 768 Vassebourg

2156 774 2238 830 lui
2279 775 2471 832 donne
2496 794 2643 849 pour
2669 776 2803 833 titre
2825 794 2836 833 :
2860 779 3132 835 Historial
3152 779 3218 834 de
3239 781 3523 850 Humbert,
3544 782 3823 839 cardinal

2153 864 2219 921 de
2249 865 2416 921 Sz‘cile
2439 884 2453 933 ;
2473 870 2528 921 et
2550 865 2603 922 le
2623 870 2827 922 savant
2852 867 2988 923 dom
3010 866 3234 923 Calmet
3254 886 3404 925 nous
3435 870 3645 927 avertit
3665 871 3819 944 qu'il

2154 953 2323 1027 s’agit
2343 954 2412 1009 de
2433 954 2716 1010 l‘histoire
2733 955 2834 1010 des
2853 956 3034 1011 abbés
3057 957 3129 1012 de
3150 957 3631 1030 Moyeumoutier.
3657 960 3817 1017 Mais

2151 1059 2301 1098 nous
2332 1060 2508 1100 avons
2540 1046 2767 1100 montré
2787 1060 2858 1100 en
2890 1062 2994 1101 son
3026 1043 3143 1101 lieu
3175 1063 3289 1118 que
3309 1050 3401 1103 cet
3418 1064 3675 1122 ouvrage
3702 1066 3815 1122 ap-

2153 1131 2407 1204 partient
2438 1136 2471 1188 ὰ
2497 1131 2811 1200 Valeande,
2844 1133 3038 1190 moine
3081 1135 3154 1191 de
3201 1151 3265 1190 ce
3310 1139 3665 1206 m'onastere,
3702 1139 3810 1211 qui

2156 1221 2431 1277 ﬂorissait
2461 1225 2635 1277 avant
2663 1221 2967 1278 Humbert.

2222 1313 2283 1364 7°
2306 1310 2410 1366 Les
2442 1314 2678 1367 auteurs
2707 1312 2844 1383 déja
2864 1312 3027 1380 cités,
3069 1317 3127 1368 et
3172 1313 3428 1369 d‘autres
3467 1318 3637 1387 apres
3666 1333 3809 1383 eux,

2153 1398 2386 1455 veulent
2412 1414 2618 1456 encore
2650 1398 2790 1456 faire
2820 1400 3089 1457 honneur
3117 1404 3151 1457 ὰ
3173 1407 3337 1458 notre
3367 1403 3625 1460 cardinal
3658 1404 3806 1462 d’un

2154 1487 2569 1544 commeniaire
2605 1504 2708 1544 sur
2736 1487 2794 1544 la
2823 1487 2981 1563 régle
3009 1487 3081 1545 de
3110 1490 3168 1546 S.
3203 1478 3515 1564 Augustin;
3547 1492 3689 1548 Mais
3723 1492 3806 1548 iis

2153 1574 2504 1630 confondent
2536 1574 2605 1631 ici
2637 1575 2942 1644 Humbert,
2970 1578 3189 1650 évéque
3225 1579 3297 1634 de
3325 1577 3806 1646 Blanche-Selve,

2153 1680 2288 1718 aveo
2340 1663 2641 1733 Humbert,
2689 1664 3020 1737 cinquiéme
3055 1667 3290 1740 général
3358 1668 3430 1724 de
3473 1667 3684 1725 l'ordre
3732 1670 3808 1724 de

2150 1751 2712 1826 Saint-Dominique,
2745 1754 2847 1826 qui
2875 1757 2964 1811 est
2992 1753 3045 1810 le
3093 1755 3369 1813 veritable
3399 1761 3608 1815 auteur
3637 1758 3712 1814 de
3739 1774 3808 1813 ce

2150 1858 2276 1897 com
2286 1842 2499 1896 mentai
2509 1859 2590 1897 re.

2220 1932 2279 1984 8ο
2311 1929 2475 1984 Enﬁn
2526 1929 2733 1987 Oldoni
2785 1931 3036 1989 attribue
3082 1950 3157 1988 au
3205 1933 3463 1989 cardinal
3513 1936 3811 1991 Humbert

2149 2035 2227 2074 un
2259 2017 2422 2080 écrit.
2454 2035 2525 2074 en
2559 2019 2758 2076 faveur
2786 2022 2856 2077 de
2880 2020 2938 2077 la
2964 2020 3232 2093 virginité
3259 2021 3613 2093 perpétuelle
3644 2023 3722 2079 de
3750 2023 3813 2079 la

2147 2107 2333 2163 sainte
2353 2106 2580 2179 Vierge,
2603 2111 2797 2164 centre
2816 2124 2959 2164 ceux
2979 2108 3077 2182 qui
3105 2108 3162 2164 la
3181 2110 3618 2166 combattaient.
3640 2110 3810 2166 C’est

2147 2212 2219 2250 au
2250 2199 2401 2252 reste
2422 2212 2485 2250 ce
2504 2195 2646 2268 qu’il
2670 2213 2740 2252 ne
2760 2213 2975 2269 prouve
2995 2196 3179 2268 point,
3210 2202 3267 2253 et
3287 2198 3389 2269 qui
3409 2213 3483 2253 ne
3507 2214 3573 2253 se
3592 2201 3806 2255 trouve

2146 2282 2319 2341 établi
2344 2283 2502 2340 nullo
2522 2288 2653 2357 part
2672 2283 2929 2341 ailleurs.
2951 2284 3098 2341 Mais
3114 2302 3188 2341 on
3202 2302 3274 2341 ne
3302 2285 3549 2358 peutrlui
3569 2287 3803 2344 refuser

2146 2374 2203 2429 la
2237 2373 2569 2429 traduction
2601 2373 2670 2429 de
2701 2371 2941 2430 lalettre
2962 2375 3036 2429 du
3058 2374 3386 2451 patriarcha
3410 2374 3619 2431 Michel
3641 2370 3699 2431 et
3728 2376 3803 2433 de

2146 2461 2402 2533 l’éveque
2441 2463 2587 2517 Léon
2618 2464 2652 2517 ὲ
2677 2465 2818 2518 Jean
2852 2462 2923 2518 de
2961 2462 3161 2533 Trani,
3208 2461 3343 2519 telle
3390 2462 3600 2536 qu'elle
3639 2481 3701 2521 se
3731 2465 3801 2520 lil

2147 2553 2180 2606 δ
2206 2550 2264 2606 la
2295 2552 2410 2606 tete
2431 2550 2501 2606 de
2523 2548 2581 2605 la
2598 2551 2840 2623 réponse
2869 2548 3010 2622 qu’il
3041 2568 3077 2624 y
3096 2550 3180 2619 ﬁt,
3204 2536 3799 2625 puisquel'historien

2147 2640 2224 2695 du
2250 2657 2395 2712 pape
2416 2638 2569 2695 saint
2591 2639 2743 2694 Léon
2767 2638 2837 2694 IX
2858 2637 3013 2695 lalui
3033 2638 3246 2696 donne.
3262 2640 3612 2713 (ΜΑΒ.,Ασι.,
3635 2645 3678 2697 t.
3700 2643 3797 2712 IX,

2146 2729 2315 2801 p.76,
2340 2746 2399 2784 n.
2422 2728 2502 2799 9.)
2535 2727 2620 2784 0n
2652 2745 2687 2784 a
2713 2724 2797 2783 dit
2826 2727 2988 2784 aussi
3026 2727 3159 2800 plus
3191 2729 3337 2784 haut
3368 2746 3481 2801 que
3510 2730 3801 2787 Humbert

2147 2817 2301 2872 avait
2331 2817 2532 2873 dressé
2552 2815 2614 2871 la
2643 2815 2967 2890 profession
2998 2816 3070 2873 de
3101 2817 3176 2874 foi
3207 2833 3320 2889 que
3342 2817 3628 2893 Bérenger
3657 2837 3799 2877 sou-

2147 2904 2347 2961 scrivit
2376 2922 2447 2961 en
2482 2904 2505 2960 4
2513 2904 2642 2959 059.
3466 2910 3475 2919 ³

1138 3254 1645 3349 NOTITIA
1710 3253 2008 3347 ALIA
2075 3230 2246 3349 EX
2314 3232 3024 3409 GALIL'ANDQ.

1401 3458 1684 3530 (Biblioth.
1720 3466 1823 3515 vel.
1855 3461 2036 3526 Patr.,
2066 3456 2294 3530 Proleg.
2329 3456 2402 3513 ad
2435 3460 2578 3513 tom.
2612 3456 2780 3529 XIV.)

1052 3739 1141 3801 De
1169 3737 1500 3800 Humberto
1532 3736 1710 3801 Silva:
1739 3734 2028 3800 Candidas
2056 3737 2323 3818 episcopo
2353 3744 2414 3801 et
2436 3733 2508 3796 de
2536 3733 2601 3803 Ν
2604 3735 2751 3797 z'ceta
2778 3734 3117 3797 Pectorato.

456 3913 1836 3974 FuitHumbertusmonachusTullensisordinis
1853 3914 2032 3971 S.Be—
2061 3916 2104 3983 C
2143 3914 2326 3970 disset
2352 3911 2619 3969 libellum
2651 3914 2853 3968 contra
2879 3911 3136 3981 Latinos,
3169 3929 3344 3985 quem
3388 3913 3574 3972 habes
3614 3915 3786 3987 infra,

387 4007 620 4063 nedicti.
642 4007 719 4061 Ex
738 4003 1115 4076 Lotharingia
1132 4004 1377 4059 Romam
1393 4004 1552 4060 venit
1567 4021 1701 4059 cum
1733 4004 1922 4060 Leone
1940 4003 2030 4071 IX,
2082 4038 2087 4045 -

385 4112 539 4152 anno
554 4094 710 4150 1049.
732 4094 865 4149 Mox
885 4091 1196 4148 cardinalis
1218 4096 1447 4148 creatus
1474 4091 1817 4149 Sublacensi
1838 4107 2030 4147 mona-

388 4182 566 4240 sterio
599 4181 933 4258 praeficitur.
963 4182 1097 4236 Erat
1126 4181 1321 4237 Graece
1345 4182 1557 4237 doctus
1581 4197 1594 4236 :
1614 4180 1860 4252 ideoque
1880 4196 2033 4235 anno

387 4272 528 4328 4043
561 4271 763 4326 Latine
792 4271 960 4326 vertit
987 4269 1264 4342 epistolas
1295 4270 1504 4327 Leonis
1537 4268 1808 4325 Acridani
1838 4273 1896 4325 et
1925 4267 2034 4324 Mi-

388 4359 612 4417 chaelis
643 4358 921 4415 Cerularii
953 4361 1024 4415 ad
1046 4359 1331 4416 Joannem
1352 4360 1734 4415 Tranensem.
1757 4357 1901 4413 Cum
1921 4356 2037 4429 epi-

389 4448 779 4520 scopusSilvze
792 4447 1062 4504 Candida:
1076 4448 1419 4521 designatus
1443 4447 1672 4514 fuisset,
1700 4445 2036 4518 insequenti

388 4554 542 4594 anno
559 4538 692 4592 1056
714 4536 1206 4610 mittiturlegatus
1222 4534 1786 4607 Constantinopolim
1802 4535 1874 4590 ad
1889 4550 2037 4591 com-

387 4627 745 4700 pescendum
759 4626 1124 4683 schisma.Re
1145 4626 1355 4681 infecta
1375 4625 1618 4680 Romam
1639 4640 1906 4681 reversus
1924 4626 2033 4680 est.

386 4719 548 4772 Anno
580 4716 719 4773 4059
750 4717 859 4771 sub
893 4714 1128 4769 Nicolao
1179 4731 1327 4785 papa
1375 4712 1775 4784 composuisse
1822 4712 2038 4768 dicitur

386 4804 703 4862 formulam
735 4802 1122 4873 abjurationis
1162 4801 1514 4874 Berengarii,
1548 4806 1606 4857 et
1652 4805 1783 4874 post
1813 4818 2035 4856 annum

388 4894 641 4967 denique
674 4894 813 4948 1064
842 4891 1078 4947 obiisse.
1120 4891 1265 4946 Cum
1313 4893 1469 4946 esset
1514 4888 2033 4961 Constantinopoli,

386 4986 624 5056 rogatus
657 4998 692 5037 a
710 4978 1092 5036 Constantino
1112 4978 1497 5036 Monomacho
1521 4977 1758 5050 scripsit
1777 4978 2037 5049 disputa-

386 5071 605 5127 tionem
636 5070 789 5123 inter
836 5066 1165 5122 Romanum
1195 5072 1251 5122 et
1297 5065 2030 5138 ConstantinOpolitanum.

387 5159 649 5231 Cumque
668 5155 897 5211 Nicetas
919 5159 1255 5212 Pectoratus
1284 5154 1575 5211 Simeonis
1587 5155 1846 5227 junioris
1866 5155 2036 5210 disci-

387 5246 584 5323 pulus,
606 5249 665 5302 et
682 5244 742 5301 in
770 5243 1030 5302 coenobio
1051 5245 1244 5305 Studii
1264 5242 1589 5302 monachus
1610 5243 1890 5300 infamem
1912 5244 2032 5301 edi-

2141 4002 2300 4058 hunc
2327 4000 2601 4057 eumdem
2613 4000 3549 4062 amite?confutavit'liumbertus.I
3558 4005 3793 4062 Accidit

2142 4092 2251 4148 hoc
2281 4094 2415 4147 ante
2440 4102 2666 4147 annum
2707 4107 2764 4146 ιι
2806 4090 3194 4147 Menemachi.
3245 4090 3789 4165 Namqué'ea'annb

2143 4196 2278 4237 cum
2304 4179 2403 4235 die
2426 4179 2567 4252 ipso
2585 4179 2644 4236 S.
2673 4179 2923 4236 Joannis
2949 4179 3220 4252 Baptista:
3250 4181 3598 4239 accessisset
3617 4182 3793 4239 Hum-

2143 4270 2344 4325 bertus
2374 4268 2679 4340 ceterique
2707 4266 2889 4341 legati
2908 4268 2986 4325 ad
3026 4268 3321 4326 Studense‘
3343 4271 3790 4337 monasterium,

2143 4359 2480 4414 Peetoratus
2507 4373 2684 4414 suum
2705 4356 3180 4414 illum-infamem
3198 4357 3795 4417 anathematisavitii-

2144 4445 2364 4503 bellum
2390 4461 2405 4501 :
2426 4446 2583 4517 quod
2598 4444 2883 4518 postridie
2903 4446 3169 4518 ejusrdiei
3184 4446 3421 4504 iterum
3436 4448 3611 4506 fecit.
3634 4447 3792 4506 'Hine

2144 4537 2218 4592 ab
2229 4534 2316 4592 eis
2336 4534 2396 4590 in
2409 4534 2884 4592 communionem
2906 4539 3194 4609 receptus,
3218 4536 3465 4593 effectus
3478 4541 3567 4594 est
3586 4552 3789 4594 eorum

2146 4623 2467 4681 famaliaris
2487 4624 2735 4682 amicus.
2756 4627 2971 4680 Utrum
2986 4625 3439 4697 perseveraverit
3458 4625 3788 4683 Graecorum

2145 4713 2347 4770 laudes
2376 4714 2453 4767 in'
2486 4712 2892 4785 suspicionem’
2923 4713 3243 4785 adducunt.
3293 4714 3787 4771 Commentarium

2145 4818 2379 4875 quoque
2408 4814 2611 4858 eorum
2639 4808 2768 4874 qusi
2795 4806 2999 4859 contra
3030 4802 3381 4859 “Michaelem
3410 4800 3789 4873 reliquosque

2145 4891 2218 4947 ab
2248 4890 2640 4963 apocrisiariis
2668 4892 2832 4964 gesta
2860 4895 3018 4959 sunt,
3038 4889 3791 4964 'scriptis'antecedeiitibus

2145 4978 2562 5049 subjunximus
2573 4995 2644 5036 ex
2653 4978 2886 5036 Casinis
2901 4979 3267 5052 Basnagiano
3287 4976 3637 5051 desumptis.1
3657 4981 3792 5054 Agi-

2142 5072 2241 5123 tur
2260 5067 2319 5122 in
2342 5066 2462 5122 illis
2486 5083 2500 5122 :
2520 5067 2600 5124 De
2625 5078 2827 5140 αγωο
2846 5068 3192 5140 praesertim,
3217 5069 3290 5125 de
3310 5067 3796 5125 calibatu'sacer-

2145 5155 2348 5211 dotum
2375 5159 2434 5211 et
2462 5154 2863 5213 observatione
2906 5156 3144 5214 Sabbati
3193 5157 3255 5213 in
3307 5154 3789 5231 Quadmgesima.
