3966 6212
130 328 254 438 θέε)

134 509 390 521 -—v—_—‘

1124 325 1540 466 onsusus
1591 333 2039 443 Gtt/ECORUM
2087 381 2566 444 CALUMNIAS.

3167 519 3546 534 ‘—ﬁ'_.

1385 901 1746 1000 SILVfE
1804 906 2317 1003 CANDIDtE

298 1076 1206 1222 ADVERSUS
1309 1088 2294 1224 GR/ECORUM
2387 1081 3411 1231 GALUMNIAS.

1213 1272 1523 1364 (GALLAND,
1548 1293 1805 1350 Biblz'oth.
1840 1300 1924 1350 vet
1951 1301 2105 1352 Patr.
2142 1295 2286 1364 XIV,
2325 1297 2470 1366 192.)

144 1527 495 1595 Calumnia
525 1527 1000 1618 episcoporum
1028 1526 1362 1618 Michaelis
1391 1530 2142 1612 Constantinopolitani,
2169 1535 2230 1593 et
2283 1532 2521 1594 Leonis
2575 1529 2880 1595 Arridani
2923 1533 3280 1614 [Arridani]
3333 1537 3557 1618 pervi-

235 1619 479 1683 caciter
517 1616 993 1698 exhalantium
1031 1617 1383 1699 pestiferas
1411 1621 1673 1682 meﬁtes
1703 1621 2086 1701 (mephites)
2111 1620 2526 1683 diversarum
2557 1621 2933 1698 haereseon,
2980 1626 3302 1688 adversus
3333 1616 3561 1690 sancta

247 1708 614 1772 Romanam
658 1705 1022 1769 Ecclesiam
1065 1707 1626 1789 apostolicamque
1664 1710 1919 1780 sedem,
1963 1709 2102 1770 imo
2141 1712 2370 1771 contra
2403 1729 2673 1772 omnem
2711 1710 3012 1776 Latinam
3077 1720 3136 1775 et
3173 1711 3556 1778 Occidenta-

239 1797 375 1860 lem
418 1795 801 1859 Ecclesium.
847 1794 1000 1858 Haec
1031 1797 1304 1878 quidem
1344 1797 1706 1888 calumnia,
1780 1798 2006 1860 Gra'ro
2047 1817 2357 1888 sermone
2392 1800 2592 1872 edita,
2641 1807 2700 1860 et
2769 1801 3001 1864 ,Ιοειηιιῑ
3077 1803 3402 1867 Kunuensi
3472 1804 3559 1888 (6)

241 1887 555 1969 episcopo
585 1885 650 1947 in
692 1885 1217 1964 suggilationem
1281 1887 1586 1949 omnium
1657 1885 2054 1950 Latinorum
2131 1887 2408 1965 directa,
2473 1907 2626 1950 cum
2700 1889 2928 1951 fuisset
3001 1891 3198 1953 'l‘rani
3261 1885 3560 1956 exhibita

242 1975 432 2038 fratri
467 1973 856 2048 Humberto,
892 1978 1136 2037 sanctae
1178 1973 1487 2038 Ecclesia}
1521 1975 1717 2038 Silvae
1778 1973 2086 2039 Candidm
2155 1977 2496 2059 episcopo,
2562 1977 2626 2038 iu
2701 1976 3009 2040 Latinum
3083 1985 3181 2042 est
3240 1977 3563 2046 translata

241 2067 397 2146 ejus.
431 2064 675 2150 studio,
720 2063 1162 2144 atquedelata
1185 2064 1461 2140 domino
1494 2063 1696 2127 Leoni
1740 2083 1945 2127 nono.
1984 2061 2141 2140 Qua:
2184 2065 2383 2128 etiam
2421 2066 2525 2127 hic
2553 2066 2629 2127 ad
2692 2067 3020 2130 cautelam
3077 2068 3446 2132 multorum
3496 2076 3561 2134 et

244 2153 572 2226 notitiam,
601 2170 735 2214 non
781 2155 1006 2214 autem
1035 2153 1115 2216 ad
1147 2152 1505 2217 utilitatem
1538 2153 1832 2236 aliquam
1867 2154 2144 2230 inserta,
2187 2156 2446 2217 cunctis
2489 2155 2658 2217 scire
2692 2155 3071 2219 volentibus
3119 2157 3408 2221 ﬁdeliter
3459 2165 3560 2222 est

243 2244 660 2307 conservata.

227 2371 450 2428 MICAEL
477 2369 820 2428 universalis
877 2356 1206 2442 patriarcha
1263 2388 1418 2427 nove:
1465 2372 1680 2438 Romae,
1739 2377 1795 2428 et
1825 2375 1878 2439 Α
1909 2372 1994 2426 dit
2023 2374 2316 2443 quomodo
2346 2390 2414 2428 ea
2443 2390 2570 2442 qua:
2613 2372 2835 2427 Veteris
2897 2375 3134 2429 fuerunt
3193 2377 3561 2434 Testamenti

158 2461 275 2516 Leo
297 2458 765 2531 archiepisc0pus
784 2459 1000 2514 Arrida
1025 2459 1282 2528 [Acridaz]
1309 2460 1642 2532 metropolis
1661 2460 1795 2517 Bul-

155 2564 455 2620 garorum,
487 2547 696 2604 dilecto
729 2547 891 2602 fratri
922 2547 1129 2602 Jesum
1176 2548 1471 2604 Kannensi
1499 2549 1794 2621 episcopo.

228 2638 269 2692 Ι.
303 2636 403 2692 Dci
436 2651 651 2710 magna
680 2634 912 2692 dilectio
943 2639 1000 2691 et
1046 2636 1316 2707 jucunda
1359 2637 1797 2708 compositionis

152 2724 374 2784 viscera
395 2725 602 2784 ﬂexere
631 2741 738 2782 nos
769 2725 1024 2782 scribere
1074 2725 1147 2780 ad
1186 2728 1347 2780 tuam
1405 2726 1797 2792 sanctitatem,

156 2821 215 2870 et
262 2831 366 2885 per
410 2819 465 2869 te
495 2814 566 2886 ad
604 2812 902 2872 universos
959 2812 1250 2885 principes
1302 2814 1675 2870 sacerdotum
1744 2820 1799 2870 et

156 2901 490 2962 sacerdotes
529 2903 902 2970 Francorum,
929 2907 990 2958 et
1015 2901 1336 2958 monachos
1365 2907 1423 2958 et
1443 2901 1709 2976 pepulos,
1742 2908 1799 2959 et

162 2993 236 3048 ad
267 2993 465 3065 ipsum
497 2991 1048 3047 reverendissimum
1082 3009 1315 3064 papam,
1374 2997 1431 3047 et
1486 2991 1800 3048 memorari

155 3081 229 3138 de
289 3079 510 3153 azymis
562 3085 618 3136 et
647 3079 928 3147 sabbatis,
996 3097 1122 3152 quae
1181 3081 1420 3153 mystice
1467 3081 1802 3136 indecenter

159 3168 492 3234 custoditis,
527 3175 582 3224 et
611 3168 1057 3224 communicatis
1086 3169 1324 3224 Judaeis.
1349 3169 1576 3224 Etenim
1601 3187 1801 3242 azyma

157 3262 217 3314 et
247 3258 498 3314 sabbata
529 3257 639 3328 ipsi
671 3257 965 3313 custodire
997 3281 1028 3316 a
1068 3257 1261 3330 Moyse
1282 3258 1437 3328 jussi
1471 3262 1643 3315 sunt:
1699 3276 1800 3314 no-

161 3353 356 3404 strum
387 3363 520 3402 vero
541 3346 762 3419 pascha
792 3345 1060 3402 Christus
1091 3352 1197 3402 est.
1236 3347 1366 3413 Qui,
1399 3352 1463 3402 ut
1495 3364 1609 3403 non
1634 3349 1804 3418 juxta

158 3435 351 3508 legem
383 3435 743 3494 inveniretur
773 3435 1163 3502 adversarius,
1195 3441 1252 3490 et
1271 3435 1653 3492 circumcisus
1693 3441 1800 3502 est,

155 3529 211 3579 et
240 3523 431 3596 legale
462 3523 680 3595 pascha
709 3521 1019 3578 celebravit
1047 3521 1341 3592 primitus.
1366 3523 1477 3591 Sic,
1505 3523 1602 3579 illo
1625 3524 1807 3580 disce-

152 3612 354 3678 dente,
390 3615 655 3666 nostrum
689 3627 900 3668 novum
935 3615 1206 3680 operatus
1238 3617 1344 3666 est.
1376 3612 1443 3666 Et
1480 3612 1589 3668 hoc
1621 3614 1804 3668 mani-

1906 2477 2222 2515 cessavere.
2256 2461 2512 2532 Aspicite
2541 2462 2835 2531 quomodo
2869 2480 3076 2533 panem
3110 2481 3321 2534 corpus
3384 2483 3558 2520 suum

1907 2549 2016 2603 sub
2048 2548 2201 2603 Novo
2235 2550 2608 2604 Testamento
2635 2550 2874 2604 vocavit.
2910 2551 3025 2604 Nos
3055 2552 3294 2622 quidem
3340 2571 3550 2625 panem

1908 2653 2012 2690 nos
2038 2645 2186 2708 ἄρτον
2215 2637 2490 2692 dicimus.
2519 2651 2690 2709 Ἀρτος
2721 2644 2917 2693 autem
2939 2640 3352 2710 interpretatur
3372 2643 3554 2700 eleua-

1903 2726 1992 2778 tus
2022 2730 2072 2778 et
2100 2742 2317 2780 sursum
2341 2730 2584 2796 portatus
2615 2743 2649 2781 a
2702 2728 2967 2796 fermento
3011 2737 3063 2783 et
3114 2730 3255 2794 sate,
3313 2732 3550 2786 calorem

1905 2822 1956 2868 et
1985 2815 2346 2868 elevationem
2371 2815 2592 2869 habens.
2615 2817 2840 2887 Azymaa
2871 2821 3066 2871 autem
3102 2818 3245 2872 nihil
3275 2819 3550 2876 distante

1906 2900 2099 2973 lapide
2125 2902 2250 2956 sine
2269 2903 2484 2967 anima,
2509 2908 2564 2957 et
2583 2901 2916 2959 lutolaleris
2932 2904 3204 2960 deorsum
3225 2907 3548 2978 conjuncta:

1909 2995 2072 3044 terra:
2107 2995 2162 3045 et
2192 2991 2342 3046 sicco
2374 2990 2496 3046 luto
2529 2997 2898 3064 comparatae.
2937 2995 3091 3058 Quas
3132 2995 3360 3066 Moyses
3413 3013 3550 3052 cum

1910 3079 2401 3134 amaritudinibus
2433 3081 2734 3135 comedere
2768 3082 3000 3137 miseris
3028 3083 3248 3138 Judzeis
3281 3085 3458 3140 semel
3493 3086 3550 3140 in

1909 3185 2062 3223 anno
2092 3167 2278 3239 legem
2311 3169 2641 3236 constituit;
2674 3170 2948 3240 quoniam
2984 3171 3148 3226 malm
3172 3174 3463 3243 passionis
3495 3180 3556 3228 et

1910 3255 2306 3311 tribulationis
2337 3256 2603 3328 symbola
2632 3262 3154 3320 suntgatnostrum
3185 3262 3398 3330 pascha
3415 3280 3557 3333 gau-

1911 3345 2075 3399 dium
2107 3344 2383 3400 etlaztitia
2414 3350 2600 3400 totum
2652 3352 2758 3413 est,
2792 3352 2850 3402 et
2879 3348 3080 3402 extolit
3118 3366 3224 3404 nos
3275 3353 3346 3405 ab
3381 3352 3560 3406 humo

1913 3438 2147 3504 prepter
2178 3433 2460 3504 gaudium
2503 3434 2573 3488 ad
2607 3433 2840 3497 ciuium,
2883 3437 3034 3489 sicut
3067 3442 3123 3491 et
3181 3439 3558 3506 fermentum,

1915 3527 2149 3593 propter
2173 3522 2474 3592 proprium
2497 3522 2770 3588 calorem,
2808 3540 3036 3592 panem,
3070 3525 3168 3595 qui
3205 3527 3369 3595 panis
3401 3529 3560 3582 omni

1913 3611 2195 3665 suavitate
2227 3609 2479 3680 repletus
2510 3615 2618 3664 est.
2652 3611 2876 3681 Azymzc
2899 3627 3032 3666 vero
3054 3613 3558 3685 nequesal,neque

153 3700 378 3754 festum
408 3703 496 3752 est
524 3697 584 3752 in
616 3697 924 3766 Evangelio
958 3698 1282 3754 secundum
1316 3699 1649 3754 Matthwum
1678 3718 1690 3765 ;
1733 3702 1804 3755 de
1841 3735 1885 3799 Β
1916 3698 2267 3752 fermentum
2302 3697 2600 3765 habentes,
2636 3696 2827 3752 lutum
2858 3705 2946 3753 est
2977 3701 3229 3754 aridum.
3289 3704 3402 3756 Aut
3443 3721 3556 3759 non

148 3785 404 3860 mystica
418 3802 583 3840 omna
600 3784 841 3855 loquens
859 3784 1325 3855 evangelista,sic
1344 3787 1805 3859 quoqueinquit:

157 3897 178 3924 ι
217 3874 418 3931 Prima
448 3879 643 3930 autem
677 3873 770 3928 die
802 3889 1138 3944 azymorum
1190 3889 1485 3932 accessere
1536 3876 1807 3948 discipuli

146 3965 222 4019 ad
259 3963 467 4019 Jesum
497 3963 757 4018 dicentes
787 3960 877 4016 ei:
914 3960 1020 4018 Ubi
1051 3960 1135 4017 vis
1166 3978 1440 4034 paremus
1487 3964 1591 4019 tibi
1624 3981 1810 4020 come-

151 4053 292 4108 dere
323 4050 706 4124 pascha?Qui
739 4049 854 4106 ait:
890 4051 969 4105 Ite
1025 4050 1097 4105 ad
1150 4050 1445 4107 civitatem
1497 4056 1564 4107 ad
1603 4070 1806 4124 quem-

145 4143 310 4209 dam,
343 4145 400 4196 et
428 4140 600 4196 dicite
617 4138 700 4196 ei:
737 4140 994 4209 Tempus
1022 4155 1219 4194 meum
1243 4156 1420 4212 prope
1451 4143 1725 4214 est,apud
1752 4147 1806 4198 te

146 4231 302 4288 facio
334 4229 554 4302 pascha
583 4245 715 4284 cum
743 4227 1052 4300 discipulis
1082 4229 1249 4290 meis.
1287 4252 1314 4278 ››
1360 4229 1429 4284 Et
1458 4235 1594 4302 post
1622 4231 1805 4303 pusil-

146 4318 310 4374 lum:
347 4341 374 4370 ‹‹
410 4322 660 4390 Vespere
690 4323 887 4372 autem
920 4318 1070 4372 facto
1087 4316 1494 4376 discumdebat
1511 4337 1643 4375 cum
1667 4321 1806 4377 duo-

147 4406 362 4463 decim.
395 4411 484 4476 Et,
511 4405 820 4461 edentibus
851 4404 989 4471 illis,
1024 4405 1205 4462 dixit:
1238 4408 1445 4474 Amen,
1483 4425 1652 4464 amen
1675 4409 1802 4464 dico

145 4494 336 4560 vobis,
372 4495 510 4565 quia
537 4511 690 4549 unus
724 4499 982 4550 vestrum
1017 4510 1111 4549 me
1142 4494 1468 4550 traditurus
1526 4501 1636 4552 est.
1671 4521 1700 4547 »
1733 4499 1804 4556 Et

144 4587 282 4654 post
312 4581 614 4653 pusillum,
647 4583 874 4638 dicente
902 4583 1081 4639 Juda:
1117 4606 1145 4633 «
1178 4584 1476 4656 Numquid
1507 4601 1610 4658 ego
1643 4604 1797 4652 sum,

149 4669 370 4726 Rabbil
405 4691 432 4720 »
460 4670 606 4726 dixit
631 4672 682 4726 ei
708 4689 720 4725 :
747 4695 774 4721 «
805 4673 891 4726 Tu
925 4671 1140 4727 dixisti.
1180 4695 1208 4721 »
1255 4672 1377 4727 Huc
1409 4690 1666 4745 usque,o
1699 4675 1799 4731 Dei

145 4758 438 4830 homines,
470 4759 739 4815 universa
768 4759 972 4832 legalis
1000 4761 1230 4834 paschae
1261 4766 1420 4818 sunt.
1469 4763 1681 4819 Deinde
1733 4781 1801 4820 ea

148 4866 274 4919 quae
289 4849 517 4921 mystici
539 4852 597 4905 et
628 4849 810 4906 nostri
840 4853 977 4905 sunt
997 4849 1228 4906 addidit
1247 4851 1625 4924 ;evangelista
1639 4854 1796 4908 enim

148 4936 328 4993 dixit:
354 4961 382 4998 (ς
417 4936 1093 5004 Edentibusautemillis,
1125 4938 1347 5011 accepit
1369 4939 1540 4995 Jesus
1563 4957 1794 5012 panem,

145 5023 318 5098 fregit
346 5029 403 5082 et
433 5026 591 5084 dedit
622 5025 930 5098 discipulis
962 5026 1106 5094 suis,
1133 5031 1188 5084 et
1219 5027 1402 5083 dixit:
1437 5029 1693 5101 Accipite
1742 5034 1798 5085 et

1918 3785 2167 3841 audistis
2191 3786 2390 3840 Jesum
2427 3787 2713 3841 dicentem
2747 3787 3053 3858 discipulis
3085 3789 3228 3844 suis.
3288 3790 3433 3852 Quia
3473 3809 3561 3848 vos

1915 3875 2043 3930 estis
2063 3874 2147 3928 sat
2177 3878 2376 3928 terras?
2406 3875 2474 3929 Et
2499 3874 2775 3945 quoniam
2810 3875 3004 3931 Simile
3032 3886 3110 3932 est
3141 3893 3368 3948 regnum
3398 3881 3558 3936 caelo-

1918 3980 2042 4018 rum
2069 3965 2354 4033 fermento,
2386 3963 2526 4033 quod
2569 3964 2842 4033 accipiens
2903 3967 3108 4019 mulier
3165 3967 3441 4022 abscondit
3501 3971 3559 4024 in

1912 4054 2121 4122 farinae
2147 4052 2277 4106 satis
2295 4052 2490 4117 tribus,
2524 4067 2694 4122 usque
2721 4051 2850 4106 dum
2885 4055 3310 4123 fermentaretur
3357 4060 3562 4110 totum?

1917 4140 2216 4195 Mulierem
2243 4145 2506 4196 sanctam
2533 4140 2844 4195 Ecclesium
2860 4147 3042 4197 vocat.
3059 4144 3209 4198 Satis
3226 4161 3357 4198 vero
3371 4144 3562 4200 tribus

1914 4228 2104 4284 modis
2137 4228 2393 4301 repletis,
2430 4230 2655 4284 Patrem
2687 4233 2744 4284 et
2771 4230 2980 4285 Filium
3013 4238 3070 4286 et
3113 4233 3395 4304 Spiritum
3433 4250 3563 4288 san-

1911 4323 2104 4374 ctum:
2139 4335 2389 4389 quorum
2411 4335 2782 4390 nequaquam
2817 4319 3120 4376 lutulenta:
3152 4339 3363 4394 azyma:
3410 4327 3555 4378 sunt

1912 4407 2250 4478 participes.
2293 4407 2444 4461 Dicit
2473 4407 2627 4462 enim
2661 4413 2718 4462 et
2748 4408 2926 4464 David
2982 4411 3052 4465 de
3107 4411 3370 4467 Christo:
3407 4414 3478 4467 Tu
3506 4428 3560 4467 es

1909 4496 2241 4552 sacerdosin
2301 4500 2579 4553 wternum
2619 4498 2915 4552 secundum
2972 4500 3221 4555 ordinem
3280 4501 3556 4558 Melchise-

1909 4585 2057 4639 dech.
2093 4585 2197 4650 Qui
2223 4591 2356 4640 ante
2387 4587 2676 4642 Abraham
2711 4590 2765 4642 et
2798 4587 3052 4659 Moysen,
3080 4588 3207 4643 οωιί
3229 4594 3286 4644 et
3315 4595 3480 4644 terra:
3499 4595 3556 4645 et

1908 4678 2245 4728 caterarurn
2277 4679 2679 4730 creaturarum
2713 4693 3036 4747 agnoscens
3087 4679 3291 4744 Deum,
3350 4695 3552 4732 exsur-

1908 4779 2050 4832 gens
2080 4763 2293 4818 obtulit
2322 4762 2403 4816 illi
2430 4780 2634 4834 panem
2668 4771 2724 4818 et
2755 4765 2974 4819 vinum.
3010 4767 3139 4820 Ideo
3171 4765 3555 4822 dicitdivinus

1905 4850 2248 4922 Apostolus:
2278 4874 2304 4900 ‹‹
2332 4851 2614 4914 Quoniam
2631 4851 3119 4908 siconsummatio
3142 4852 3549 4924 perleviticum

1906 4940 2294 4994 sacerdotium
2316 4944 2457 5004 erat,
2485 4956 2598 4993 non
2617 4941 2940 4995 secundum
2964 4942 3225 4996 ordinem
3257 4940 3553 4996 Melchise-

1905 5029 2047 5082 dech
2081 5029 2350 5083 sacerdos
2377 5027 2643 5082 Christus
2687 5027 2915 5083 dicetur
2962 5031 3142 5100 (Hebr.
3216 5048 3317 5096 v11,
3378 5030 3486 5097 tl).
3526 5053 3552 5079 ››

146 5115 470 5182 comedite;
503 5115 609 5171 hoc
642 5120 731 5172 est
751 5131 960 5188 corpus
994 5132 1216 5183 meum,
1260 5117 1414 5188 quod
1474 5133 1576 5189 pro
1633 5119 1797 5174 vobis
1826 5101 1868 5168 C
1908 5117 1977 5172 Et
2007 5117 2146 5188 quia
2181 5140 2200 5164 α
2229 5115 2510 5170 translato
2542 5117 2865 5171 sacerdotio
2898 5133 3131 5172 necesse
3165 5123 3255 5173 est
3292 5123 3355 5171 ut
3407 5117 3554 5186 legis

149 5204 430 5258 tradetur.
462 5207 532 5257 Et
562 5205 855 5275 accipiens
885 5204 1149 5272 calicem,
1173 5205 1394 5284 gratias
1412 5205 1617 5277 egit,et
1639 5207 1800 5263 dedit

144 5287 287 5357 illis,
321 5290 554 5346 dicens:
584 5291 771 5350 Bibite
799 5308 868 5348 ex
897 5309 963 5349 eo
993 5310 1218 5361 omnes,
1282 5293 1376 5350 hic
1432 5299 1519 5358 est
1557 5296 1798 5369 sanguis

147 5394 315 5434 meus
345 5376 487 5432 Novi
509 5379 865 5434 testamenti.
900 5403 926 5429 »
961 5381 1210 5462 Dice_ndo
1243 5382 1401 5437 enim
1433 5385 1561 5438 novi
1602 5389 1796 5440 osten-

1907 5204 2212 5260 translatio
2244 5204 2344 5259 liat
2368 5204 2550 5274 (Ibid,
2585 5204 2696 5274 t2),
2729 5226 2756 5255 »
2782 5222 2909 5276 quae
2929 5205 3016 5260 lex
3040 5205 3556 5261 lutulentaconsti-

1905 5294 2020 5350 tuit
2049 5294 2236 5348 azima
2263 5293 2485 5348 Judazis
2517 5294 2832 5350 custodire.

145 5533 156 5538 -
215 5475 659 5584 (6)1iegqndum
696 5503 1621 5584 Tramzsiquithenjrnj'muensis
1670 5507 1796 5578 epi-
1901 5505 2320 5584 estaNicolao
2353 5507 2424 5571 ll,
2483 5506 2541 5562 in
2604 5509 2828 5581 synodo
2885 5511 3130 5584 Apuliae,
3188 5517 3250 5569 ut
3303 5517 3556 5571 testatur

144 5572 358 5648 scopas
374 5572 483 5648 cui
513 5572 744 5648 litteras
769 5574 1150 5639 suasidirexit
1182 5574 1450 5648 Michael
1470 5595 1499 5647 ;~.
1517 5617 1521 5628 .
1541 5583 1618 5648 et,
1641 5572 1797 5636 cum

147 5643 355 5707 Graecis
371 5645 604 5717 faveret,
620 5644 678 5704 in
692 5660 910 5722 eosque
923 5645 1266 5722 propensior
1277 5650 1452 5724 esset,
1470 5643 1791 5727 depositus

1905 5583 2113 5639 Petrus
2141 5580 2480 5638 Damianus.
