3966 6212
156 327 276 390 933

1150 318 1566 383 ΑυνΕηευε
1615 302 2068 382 GRECORUM
2114 265 2588 384 CALUMNIAS.

3450 324 3566 383 934

161 467 348 517 stram
381 455 645 515 seriatim
679 454 1030 524 discussuri,
1059 456 1131 510 ab
1164 453 1350 527 ipsius
1378 455 1544 509 initio
1576 472 1688 509 non
1729 453 1818 525 pi-
1848 454 1901 519 Α
1932 470 2103 510 omne
2135 456 2285 526 quod
2321 455 2533 509 dicitur
2556 458 2727 524 Deus,
2757 459 2854 510 aut
2877 455 3028 525 quod
3058 455 3284 511 colitur.
3308 460 3372 510 In
3397 458 3564 526 cujus

160 549 453 623 gritamur
473 545 672 604 ordiri.

237 666 486 737 Insuper
503 667 567 719 ut
582 659 956 718 manifestius
971 663 1164 716 vestra
1179 659 1211 713 d
1223 658 1334 713 icta
1350 675 1383 713 a
1397 658 1612 713 nostris
1629 675 1814 713 secer-

165 758 411 820 nantur,
441 756 633 808 vestra
663 749 869 816 obelis,
905 752 1100 804 nostra
1133 751 1328 802 autem
1361 745 1654 802 asteriscis
1679 765 1816 818 prae-

165 845 470 899 notantur.
503 841 612 895 Sed
645 839 882 894 tandem
902 837 1209 892 videamus
1239 834 1409 906 quale
1439 835 1516 890 sit
1545 835 1689 890 illud
1721 853 1816 891 ve-

166 938 303 989 stris
334 929 646 986 calumniis
678 925 1046 1000 prooemium,
1079 940 1192 996 quo
1241 923 1550 978 laborastis
1590 924 1818 980 audito-

169 1037 294 1076 rem
325 1023 589 1074 vestrum
621 1016 848 1072 efﬁcere
879 1011 1244 1081 benevolum,
1278 1011 1361 1067 ita
1389 1011 1632 1066 dicendo
1659 1029 1670 1066 :

245 1143 314 1199 II.
350 1143 1093 1198 Cous'rxs'rmopou'rmus.
1123 1135 1223 1191 Dei
1257 1149 1470 1206 magna
1501 1134 1732 1189 dilectio
1763 1139 1821 1190 et

163 1232 441 1300 jucunda
473 1226 898 1300 compassionis
946 1224 1168 1278 viscera
1215 1225 1496 1278 ﬂexerunt
1541 1240 1646 1277 nos
1677 1222 1818 1277 scri-

172 1321 310 1374 bere
351 1320 422 1374 ad
491 1322 646 1372 tuam
701 1313 1094 1378 sanctitatem,
1127 1315 1182 1366 et
1201 1327 1300 1383 per
1330 1315 1385 1366 te
1415 1312 1486 1366 ad
1521 1311 1819 1366 universos

173 1407 471 1480 principes
502 1404 894 1468 sacerdotum,
926 1405 983 1456 et
1013 1400 1342 1456 sacerdotes
1373 1400 1725 1454 Francorum
1765 1402 1822 1453 et

176 1495 493 1553 monachos
522 1497 580 1549 et
640 1490 907 1564 populos,
941 1493 998 1545 et
1055 1489 1125 1544 ad
1182 1487 1377 1559 ipsum
1410 1486 1820 1543 reverendissi-

175 1600 340 1641 mum
373 1598 587 1655 papam
617 1597 630 1635 :
664 1584 721 1637 et
745 1577 1058 1634 memorari
1091 1578 1160 1632 de
1192 1576 1410 1647 azymis
1457 1580 1512 1630 et
1541 1576 1818 1642 sabbatis,

175 1690 306 1746 quis
339 1671 582 1744 mystice
610 1669 950 1724 indecenter
969 1665 1279 1722 custoditis
1296 1670 1354 1720 et
1378 1663 1822 1720 communicatis

173 1760 420 1817 Judaeis.
454 1758 679 1814 Etenim
713 1772 914 1829 azyma
943 1759 1001 1811 et
1030 1755 1274 1811 sabbata
1302 1753 1414 1826 ipsi
1445 1753 1737 1809 custodire
1790 1769 1823 1807 a

176 1851 382 1922 Moyse
405 1846 556 1919 jussi
577 1849 734 1903 sunt.

255 1965 352 2020 IlI.
408 1964 712 2020 Romulus.
772 1961 850 2016 Ex
900 1961 1008 2016 hac
1066 1962 1257 2016 vestra
1311 1957 1646 2030 praefatione
1676 1958 1826 2013 sicut

179 2051 561 2126 profitemini,
589 2050 959 2106 crederemus
979 2065 1080 2105 vos
1110 2046 1360 2103 salutem
1393 2047 1570 2102 totius
1609 2047 1827 2102 Latina:

181 2159 284 2199 seu
317 2139 694 2198 occidentalis
727 2137 990 2195 Ecclesiae
1023 2153 1127 2209 pro
1171 2136 1297 2192 sola
1346 2153 1559 2209 magna
1607 2135 1705 2191 Dei
1739 2135 1824 2190 di-

180 2231 430 2287 lectione
457 2244 748 2301 quaarere:
783 2228 832 2282 si
865 2227 1150 2282 sciremus
1178 2242 1279 2281 vos
1309 2229 1558 2280 vestram
1603 2229 1828 2280 vestro-

184 2333 438 2390 rumque
471 2335 586 2374 non
617 2315 928 2388 negligere.
962 2315 1107 2370 Cum
1138 2331 1270 2370 vero
1285 2331 1386 2370 vos
1407 2314 1566 2386 ipsos
1589 2319 1644 2369 et
1664 2313 1826 2368 vobis

185 2407 539 2464 commissos
569 2404 899 2478 negligatis,
935 2407 1001 2459 ut
1029 2403 1310 2459 nefandos
1357 2403 1672 2472 Jacobitas,
1710 2403 1827 2458 imo

184 2494 670 2569 Theupaschitas,
705 2510 809 2550 seu
840 2492 986 2549 alias
1015 2492 1420 2548 hereticorum
1443 2497 1653 2563 pestes,
1679 2493 1830 2547 inter

184 2603 285 2642 vos
316 2588 374 2642 et
400 2600 579 2657 penes
607 2599 711 2638 vos
743 2581 1009 2638 habeatis
1033 2599 1046 2649 ;
1074 2597 1264 2653 neque
1283 2597 1484 2637 eorum
1515 2579 1826 2648 consortia,

184 2690 376 2748 neque
405 2672 718 2744 colloquia,
751 2688 937 2742 neque
966 2669 1228 2726 convivia
1258 2686 1360 2725 seu
1419 2669 1632 2740 pariter
1663 2685 1828 2724 orare

186 2763 489 2820 devitetis:
513 2760 806 2835 quomodo
827 2759 1035 2815 saltem
1056 2757 1492 2831 suspicabimur
1510 2774 1611 2814 vos
1633 2757 1830 2829 aliqua

187 2852 501 2910 dilectione
528 2849 630 2906 Dei
689 2853 787 2904 aut
841 2847 1088 2921 proximi
1147 2846 1520 2919 praamonitos
1579 2848 1830 2920 compati

190 2946 406 2998 nostra;
436 2938 766 3011 perditioni,
799 2939 948 2993 sicut
978 2935 1197 3009 putatis
1219 2937 1246 2990 ?
1275 2937 1343 2991 Et
1374 2951 1551 3008 quare
1583 2936 1652 2992 ad
1685 2953 1829 3008 prae-

189 3035 430 3102 ceptum
463 3027 695 3102 gloriosi
731 3026 913 3094 Pauli,
946 3024 1030 3081 sic
1061 3041 1230 3080 aures
1248 3023 1696 3096 praecordiorum
1729 3025 1832 3080 ob-

189 3116 475 3184 durastis,
509 3121 575 3171 ut
633 3115 919 3171 dicentem
972 3131 1087 3169 non
1147 3111 1497 3168 advertatis:
1532 3136 1558 3161 ‹‹
1593 3113 1831 3168 Haereti-

1924 559 2005 596 ari
2025 543 2270 613 ogantim
2295 548 2490 599 monte
2509 543 2916 610 consistentes,
2943 548 2997 598 et
3020 561 3082 598 ex
3109 544 3416 614 supercilio
3439 547 3566 615 ejus

1925 632 2120 686 omnia
2153 633 2354 687 subter
2377 633 2676 703 vosjacere
2700 637 3052 705 reputantes,
3081 634 3252 688 dictis
3272 651 3372 689 vos
3392 635 3568 690 ﬂexos

1925 719 2248 775 visceribus
2280 720 2706 792 compassionis
2741 721 2989 775 scribere
3007 724 3231 777 cunctis
3255 723 3566 778 sacerdoti-

1925 807 2036 860 bus
2072 808 2422 862 Francorum
2451 814 2507 863 et
2541 811 3023 864 reverendissimo
3069 828 3248 881 papaz.
3310 811 3420 866 Sed
3455 829 3566 867 non

1926 895 2118 950 solum
2162 896 2406 951 Romani
2466 902 2523 951 et
2577 898 2930 952 Francorum
2987 900 3334 967 sacerdotes,
3367 918 3568 956 verum

1927 983 2100 1038 etiam
2125 985 2316 1040 omnis
2348 985 2549 1040 Latina
2576 987 2828 1040 Ecclesia
2861 987 2930 1040 de
2965 993 3160 1042 monte.
3193 991 3402 1044 domus
3453 991 3568 1045 Do-

1928 1072 2072 1127 mini
2097 1072 2333 1143 clamat,
2364 1075 2526 1128 vobis
2563 1076 2964 1129 contradieens
2996 1093 3007 1128 :
3037 1100 3060 1123 ‹‹
3091 1079 3147 1130 In
3178 1079 3417 1133 Domino
3436 1097 3570 1134 eon-

1930 1161 2083 1215 fido:
2119 1163 2423 1224 Quomodo
2455 1162 2650 1215 dicitis
2681 1163 2888 1216 animm
2924 1182 3080 1229 more,
3135 1167 3484 1238 transmigra
3515 1169 3572 1223 in

1930 1254 2188 1303 montem
2218 1250 2364 1304 sicut
2403 1267 2602 1321 passer
2625 1251 2652 1302 ?
2687 1273 2710 1296 ››
2744 1254 2976 1316 (Pmlm.
3011 1255 3162 1322 x,2.)
3187 1256 3403 1310 Tamen
3438 1274 3571 1312 cum

1930 1354 2101 1408 quem
2135 1355 2345 1409 papam
2382 1339 2926 1393 reverendissimum
2963 1341 3213 1412 dixistis,
3248 1346 3488 1400 revereri
3521 1350 3575 1402 te

1932 1443 2043 1480 non
2078 1427 2353 1481 detestari
2378 1427 2682 1481 debuistis.

2002 1514 2092 1569 IV.
2132 1515 2292 1578 Quod
2328 1519 2522 1569 autem
2556 1515 2928 1587 impudenter
2989 1518 3431 1576 calumniamini
3473 1541 3576 1578 nos

1932 1605 2366 1659 communicare
2395 1603 2612 1659 Judtcis
2652 1606 3016 1660 obsezvando
3064 1608 3250 1679 typice
3293 1627 3495 1682 azyma
3524 1617 3580 1668 et

1932 1693 2546 1764 sabbatum,phrenesi
2580 1693 2894 1749 inveterata
2924 1696 3278 1754 arbitramur
3307 1700 3448 1756 adeo
3478 1720 3580 1761 vos

1935 1781 2258 1852 perdidisse
2281 1797 2519 1836 sensum
2554 1786 2617 1836 ut
2647 1799 2750 1835 nec
2786 1784 3000 1838 factum
3035 1789 3292 1841 vestrum
3341 1790 3578 1860 respici-

1935 1869 2012 1924 tis
2027 1885 2132 1923 nec
2153 1869 2396 1924 dictum.
2418 1872 2777 1942 Quapropter
2795 1873 3115 1928 suademus
3138 1874 3298 1931 vobis
3313 1879 3459 1932 utad
3483 1895 3580 1933 cor

1934 1957 2207 2024 redeatis,
2243 1962 2300 2012 et
2332 1958 2809 2014 animadvertetis
2842 1961 2979 2031 quid
3012 1961 3070 2016 in
3131 1965 3319 2019 Exodo
3353 1967 3580 2039 Moyses

1926 2045 2131 2115 jubeat
2159 2045 2228 2100 de
2260 2046 2516 2118 azymis:
2552 2070 2577 2095 ‹‹
2614 2047 2813 2103 Arimo
2847 2066 3065 2117 mense,
3100 2057 3310 2122 quarta
3353 2056 3581 2112 decima

1936 2134 2028 2188 die
2061 2133 2279 2189 mensis
2314 2135 2384 2188 ad
2416 2152 2718 2206 vesperum
2754 2139 3070 2192 comedetis
3128 2157 3347 2213 azyma,
3393 2161 3581 2217 usque

1937 2222 2005 2276 ad
2035 2222 2372 2277 vicesimam
2406 2223 2655 2294 primam
2692 2226 2954 2296 ejusdem
3002 2231 3223 2284 mensis
3272 2232 3342 2286 ad
3374 2249 3578 2305 vespe-

1937 2326 2083 2365 ram.
2119 2311 2352 2382 Septem
2387 2311 2592 2366 diebus
2634 2313 3047 2370 fermentatum
3107 2334 3220 2372 non
3254 2320 3582 2379 invenietur

1937 2399 1994 2453 in
2028 2400 2304 2455 domibus
2338 2401 2562 2455 vestris.
2612 2401 2718 2465 Qui
2769 2403 3086 2458 comederit
3142 2407 3579 2478 fermentatum,

1937 2487 2148 2560 peribit
2178 2489 2375 2543 anima
2407 2490 2533 2559 ejus
2567 2489 2636 2544 de
2668 2494 2817 2546 eoetu
2851 2491 3047 2560 Israel,
3090 2498 3206 2549 tam
3243 2497 3312 2552 de
3343 2499 3582 2556 advenis

1939 2593 2115 2647 quam
2151 2577 2220 2632 de
2252 2577 2544 2650 indigenis
2577 2583 2764 2634 terris.
2798 2580 2981 2634 Omne
3005 2581 3438 2656 fermentatum,
3468 2606 3582 2644 non

1944 2665 2284 2735 comedetis,
2318 2666 2373 2720 in
2411 2667 2636 2722 cunctis
2667 2667 3127 2725 habitationibus
3154 2674 3358 2729 vestris
3388 2693 3583 2734 come-

1938 2755 2086 2811 detis
2118 2771 2321 2826 azyma
2375 2755 2580 2821 (Exod.
2640 2774 2743 2826 xu,
2809 2757 2988 2825 18,19,
3025 2760 3132 2829 20).
3163 2783 3189 2808 ››
3252 2761 3393 2818 Item
3429 2767 3583 2821 unde

1941 2842 2248 2915 superius:
2282 2867 2308 2892 «
2343 2843 2580 2916 Septem
2614 2845 2819 2900 diebus
2837 2850 3390 2917 azymacomedetis.
3414 2853 3584 2910 lndie

1942 2932 2131 3004 prima
2164 2949 2276 2985 non
2309 2931 2417 2986 erit
2449 2932 2862 2989 fermentatum
2899 2935 2956 2988 in
3017 2937 3288 2993 domibus
3352 2942 3580 2998 vestris.

1942 3020 2283 3091 Quicunque
2316 3021 2630 3076 comederit
2660 3023 3098 3090 fermentatum,
3134 3026 3346 3096 peribit
3389 3031 3586 3087 anima

1943 3109 2044 3164 illa
2075 3110 2144 3162 de
2178 3107 2376 3175 Israel,
2397 3126 2430 3163 a
2452 3110 2641 3180 prima
2662 3110 2752 3165 die
2771 3128 2956 3183 usque
2976 3113 3046 3166 ad
3071 3114 3222 3169 diem
3250 3119 3582 3188 septimam.

189 3224 328 3264 cum
362 3204 657 3261 hominem
690 3207 819 3275 post
847 3220 1026 3258 unam
1057 3206 1114 3258 et
1144 3201 1459 3258 secundam
1480 3201 1834 3257 admonitio-
1866 3186 1907 3252 C
1949 3199 2081 3254 Dies
2139 3197 2328 3269 prima
2385 3198 2495 3252 erit
2550 3206 2752 3254 sancta
2807 3206 2982 3271 atque
3017 3186 3330 3271 solemnis,
3381 3212 3436 3262 et
3461 3210 3586 3265 dies

189 3313 326 3352 nem
361 3293 554 3350 devita
574 3293 634 3364 ?(
654 3295 753 3348 Tit.
777 3311 860 3359 Ill,
885 3293 990 3361 10.)
1009 3314 1036 3340 ››
1057 3290 1218 3346 Unde
1241 3290 1365 3362 ipse
1384 3289 1620 3356 Paulus,
1645 3291 1836 3347 sciens

191 3385 349 3457 quod
380 3382 544 3438 nulla
576 3399 711 3454 pars
743 3384 898 3436 esset
928 3379 1080 3434 fideli
1115 3395 1246 3434 eum
1281 3377 1522 3444 infideli,
1559 3381 1835 3434 Irenaeum

187 3477 245 3528 et
275 3471 572 3527 Philetum
630 3469 922 3524 devitavit.
982 3470 1050 3521 Et
1106 3466 1408 3522 Timotheo
1441 3465 1836 3523 Alexandrum

187 3561 463 3617 aerarium
496 3558 749 3612 devitarc
779 3555 1070 3627 praecepit.
1105 3555 1219 3610 Cur
1237 3555 1411 3610 etiam
1435 3571 1549 3610 non
1574 3556 1837 3612 animad-

189 3647 421 3704 vertitis
449 3647 686 3699 beatum
734 3643 1019 3698 Joannem
1071 3646 1490 3698 contestantem
1522 3644 1794 3700 fidelibus
1823 3663 1835 3700 :

189 3761 217 3787 ‹‹
252 3735 313 3791 Si
343 3733 482 3805 quis
510 3731 668 3786 venit
694 3730 762 3784 ad
795 3747 895 3784 vos
918 3735 972 3783 et
1000 3729 1148 3783 hanc
1170 3729 1493 3784 doctrinam
1512 3748 1626 3786 non
1652 3733 1836 3802 affert,

189 3823 377 3880 nolite
410 3837 544 3876 eum
580 3818 904 3888 reciperein
929 3817 1193 3881 domum,
1216 3833 1321 3872 nec
1344 3835 1444 3872 ave
1465 3819 1511 3872 ei
1548 3819 1836 3877 dixeritis:

192 3913 302 3979 Qui
334 3910 494 3967 enim
529 3908 668 3963 dicit
689 3923 810 3973 ave,
836 3905 1232 3961 communicat
1247 3906 1520 3978 operibus
1542 3907 1701 3964 illius
1725 3927 1842 3965 ma-

193 4001 372 4074 lignis
395 3999 424 4054 ?
454 4021 481 4049 ››
514 3998 584 4069 (II
613 3998 770 4053 Joan.
811 3996 872 4049 10
901 3997 957 4049 et
990 3995 1102 4062 11.)
1131 3996 1234 4049 Ast
1263 4011 1384 4062 vos,
1445 3995 1612 4066 quasi
1645 3999 1842 4054 omnia

195 4090 422 4145 munda
451 4086 759 4142 immunda
790 4084 909 4140 sint
937 4082 1119 4150 vobis,
1154 4082 1338 4139 oculis
1397 4088 1599 4139 contra
1648 4103 1747 4142 vos
1785 4092 1842 4144 et

195 4182 386 4233 vestra
416 4175 632 4231 clausis
663 4177 925 4254 sanctam
959 4171 1281 4227 Romanam
1312 4175 1371 4227 et
1400 4189 1632 4228 omnem
1691 4176 1840 4231 occi-

194 4264 490 4322 dentalem
521 4263 838 4320 Ecclesiam
871 4260 1154 4334 pollutam
1186 4259 1391 4317 haeresi
1449 4266 1506 4316 et
1532 4263 1840 4320 Judaismo

196 4352 594 4425 proclamatis,
626 4356 681 4407 et
710 4351 867 4406 velut
898 4349 1214 4422 quamdam
1233 4349 1722 4408 abominationem
1749 4353 1842 4408 de-

192 4441 414 4496 vitatis.
449 4440 526 4494 Ex
555 4457 670 4511 qua
701 4444 819 4494 tam
849 4454 998 4493 caeca
1029 4441 1086 4492 et
1116 4437 1400 4493 hactenus
1439 4438 1703 4495 inaudita
1731 4457 1839 4495 au-

1947 3286 2196 3358 septima
2224 3286 2425 3340 eadem
2459 3286 2764 3342 festivitate
2795 3290 3161 3358 venerabilis,
3225 3295 3366 3349 nihil
3401 3298 3590 3368 operis

1947 3376 2169 3431 facietis
2201 3376 2257 3428 in
2292 3375 2397 3442 eis,
2431 3375 2686 3447 exceptis
2719 3376 2810 3432 his
2842 3394 2969 3448 qua:
3000 3379 3070 3432 ad
3098 3385 3442 3440 vescendum
3469 3405 3592 3458 per-

1948 3464 2154 3530 tinent,
2214 3467 2270 3517 et
2326 3463 2707 3518 observabitis
2766 3481 2968 3535 azyma
3047 3469 3231 3538 (Ibid.,
3296 3474 3497 3544 15-17).
3563 3501 3588 3524 ››

1949 3554 2090 3607 Item
2123 3553 2181 3606 in
2215 3551 2616 3622 sequentibus,
2651 3551 2869 3606 scilicet
2896 3555 2952 3607 in
2989 3556 3246 3624 capitulo
3279 3562 3448 3616 tertio
3493 3565 3589 3619 de-

1948 3641 2100 3696 cimo
2131 3641 2392 3710 ejusdem
2445 3640 2618 3695 Exodi
2671 3641 2918 3695 dicitur:
2972 3644 3202 3714 Septem
3254 3647 3464 3704 diebus
3496 3669 3587 3707 ve-

1949 3729 2128 3786 sceris
2159 3729 2397 3800 azymis,
2432 3734 2487 3783 et
2518 3730 2576 3784 in
2605 3728 2696 3782 die
2729 3730 2978 3800 septima
3000 3732 3338 3791 solemnitas
3363 3738 3591 3796 Domini

1949 3819 2077 3872 erit.
2116 3822 2328 3888 Azyma
2349 3817 2637 3872 comedes.
2662 3817 2891 3886 Septem
2915 3819 3123 3874 diebus
3153 3839 3264 3876 non
3293 3830 3595 3898 apparebit

1951 3905 2102 3976 apud
2124 3911 2177 3959 te
2197 3904 2431 3974 aliquod
2457 3905 2891 3970 fermentatum,
2921 3923 3023 3961 nec
3045 3907 3100 3960 in
3129 3911 3353 3966 cunctis
3377 3915 3593 3973 finibus

1948 3994 2068 4049 tuis
2099 3992 2510 4063 (Exod.x1u,6,
2529 3991 2607 4066 7).
2625 4015 2651 4041 ››
2667 3994 2805 4048 Item
2826 4011 2837 4048 :
2859 4017 2883 4043 ‹‹
2899 3994 3337 4055 Solemnitatcm
3355 4018 3586 4074 azymo-

1949 4101 2081 4138 rum
2097 4082 2388 4139 custodies
2406 4100 2417 4137 :
2435 4083 2666 4153 Septem
2690 4081 2897 4138 diebus
2919 4086 3186 4141 comedes
3211 4104 3430 4160 azyma,
3447 4090 3600 4150 sicut

1950 4170 2192 4244 praecepi
2210 4169 2332 4238 tibi,
2347 4169 2403 4224 in
2421 4174 2678 4241 tempore
2695 4171 2903 4226 messis
2917 4189 3130 4228 novoru
3143 4179 3596 4252 m(E.rodxxx1v,

1952 4263 2065 4331 18).
2102 4283 2130 4308 ››
2162 4259 2229 4313 Et
2250 4259 2307 4314 in
2331 4259 2582 4314 Leviticc
2607 4278 2620 4315 :
2645 4284 2670 4309 ‹‹
2699 4260 2896 4316 Mense
2915 4263 3122 4333 primo,
3140 4273 3348 4336 quarta
3373 4269 3596 4328 decima

1948 4351 2040 4405 die
2055 4348 2275 4404 mensis
2287 4348 2357 4403 ad
2372 4365 2668 4420 vesperam
2686 4349 2869 4405 Phase
2882 4351 3109 4406 Domini
3127 4359 3233 4409 est:
3251 4361 3306 4412 et
3321 4357 3377 4411 in
3393 4359 3598 4430 quinta

1949 4439 2174 4494 decima
2192 4438 2282 4492 die
2306 4439 2524 4493 mensis
2547 4439 2746 4508 hujus,
2767 4439 3110 4498 solemnitas
3132 4461 3468 4518 azymorum
3491 4449 3597 4505 Do-

195 4530 365 4585 dacia
379 4528 453 4583 ad
475 4527 583 4582 hoc
599 4526 949 4599 prorupistis
966 4529 1388 4582 utcunctorum
1412 4526 1836 4597 haereticorum,
1869 4548 1916 4612 D
1951 4526 2091 4581 mini
2124 4531 2231 4581 est.
2265 4526 2498 4597 Septem
2523 4526 2728 4582 diebus
2756 4545 2956 4600 azyma
2978 4535 3317 4604 comedetis,
3337 4536 3460 4592 dies
3478 4537 3592 4609 pri-

194 4633 345 4688 quos
377 4614 568 4670 adhuc
612 4615 1042 4686 deprehendere
1100 4613 1418 4678 valuimus,
1451 4616 1839 4672 temeritatem

195 4701 644 4760 transcendatis.
705 4701 979 4766 Quamvis
1011 4702 1250 4758 omnino
1292 4702 1536 4774 singula
1594 4703 1841 4760 haereses

196 4794 320 4850 suis
337 4790 852 4850 adinventionibus
865 4789 1062 4862 aliqua
1081 4790 1338 4848 ecclesiae
1363 4792 1628 4847 membra
1644 4793 1839 4866 fatiga-

196 4882 400 4950 verint,
459 4879 626 4936 nullo
657 4884 852 4935 tamen
911 4879 1102 4934 adhuc
1159 4880 1230 4935 ad
1290 4884 1513 4935 tantam
1545 4881 1840 4937 vesaniam

197 4972 410 5043 erupit,
440 4975 505 5026 ut
533 4969 870 5042 opinionem
889 4984 1058 5023 suam
1085 4968 1283 5040 prima:
1307 4969 1702 5040 etapostolica:
1718 4971 1839 5026 sedi

197 5057 457 5131 ingerere
477 5057 972 5131 priesumpsisset,
992 5073 1123 5111 cum
1144 5056 1584 5128 interpositione
1603 5059 1842 5115 anathe-

197 5147 392 5203 matis.
427 5148 742 5204 Recensete
773 5147 822 5202 si
855 5145 1060 5218 placet,
1094 5145 1166 5200 ab
1198 5144 1364 5200 initio
1386 5145 1841 5211 Christianitatis

196 5250 386 5304 usque
416 5236 486 5290 ad
517 5238 717 5290 nostra
745 5238 1012 5306 tempora
1041 5235 1386 5289 cunctarum
1419 5233 1711 5292 haereseon
1744 5254 1840 5292 vo-

199 5319 464 5387 lumina;
495 5320 766 5378 videbitis
797 5339 870 5377 an
902 5320 1101 5392 aliqua
1152 5337 1355 5378 earum
1405 5324 1844 5396 praesumpserit

196 5407 356 5464 talia.
389 5407 604 5464 Etcum
622 5425 737 5464 non
750 5409 1108 5476 inveneritis,
1125 5408 1335 5466 saltem
1345 5412 1486 5465 tunc
1498 5411 1840 5484 resipiscite,

199 5513 290 5566 ne,
323 5497 478 5570 quod
503 5496 687 5552 absitl
709 5497 1102 5570 permaneatis
1120 5498 1430 5555 viciniores
1454 5515 1842 5571 praecursores

198 5584 356 5648 illius
370 5583 736 5657 Antichristi,
761 5586 861 5662 qui
885 5586 1222 5645 adversatur
1246 5591 1302 5646 et
1323 5587 1618 5648 extollitur
1663 5609 1844 5667 supra

1952 4632 2084 4670 mus
2109 4615 2216 4669 erit
2237 4615 2400 4670 vobis
2423 4614 2834 4671 celeberrimus
2854 4624 3229 4692 sanctusque,
3253 4640 3426 4680 omne
3447 4643 3596 4698 opus

1951 4703 2156 4760 servile
2185 4721 2298 4758 non
2333 4704 2555 4759 facietis
2587 4704 2643 4758 in
2677 4721 2764 4770 eo,
2801 4707 2898 4761 sed
2933 4709 3186 4764 olferetis
3238 4713 3593 4772 sacrificium

1954 4793 2008 4846 in
2043 4792 2176 4864 igne
2206 4798 2426 4864 septem
2461 4792 2690 4846 diebus.
2725 4793 2855 4848 Dies
2915 4802 3106 4850 autem
3163 4800 3451 4870 septimus
3483 4803 3595 4859 erit

1952 4881 2233 4937 celebrior
2261 4886 2317 4935 et
2338 4881 2613 4948 sanctior,
2637 4881 2984 4954 nullumque
3009 4903 3156 4956 opus
3179 4887 3385 4943 servile
3410 4890 3506 4945 fiet
3535 4891 3593 4947 in

1951 4987 2018 5025 eo
2047 4971 2191 5041 (Leu.
2226 4986 2389 5034 xxm,
2422 4970 2562 5038 5-8).
2601 4991 2626 5015 ››
2659 4972 2724 5022 Et
2748 4969 2801 5022 in
2829 4987 3108 5027 numero:
3143 4997 3161 5021 α
3191 4975 3385 5031 Mense
3408 4978 3594 5048 primo

1955 5062 2161 5130 quarta
2191 5057 2416 5112 decima
2467 5057 2559 5110 die
2619 5058 2837 5112 mensis
2896 5059 3081 5115 Phase
3143 5063 3365 5118 Domini
3399 5071 3506 5136 est,
3539 5071 3596 5123 et

1951 5147 2156 5218 quinta
2177 5145 2403 5201 decima
2424 5145 2515 5200 die
2538 5145 2899 5203 solemnitas.
2918 5147 3149 5220 Septem
3172 5151 3379 5208 diebus
3406 5170 3596 5210 come-

1952 5235 2101 5290 detis
2133 5250 2352 5306 azyma.
2415 5233 2673 5296 Quorum
2734 5236 2859 5292 dies
2917 5236 3107 5309 prima
3161 5241 3508 5297 venerabilis
3539 5249 3595 5298 et

1913 5373 1924 5380 .
1951 5325 2155 5379 sancta
2182 5322 2324 5376 erit:
2362 5337 2534 5377 omne
2565 5339 2711 5395 opus
2743 5324 2948 5380 servile
2981 5343 3093 5381 non
3150 5327 3372 5384 facietis
3404 5330 3458 5384 in
3504 5348 3591 5401 ea,

1951 5410 2321 5481 olferetisque
2347 5408 2750 5466 holocaustum
2782 5412 3066 5483 Domino;
3123 5415 3336 5472 vitulos
3389 5418 3460 5472 dc
3504 5436 3594 5474 ar-

1952 5503 2148 5558 mento
2179 5498 2349 5564 ducs,
2378 5497 2618 5554 arietem
2644 5515 2849 5570 unum,
2879 5518 3061 5574 agnos
3081 5505 3384 5563 anniculos
3403 5512 3459 5563 et
3490 5507 3596 5564 im-

1952 5589 2274 5650 maculatos
2305 5590 2550 5666 septem,
2582 5592 2640 5648 et
2669 5589 2954 5650 sacrificia
2978 5592 3370 5672 singulorum,
3423 5603 3477 5658 et
3516 5596 3594 5656 si-
