3966 6212
369 388 490 445 935

1380 386 1870 450 HUMBERTUS
1916 389 1979 448 s.
2032 388 2101 448 a.
2150 348 2219 449 ἐν).
2269 391 2764 453 CARDINALIS.

3662 340 3796 458 ὡς

367 521 567 578 milam
600 537 726 592 quae
759 535 1068 590 conspersa
1098 518 1176 574 sit
1205 518 1347 576 ole0'
1409 522 1551 576 Tres
1610 521 1871 577 decimas
1901 537 2004 593 per
2035 521 2086 589 Α
2118 524 2362 578 terrenis
2394 527 2651 579 avertere
2680 527 2737 579 et
2767 524 2839 578 ad
2872 523 3127 580 coelestia
3156 498 3790 601 converterezgsicque

365 608 627 680 singulos
658 606 888 672 vitulos,
918 610 975 660 et
1006 606 1155 662 duas
1225 607 1482 663 decimas
1526 625 1629 680 per
1683 609 1920 664 arietem
1952 613 2009 663 et

362 695 648 750 decimam
681 693 915 749 decima:
948 710 1049 764 per
1078 711 1261 766 agnos
1292 694 1578 768 singulos,
1636 695 1697 751 id
1759 700 1869 766 est,
1903 713 2006 768 per

359 786 581 855 septem
614 798 815 854 agnos,
846 786 903 837 et
956 781 1186 837 hircum
1242 801 1347 854 pro
1404 788 1639 855 peccato
1700 802 1905 851 unum,
1941 789 2006 839 ut

359 869 621 942 expietur
647 868 811 925 vobis
848 866 1043 941 (Num.
1093 888 1245 926 xxvu
1277 913 1290 937 ,
1352 872 1567 943 16-22).
1601 894 1628 923 ››
1656 874 1724 928 Et
1773 872 1833 928 in
1860 873 2005 928 Deu-

357 958 644 1014 termonio
672 974 685 1012 ε
722 982 749 1007 ‹‹
788 958 1047 1016 Observa
1078 976 1341 1016 mensem
1373 977 1655 1018 novarum
1678 962 1914 1034 frugum
1947 967 2005 1015 et

356 1046 516 1104 verni
548 1046 803 1119 primum
836 1047 1139 1119 temporis.
1192 1052 1255 1103 ut
1310 1050 1489 1105 facias
1540 1049 1725 1106 Phase
1754 1050 2002 1106 Domino

358 1136 472 1193 Deo
505 1141 626 1205 tuo,
658 1137 938 1209 quoniam
971 1138 1031 1192 in
1062 1136 1174 1192 isto
1205 1154 1408 1194 mense
1428 1139 1629 1194 eduxit
1648 1144 1703 1194 te
1718 1138 2003 1195 Dominus

354 1225 508 1281 Deus
540 1229 679 1281 tuus
709 1226 780 1281 de
811 1226 1049 1297 ngypto
1086 1231 1274 1281 nocte.
1330 1225 1786 1299 Immolabisque
1816 1226 2002 1282 Pbase

358 1312 601 1368 Domino
633 1313 747 1369 Deo
807 1316 908 1367 tuo
940 1312 1013 1367 de
1037 1312 1244 1367 ovibus
1276 1316 1333 1367 et
1388 1311 1459 1366 de
1519 1313 1725 1381 bobus,
1788 1313 1845 1367 in
1878 1312 2002 1368 loco

356 1418 531 1474 quem
561 1399 799 1473 elegerit
819 1401 1099 1456 Dominus
1117 1401 1271 1456 Deus
1288 1404 1450 1467 tuus,
1468 1406 1531 1456 ut
1548 1400 1770 1456 habitet
1793 1417 2001 1456 nomen

354 1491 484 1561 ejus
515 1490 616 1545 ibi.
652 1490 776 1545 Non
808 1489 1076 1545 comedes
1107 1489 1165 1544 in
1190 1507 1254 1545 eo
1312 1506 1522 1560 panem
1551 1490 1999 1545 fermentatum:

353 1583 581 1652 septem
603 1578 809 1634 diebus
832 1578 1100 1633 comedes
1118 1579 1342 1650 absque
1359 1579 1641 1633 fermento
1666 1577 2001 1633 afﬂictionis

354 1685 567 1743 panem
595 1667 893 1741 quoniam,
929 1666 987 1721 in
1006 1683 1215 1738 pavore
1246 1683 1520 1738 egressus
1549 1683 1609 1722 es
1640 1667 1711 1721 de
1738 1671 1998 1738 Egypto,

355 1761 419 1811 ut
451 1755 790 1813 memineris
825 1755 933 1810 diei
959 1754 1309 1826 egressionis
1332 1759 1442 1810 tua:
1467 1755 1536 1810 de
1558 1759 1795 1827 Egypto
1819 1754 2003 1810 omni-

354 1845 464 1899 bus
496 1843 700 1901 diebus
730 1844 856 1898 vitm
890 1849 1020 1898 tua).
1055 1842 1175 1897 Non
1239 1843 1543 1914 apparebit
1580 1844 1997 1899 fermentatum

356 1933 414 1987 in
448 1933 722 1988 omnibus
750 1931 1016 1988 terminis
1048 1931 1165 1986 tuis
1197 1938 1418 2002 septem
1447 1932 1653 1987 diebus
1685 1936 1740 1987 et
1772 1948 1883 1987 non
1917 1948 1997 1986 re-

352 2021 612 2076 manebit
641 2019 711 2076 de
742 2020 1020 2075 carnibus
1052 2020 1180 2089 ejus
1212 2020 1367 2090 quod
1400 2020 1768 2075 immolatum
1795 2024 1883 2075 est
1901 2037 1995 2075 ve—

353 2109 526 2182 spcri,
560 2108 652 2164 die
682 2109 872 2181 primo
905 2125 1076 2164 mane
1106 2109 1281 2179 (Deut.
1316 2125 1431 2177 xvx,
1470 2109 1599 2177 1-4).
1629 2132 1648 2157 ι

420 2196 489 2252 V.
522 2197 651 2254 Haec
683 2198 901 2265 omnia,
936 2196 1318 2252 siitaJudzcis
1343 2196 1997 2253 carnalibuscarnaliter

351 2287 713 2344 observanda
743 2285 951 2342 veteris
982 2285 1129 2357 legis
1160 2284 1314 2340 lator
1343 2284 1571 2341 ecelitus
1602 2286 1828 2341 censuit
1859 2304 1994 2342 con-

350 2377 597 2432 stathaec
611 2376 931 2431 secundum
957 2373 1253 2428 carnalem
1277 2374 1738 2429 observationem
1758 2376 1994 2431 omnino

349 2464 539 2519 aliena
567 2480 601 2518 a
626 2464 812 2519 nobis.
843 2463 988 2526 Quia.
1018 2462 1075 2516 in
1111 2461 1225 2516 illis
1278 2466 1505 2532 septem
1539 2462 1745 2519 diebus
1802 2464 1993 2534 quoti-

350 2553 443 2607 die
475 2553 886 2607 fermentatum
912 2550 969 2604 in
993 2549 1268 2604 omnibus
1293 2549 1507 2606 finibus
1529 2554 1585 2606 et
1603 2552 1867 2607 terminis
1899 2570 1995 2608 no-

290 2678 295 2683 ι
350 2642 488 2697 stris
511 2645 567 2696 et
587 2639 861 2696 domibus
876 2638 1184 2705 invenitur,
1205 2645 1630 2712 apparetatque
1647 2643 1990 2699 comeditur.

350 2731 462 2786 Nec
493 2731 652 2799 ipsos
685 2734 906 2801 septem
939 2728 1061 2783 dies
1094 2726 1261 2783 aliter
1294 2745 1472 2800 quam
1530 2731 1785 2799 reliquos
1814 2732 1993 2788 totius

348 2818 486 2874 anni
515 2819 576 2875 in
608 2817 811 2874 azimis
840 2818 1217 2872 observamus
1243 2835 1255 2872 :
1293 2834 1396 2872 nec
1426 2819 1579 2890 apud
1615 2836 1719 2875 nos
1749 2820 1900 2891 perit
1923 2821 1994 2876 de

347 2912 495 2962 ccetu
538 2911 737 2962 nostro
768 2904 1643 2977 animailliusquicunque,tam
1662 2908 1732 2963 de
1754 2908 1991 2965 advenis

349 3013 525 3070 quam
557 2994 1202 3066 etdeindigenis,terrm
1225 2994 1547 3050 comederit
1579 2996 1992 3052 fermentatum

350 3089 406 3142 in
443 3086 649 3141 diebus
681 3100 860 3155 supra
885 3082 1077 3138 dictis.
1104 3084 1212 3138 Sed
1240 3099 1343 3138 nec
1370 3082 1528 3138 velut
1549 3083 1681 3156 ipsi,
1707 3102 1740 3140 a
1766 3086 1994 3140 decima

349 3175 441 3230 die
464 3172 681 3229 mensis
702 3171 873 3245 primi
896 3177 1206 3243 sumptum
1238 3188 1453 3243 agnum
1479 3172 1804 3228 masculum
1833 3174 1993 3228 anni-

2119 611 2401 683 sapiendo
2433 615 2487 666 et
2519 612 2830 682 quarendo
2862 629 2990 684 quae
3022 628 3261 668 sursum
3284 618 3445 691 sunt,
3469 613 3787 681 revivisca-

2115 716 2250 755 mus
2284 699 2400 755 Deo
2431 703 2488 756 et
2519 700 2842 756 moriamur
2874 702 3116 757 mundo.
3160 702 3252 756 Sic
3309 688 3547 775 quoque
3576 705 3788 761 omnia

2114 802 2240 857 quas
2272 787 2544 860 superius
2575 805 2681 844 nos
2716 788 3033 845 carnaliter
3062 790 3370 851 observare
3402 778 3782 863 negavimus.

2114 875 2360 931 Domino
2407 881 2724 945 annuente,
2756 877 3140 949 spiritualitor
3195 883 3252 935 et
3299 866 3684 941 observamus
3720 869 3785 939 et

2113 964 2370 1039 omnimo
2386 965 2456 1020 de
2470 965 2740 1038 cupimus
2754 966 3085 1037 observare,
3101 966 3499 1039 proculdubio
3530 958 3779 1026 creden-

2117 1057 2204 1107 tes
2228 1052 2403 1123 quod,
2429 1070 2789 1126 quiscunque
2819 1053 3039 1127 scripta
3065 1059 3224 1123 sunt,
3245 1057 3317 1111 ad
3340 1060 3604 1113 nostram
3632 1059 3774 1114 doc-

2114 1141 2329 1197 trinam
2357 1142 2578 1212 scripta
2598 1148 2758 1209 sunt,
2792 1143 2960 1199 beato
3010 1144 3191 1200 Paulo
3246 1144 3333 1200 sic
3363 1149 3771 1217 protestante;

2110 1251 2138 1278 ‹‹
2173 1228 2302 1284 Haec
2333 1230 2531 1286 omnia
2556 1231 2615 1286 in
2648 1231 2857 1304 figuris
2888 1232 3309 1304 contingebant
3335 1232 3493 1290 illis:
3537 1234 3772 1308 Scripta

2109 1322 2250 1373 sunt
2269 1322 2466 1375 autem
2502 1320 2573 1375 ad
2597 1320 3014 1376 correctionem
3041 1326 3322 1389 nostram,
3342 1322 3403 1378 in
3435 1339 3585 1394 quos
3609 1324 3759 1380 fines

2112 1406 2462 1462 saeculorum
2495 1408 2851 1464 devenerunt
2873 1410 2921 1477 (Ι
2955 1408 3075 1466 Cor.
3105 1427 3161 1475 x,
3198 1410 3308 1481 11).
3344 1432 3372 1460 ››

2182 1494 2449 1550 VI.Nunc
2480 1496 2551 1550 ad
2584 1496 3017 1552 observantiam
3076 1497 3305 1553 sabbati
3356 1498 3641 1556 veniatur.
3673 1499 3761 1557 De

2111 1599 2226 1653 quo
2259 1584 2337 1637 ita
2369 1583 2425 1637 in
2459 1584 2651 1639 Exodo
2699 1584 3051 1657 prmcipitur:
3093 1608 3123 1636 «
3154 1586 3450 1643 Memento
3506 1587 3755 1655 utdiem

2109 1670 2337 1726 sabbati
2368 1671 2717 1727 sanctiﬁces.
2752 1672 2863 1729 Sex
2892 1672 3102 1729 diebus
3123 1674 3755 1746 operaberis,-et.facies

2110 1759 2307 1813 omnia
2336 1776 2511 1830 opera
2539 1765 2656 1815 tua.
2692 1761 2956 1832 Septima
2985 1767 3182 1818 autem
3205 1764 3297 1819 die
3314 1764 3626 1820 sabbatum
3647 1763 3761 1819 Do-

2110 1847 2253 1902 mini
2308 1847 2406 1902 Dei
2465 1848 2573 1902 tui.
2631 1849 2755 1904 Non
2806 1849 2980 1906 facies
3011 1867 3183 1906 omne
3213 1868 3382 1924 opus,
3416 1852 3478 1907 tu
3509 1855 3569 1917 et
3599 1851 3760 1923 ﬁlius"

2110 1939 2250 1991 tuus
2279 1939 2335 1990 et
2361 1934 2481 1990 {ilia
2503 1940 2605 1992 tua
2632 1954 2834 1994 servus
2865 1942 3005 1995 tuus
3035 1943 3090 2015 et
3121 1939 3345 2018 ancilla
3366 1941 3758 2021 tumjjumen-

2108 2029 2233 2079 tum
2265 2029 2432 2080 tuum
2464 2029 2521 2080 et
2553 2026 2776 2082 advena
2797 2026 2898 2099 qui
2928 2032 3015 2083 est
3046 2028 3201 2083 intra
3228 2033 3606 2103 portastuas,
3640 2030 3761 2106 Sex

2108 2112 2263 2167 enim
2325 2112 2535 2170 diebus
2592 2114 2727 2189 fecit
2781 2114 3062 2171 Dominus
3116 2114 3322 2170 cmlum
3355 2120 3659 2191 etterram
3690 2122 3760 2191 (et

2108 2217 2291 2268 mare,
2326 2206 2383 2255 et
2412 2201 2608 2258 smnia
2639 2218 2777 2273 quae
2798 2202 2855 2256 in
2886 2202 2970 2257 eis
3000 2207 3157 2271 sunt,
3207 2207 3265 2279 et
3319 2190 3625 2277 requievit!
3656 2190 3758 2279 die

2105 2289 2376 2361 septimo.
2413 2290 2630 2345 Idcirco
2660 2289 2973 2365 benedixit
3008 2291 3293 2346 Dominus
3352 2292 3445 2346 die
3490 2290 3752 2370 sabbati,

2104 2382 2159 2432 et
2217 2378 2597 2434 sanetificavit
2652 2395 2788 2433 eum
2846 2379 3037 2447 (Exod.
3099 2397 3192 2443 xx,
3224 2379 3405 2451 8-11.)
3441 2380 3646 2453 altern
3686 2380 3753 2449 in

2103 2466 2302 2521 eodem
2332 2485 2344 2522 :
2377 2489 2402 2515 «
2435 2468 2544 2521 Sex
2573 2466 2781 2522 diebus
2814 2468 3145 2538 operuberis
3172 2485 3183 2521 :
3223 2467 3315 2522 die
3345 2466 3598 2545 septimo
3625 2484 3753 2545 ces-

2103 2555 2261 2611 sabis
2315 2572 2479 2611 arare
2536 2560 2613 2633 et_
2642 2561 2859 2611 metere
2903 2555 3094 2633 (Exod.
3125 2573 3317 2621 xxxw,
3346 2555 3462 2629 2t).
3502 2546 3752 2638 {igitur

2101 2642 2160 2698 in
2192 2642 2538 2715 hujusmodi
2568 2642 2970 2717 observatione
3002 2643 3265 2727 sabbati,
3287 2642 3387 2723 ubi
3416 2647 3749 2727 et’quanter

2102 2731 2611 2788 eommunicamus
2638 2730 2667 2786 J
2680 2729 2858 2786 udaais
2881 2730 2907 2785 ‘?
2939 2729 3026 2786 llli
3048 2730 3206 2786 enim
3229 2732 3288 2785 in
3310 2731 3563 2811 sabbato;
3575 2731 3747 2811 otiosi

2101 2825 2157 2875 et
2189 2819 2380 2875 feriati
2411 2836 2513 2874 nec
2547 2824 2715 2874 arant
2737 2835 2841 2873 nec
2859 2822 3109 2889 metunt,
3134 2806 3485 2899 nullumque
3504 2806 3652 2904 opus
3673 2806 3743 2901 ei;

2103 2924 2261 2964 more
2293 2907 2534 2973 faciunt,
2568 2908 2666 2962 sed
2701 2907 2912 2962 festum
2945 2905 3162 2963 habent
3208 2911 3266 2962 et
3308 2907 3751 2977 conviviumhet

2102 2995 2477 3066 requiescunt
2506 2994 2653 3049 servi
2686 2999 2740 3048 et
2771 2992 2993 3048 ancillae
3052 3010 3274 3061 eorum,
3337 2994 3511 3063 boves
3554 2998 3625 3069 (et
3646 2996 3746 3066 ju-

2104 3087 2320 3138 menta.
2371 3083 2487 3137 Nos
2543 3098 2675 3137 vero
2736 3081 2879 3136 nihil
2938 3081 3147 3139 horum
3204 3083 3605 3150 observamus,
3638 3083 3739 3143 sed

2102 3188 2274 3226 omne
2330 3187 2478 3241 opus
2535 3170 2804 3236 facimus,
2866 3169 3017 3225 sicut
3071 3174 3128 3225 et
3188 3172 3245 3224 in
3277 3171 3746 3243 praecedentibus

350 3264 547 3320 culum
574 3279 642 3317 ex
671 3260 977 3333 pecoribus
1040 3277 1225 3332 usque
1260 3260 1331 3315 ad
1391 3265 1668 3332 quartum
1702 3263 1992 3317 decimum
2025 3245 2067 3313 C
2107 3260 2366 3331 quinque
2397 3257 2627 3325 diebus,
2662 3262 2719 3313 et
2740 3258 3085 3328 jejunamus
3118 3260 3272 3315 sicut
3297 3264 3354 3314 et
3382 3259 3441 3315 in
3475 3248 3742 3332 proxima

349 3368 674 3418 servamus,
708 3367 809 3405 nec
842 3350 911 3405 ad
946 3365 1241 3420 vesperam
1295 3349 1693 3419 immolamus,
1759 3355 1821 3404 ut
1852 3368 1987 3405 san-

347 3440 522 3514 guine
551 3441 678 3511 ejus
711 3443 904 3511 postes
936 3437 1259 3510 signemus,
1294 3454 1399 3494 nec
1430 3455 1633 3494 carnes
1664 3440 1791 3509 eius
1824 3456 1987 3495 assus

348 3531 490 3605 igni,
506 3526 745 3585 accincti
760 3531 815 3582 et
828 3525 1088 3593 calceati,
1106 3528 1352 3583 tenendo
1367 3526 1602 3583 baculos
1617 3528 1674 3582 in
1689 3527 1983 3597 manibus,

348 3624 515 3676 nocte
545 3616 907 3674 comedimus
940 3616 1300 3683 festinanter,
1334 3633 1468 3671 cum
1494 3616 1711 3687 azymis
1734 3616 1985 3688 panibus

345 3716 401 3766 et
430 3707 673 3764 lactucis
696 3703 1043 3778 agrestibus.
1070 3704 1311 3777 Insuper
1337 3722 1449 3787 non
1473 3706 1769 3760 offerimus
1790 3706 1984 3760 inccn-

348 3814 483 3855 sum
515 3795 923 3851 holocaustum
953 3793 1192 3848 Domino
1222 3793 1277 3848 in
1302 3793 1394 3849 his
1412 3793 1618 3849 diebus
1637 3794 1895 3867 quotidie
1926 3795 1984 3849 in

346 3889 479 3961 igne
510 3884 720 3940 vitulos
740 3883 889 3937 duos
910 3882 980 3936 de
1001 3887 1286 3949 armento,
1314 3882 1552 3937 arietem
1575 3899 1778 3944 unum.
1803 3900 1987 3954 agnos

344 3973 646 4032 anniculos
667 3968 1073 4027 immaculatos
1104 3975 1327 4043 septem
1354 3970 1444 4051 ;‘jn
1468 3970 1754 4051 sacriﬁcia
1782 3972 1983 4044 singu-

346 3987 1073 4032 anniculos1mmaculatos
1104 3987 1327 4043 septem
1354 3988 1379 4051 ;⁴
1413 3987 1444 4025 n
1468 3987 1754 4051 sacriucia
1782 3988 1983 4044 singu-

346 4064 557 4131 lorum,
591 4068 647 4117 et
678 4057 934 4116 similam
966 4075 1341 4132 conspersam
1365 3987 1520 4115 oleo:
1547 4076 1733 4130 neque
1755 4060 1985 4116 hircum

346 4170 449 4225 pro
479 4154 713 4224 peccato
747 4152 812 4203 ut
850 4149 1113 4220 expietur
1168 4164 1270 4220 pro
1330 4148 1521 4203 nobis.
1586 4150 1647 4203 In
1705 4165 1819 4220 quo
1849 4165 1985 4221 ergo

344 4238 851 4297 eommunicamus
874 4236 1128 4292 Judmis!
1176 4242 1233 4291 et
1288 4236 1350 4291 in
1407 4252 1522 4308 quo
1554 4236 1984 4292 solemnitatem

345 4343 682 4402 azymorum
715 4324 1113 4382 custodimus!
1145 4326 1231 4379 An
1264 4324 1459 4380 forsan
1509 4325 1648 4396 quia
1695 4324 1986 4381 solemnes

345 4418 580 4474 eosdem
603 4415 726 4471 dies
750 4418 806 4471 et
825 4415 1060 4470 feriatos
1080 4413 1388 4481 habemus,
1411 4418 1467 4468 et
1484 4431 1517 4467 a
1535 4417 1742 4484 quarta
1763 4414 1986 4469 decima

343 4508 485 4562 luna
512 4521 697 4577 usquc
729 4505 798 4559 ad
830 4504 1171 4558 vicesimam
1201 4501 1453 4573 primam
1479 4504 1858 4557 observamus
1878 4502 1988 4557 ?Et

344 4613 449 4652 cur
477 4595 676 4650 eadem
710 4609 810 4648 vos
845 4589 1210 4647 observatis?
1258 4589 1368 4645 nisi
1428 4590 1567 4660 quia
1626 4591 1779 4643 aliud
1820 4590 1986 4646 nobis
2016 4611 2063 4675 D

343 4685 615 4753 innuunt,
672 4681 830 4738 aliud
889 4678 1008 4734 illis
1033 4679 1060 4734 ‘?
1119 4678 1239 4734 Illis
1297 4678 1452 4734 enim
1485 4678 1620 4734 data
1652 4681 1791 4733 sunt
1818 4680 1894 4750 (7)
1926 4679 1985 4733 in

343 4772 686 4828 memoriam
720 4767 1045 4841 spiritu-alis
1104 4767 1453 4841 egressionis
1510 4771 1719 4822 nostra
1777 4783 1846 4821 ex
1876 4766 1984 4822 hoc

343 4863 584 4928 mundo,
617 4864 681 4915 ut
708 4873 981 4913 vacemus
1008 4861 1064 4910 ot
1094 4856 1396 4910 videamus
1426 4855 1704 4928 quoniam
1735 4855 1859 4928 ipse
1897 4861 1985 4911 est

342 4952 495 5009 Deus
527 4948 627 5023 qui
655 4964 760 5003 nos
791 4946 862 5000 de
890 4945 1144 4999 tenebris
1176 4943 1396 4999 vocavit
1428 4945 1483 4999 in
1520 4943 1862 4999 admirabile
1890 4944 1981 4998 luo

341 5058 474 5097 men
505 5054 704 5104 suum,
739 5051 1154 5107 conresurgere
1186 5039 1242 5088 et
1272 5035 1582 5103 consedero
1619 5051 1721 5088 nos
1767 5033 1983 5089 faciens

343 5146 540 5186 secum
572 5129 631 5183 in
663 5116 1025 5192 coelestibus,
1049 5129 1106 5178 et
1140 5129 1202 5178 ut
1230 5122 1652 5178 instat-lunaris
1674 5121 1987 5196 globiinei-

344 5219 575 5292 piamus
604 5215 794 5271 lucem
825 5212 1016 5268 cordis
1074 5212 1278 5279 nostri,
1344 5211 1400 5266 id
1453 5216 1542 5267 est
1598 5212 1903 5277 rationem,
1950 5228 1984 5266 a

412 5377 489 5449 (7)
540 5375 645 5449 Hic
699 5372 1124 5449 evidenter_ad
1185 5369 1424 5449 plenum
1449 5369 1986 5449 rationabilemque

344 5440 581 5504 sensum
616 5447 779 5500 deest
807 5444 1050 5515 aliquid,
1084 5440 1238 5515 quod
1261 5440 1685 5515 oppositionem
1703 5440 1762 5515 in
1783 5440 1989 5513 prisce-

344 5518 501 5575 denti
533 5517 798 5572 clausula
823 5522 879 5571 τό
899 5513 1055 5569 aliud
1070 5513 1225 5569 nobis
1240 5519 1299 5568 et
1310 5521 1367 5569 τό
1383 5513 1539 5585 aliud
1560 5514 1675 5568 illis
1691 5513 1985 5585 signatam

344 5591 573 5645 referat.
605 5586 796 5659 ‘Unde
853 5585 1154 5659 probiliter
1210 5583 1421 5659 suponi
1496 5588 1685 5659 potest
1728 5583 1987 5659 hujusce

345 5658 580 5739 phrasis
600 5654 834 5712 initium
854 5654 1237 5728 sequentibus
1254 5654 1355 5712 aut
1371 5668 1581 5729 parum
1598 5654 1986 5715 dissimilibus

2096 3349 2205 3403 sibi
2242 3348 2384 3403 feria
2414 3351 2575 3402 sexta
2595 3347 2958 3417 jejunamus.
2982 3351 3098 3403 Vos
3118 3365 3252 3403 vero
3272 3348 3321 3404 si
3348 3365 3459 3403 non
3479 3346 3747 3433 judaizal-

2097 3438 2192 3504 tis,
2227 3436 2401 3491 dicite
2431 3452 2535 3491 cur
2561 3435 2780 3490 Judaeis
2812 3435 2870 3490 in
2904 3435 3084 3491 simili
3114 3436 3480 3493 observantia
3508 3420 3744 3492 sabbati

2096 3523 2544 3580 communicatis
2561 3523 2588 3577 ?
2604 3522 2926 3579 Sabbatum
2940 3528 3093 3580 certe
3107 3525 3218 3597 ipsi
3233 3524 3545 3595 celebrant,
3560 3528 3618 3581 et
3637 3516 3743 3595 vos

2096 3612 2398 3671 celebratis
2428 3630 2440 3666 :
2475 3611 2787 3684 epulantur
2817 3602 2951 3684 ipsi,
3010 3618 3066 3669 et
3125 3613 3357 3670 solvunt
3415 3630 3650 3693 semper
3676 3598 3741 3679 in

2096 3704 2336 3758 sabbato
2360 3700 2678 3774 jejunium.
2706 3700 2793 3756 Illi
2818 3701 2879 3757 in
2901 3718 3008 3757 sua
3034 3700 3484 3776 quadragesima
3505 3702 3742 3761 solvunt

2097 3816 2124 3847 u
2152 3794 2355 3863 jejuno
2386 3807 2557 3846 omne
2586 3790 2895 3846 sabbatum
2920 3794 3129 3863 praeter
3157 3808 3363 3859 unum,
3424 3795 3482 3849 et
3536 3778 3639 3848 ves
3679 3780 3737 3848 in

2094 3887 2286 3935 vestra
2314 3878 2762 3952 quadragesima
2787 3878 3010 3935 solvitis
3040 3896 3074 3935 a
3086 3879 3310 3952 jejunio
3332 3897 3506 3946 omne
3527 3866 3736 3938 sabba-

2093 3974 2221 4025 tum
2252 3972 2457 4041 przeter
2486 3985 2691 4024 unum.
2724 3966 2846 4024 Illis
2874 3966 3087 4041 duplex
3113 3974 3203 4025 est
3223 3986 3402 4025 causa
3421 3954 3732 4039 sabbatum

2095 4058 2447 4125 celebrandi,
2464 4055 2685 4114 scilicet
2697 4073 2765 4111 ex
2779 4060 3067 4130 praecepto
3115 4056 3299 4131 Moysi
3348 4062 3406 4116 et
3426 4048 3583 4131 quod
3601 4046 3736 4117 con-

2094 4147 2344 4204 tristatis
2362 4144 2690 4217 discipulis,
2725 4144 2843 4218 ipsi
2902 4144 3141 4203 fuerunt
3171 4146 3240 4202 de
3273 4151 3459 4203 morte
3488 4139 3743 4219 Domini,

2096 4251 2268 4307 quem
2324 4251 2440 4290 non
2496 4234 2809 4290 credebant
2863 4239 3353 4317 resurrecturum,
3406 4228 3621 4319 inihac
3651 4236 3745 4321 die

2094 4323 2300 4397 gavisi.
2350 4322 2514 4378 Unde
2547 4322 2687 4395 quia
2713 4339 2849 4379 cum
2866 4323 3086 4379 Judaais
3108 4324 3443 4393 sabbatum,
3467 4330 3524 4381 et
3543 4325 3741 4405 nobis-

2095 4429 2228 4467 cum
2261 4409 2565 4466 celebratis
2595 4410 2750 4466 diem
2784 4410 3168 4480 dominicum,
3197 4413 3481 4485 videmini
3538 4414 3600 4470 in
3638 4402 3743 4471 tali

2095 4499 2495 4557 observatione
2527 4499 2748 4555 imitari
2778 4504 2996 4555 sectam
3026 4500 3482 4571 Nazarcnorum,
3512 4489 3612 4575 qui
3657 4486 3742 4560 sic

2097 4588 2387 4660 recipiunt
2414 4586 2923 4642 Christianismum
2957 4593 3021 4643 ut
3052 4606 3168 4644 t-on
3194 4589 3496 4646 dimittant
3533 4591 3741 4647 Judai-

2097 4693 2314 4733 smum.
2352 4675 2559 4732 Latina
2582 4680 2776 4731 autem
2808 4675 3083 4746 Ecclesia,
3117 4678 3419 4750 compiens
3474 4695 3651 4757 passo
3673 4682 3741 4757 (et

2093 4765 2322 4838 sepulto
2357 4764 2620 4829 Domino,
2653 4765 2979 4837 congaudet
3009 4766 3336 4838 resurgenti
3354 4765 3412 4821 in
3433 4754 3738 4846 dieDom'iI-

2095 4857 2254 4923 nica;
2290 4853 2522 4926 quando
2552 4853 2784 4909 Judzeos
2816 4853 2998 4909 nimia
3017 4854 3321 4926 occupavit
3352 4851 3645 4916 mmstitia,
3674 4856 3736 4907 et

2092 4943 2367 4999 custodes
2399 4940 2648 5013 sepulcri
2680 4942 2871 4997 conati
2902 4947 3041 4997 sunt
3072 4956 3438 5016 corrumpere
3460 4937 3735 5019 pecunia.

2094 5033 2254 5088 Unde
2287 5048 2413 5100 nos,
2446 5029 2813 5085 traditionem
2833 5029 3211 5102 apostolicam
3234 5038 3414 5103 usque
3430 5018 3745 5099 inbodier-

2094 5137 2235 5177 num
2260 5120 2415 5175 diem
2432 5118 2502 5174 de
2523 5118 2766 5173 sabbato
2798 5119 3135 5190 retinentes,
3165 5125 3223 5175 et
3254 5134 3437 5189 usque
3466 5117 3528 5195 in
3560 5104 3743 5195 tinem

2092 5208 2337 5264 retinere
2370 5205 2810 5278 cupientes,hic
2843 5204 3209 5263 subscribere
3241 5194 3743 5277 curavimus'quid

2090 5368 2283 5425 verbis
2315 5367 2387 5422 ab
2419 5350 2668 5440 auctore
2717 5344 3114 5440 conscriptum
3171 5368 3386 5424 fuisse:
3446 5347 3746 5431 timenti}:

2091 5440 2223 5496 data
2250 5445 2380 5493 sunt
2410 5436 2529 5511 hth
2548 5436 2883 5511 observanda
2898 5436 2967 5494 ἐπ’
2976 5440 3300 5495 memoriam
3319 5440 3547 5495 illorum
3567 5440 3746 5511 egra-

2091 5512 2264 5641 sEionis
2320 5524 2390 5565 ex
2435 5508 2662 5580 Afgypto
2715 5509 2871 5565 nobis
2915 5513 3105 5567 autem
3162 5513 3224 5567 in
3272 5508 3744 5569 memoriam'etc.

2144 5598 2258 5641 Drr.
