3966 6212
177 359 290 420 937

1164 357 1580 423 ADVERSUS
1628 358 2080 424 GR/ECORUM
2123 361 2600 424 CALUMNIAS.

3452 362 3573 426 988

175 506 353 563 super
385 489 492 545 hoc
514 488 808 545 senserint
827 492 881 543 et
902 487 1371 546 confirmaverint
1392 493 1570 547 nostri
1596 492 1816 564 antiqui
1847 500 1900 563 Α
1930 498 2217 561 nostrum,
2241 495 2358 550 imo
2380 496 2557 550 totius
2580 494 2873 551 catholicae
2890 494 3157 550 Ecclesiae
3181 495 3399 567 pascha
3417 512 3570 556 esse.

176 583 232 634 et
261 576 626 634 venerabiles
656 577 875 632 Patres.
902 577 981 630 Ex
1012 593 1261 647 quorum
1286 595 1527 634 numero
1560 581 1822 636 beatissi-

175 683 310 722 mus
341 681 493 738 papa
516 665 811 733 Silvester,
835 665 1031 736 magni
1048 666 1410 720 Constantini
1431 667 1676 739 Augusti
1703 669 1820 740 spi-

176 754 408 822 ritualis
438 759 620 826 pater,
645 753 806 808 inter
836 753 952 810 alia
981 753 1125 808 dixit
1157 771 1169 808 :
1204 777 1230 803 «
1263 754 1319 807 Si
1352 755 1540 810 omnis
1567 756 1822 811 Domini-

174 859 279 899 cus
301 844 427 898 dies
446 841 890 898 resurrectionis
905 843 1093 914 gratia
1109 845 1196 897 est
1221 840 1497 898 colendus
1528 843 1586 898 in
1609 844 1820 915 gaudio

173 932 642 987 Christianorum
680 948 691 986 :
719 931 914 986 omnis
945 945 1080 1003 ergo
1106 930 1329 985 sabbati
1358 932 1484 986 dies
1506 933 1818 1004 sepulturae

176 1020 552 1092 deputandus
585 1024 674 1075 est
693 1021 760 1074 .in
794 1019 1189 1074 exsecratione
1212 1019 1568 1075 Judaeorum.
1604 1021 1818 1076 Omnes

175 1109 332 1164 enim
383 1107 659 1181 discipuli
690 1107 920 1163 Domini
945 1107 1197 1162 Sabbato
1225 1107 1425 1162 ﬂetum
1467 1109 1815 1175 habuerunt,

173 1197 475 1268 sepultum
507 1197 824 1252 Dominum
863 1195 1247 1267 suspirantes,
1290 1201 1346 1250 et
1371 1196 1590 1252 Judaeis
1620 1197 1816 1252 exsul-

173 1287 443 1342 tantibus
473 1285 670 1341 laatitia
699 1286 904 1342 inerat.
939 1284 1235 1356 Apostclis
1273 1289 1464 1340 autem
1495 1284 1815 1356 jejunanti-

172 1375 289 1431 bus
318 1375 558 1430 tristitia
577 1374 922 1446 imperabat.
957 1373 1281 1430 Tristemur
1302 1375 1499 1446 itaque
1519 1390 1653 1429 cum
1682 1373 1816 1429 tris-

172 1463 439 1518 tantibus
468 1463 541 1518 de
569 1461 877 1534 sepultura
907 1460 1160 1524 Domini,
1183 1461 1233 1515 si
1263 1461 1536 1517 volumus
1557 1478 1689 1516 cum
1721 1460 1814 1528 iis,

175 1553 307 1608 dem
331 1553 402 1608 de
424 1550 654 1607 Domini
677 1549 1098 1605 resurrectione
1121 1550 1390 1622 gaudere.
1431 1549 1628 1621 Neque
1661 1549 1816 1605 enim

174 1641 264 1697 fas
293 1644 480 1697 estut
508 1637 936 1696 destructiones
957 1638 1220 1693 ciborum
1243 1642 1301 1693 et
1330 1638 1692 1693 acrimonias
1714 1638 1815 1694 Ju-

173 1731 434 1786 descrum
468 1744 627 1784 more
655 1727 900 1782 Judaico
917 1727 1311 1782 observemus.
1340 1748 1368 1775 ››
1389 1730 1520 1782 Haec
1547 1730 1602 1782 et
1622 1727 1714 1782 his
1735 1726 1818 1781 si-

1931 584 2090 647 Quod
2125 583 2194 649 si,
2228 585 2377 654 quod
2421 583 2610 638 absit!
2661 583 3033 656 pertinaciter
3081 585 3569 654 contradixeritis,

1930 670 2394 727 auscultabimus
2440 673 2635 744 ipsum
2697 673 3010 728 Dominum
3059 675 3326 727 nostrum
3365 673 3570 730 Jesum

1929 757 2226 814 Christum
2258 760 2341 814 sic
2372 777 2508 814 suos
2539 764 2993 830 praemonentem
3017 760 3088 815 de
3109 758 3570 830 pseudcchristis

1929 851 1984 901 et
2030 847 2551 919 pseudoprophetis
2585 864 2597 902 :
2637 869 2662 896 ‹‹
2693 847 2752 903 Si
2785 848 2917 920 quis
2957 848 3119 904 vobis
3147 847 3356 903 dixerit
3385 866 3397 904 :
3431 849 3573 905 Ecce

1930 934 2023 988 hic
2055 940 2142 990 est
2174 935 2459 1000 Christus,
2503 940 2602 990 aut
2641 952 2772 992 ecce
2801 936 2918 990 illic
2952 954 2964 991 ε
3005 936 3182 991 nolite
3231 937 3336 1004 ire,
3381 951 3573 1007 neque

1930 1023 2229 1077 sectemini
2261 1024 2409 1093 (Luc.
2443 1041 2578 1090 xvn,
2610 1026 2721 1094 23).
2750 1046 2776 1072 ››
2805 1026 2965 1087 Quod
2985 1041 3116 1079 vero
3147 1024 3341 1080 dicitis
3372 1023 3570 1080 Domi-

1928 1127 2069 1164 num
2093 1111 2316 1177 Jesum,
2343 1111 2628 1166 celebrato
2657 1116 2846 1166 vetere
2877 1112 3111 1182 pascha,
3147 1129 3361 1167 novum
3395 1111 3568 1168 disci-

1927 1197 2081 1267 pulis
2112 1199 2236 1253 suis
2259 1199 2672 1253 celebrandum
2692 1199 3003 1254 tradidisse
3037 1216 3048 1253 :
3085 1201 3215 1270 quis
3246 1199 3478 1271 sapiens
3507 1200 3569 1255 id

1926 1287 2142 1358 negat?
2173 1287 2280 1340 Sed
2317 1286 2459 1341 illud
2496 1289 2649 1358 quod
2681 1287 2897 1353 dicitis,
2943 1288 3256 1342 Dominum
3303 1293 3569 1344 nostrum

1924 1375 2126 1429 Jesum
2157 1374 2451 1429 Christum
2473 1376 2600 1430 ideo
2623 1375 3035 1429 circumcisum
3069 1379 3125 1430 et
3152 1380 3318 1431 vetus
3349 1377 3572 1448 pascha

1927 1462 2247 1518 celebrasse
2273 1480 2344 1518 ne
2367 1465 2537 1535 juxta
2566 1463 2752 1535 legem
2803 1463 3158 1518 inveniretur
3199 1463 3314 1518 Deo
3346 1467 3572 1519 contra-

1928 1551 2070 1618 rius,
2109 1551 2242 1622 quis
2273 1568 2534 1622 unquam
2566 1568 2746 1606 ausus
2776 1550 2885 1605 erit
2915 1553 3194 1617 astruere,
3227 1548 3344 1606 nisi
3385 1550 3574 1606 mani-

1927 1638 2110 1694 festus
2152 1638 2504 1694 haereticus?
2543 1641 2604 1694 In
2644 1639 2753 1694 hoc
2783 1638 2938 1694 enim
2977 1637 3257 1694 videmini
3305 1651 3572 1710 parvane

1925 1743 2059 1782 cum
2091 1727 2447 1782 Mareionitis
2465 1732 2524 1781 et
2556 1726 2894 1783 Manichaeis
2927 1728 3146 1783 sentire
3177 1725 3357 1781 alium
3386 1730 3573 1782 Deum

173 1817 340 1873 milia
367 1817 593 1872 dicente
625 1818 824 1871 sancto
857 1813 1156 1882 Silvestro,
1175 1831 1290 1870 non
1323 1814 1541 1886 placuit
1570 1815 1813 1886 quibus-
1846 1851 1893 1917 Β
1922 1820 2172 1870 veterem
2191 1815 2399 1888 legem,
2420 1814 2599 1869 alium
2624 1831 2830 1870 novam
2848 1815 3100 1896 dedisse;
3123 1819 3199 1883 et,
3223 1817 3289 1870 ut
3311 1813 3570 1886 apertius

171 1909 308 1962 dam
336 1903 730 1961 Orientalibus
759 1903 873 1959 ista
893 1903 1127 1958 traditio
1158 1902 1484 1974 apostolicae
1505 1903 1682 1973 sedis,
1715 1903 1816 1958 sed

173 1993 367 2064 magis
378 1992 678 2065 elegerunt
690 1991 978 2047 celebrare
992 1991 1303 2046 sabbatum
1319 2007 1453 2046 cum
1466 1991 1817 2047 Judaeis.Cuo

163 2085 267 2154 jus
289 2081 589 2138 sententia:
620 2080 978 2136 concordans
1001 2084 1240 2134 sanctus
1271 2097 1421 2152 papa
1443 2081 1813 2135 Innocentius

175 2172 256 2228 ait
286 2189 300 2226 :
326 2195 354 2221 ι(
376 2171 630 2228 Sabbatc
644 2169 1035 2240 jejunandum
1058 2184 1184 2224 esse
1212 2169 1356 2223 ratio
1376 2168 1815 2225 evidentissima

174 2261 556 2322 demonstrat.
609 2257 755 2314 Nam
787 2257 834 2312 si
877 2255 1030 2312 diem
1062 2256 1435 2312 Dcminicum
1475 2257 1546 2312 ob
1576 2274 1811 2312 venera-

177 2347 399 2404 tionem
447 2344 890 2406 resurrectionis
939 2344 1166 2399 Domini
1210 2346 1391 2400 nostri
1429 2339 1567 2403 Jesu
1598 2347 1812 2402 Christi

178 2452 298 2492 non
341 2433 539 2490 solum
586 2433 646 2488 in
692 2432 917 2504 pascha
971 2431 1352 2500 celebramus,
1398 2451 1596 2489 verum
1632 2435 1810 2490 etiam

172 2543 278 2598 per
307 2522 571 2595 singulas
603 2521 1100 2578 hebdomadarum
1132 2521 1320 2592 ipsius
1351 2522 1460 2577 diei
1496 2523 1810 2594 imaginem

167 2615 634 2684 frequentamus,
696 2627 760 2666 ac
811 2612 976 2665 sexta
1011 2609 1156 2664 feria
1202 2615 1438 2681 propter
1479 2612 1810 2682 passionem

173 2701 405 2758 Domini
439 2702 805 2772 jejunamus,
845 2699 1180 2754 .Sabbatum
1226 2700 1664 2770 praetermittere
1693 2717 1811 2755 non

167 2791 476 2858 debemus,
512 2789 667 2860 quod
700 2789 854 2842 inter.
869 2787 1168 2842 tristitiam
1202 2793 1375 2858 atque
1397 2787 1653 2843 laetitiam
1675 2792 1813 2843 tem-

166 2879 330 2952 poris
356 2877 514 2932 illius
544 2877 774 2932 videtur
800 2875 1116 2932 inclusum.
1159 2876 1322 2941 Quod
1360 2875 1560 2948 utique
1587 2881 1814 2932 constat

167 2965 467 3040 apostolos
506 2965 684 3019 biduo
725 2963 834 3019 isto
865 2969 923 3020 et
952 2965 1010 3019 in
1045 2980 1291 3019 maerore
1322 2964 1523 3031 fuisse,
1555 2970 1612 3020 et
1640 2982 1812 3037 prop-

165 3063 259 3112 ter
270 3059 492 3110 metum
512 3053 843 3113 Judmorum
865 3052 1452 3116 seocculuisse.Quod
1476 3053 1678 3124 utique
1697 3071 1813 3109 non

167 3144 421 3200 dubium
445 3147 550 3210 est,
569 3146 628 3197 et
641 3142 699 3196 in
714 3145 940 3198 tantum
959 3159 1057 3200 eos
1071 3143 1373 3214 jejunasse
1390 3142 1566 3198 biduo
1590 3159 1808 3199 memo-

1925 1903 2136 1970 dicam,
2166 1903 2348 1958 Deum
2384 1902 2604 1958 malum
2637 1907 2694 1957 et
2726 1905 2903 1958 Deum
2927 1894 3148 1958 bonum
3178 1903 3355 1958 vultis
3383 1902 3570 1959 intro.

1925 1993 2154 2047 ducere.
2189 1995 2256 2047 Et
2285 2007 2357 2046 ne
2387 1991 2470 2044 illi
2504 1990 2679 2060 malo,
2722 1992 2831 2046 hoc
2876 1995 2964 2046 cst
2995 1991 3110 2046 Deo
3166 1992 3563 2059 tenebrarum,

1923 2079 2114 2137 bonus
2143 2081 2251 2136 iste
2282 2080 2434 2135 Deus
2464 2078 2613 2134 lucis
2663 2079 3023 2134 inveniretur
3061 2079 3450 2146 adversarius,
3509 2081 3568 2133 et

1923 2169 2303 2224 circumcisus
2320 2169 2429 2222 fuit
2445 2171 2500 2222 et
2520 2166 2831 2222 celebravit
2852 2167 3073 2238 pascha
3097 2169 3284 2222 vetus.
3309 2162 3377 2221 Et
3396 2164 3565 2237 quasi

1923 2257 2183 2312 devitans
2202 2256 2357 2312 illius
2378 2255 2630 2328 tyranni,
2652 2255 2810 2311 velut
2827 2255 3081 2311 fortioris
3103 2272 3184 2323 se,
3206 2255 3354 2311 iram
3376 2245 3568 2311 incur-

1921 2363 2066 2413 rere,
2099 2347 2167 2401 ad
2201 2351 2432 2418 tempus
2456 2344 2757 2400 simulavit
2778 2361 2838 2400 se
2867 2344 3055 2415 legem
3077 2343 3203 2414 ejus
3233 2345 3561 2402 observare.

1921 2437 2031 2491 Sed
2065 2435 2220 2490 absit
2253 2439 2372 2489 tam
2405 2433 2744 2506 pestiferum
2775 2433 2935 2487 virus
2967 2449 3000 2488 a
3025 2432 3290 2489 ﬁdelium
3323 2433 3563 2489 auribus

1921 2529 1977 2578 et
2005 2522 2298 2590 cordibus,
2342 2527 2407 2577 ut
2444 2521 2530 2576 vel
2582 2521 2912 2593 suspicetur
2956 2519 3171 2592 aliquis
3212 2519 3434 2592 aliquid
3466 2519 3566 2576 ali-

1921 2611 2153 2684 quando
2171 2609 2482 2666 simulasse
2503 2609 2959 2681 omnipotentem
2975 2613 3032 2663 et
3053 2605 3560 2680 simplicissimum

1921 2701 2256 2766 Veritatem,
2281 2716 2405 2770 qua:
2435 2702 2525 2752 est
2543 2696 2810 2753 Christus
2833 2701 2982 2752 Deus
3003 2701 3216 2765 noster,
3251 2699 3356 2752 aut
3374 2695 3558 2752 alium

1920 2789 2129 2845 veteris
2159 2787 2303 2858 legis
2324 2803 2471 2854 esse,
2504 2785 2682 2840 alium
2709 2801 2869 2840 novae
2898 2785 3222 2841 auctorem!
3249 2800 3394 2840 cum
3423 2785 3562 2856 ipsa

1919 2877 2144 2932 Veritas
2165 2879 2534 2947 protestetur,
2554 2874 2752 2930 dicens
2777 2891 2788 2930 :
2817 2897 2845 2924 «
2861 2873 3046 2930 Nolite
3058 2878 3262 2946 putare
3278 2871 3557 2945 quoniam

1919 2965 2051 3022 veni
2083 2964 2301 3021 solvere
2323 2963 2508 3035 legem
2533 2968 2634 3018 aut
2655 2963 3001 3035 prophetas:
3026 2981 3141 3018 non
3172 2963 3302 3019 veni
3335 2961 3556 3019 solvere

1919 3054 2128 3127 legem,
2161 3053 2261 3108 sed
2284 3051 2601 3122 adimplere
2621 3051 2829 3122 (Matth.
2863 3069 2914 3108 v.
2947 3054 3070 3122 i7);
3107 3075 3134 3101 »
3166 3055 3224 3108 et
3253 3051 3564 3114 Psalmista

1923 3145 2076 3198 dicat
2121 3161 2134 3197 :
2177 3165 2204 3192 «
2247 3141 2473 3196 Etenim
2521 3137 2981 3196 benedictionem
3049 3140 3210 3196 dabit
3255 3139 3554 3213 legislator

167 3238 357 3300 ratur,
393 3235 458 3286 ut
485 3231 717 3287 traditio
749 3231 1010 3287 Ecclesiae
1040 3231 1251 3286 habeat
1280 3231 1390 3286 isto
1412 3231 1590 3286 biduo
1622 3248 1809 3287 sacra-
1831 3215 1880 3280 (ἶ
1921 3233 2090 3302 (Psal.
2127 3247 2355 3300 Lxxxm,
2377 3229 2454 3299 8).
2492 3251 2518 3278 »
2542 3229 2760 3284 Deinde
2789 3229 3180 3298 subjunxistis
3215 3247 3227 3285 :

165 3325 368 3378 menta
395 3321 631 3392 penitus
669 3336 784 3376 non
805 3319 1104 3375 celebrari.
1130 3320 1261 3383 Quae
1288 3319 1473 3374 forma
1496 3320 1696 3391 utique
1711 3336 1814 3392 per

165 3408 434 3482 singulas
469 3409 867 3464 hebdomadas
883 3413 940 3463 et
963 3409 1479 3479 tenenda,propter
1491 3410 1645 3480 quod
1662 3425 1816 3463 com-

164 3497 515 3553 memoratio
546 3497 661 3551 diei
694 3495 857 3551 illius
886 3512 1116 3566 semper
1144 3500 1234 3550 est
1253 3495 1617 3551 celebranda.
1651 3498 1813 3559 Quod

163 3585 395 3658 putatis
425 3583 609 3639 semel
633 3588 809 3653 atque
835 3599 950 3638 uno
976 3583 1656 3653 Sabbatojejunandum,
1680 3600 1815 3658 ergo

162 3678 229 3729 et
258 3673 385 3726 dies
417 3669 720 3725 Dominica
741 3674 797 3725 et
828 3674 990 3725 sexta
1020 3669 1162 3724 feria
1184 3669 1361 3724 semel
1387 3670 1445 3724 in
1476 3671 1694 3742 pascha
1710 3673 1819 3726 erit

161 3760 380 3832 utique
413 3757 780 3813 celebranda.
803 3757 864 3812 Si
885 3761 1079 3812 autem
1103 3757 1413 3811 Dominicm
1445 3759 1556 3813 diei
1589 3773 1655 3813 ac
1687 3776 1818 3814 sex-

164 3856 242 3906 tae
268 3846 428 3904 feriae
456 3862 558 3918 per
583 3845 848 3917 singulas
872 3845 1267 3900 hebdomadas
1290 3846 1821 3918 reparandaimago

165 3942 285 4008 est,
304 3934 715 4002 dementisest,
735 3932 898 3989 bidui
916 3949 1084 4004 agere
1105 3933 1545 4004 consuetudine,
1568 3934 1820 3990 Salibato

170 4025 593 4100 praetermisso,
627 4039 762 4080 cum
796 4039 912 4080 non
940 4023 1238 4094 disparem
1278 4038 1517 4077 causam
1550 4022 1760 4078 habeat
1791 4039 1824 4078 a

171 4119 341 4171 sexta
385 4113 652 4170 videlicet
695 4112 840 4168 feria
889 4112 948 4166 in
999 4127 1117 4182 qua
1160 4110 1440 4166 Dominus
1472 4127 1682 4182 passus
1711 4117 1820 4180 est,

173 4203 412 4277 quando
433 4206 491 4258 et
518 4201 674 4274 apud
698 4201 915 4256 inferos
945 4200 1077 4266 fuit,
1109 4203 1173 4254 ut
1194 4199 1286 4254 die
1315 4199 1486 4255 tertia
1516 4215 1822 4272 resurgens

173 4291 444 4348 redderet
464 4290 748 4359 laetitiam,
773 4289 907 4362 post
928 4289 1247 4344 biduanam
1278 4289 1693 4359 praecedentem
1726 4289 1824 4343 tri-

176 4379 427 4437 stitiam.
460 4379 586 4434 Non
613 4394 752 4451 ergo
783 4395 890 4434 nos
912 4393 1195 4450 negamus
1214 4382 1373 4432 sexta
1394 4377 1537 4432 feria
1549 4378 1822 4449 jejunan-

177 4471 348 4536 dum,
382 4469 482 4522 sed
535 4467 784 4524 dicimus
817 4468 875 4522 in
906 4468 1157 4523 Sabbato
1198 4466 1306 4521 hoc
1337 4467 1650 4538 agendum,
1687 4467 1825 4539 quia

1995 3322 2088 3376 IX.
2105 3321 2838 3374 Consummopomrmus.
2856 3317 3044 3374 Ethoc
3057 3319 3564 3388 manifestumest,

1923 3409 2094 3476 sicut,
2123 3409 2179 3461 in
2211 3404 2520 3476 Evangelio
2553 3406 2876 3460 secundum
2909 3405 3275 3474 Matthmum,
3308 3407 3380 3462 de
3411 3415 3564 3477 mys-

1922 3498 2036 3552 tica
2064 3513 2226 3551 coena
2254 3495 2522 3565 loquens,
2551 3493 2905 3564 evangelista
2933 3494 3020 3549 sic
3052 3510 3288 3566 quoque
3318 3493 3513 3564 inquit
3546 3511 3562 3550 :

1926 3609 1953 3635 ‹‹
1989 3585 2184 3639 Prima
2213 3587 2406 3638 autem
2429 3583 2521 3636 die
2543 3597 2879 3652 azymorum
2901 3585 3274 3637 accesserunt
3291 3579 3565 3650 discipuli

1927 3675 1998 3729 ad
2029 3674 2231 3728 Jesum
2257 3672 2551 3725 dicentes:
2578 3669 2682 3722 Ubi
2719 3669 2806 3724 vis
2836 3685 3110 3740 paremus
3137 3668 3243 3725 tibi
3265 3667 3568 3725 comedere

1926 3759 2314 3834 pascha?Qui
2344 3758 2422 3812 ait
2457 3775 2469 3811 :
2505 3757 2584 3811 lte
2609 3757 2668 3811 in
2700 3757 2990 3812 civitatem
3029 3759 3102 3813 ad
3149 3757 3571 3828 quemdam,.et

1929 3849 2101 3905 dicite
2129 3848 2179 3902 ei
2216 3863 2228 3902 :
2259 3847 2514 3916 Tempus
2553 3862 2750 3900 meum
2781 3861 2962 3917 prope
2990 3851 3099 3913 est,
3133 3845 3289 3917 apud
3333 3849 3390 3901 te
3413 3845 3569 3920 'faoip

1929 3937 2147 4010 pascha
2176 3951 2308 3990 cum
2340 3933 2644 4004 discipulis
2677 3933 2821 3988 meis
2852 3933 3060 4004 (Matth.
3083 3949 3236 4001 xxvx,
3273 3933 3359 3999 17,
3384 3934 3504 4003 .18).
3538 3954 3569 3989 υ

1931 4027 2000 4082 Et
2028 4029 2159 4096 post
2187 4021 2467 4095 pusilium
2494 4038 2508 4076 :
2542 4044 2569 4072 «
2608 4021 2852 4093 Vespere
2883 4025 3080 4077 autem
3124 4022 3274 4076 facto
3306 4019 3567 4078 discum-

1931 4115 2106 4170 bebat
2134 4128 2268 4167 cum
2299 4111 2563 4166 dodecim
2611 4109 2915 4181 discipulis
2953 4110 3101 4179 suis,
3151 4113 3210 4165 et
3265 4107 3573 4180 edentibus

1931 4203 2046 4259 illis
2076 4202 2220 4257 dixit
2244 4218 2256 4256 :
2281 4202 2464 4256 Amen
2494 4201 2623 4255 dico
2648 4199 2835 4268 vobis,
2857 4199 3000 4270 quia
3019 4215 3172 4254 unus
3191 4201 3451 4255 vestrum
3477 4212 3573 4270 me

1931 4291 2252 4348 traditurus
2281 4293 2370 4346 est
2399 4289 2579 4360 (Ibid,
2601 4289 2690 4354 20,
2722 4288 2833 4358 2i).
2868 4310 2897 4337 »
2928 4289 2995 4343 Et
3010 4292 3149 4359 post
3165 4286 3467 4361 pusillum,
3489 4284 3574 4354 di-

1934 4379 2291 4437 centeJuda:
2318 4401 2344 4430 ‹‹
2371 4377 2644 4449 Nunquid
2663 4393 2766 4449 ego
2789 4393 2946 4446 sum,
2969 4377 3155 4432 Rabbi
3173 4376 3200 4431 ?
3217 4375 3568 4449 (lbid.,~25),,n

1935 4469 2075 4524 dicit
2103 4468 2155 4524 ei
2189 4486 2201 4522 :
2232 4490 2258 4518 ‹‹
2292 4468 2374 4522 Tu
2409 4465 2604 4522 dixisti
2637 4466 2818 4538 (lbid.,
2851 4467 2975 4536 ἰὰ).
3021 4487 3049 4516 ›)
3084 4465 3209 4522 Huc
3257 4481 3446 4537 usque
3472 4463 3577 4522 Dei

176 4559 363 4644 ambo
387 4556 512 4610 dies
542 4556 842 4611 tristitiam
884 4554 1162 4628 apostolis
1184 4559 1241 4611 et
1270 4555 1364 4610 his
1395 4555 1496 4626 qui
1527 4555 1822 4644 Christum
1855 4579 1902 4644 D
1934 4557 2212 4623 hominis,
2245 4556 2515 4612 universa
2544 4553 2747 4627 legalis
2790 4555 3209 4644 paschaesunt.
3259 4555 3480 4644 Deinde
3510 4570 3578 4612 sa

177 4643 370 4704 secuti
391 4647 529 4698 sunt
551 4644 906 4712 indixerunt,
925 4645 1046 4717 qui,
1071 4644 1163 4700 die
1175 4644 1476 4700 Dominico
1499 4643 1821 4713 exhilarati,

181 4745 302 4791 non
333 4730 524 4787 solum
559 4731 754 4803 ipsum
807 4731 1251 4789 festivissimum
1290 4748 1419 4787 esse
1455 4731 1707 4800 voluere,
1740 4749 1831 4788 ve-

182 4838 318 4878 rum
349 4821 524 4876 etiam
557 4836 658 4893 per
679 4837 883 4878 omnes
904 4821 1305 4877 hebdomadas
1336 4821 1830 4892 frequentandum

183 4927 314 4966 esse
344 4911 654 4966 duxerunt.
689 4910 833 4964 Hine
866 4911 992 4980 jam
1027 4909 1251 4981 reliqua
1289 4913 1480 4964 vestra
1511 4909 1666 4964 dicta
1712 4910 1831 4965 dis-

185 4999 502 5056 cutiamus.

261 5086 380 5142 VII.
413 5088 1148 5144 CONSTANTINOPOLITANUS.
1172 5086 1446 5142 Nostrum
1468 5104 1601 5143 vero
1618 5086 1836 5158 pascha

184 5175 452 5233 Christus
473 5179 581 5232 est.
623 5175 750 5242 Qui,
801 5179 866 5231 ut
897 5193 1010 5234 non
1035 5176 1205 5247 juxta
1243 5175 1429 5248 legem
1480 5177 1837 5232 inveniretur

186 5263 581 5330 adversarius,
611 5267 670 5318 et
687 5263 1072 5320 circumcisus
1091 5269 1200 5329 est,
1221 5269 1280 5319 et
1301 5264 1484 5336 legale
1505 5264 1723 5336 pascha
1745 5281 1834 5320 ce-

186 5349 439 5409 lebravit
496 5349 789 5421 primitus,
843 5351 948 5420 sic,
999 5351 1120 5421 illo,
1172 5351 1527 5424 discedente,
1569 5357 1845 5408 nostrum.

189 5455 410 5499 novum
441 5441 718 5510 operatus
735 5443 856 5495 est.
1158 5478 1161 5480 -

264 5529 410 5586 VIII.
459 5529 764 5584 ROMANUS.
798 5529 958 5593 Quod
1007 5528 1274 5585 Christus
1320 5534 1580 5589 vestrum
1623 5531 1840 5602 pascha

192 5619 290 5698 sit,
322 5618 522 5681 sciatis
553 5635 658 5676 nos
680 5617 763 5674 ita
782 5619 1112 5685 concedere,
1146 5618 1195 5676 si
1216 5635 1348 5678 eum
1372 5618 1640 5678 asseritis
1663 5617 1840 5686 etiam

512 5747 778 5834 Rnec!"
825 5745 1086 5834 CXLIII.

1935 4665 2060 4719 quis
2091 4644 2322 4718 mystici
2350 4649 2407 4699 et
2435 4645 2616 4699 nostri
2655 4647 2812 4710 sunt,
2845 4643 3073 4699 addidit
3112 4641 3581 4715 evangelista,s.et

1937 4735 2080 4790 dixit
2104 4753 2116 4789 :
2141 4757 2168 4785 «
2195 4733 2512 4789 Edentibus
2532 4737 2726 4788 autem
2744 4732 2880 4801 illis,
2905 4731 3126 4803 accepit
3153 4731 3186 4787 J
3191 4748 3328 4788 esus
3343 4745 3578 4801 panem,

1937 4824 2109 4896 fregit
2136 4827 2194 4878 et
2222 4822 2382 4877 dedit
2410 4820 2714 4891 discipulis
2747 4820 2894 4888 suis,
2925 4824 2982 4875 et
3010 4819 3158 4874 dixit
3189 4836 3202 4875 :
3238 4817 3581 4888 Accipite.”

1941 4913 2242 4979 comedite,
2267 4911 2377 4965 hoc
2397 4912 2487 4964 est
2504 4925 2715 4980 corpus
2738 4923 2956 4973 meum,
2975 4908 3133 4978 quod
3156 4923 3260 4978 pro
3279 4905 3447 4962 .vobis
3466 4908 3581 4962 tra-

1944 5002 2134 5057 detur.
2187 5001 2257 5054 Et
2312 4997 2601 5068 accipiens
2668 4995 2907 5052 calicem
2937 4995 3156 5068 gratias
3193 4995 3312 5066 egit
3337 4996 3393 5049 et
3421 4992 3583 5050 dedit

1943 5090 2026 5146 eis
2073 5090 2271 5145 dicens
2307 5103 2318 5141 :
2354 5085 2540 5140 Bibite
2577 5100 2646 5139 ex
2675 5099 2740 5139 eo
2773 5099 2974 5138 omnes
3022 5101 3034 5138 :
3086 5082 3180 5137 hic
3222 5085 3311 5138 est
3338 5078 3580 5152 sanguis

1944 5195 2110 5234 meus
2140 5176 2278 5232 Novi
2311 5173 2668 5230 Testamenti
2699 5172 2904 5243 (Matth.
2937 5188 3087 5238 xxvr,
3119 5172 3189 5224 26
3223 5188 3235 5238 ;
3267 5173 3395 5226 Luc.
3438 5184 3580 5240 nn,

1944 5267 2153 5336 47-20).
2214 5263 2468 5319 Dicendo
2499 5261 2678 5326 enim,
2709 5262 2864 5328 Novi,
2898 5258 3151 5314 ostendit
3199 5257 3581 5330 quoniamzaa

1946 5372 2073 5426 quae
2106 5353 2328 5408 Veteris
2356 5352 2593 5406 fuerunt
2619 5349 2970 5406 Testamenti
3009 5351 3401 5404 cessaverunt.

2018 5442 2084 5496 X.
2119 5442 2420 5496 Romanus.
2439 5443 2569 5494 Haec
2591 5438 2788 5494 omnia
2808 5455 2922 5494 non
2953 5455 2988 5493 a
3015 5437 3201 5507 vobis,
3235 5437 3336 5493 sed
3367 5452 3400 5492 a
3421 5450 3586 5493 evena-

1948 5531 2113 5588 cibus
2137 5528 2521 5602 Evangelistis
2542 5526 2894 5600 conscripta,
2910 5531 2968 5582 et
2996 5528 3068 5586 ab
3098 5523 3587 5604 omnibusport‘hp-

1949 5619 2112 5681 dcxis
2143 5619 2413 5679 Patribus
2461 5621 2796 5678 constanter
2834 5615 3143 5690 praedicata
3170 5616 3488 5688 credimus,
3513 5617 3590 5689 et

3195 5745 3275 5828 ἕρ
