3966 6212
363 352 485 414 939

1374 342 1861 408 HUMBERTUS
1906 344 1970 403 S.
2022 345 2093 403 Η.
2139 343 2209 403 Ε.
2257 340 2748 408 CARDINALIS.

3641 338 3764 401 940

367 482 562 554 ipsum
593 478 907 537 Dominum
932 480 1198 533 nostrum
1228 476 1433 532 Jesum
1462 476 1759 532 Christum
1792 477 2001 544 quarta

2122 489 2312 542 panes,
2347 482 2521 545 ἃρτους
2552 482 2847 546 ὑποτέφρους
2885 473 3157 530 dicantur
3195 469 3543 538 comedisse,
3586 485 3760 540 ange-

364 571 594 625 decima
622 568 762 622 luna
790 567 861 620 ad
890 581 1192 637 vesperam
1222 564 1437 636 pascha
1467 568 1633 619 vetus
1664 561 2002 634 perfecisse,

363 662 424 713 et
453 673 586 711 mox
614 671 828 710 novum
857 653 1164 709 inchoasse
1198 651 1602 725 praedicamus.
1645 652 2010 721 Quapropter

367 741 672 815 sequentia
694 741 1019 797 videamus.

435 831 529 886 ΧΙ.
559 835 1287 886 CONSTANTINOPOLITANUS.
1312 827 1565 899 Aspicite
1587 827 1877 898 quomodo
1907 842 2006 897 pa-

366 934 500 976 nem
531 935 743 991 corpus
772 934 946 974 suum
975 919 1083 974 sub
1107 918 1264 975 Novo
1284 920 1634 973 testamento
1661 913 1903 981 vocavit,
1936 913 2009 967 si-

365 1012 465 1065 cut
490 1006 782 1064 viviticum
804 1010 861 1063 et
881 1006 1120 1079 plenum
1152 1006 1381 1078 spiritu,
1415 1009 1470 1059 et
1501 1004 1653 1059 sicut
1670 1001 1879 1059 caloris
1908 1003 2006 1057 de-

366 1094 834 1154 monstrativum.
882 1095 999 1151 Vos
1047 1095 1283 1167 quidem
1316 1109 1549 1166 panem,
1597 1109 1706 1148 nos
1734 1102 1882 1165 ἄρτον
1914 1090 2007 1145 di-

366 1185 576 1241 cimus.
606 1188 777 1248 Ἀρτςο
840 1187 1036 1239 autem
1060 1182 1477 1253 interpretatur
1509 1180 1765 1235 elevatus
1798 1183 1855 1236 et
1885 1195 2008 1233 sur-

365 1290 498 1331 sum
528 1276 796 1345 portatus
822 1289 856 1327 a
885 1271 1166 1326 fermento
1198 1274 1254 1325 et
1284 1269 1423 1336 sale,
1459 1268 1708 1323 calorem
1741 1272 1793 1323 et
1826 1268 2007 1322 eleva-

364 1363 584 1418 tionem
603 1361 847 1417 habens.
870 1362 1094 1431 Azyma:
1124 1363 1321 1414 autem
1346 1357 1488 1412 nihil
1514 1358 1734 1413 distant
1752 1376 1784 1411 τι
1813 1355 2005 1426 lapide

363 1450 490 1507 sine
519 1449 717 1506 anima
745 1453 803 1503 et
832 1446 955 1503 luto
981 1446 1177 1503 lateris
1200 1446 1471 1502 deorsum
1496 1446 1818 1515 conjuncta:
1845 1448 2004 1498 terra:

360 1542 419 1594 et
447 1538 602 1594 sicco
631 1536 755 1592 luto
784 1539 1153 1608 comparatas,
1186 1552 1312 1607 quae
1344 1550 1477 1589 cum
1510 1530 2005 1588 amaritudinibus

362 1627 590 1697 Moyses
646 1624 947 1680 comedere
1003 1623 1236 1680 miseris
1293 1620 1473 1678 semel
1531 1621 1589 1674 in
1644 1619 1841 1673 divina
1879 1617 2004 1689 lege

364 1713 670 1770 constituit
704 1729 721 1779 ;
759 1711 1037 1783 quoniam
1066 1710 1233 1767 malae
1264 1709 1557 1782 passionis
1588 1712 1643 1762 et
1673 1704 2003 1762 tribulatio-

366 1802 459 1857 nis
484 1799 749 1874 symbola
764 1803 902 1855 sunt
921 1799 1325 1871 signiﬁcativa.

2116 561 2326 632 Iusque
2374 561 2548 617 Heliae
2595 562 2820 634 legatur
2866 563 2926 618 in
2957 562 3255 618 desertum
3313 559 3603 616 attulisse.
3650 557 3763 614 Sed

2116 649 2258 714 quid
2290 650 2517 705 multa?
2538 651 2598 706 in
2630 650 2754 724 lege
2783 656 2841 708 et
2869 651 2931 706 in
2954 650 3260 724 Evangelio
3292 648 3629 706 invenimus
3654 658 3766 715 τοὺς

2115 744 2288 809 ἄρτους
2317 749 2608 811 προθέσεως,
2634 740 2689 795 id
2708 745 2818 807 est,
2836 757 3007 813 panes
3021 742 3434 813 propositionis,
3456 756 3607 811 quos
3637 755 3764 813 asy-

2117 844 2244 883 mos
2266 828 2445 885 fuisse
2467 846 2636 885 nemo
2659 829 2910 897 dubitat,
2934 830 3033 902 qui
3053 831 3200 904 legis
3221 830 3488 886 Mosaicae
3511 827 3766 901 aliquam

2117 916 2385 972 notitiam
2439 921 2708 973 retentat.
2763 918 2869 973 Ubi
2924 920 3139 976 dicitur
3181 937 3194 975 :
3239 941 3268 970 «
3299 918 3505 974 Omnis
3551 916 3765 974 oblatio

2116 1021 2242 1076 qua:
2299 1006 2540 1061 oti‘ertur
2577 1006 2848 1075 Domino,
2899 1007 3122 1080 absque
3167 1008 3451 1064 fermento
3483 1007 3583 1062 fiet
3614 1023 3627 1062 :
3663 1022 3766 1062 nec

2116 1094 2439 1165 quidquam
2456 1095 2724 1151 fermenli
2746 1112 2811 1151 ac
2831 1096 3024 1153 mellis
3040 1096 3370 1152 adolebitur
3390 1097 3446 1151 in
3475 1095 3762 1153 sacriﬁcio

2116 1183 2344 1238 Domini
2377 1184 2519 1253 (Leu.
2555 1202 2616 1249 ιι,
2654 1186 2763 1252 11).
2793 1206 2821 1234 ››
2853 1185 2919 1240 Et
2947 1185 3008 1241 in
3038 1186 3491 1242 Deuteronomio
3531 1184 3758 1260 Moyses

2114 1289 2383 1343 azymum
2414 1272 2655 1337 vocavit,
2687 1282 2836 1345 ἄρτον
2864 1284 3215 1341 ταπεινώσεως,
3244 1274 3303 1330 id
3330 1279 3422 1330 est
3447 1290 3649 1346 panem
3676 1281 3764 1347 al-

2110 1362 2389 1428 ﬂictionis.
2452 1360 2653 1414 Sermo
2709 1347 2941 1432 quoque
2999 1361 3231 1417 Domini
3279 1363 3350 1417 ad
3400 1362 3757 1419 Ezechielem

2114 1449 2301 1504 factus
2331 1448 2476 1503 dixit
2500 1467 2512 1503 :
2540 1472 2565 1497 ‹‹
2592 1450 2661 1503 Et
2684 1452 2745 1504 tu
2770 1448 2850 1503 ﬁli
2876 1449 3155 1521 hominis,
3178 1468 3346 1507 sume
3376 1452 3478 1506 tibi
3504 1452 3760 1509 frumen-

2113 1541 2262 1604 tum,
2297 1537 2605 1603 hordeum,
2640 1538 2859 1609 tabam,
2900 1538 3141 1606 lentem,
3177 1538 3407 1595 milium
3448 1544 3504 1596 et
3530 1541 3754 1609 viciam,

2112 1629 2170 1680 et
2200 1625 2397 1680 mittes
2429 1624 2487 1679 in
2519 1641 2622 1680 vas
2667 1642 2874 1692 unum,
2909 1630 2966 1682 et
2997 1626 3174 1684 facies
3203 1627 3310 1683 tibi
3340 1644 3518 1700 panes
3546 1628 3756 1701 (Επειδὴ.

2115 1730 2186 1779 ιν,
2219 1714 2295 1782 9).
2333 1734 2360 1761 ››
2396 1712 2534 1767 Ecce
2563 1716 2685 1768 tam
2719 1713 2814 1769 hic
2845 1714 3023 1786 quam
3044 1715 3104 1771 in
3136 1716 3633 1788 subsequentibus
3660 1733 3760 1788 pa-

2116 1816 2218 1854 nes
2249 1799 2548 1867 dicuntur,
2581 1800 2679 1856 ubi
2715 1801 2877 1858 nulla
2908 1803 3178 1859 fermenti
3220 1804 3437 1860 mentio
3468 1804 3718 1861 habetur
3747 1821 3761 1860 :

434 1846 458 1856 μ
484 1846 1325 1874 ..δ-...νηη---οκηην--.η
2117 1846 2217 1854 ---υ
2251 1846 2548 1867 μην--..η
2585 1846 2679 1856 ...μ
2716 1846 2877 1858 ...μω
2908 1846 3178 1859 ,νη-νη..
3220 1846 3437 1860 me...”
3468 1846 3709 1861 ww.-.
3747 1846 3761 1860 .

434 1889 555 1945 XII.
588 1889 889 1944 Romanus.
922 1888 986 1942 In
1018 1887 1127 1942 hac
1167 1890 1360 1942 vestra
1396 1885 1811 1958 disputatione,
1858 1880 2003 1937 illud
2034 1846 2082 1911 B
2115 1887 2173 1942 in
2196 1891 2425 1943 tantum
2450 1892 2516 1943 ut
2537 1889 2967 1961 subcinericus,
2991 1891 3585 1949 hordeaceusibidem
3601 1908 3764 1948 voce-

369 1981 598 2035 tantum
634 1976 1047 2047 approbemus,
1082 1976 1236 2047 quod
1268 1974 1553 2031 Dominus
1593 1974 1765 2029 Jcsus
1797 1987 2004 2043 panem

365 2065 738 2123 benedictum
769 2067 826 2120 et
854 2064 1102 2120 fractum
1131 2064 1192 2119 in
1224 2063 1570 2119 memoriam
1601 2062 1691 2116 sui
1725 2061 1834 2115 sub
1862 2075 2006 2114 novo

366 2156 714 2212 testamento
758 2169 969 2225 corpus
998 2169 1175 2208 suum
1222 2152 1464 2215 vocavit.
1500 2152 1569 2204 Et
1612 2149 1763 2221 quod
1815 2147 2007 2202 omnis

366 2242 537 2317 panis
565 2240 909 2313 hujusmodi
937 2240 1186 2297 viviﬁcet
1214 2245 1270 2296 et
1301 2240 1398 2295 det
1429 2238 1610 2293 vitam
1641 2236 1881 2303 mundo,
1916 2238 2005 2289 ut-

366 2336 501 2406 pote
529 2329 739 2403 plenus
778 2328 986 2400 spiritu
1018 2333 1075 2384 et
1103 2328 1292 2384 calore
1330 2327 1433 2383 Dei
1461 2324 1594 2394 vivi,
1628 2329 1685 2381 et
1714 2324 1869 2396 quod
1901 2339 2008 2379 nos

367 2435 600 2494 panem,
629 2437 731 2478 vos
758 2429 907 2492 ἄρτον
949 2416 1144 2471 dicitis
1170 2434 1183 2483 ;
1218 2414 1445 2487 reliqua
1471 2430 1603 2469 vero
1633 2412 2010 2469 vehementer

368 2513 748 2578 detestamur,
781 2518 838 2569 et
864 2510 1023 2567 velut
1042 2505 1371 2562 haereticam
1400 2503 1713 2559 vanitatem
1747 2506 1805 2555 et
1834 2500 2008 2555 auda-

368 2588 520 2658 ciam
549 2601 764 2659 olentia
806 2604 982 2671 atque
1024 2593 1378 2660 resonantia,
1422 2589 2004 2647 anathematizamus.

369 2691 509 2759 Quis
538 2692 696 2748 enim
725 2688 962 2746 audebit
990 2700 1199 2757 panem
1230 2680 1566 2754 quemlibet,
1602 2680 1823 2751 absque
1853 2694 2010 2749 mys-

370 2780 518 2836 terio
548 2779 703 2849 quod
727 2792 906 2849 supra
937 2774 1212 2840 diximus,
1246 2786 1504 2827 asserere
1530 2768 1769 2841 plenum
1801 2765 2009 2838 spiritu

370 2872 429 2925 et
456 2867 807 2931 animatum,
829 2863 943 2919 nisi
976 2860 1299 2934 discipulus
1330 2857 1673 2914 Manichaai?
1704 2854 1819 2927 Ipsi
1855 2857 2009 2910 enim

373 2954 694 3022 delirando,
726 2953 873 3010 sicut
904 2969 1035 3008 vere
1064 2949 1217 3024 pleni
1234 2947 1483 3015 insania,
1517 2944 1885 3017 impudenter
1912 2957 2011 2996 as-

372 3048 577 3103 serunt
597 3059 807 3117 panem
826 3045 882 3098 et
900 3041 1125 3108 vinum,
1149 3038 1396 3110 lignum,
1422 3035 1674 3107 lapidem
1696 3035 1752 3086 et
1770 3034 2008 3098 vestem,

374 3140 696 3208 ceteraque
715 3132 854 3190 talia
866 3131 1124 3189 animam
1148 3129 1382 3184 habere.
1408 3125 1557 3181 Illud
1581 3139 1811 3195 quoque
1832 3119 2008 3191 quod,

2114 1981 2227 2031 tur.
2280 1976 2721 2046 Verumtamen,
2758 1984 2821 2034 ut
2850 1980 2921 2036 de
2959 1980 3165 2035 vestris
3208 1979 3428 2051 aliquid
3471 1980 3767 2047 dicamus,

2116 2063 2310 2119 audite
2341 2064 2478 2135 quid
2500 2066 2760 2123 Joannes
2789 2066 3108 2123 monachus
3131 2066 3599 2122 Damascenusin
3630 2066 3769 2122 lau—

2115 2153 2186 2208 de
2226 2152 2323 2209 Dei
2370 2153 2679 2210 Gcnitricis
2728 2155 2910 2210 dicit:
2946 2156 3023 2225 (8)
3065 2163 3191 2210 Ἐπεὶ
3243 2160 3359 2211 αὖτε
3414 2165 3513 2211 τῶν
3572 2163 3770 2227 βροτῶν

2115 2248 2251 2297 οὐσία
2308 2248 2384 2296 διὰ
2442 2252 2531 2300 σοῦ
2587 2250 2846 2312 ὁμιλίσασα
2922 2250 3030 2315 Getis
3093 2254 3211 2316 πυρὶ
3268 2253 3329 2308 ὡς
3405 2252 3599 2315 ἔγιυμα
3663 2242 3764 2313 (9),

2114 2338 2328 2399 πάναγνε
2384 2338 2606 2401 παρθένε,
2658 2338 2707 2397 ἐξ
2750 2334 2806 2386 οὖ
2850 2338 3012 2398 ὧπτης
3059 2339 3287 2388 θεοτόκον
3333 2339 3566 2399 ἀληθινὸν
3596 2338 3767 2404 διαφυ-

2115 2426 2348 2486 λάξαντα.
2371 2417 2518 2481 Quin
2542 2417 2717 2473 etiam
2740 2417 3011 2475 volumus
3032 2423 3099 2475 ut
3124 2419 3335 2475 dicatis
3359 2420 3769 2475 fermentatus-

2118 2522 2190 2562 ne
2220 2523 2459 2578 azymus
2490 2506 2567 2562 sit
2595 2507 2666 2561 de
2696 2523 2808 2578 quo
2837 2506 3114 2564 Salomon
3140 2507 3221 2564 ait
3250 2525 3264 2563 :
3298 2508 3507 2564 Suavis
3541 2512 3631 2564 est
3665 2507 3768 2565 ho-

2118 2595 2261 2650 mini
2296 2596 2463 2667 panis
2496 2594 2781 2651 mendacii
2811 2598 2992 2665 (Prov.
3024 2614 3118 2665 xx,
3153 2597 3262 2669 17).
3303 2618 3335 2663 ››⁴
3362 2597 3433 2652 Et
3465 2615 3479 2652 :
3530 2619 3558 2647 «
3592 2595 3766 2653 Panis

2118 2684 2496 2740 absconditus
2541 2685 2774 2739 suavior
2820 2690 2909 2740 est
2955 2685 3137 2757 (Prov.
3174 2688 3253 2752 1x,
3286 2686 3412 2757 i7);
3466 2707 3494 2735 ››
3543 2684 3768 2741 scilicet

2119 2790 2290 2844 quem
2324 2771 2538 2827 mulier
2558 2772 2740 2827 stulta
2761 2773 3133 2845 repromittit.
3157 2773 3229 2829 Et
3247 2773 3344 2829 hic
3374 2773 3531 2829 enim
3562 2778 3620 2829 et
3647 2773 3767 2830 illic

2120 2878 2234 2915 non
2257 2878 2516 2932 azymus,
2550 2861 2650 2916 sed
2689 2870 2832 2933 ἄρτος
2862 2860 3092 2916 dicitur.
3134 2861 3204 2916 Et
3235 2861 3374 2933 quia
3404 2879 3510 2919 nos
3540 2862 3612 2917 ad
3656 2861 3767 2917 hoc

2118 2953 2343 3021 tragere
2374 2948 2583 3003 nititur
2610 2953 2729 3004 tota
2746 2953 2939 3005 vestra
2968 2949 3307 3021 disputatio,
3331 2953 3397 3005 ut
3412 2967 3515 3022 pro
3536 2966 3602 3006 eo
3632 2955 3761 3006 tan-

2118 3040 2246 3091 tum
2278 3036 2432 3107 quod
2465 3035 2776 3092 Mattheus
2815 3036 2955 3092 dicit
2987 3054 3000 3092 :
3030 3045 3197 3093 λαϐὼν
3225 3045 3251 3093 ὁ
3281 3048 3454 3106 Ιησοῦς
3481 3047 3566 3094 τὸν
3597 3047 3763 3110 ἄρτον,

2119 3124 2179 3179 id
2209 3128 2298 3179 est
2326 3126 2526 3195 accepit
2553 3128 2711 3180 Iesus
2727 3142 2929 3196 panem
2961 3125 3166 3197 (Matth.
3199 3141 3353 3195 xxvr,
3374 3126 3487 3198 26),
3519 3124 3771 3198 incipia-

374 3243 645 3301 azymum
694 3227 973 3297 negantes
1021 3235 1229 3292 panem
1264 3232 1413 3281 esse,
1459 3230 1561 3285 per
1596 3210 2009 3283 etymologiam
2041 3207 2083 3272 C
2116 3226 2251 3268 mus
2272 3212 2503 3267 credere
2535 3211 2947 3267 fermentatum
2979 3217 3036 3268 et
3065 3230 3181 3269 non
3204 3214 3437 3269 azinum
3459 3212 3769 3286 discipulis

373 3321 503 3391 ejus
532 3312 977 3387 nominis,quod
995 3314 1082 3367 est
1109 3319 1270 3382 ἄρτος,
1292 3302 1583 3362 conamini
1607 3318 1713 3356 nos
1744 3300 1969 3391 vincere
1994 3318 2007 3354 :

374 3387 575 3465 sciatis
600 3404 837 3464 omnino
861 3416 1077 3458 vanum
1109 3402 1167 3454 et
1192 3394 1431 3468 puerile.
1465 3390 1610 3458 Quia
1638 3393 1696 3444 et
1725 3406 1759 3443 a
1781 3387 2010 3460 lingua-

372 3513 505 3554 rum
536 3493 739 3569 peritis
784 3492 1023 3548 diversae
1042 3481 1403 3558 etymologia:
1424 3480 1642 3535 dantur
1669 3494 1738 3532 ex
1758 3493 1882 3569 uno
1910 3493 2010 3531 no-

372 3565 558 3655 mine,
583 3581 902 3641 secundum
936 3578 1264 3633 humanum
1305 3569 1586 3642 placitum
1619 3565 1806 3637 magis
1835 3581 2011 3655 quam

371 3654 696 3734 secundum
723 3675 998 3728 naturam
1014 3680 1234 3721 rerum.
1267 3663 1334 3717 Et
1365 3660 1425 3714 in
1456 3655 1733 3713 omnibus
1758 3654 2014 3726 Scriptu-

370 3765 452 3823 ris
477 3762 810 3821 invenimus
855 3771 1067 3831 panem
1097 3751 1490 3808 indifferenter
1519 3743 1654 3812 dici,
1695 3744 1815 3800 sive
1844 3744 2017 3799 fuerit

371 3869 632 3925 azymus,
661 3850 781 3907 sive
809 3846 985 3903 fuerit
1012 3842 1412 3897 fermentatus.
1433 3838 1595 3902 Quod
1616 3837 1752 3893 hinc
1771 3837 2009 3892 demon-

372 3945 559 3999 strare
587 3937 927 4011 incipimus.

440 4029 579 4086 XIII.
624 4026 818 4083 Primo
861 4019 1146 4087 omnium,
1192 4034 1323 4074 ecce
1363 4034 1599 4085 manna,
1632 4020 1750 4071 tam
1783 4013 1841 4068 in
1884 4011 2012 4083 lege

371 4122 431 4173 et
474 4114 776 4190 prophetis
822 4113 881 4165 et
914 4106 1199 4181 psalmis,‘
1224 4123 1401 4179 quam
1459 4106 1519 4159 in
1565 4100 1917 4171 evangelicis
1955 4103 2013 4154 et

372 4204 708 4280 apostolicis
727 4196 1159 4271 Iitteris,panis,
1186 4197 1246 4251 id
1272 4195 1547 4261 est,dp‘toc,
1577 4196 1833 4249 vocatur.
1850 4191 2013 4246 Sicut

373 4298 435 4352 in
464 4293 692 4369 psalmo
726 4310 739 4348 ε
771 4300 919 4365 ἄρτον
958 4296 1167 4361 οὐρανοῦ
1198 4293 1365 4342 ἔδοιεν
1403 4292 1581 4351 αὐτοῖς,
1613 4292 1761 4355 ἄρτον
1788 4287 2010 4369 ἀγγέλῳν

372 4367 549 4457 εφαῆιν
577 4389 825 4454 ἄνθρωπος
857 4395 870 4434 :
903 4377 1057 4449 quod
1105 4375 1283 4431 latine
1329 4372 1542 4428 dicitur
1592 4388 1604 4426 :
1645 4385 1848 4442 panem
1888 4367 2011 4457 creti

370 4455 519 4528 dedit
545 4473 644 4536 eis,
662 4484 863 4542 panem
890 4465 1207 4538 angelorum
1253 4460 1606 4516 manducavit
1632 4458 1808 4513 homo.
1850 4457 1921 4512 Et
1946 4455 2006 4510 in

366 4559 675 4633 Evangelia
715 4575 729 4615 ἶ
780 4565 943 4630 Κύριε,
993 4563 1071 4611 ἀεὶ
1116 4561 1193 4618 δὸς
1234 4559 1346 4621 ὑμῖν
1377 4559 1462 4605 τὸν
1504 4558 1652 4620 ἄρτον
1696 4558 1888 4604 τοῦτον.
1938 4547 2008 4601 Et
2038 4567 2086 4632 D

368 4650 428 4705 in
458 4648 650 4705 Exodo
684 4665 697 4704 :
731 4654 881 4709 Οὗτός
925 4650 1081 4700 ἐστινὸ
1125 4650 1286 4712 ἄρτος,
1332 4648 1387 4694 ὃν
1432 4644 1611 4693 ἔδωκεν
1659 4643 1771 4706 ίμῖν
1818 4644 2006 4707 Κύριος.

367 4737 428 4795 Si
458 4754 596 4811 ergo
623 4752 860 4802 manna,
893 4731 1044 4804 quod
1068 4732 1191 4784 erat
1218 4726 1417 4783 album
1438 4730 1495 4781 et
1526 4725 1821 4780 minutum
1854 4724 2009 4780 sicut

367 4842 569 4884 semen
598 4821 913 4888 coriandri,
935 4823 992 4875 et
1014 4815 1184 4888 quasi
1207 4814 1321 4887 pilo
1354 4819 1555 4870 tusum
1586 4814 1645 4869 in
1679 4812 2010 4869 similitudi-

365 4932 497 4973 nem
511 4912 752 4988 pruinas,
766 4912 1092 4983 gustusque
1108 4905 1236 4975 ejus
1250 4903 1417 4974 quasi
1438 4901 1643 4957 simila:
1657 4918 1789 4957 cum
1814 4901 2004 4970 melle,

365 5001 710 5062 auctoritate
757 4997 955 5053 divina
1000 4993 1217 5048 dicitur
1261 4991 1450 5063 panis,
1504 4991 1625 5045 sive
1646 5000 1806 5062 ἄρτος,
1850 4990 2005 5060 quod

367 5093 566 5165 utique
614 5087 838 5145 nullam
869 5081 1318 5141 similitudinem
1361 5083 1464 5135 aut
1492 5095 1694 5134 verum
1736 5094 2004 5148 saporem

362 5181 532 5253 panis
560 5175 817 5234 habebat
840 5191 853 5241 ;
874 5170 1163 5245 quomodo
1185 5185 1396 5241 azymis
1431 5167 1613 5239 possit
1636 5165 1759 5221 tolli
1793 5182 2003 5221 nomen

361 5269 552 5343 panis,
589 5282 704 5323 non
733 5264 1050 5319 videmus:
1083 5260 1183 5330 qui
1215 5258 1415 5329 utique
1457 5259 1684 5321 natura,
1720 5255 1907 5310 forma
1948 5259 2006 5310 et

360 5342 564 5431 sapore
611 5350 965 5410 omnimodis
1006 5348 1178 5421 panis
1207 5351 1296 5401 est
1325 5348 1383 5401 et
1412 5342 2002 5431 dicitursprsesertim

362 5428 497 5503 cum
543 5441 734 5515 angeli
772 5440 927 5513 apud
972 5436 1269 5494 Abraham
1320 5437 1378 5489 et
1432 5434 1540 5488 Lot
1582 5428 2003 5489 subcinericios

451 5553 509 5620 8)
540 5546 893 5620 Locusplan
951 5546 984 5601 d
1170 5546 1322 5601 atus.

449 5620 508 5692 .9)
535 5627 718 5692 ἄζυμα.

598 5643 718 5692 υμα.

2123 3300 2247 3355 suis
2275 3299 2335 3353 in
2357 3299 2698 3355 memoriam
2717 3317 2835 3355 sua:
2855 3300 3149 3372 passionis
3167 3303 3478 3359 Dominum
3502 3301 3765 3369 dedisse;

2120 3386 2319 3442 sciatis
2364 3386 2536 3441 istam
2583 3389 2935 3443 sententiam
2984 3394 3237 3445 vestram
3282 3390 3428 3447 satis
3455 3389 3764 3444 inﬁrmam

2121 3491 2268 3543 esse,
2302 3474 2349 3529 si
2381 3472 2538 3529 aliud
2570 3492 2685 3530 non
2716 3476 2944 3533 habetis
2973 3479 3129 3549 quod
3162 3479 3349 3551 possit
3376 3482 3572 3533 vestrae
3603 3477 3767 3549 parti

2123 3563 2328 3618 favere.
2346 3562 2549 3619 Omnis
2561 3563 2716 3619 enim
2735 3565 3027 3621 sententia
3041 3582 3111 3621 ex
3129 3565 3401 3639 opinione
3416 3565 3762 3637 procedens,

2122 3657 2210 3707 est
2255 3651 2455 3707 dubia.
2501 3653 2635 3716 Qua
2666 3657 2862 3709 autem
2896 3670 2964 3709 ex
2994 3654 3243 3710 scientia
3293 3653 3571 3726 procedit,
3612 3656 3771 3709 certa

2122 3740 2457 3795 omnimode
2485 3744 2543 3796 et
2571 3745 2716 3796 rata.
2749 3741 2932 3808 Unde,
2972 3742 3019 3798 si
3055 3741 3230 3798 aliam
3262 3742 3619 3799 sententiam
3659 3741 3764 3796 ﬂr-

2123 3829 2365 3884 miorem
2385 3845 2500 3885 non
2522 3828 2769 3897 habetis,
2790 3829 2899 3886 hac
2921 3830 3046 3887 sola
3065 3834 3183 3886 tam
3203 3831 3482 3903 ambigua
3497 3834 3767 3887 nostrum

2121 3933 2474 3975 consensum
2520 3917 2682 3973 vobis
2726 3936 2840 3974 non
2872 3918 3244 3975 vindicabitis
3278 3936 3291 3974 :
3327 3919 3467 3991 quia
3497 3923 3562 3974 ut
3601 3933 3770 3991 supe-

2119 4006 2243 4061 rius
2273 4006 2503 4078 copiose
2531 4007 3007 4076 monstravimus,
3040 4023 3300 4081 azymus,
3335 4008 3491 4064 sicut
3511 4008 3764 4064 fermen-

2119 4097 2297 4163 tatus,
2331 4094 2548 4150 dicitur
2573 4104 2735 4168 ἅρτος.
2768 4095 2919 4159 Quin
2949 4095 3125 4151 etiam
3157 4096 3488 4165 Matthaaus,
3523 4097 3626 4168 qui
3654 4095 3768 4152 He-

2121 4181 2312 4237 braice
2326 4182 2561 4255 scripsit
2582 4182 2981 4256 Evangelium,
3004 4200 3120 4239 non
3139 4184 3284 4240 dixit
3306 4202 3319 4239 :
3341 4192 3510 4241 λαϐὼν
3537 4192 3564 4240 ὁ
3594 4194 3772 4252 ιησοῦς

2117 4283 2203 4329 τὸν
2230 4281 2398 4346 ἄρτον,
2433 4271 2585 4328 sicut
2613 4270 2864 4341 Graecus,
2899 4272 2999 4328 sed
3043 4275 3110 4329 ut
3152 4272 3428 4330 Hebraeus
3459 4273 3717 4329 Hebraeis
3750 4287 3765 4327 :

2118 4364 2330 4420 Lachab
2358 4366 2517 4420 Jesus
2539 4359 2761 4415 lechem.
2792 4359 3033 4416 Lechem
3057 4365 3254 4417 autem
3275 4361 3557 4418 Hebraice
3586 4361 3767 4417 etiam

2118 4468 2387 4527 azymum
2409 4448 2599 4505 vocari
2619 4448 2679 4503 in
2705 4448 3154 4505 Deuteronomio
3177 4450 3527 4523 cognoscite,
3559 4449 3660 4506 ubi
3683 4449 3769 4506 sic

2116 4542 2367 4599 habetur
2400 4556 2412 4595 :
2445 4537 2649 4594 lechem
2676 4539 2793 4606 oni,
2816 4537 2873 4592 id
2906 4541 2998 4593 est
3025 4555 3236 4610 panem
3271 4539 3626 4608 afﬂictionis,
3678 4541 3764 4595 at-

2118 4647 2231 4703 que
2248 4646 2425 4703 panes
2444 4625 2859 4700 propositionis
2882 4625 3085 4682 lechem
3106 4629 3300 4699 pavini
3319 4628 3431 4700 (10)
3462 4628 3762 4684 dicuntur.

2116 4720 2280 4776 Unde
2309 4717 2369 4773 in
2402 4715 2652 4784 Psalmo,
2690 4732 2908 4771 manna
2948 4732 3181 4789 quoque
3228 4716 3498 4773 similiter
3519 4718 3767 4771 vocatur

2120 4813 2184 4864 ut
2223 4808 2423 4864 lechem
2455 4805 2687 4859 albicini
2714 4803 2829 4876 (11)
2859 4805 3017 4859 achal
3046 4806 3115 4873 is,
3144 4805 3300 4876 quod
3320 4803 3755 4873 interpretatur,

2116 4914 2313 4962 panem
2340 4895 2659 4963 angelorum
2678 4892 3034 4948 manducavit
3064 4894 3240 4949 homo.

2186 4984 2326 5040 XIV.
2362 4985 2507 5039 Tam
2539 4981 2790 5053 cOpiosis
2830 4997 2966 5054 ergo
2998 4982 3180 5038 trium
3212 4977 3619 5054 principalium
3648 4976 3771 5034 Iin-

2115 5090 2365 5150 gnarum
2391 5069 2673 5142 exemplis
2701 5074 3031 5126 enervatam
3057 5068 3470 5144 etymologiam
3498 5072 3765 5124 vestram

2114 5183 2182 5221 ex
2232 5161 2486 5226 nomine,
2518 5159 2673 5231 quod
2720 5162 2809 5215 est
2842 5167 3003 5232 ἄρτος,
3035 5159 3335 5233 sapienter
3374 5156 3769 5226 considerate,

2114 5258 2170 5310 et
2192 5267 2391 5323 azymo
2420 5251 2619 5304 nostro
2649 5247 3065 5304 fermentatum
3087 5251 3350 5303 vestrum
3373 5245 3649 5319 praeferre
3679 5262 3773 5302 ca-

2112 5346 2257 5397 vete.
2293 5338 2438 5403 Quia
2468 5337 2516 5392 si
2549 5353 2665 5392 non
2695 5336 2989 5393 obstinata
3018 5339 3212 5393 mente
3251 5336 3584 5394 manifestae
3616 5335 3769 5393 veri-

2111 5428 2216 5487 tati
2246 5425 2541 5493 resistitis,
2590 5428 2647 5479 et
2676 5422 2726 5480 si
2753 5424 2933 5482 Vetus
2961 5428 3019 5482 et
3058 5425 3284 5483 Novum
3316 5426 3770 5484 Testamentum

2184 5535 2297 5605 (10)
2325 5532 2550 5605 Panim.

2184 5535 2275 5605 (lo
2325 5535 2550 5591 Panim.

2183 5535 2302 5685 (11)
2329 5601 2578 5664 Abirim.
