1983 3106
60 217 116 249 9H

557 212 711 243 ADVERS
717 213 762 244 US
785 210 1011 243 GRAECORUM
1034 210 1272 243 CALUMNIAS.

1704 212 1763 242 942

62 285 160 319 aperte
176 290 235 310 nou
247 279 440 317 impugnatis,
458 279 612 307 nobiscum
636 279 743 307 sentire
760 282 787 306 et
803 280 888 315 proli-
904 280 931 312 Α
947 278 1064 306 homine
1081 278 1134 306 isto
1151 287 1184 306 cx
1199 278 1245 306 his
1270 278 1299 305 in
1319 278 1427 313 quibus
1450 285 1517 305 eum
1543 278 1697 312 accusatis,
1714 279 1765 306 sed

61 327 115 355 teri
127 326 252 359 habetis,
266 333 399 362 azymum
420 332 525 360 panem
544 323 644 355 fuisse,
665 332 750 359 quem
764 323 824 359 ipse
837 323 892 350 Do-

61 372 162 400 minus
175 371 263 399 .lesus
279 370 308 397 in
324 377 404 397 ccena
420 368 524 405 primis
540 368 672 395 Ecclesiae
685 377 744 395 sua:
759 368 892 395 fundato-

61 417 144 444 ribus
156 413 306 443 distribuit
326 413 354 441 in
372 412 544 440 memoriam
559 420 617 439 sure
638 411 795 447 passionis.
807 412 893 439 Nam.

60 462 137 489 sicut
149 459 329 488 sufﬁcienter
341 466 431 493 supra
443 459 593 485 ostensum
608 458 662 492 est,
680 457 708 483 in
721 458 830 492 septem
843 465 893 493 pa-

62 505 138 534 schae
160 504 266 532 diebus
295 503 504 530 fermentatum
529 509 581 529 nec
607 500 810 528 inveniebatur
842 509 894 528 nec

64 549 224 586 apparebat
238 548 268 575 in
285 547 398 576 cunctis
409 545 546 573 domibus
564 554 614 573 seu
626 545 734 573 ﬁnibus
746 544 843 573 Israel.
859 545 895 572 Et

65 593 143 630 apud
160 599 376 629 quemcumque
387 590 490 617 fuisset
501 590 662 623 inventum,
671 590 752 624 justa
761 589 893 617 animad-

64 637 210 671 versione,
221 635 300 664 velut
311 634 494 670 divinwlegis
505 636 714 670 transgressor,
728 634 841 669 absque
853 641 895 660 re-

68 681 279 710 crastinatione
291 679 405 715 peribat
420 679 455 706 de
468 680 541 706 emta
558 678 765 706 Israelitarum.
777 677 858 709 Quod
870 677 894 705 si

69 726 218 754 credimus
231 724 329 752 verbis
344 723 483 751 Veritatis
493 723 635 751 dicentis:
654 735 667 747 ‹‹
684 723 746 751 Non
761 722 825 749 veni
838 721 894 749 sol-

69 778 134 798 vere
149 769 255 806 legem,
272 768 323 796 sed
340 767 499 803 adimplere
514 767 617 803 (Matth.
635 776 662 799 v,
679 767 732 802 17),
752 778 765 790 ››
777 766 894 794 creden-

70 816 141 843 dum
152 814 240 842 etiam
252 815 279 841 et
292 812 509 849 praadicandum
517 814 561 840 est
569 811 725 839 Dominum
733 812 834 839 Jesum
844 818 897 838 nec

72 867 165 886 unum
174 858 233 886 iota
241 859 291 884 aut
306 865 398 884 unum
414 856 525 892 apicem
537 855 610 891 legis
632 855 815 891 praeteriisse,
826 856 854 882 et
865 856 898 882 ut

71 902 163 931 totius
181 900 423 936 transgressionis
437 902 583 935 expertem
599 899 820 927 insidiatoribus
835 898 896 926 suis

72 946 198 975 dixisse:
213 957 226 970 ‹‹
239 945 309 978 Quis
324 953 357 972 ex
372 944 452 972 vobis
463 946 566 979 arguet
578 952 622 971 me
634 944 669 971 de
680 945 797 979 peccato
808 944 896 978 (Joan.

74 1000 138 1025 vm,
152 990 207 1026 46).
219 1001 233 1015 ι)
244 989 381 1025 Alioquin
391 996 443 1016 nec
452 988 514 1024 ipse
526 990 643 1024 peccata
651 987 812 1015 multorum
820 987 896 1020 tulit,

74 1043 126 1063 nec
138 1043 190 1071 pro
201 1033 468 1070 transgressoribus
480 1032 572 1060 oravit
582 1034 614 1060 ut
623 1041 679 1059 non
694 1032 821 1068 perirent
831 1041 837 1065 ;
846 1040 898 1059 nec

74 1088 125 1117 pro
141 1079 226 1107 nobis
241 1086 358 1114 passus,
373 1077 422 1104 sed
439 1085 491 1112 pro
502 1085 556 1104 sua
571 1076 807 1113 praivaricatione
818 1076 898 1111 juste

75 1124 216 1161 punitus:
233 1121 393 1159 praesertim
410 1121 459 1157 qui
475 1129 527 1148 nec
547 1121 627 1148 solus
649 1120 722 1157 legis
734 1123 897 1156 transgres-

75 1177 124 1197 sor
139 1168 273 1196 inventus
288 1168 341 1200 est,
357 1166 528 1193 fermentato
544 1166 621 1201 apud
635 1173 666 1193 se
682 1167 751 1192 tunc
773 1167 896 1201 reperto,

76 1213 128 1241 sed
147 1212 267 1247 insuper
287 1210 396 1238 multos
411 1209 571 1245 discipulos
597 1218 660 1237 reos
677 1209 778 1237 mortis
793 1209 896 1242 effecit,

75 1258 178 1285 cibans
193 1255 258 1284 illos
269 1255 451 1283 fermentato.
462 1254 564 1281 Videte
575 1262 715 1290 quorsum
726 1254 828 1281 evadat
837 1254 897 1281 haec

75 1299 345 1336 vestradisputatio.
356 1299 465 1334 Nempe
473 1298 497 1326 si
504 1298 533 1325 iu
541 1298 725 1326 solemnitate
735 1298 896 1326 azimorum

75 1346 184 1373 dicitur
198 1344 328 1381 quolibet
339 1352 411 1371 usus
427 1343 609 1375 fermentato,
626 1351 689 1370 vere
706 1345 839 1370 mortuus
855 1351 897 1370 as-

74 1390 183 1418 seritur
196 1389 226 1417 in
243 1390 361 1425 peccato
378 1396 441 1421 suo,
460 1387 509 1423 qui
525 1391 675 1423 peccatum
688 1395 744 1414 non
757 1387 832 1420 fecit,
847 1395 898 1414 nec

72 1435 210 1462 inventus
230 1438 273 1461 est
285 1432 369 1460 dolus
379 1432 408 1460 in
417 1431 574 1468 oreipsius.
585 1432 706 1467 Insuper
715 1431 898 1458 administra-

71 1480 111 1507 tis
118 1478 226 1506 Iudaeis
238 1478 389 1505 materiam
402 1485 538 1513 magnam
552 1476 606 1504 sibi
617 1475 750 1512 placendi
763 1475 898 1511 superin-

70 1523 241 1552 terfectione
255 1521 381 1554 Domini,
398 1524 430 1549 ut
445 1521 635 1558 permanendi
651 1521 679 1547 in
690 1528 785 1548 errore
794 1528 858 1554 suo,
870 1522 898 1548 et

72 1569 162 1596 ﬁdem
173 1569 304 1595 nostram
316 1566 473 1594 evacuandi
481 1574 487 1593 :
496 1565 519 1594 si
529 1565 688 1602 gloriantes
696 1564 813 1593 nomine
819 1564 898 1593 Chri—

73 1612 171 1640 stiano
196 1610 354 1647 objecerint
377 1611 491 1639 Christo
518 1610 594 1646 quod
618 1610 786 1637 Judaorum
810 1617 897 1637 nemo

948 332 1041 359 neque
1057 323 1193 351 Herodes.
1208 323 1368 359 Corripiam
1384 331 1451 359 ergo
1467 322 1562 357 illum,
1575 325 1604 350 et
1618 322 1767 351 dimittam

948 368 1029 403 (Ibid.
1060 367 1161 403 44-16).
1179 378 1193 392 ››
1223 368 1258 394 At
1294 367 1337 394 illi
1366 366 1554 403 postulabant
1576 369 1622 403 _ut
1657 367 1769 395 cruciﬁ-

948 414 1073 447 geretur.
1089 413 1216 439 Joannes
1231 413 1330 439 autem
1346 412 1433 439 refert
1447 411 1573 439 Pilatum
1603 411 1645 439 sic
1661 411 1769 439 dixisse

947 456 1058 484 Judaeis
1070 465 1076 484 :
1089 468 1103 480 ‹‹
1115 458 1207 489 Quam
1219 456 1434 484 accusationem
1447 456 1555 484 alfertis
1568 456 1708 484 adversus
1718 456 1770 484 ho-

950 501 1059 528 minem
1074 500 1176 527 hunc?
1200 500 1287 535 (Joan.
1312 509 1391 534 xvm,
1416 500 1472 533 29.)
1497 501 1551 533 Qui
1573 501 1710 528 dixerunt
1724 500 1769 529 ei:

951 556 964 569 ‹‹
980 545 1008 572 Si
1023 553 1080 572 non
1097 546 1174 572 esset
1188 544 1234 571 hic
1251 544 1427 579 malefactor,
1453 553 1510 572 non
1535 545 1587 572 tibi
1601 545 1772 573 tradidisse-

950 598 1016 617 mus
1033 597 1099 616 eum
1116 589 1205 624 (Ibid,
1226 589 1280 620 30).
1299 600 1309 614 ι
1328 589 1362 616 Et
1385 591 1450 625 post
1474 589 1572 625 aliqua
1593 590 1706 617 dicente
1730 590 1773 618 eis

951 633 1042 660 Pilato
1058 641 1063 660 :
1077 645 1090 657 (ι
1102 633 1230 669 Accipite
1240 641 1307 660 eum
1319 642 1368 660 vos
1387 634 1415 660 et
1430 634 1590 669 cruciﬁgite
1607 635 1694 669 (Joan.
1711 643 1771 668 xu,

949 678 987 713 6).
1007 689 1019 701 η
1037 678 1278 712 Responderunt:
1297 688 1310 701 α
1327 677 1385 704 Nos
1398 677 1490 712 legem
1513 677 1668 711 habemus,
1684 680 1713 706 et
1727 686 1772 706 se-

951 722 1080 749 cundum
1096 720 1190 757 legem
1206 721 1290 748 debet
1301 721 1385 756 mori,
1397 721 1465 756 quia
1485 721 1589 749 Filium
1606 722 1656 749 Dei
1667 730 1697 750 se
1708 722 1776 750 fecit

952 766 1041 802 (Ibid.,
1057 766 1094 800 7).
1114 778 1128 789 ››
1144 766 1245 793 Nonne
1261 768 1302 792 tot
1316 766 1440 793 testibus
1456 766 1566 801 iniquis
1581 766 1610 793 in
1619 766 1775 794 Dominum

952 810 1185 847 insurgentibus,
1201 812 1229 838 et
1244 809 1390 846 iniquitati
1408 809 1558 837 mentienti
1571 810 1636 845 sibi,
1648 810 1777 838 sutl‘ecis-

952 857 997 882 set
1007 855 1060 882 hoc
1072 863 1163 882 unum
1183 856 1312 882 vestrum
1327 855 1525 888 mendacium,
1537 855 1561 882 si
1577 857 1724 883 constaret
1734 855 1777 883 eis

952 899 1056 928 saltem
1072 899 1126 926 hoc
1142 898 1261 926 solum?
1277 899 1378 927 Nonne
1394 899 1535 927 instarent
1546 899 1647 934 Pilato,
1661 902 1689 927 et
1699 900 1777 928 dice-

952 946 1017 971 rent
1028 952 1035 971 :
1045 945 1103 971 Nos
1112 943 1205 979 legem
1215 943 1368 977 habemus,
1377 945 1405 971 et
1413 943 1575 971 secundum
1589 943 1682 980 legem
1692 944 1778 972 debet

954 988 1039 1021 mori,
1056 987 1126 1024 quia
1143 988 1349 1015 fermentatum
1375 987 1404 1014 in
1429 987 1539 1023 pascha
1559 988 1708 1016 comedit?
1724 990 1776 1016 aut

953 1035 1029 1060 certe
1039 1033 1115 1068 apud
1128 1040 1194 1060 eum
1207 1032 1363 1067 apparuit?
1374 1032 1485 1060 Etforte
1500 1032 1687 1066 dicetis,eum
1700 1032 1775 1060 clam

952 1077 1047 1113 egisse
1062 1077 1125 1105 hoc.
1142 1076 1242 1104 Absit!
1262 1076 1334 1107 Quia
1350 1084 1408 1104 non
1423 1076 1519 1104 solum
1544 1077 1579 1104 de
1601 1076 1684 1104 factis
1700 1076 1774 1110 suis,

951 1130 1052 1149 verum
1067 1123 1095 1148 et
1111 1121 1145 1148 de
1160 1120 1246 1148 dictis
1272 1120 1312 1148 ait
1330 1121 1387 1156 ipsi
1409 1121 1538 1156 pontifici
1552 1121 1773 1157 percunctanti:

952 1178 965 1190 (ι
982 1166 1041 1202 Ego
1054 1165 1148 1199 palam
1159 1164 1273 1192 locutus
1284 1173 1349 1192 sum
1359 1166 1479 1193 mundo.
1491 1166 1550 1201 Ego
1563 1174 1679 1202 semper
1688 1165 1775 1194 docui

951 1210 981 1237 in
997 1218 1145 1246 synagoga
1159 1211 1187 1237 et
1199 1209 1228 1236 in
1244 1209 1362 1245 templo,
1380 1218 1438 1246 quo
1453 1218 1556 1237 omnes
1565 1210 1658 1237 Judaei
1672 1218 1775 1238 conve-

953 1255 1048 1287 niunt,
1061 1256 1089 1282 et
1099 1254 1126 1280 in
1140 1253 1253 1281 occulto
1264 1253 1380 1281 locutus
1392 1262 1456 1281 sum
1469 1254 1550 1282 nihil.
1575 1254 1649 1286 Quid
1669 1262 1716 1282 me
1731 1254 1775 1282 in~

952 1299 1101 1334 terrogas!
1121 1299 1271 1334 Interroga
1294 1307 1343 1326 eos
1369 1298 1419 1334 qui
1444 1306 1490 1326 me
1515 1299 1698 1334 audiverunt,
1713 1307 1776 1335 quae

953 1343 1074 1370 dixerim
1091 1351 1143 1379 ego
1160 1344 1247 1377 (Joan.
1263 1352 1343 1375 xvui,
1359 1343 1405 1377 20,
1420 1344 1476 1377 21).
1494 1355 1508 1368 n
1533 1344 1671 1380 Nunquid
1687 1344 1776 1372 etiam

953 1387 1106 1415 dominum
1124 1387 1229 1414 domus
1245 1387 1273 1414 in
1290 1396 1348 1423 qua
1363 1387 1473 1423 pascha
1483 1388 1657 1422 celebrabat,
1670 1390 1776 1416 sanctae

952 1431 1026 1467 legis
1042 1431 1237 1467 prevaricatio
1252 1434 1350 1467 posset
1365 1431 1476 1460 latere?
1490 1441 1577 1468 quem
1596 1434 1710 1461 constat
1725 1441 1776 1469 pa-

953 1479 1102 1504 ternarum
1120 1475 1310 1503 traditionum
1322 1476 1519 1504 zemulatorem
1531 1477 1663 1513 apprime
1674 1477 1775 1506 fuisse.

952 1520 1033 1553 Quod
1054 1519 1078 1547 si
1097 1520 1167 1547 forte
1182 1520 1301 1548 ethunc
1318 1519 1407 1548 latere
1429 1521 1533 1557 potuit,
1558 1523 1608 1549 aut
1623 1524 1698 1550 certe
1713 1521 1776 1558 ipse

952 1564 1117 1598 consensit;
1133 1565 1266 1600 nunquid
1283 1567 1311 1592 et
1324 1565 1428 1593 ludam
1443 1566 1615 1601 complicem
1632 1565 1776 1603 maligno-

953 1618 1017 1637 rum
1028 1609 1194 1637 Judazorum
1202 1609 1291 1637 latere
1297 1609 1400 1645 potuit,
1412 1610 1473 1646 qui,
1482 1611 1566 1646 juxta
1574 1611 1774 1647 Psalmistam,

72 1657 198 1691 objicere
216 1642 468 1692 p-rzesumpsitmec
484 1642 554 1682 tunc
570 1663 621 1682 nec
637 1655 734 1687 modo,
751 1654 807 1681 nisi
823 1654 896 1681 forte
911 1642 933 1678 α
953 1666 965 1679 ‹‹
979 1653 1132 1681 Unanimis
1147 1654 1210 1689 ejus
1225 1653 1284 1680 dux
1297 1642 1336 1681 -et
1360 1642 1445 1682 notus
1467 1642 1554 1690 (Paul.
1571 1664 1626 1690 LIV,
1645 1655 1699 1691 t4),
1717 1666 1731 1680 »
1747 1642 1777 1684 et

71 1703 167 1728 vestro
179 1700 299 1728 edoctus
310 1700 487 1736 magisterio.
500 1699 637 1731 Quamvis
653 1699 730 1726 enim
751 1698 897 1734 principes

75 1745 259 1773 sacerdotum
274 1746 303 1772 et
317 1752 404 1772 omne
419 1743 575 1771 concilium
601 1743 774 1779 quasissent
789 1742 897 1770 falsum

75 1789 277 1817 testimonium
289 1791 388 1815 contra
395 1788 508 1821 Jesum,
521 1790 553 1815 ut
563 1796 630 1815 eum
642 1787 726 1815 morti
740 1787 896 1820 traderent,

74 1836 169 1862 etnec
184 1833 214 1859 in
230 1832 326 1860 verbis
346 1832 409 1867 ejus
431 1832 630 1859 invenissent:
648 1833 745 1859 tamen
770 1830 826 1859 tale
849 1830 899 1858 ali-

73 1877 160 1915 quid,
173 1875 258 1912 quale
267 1884 317 1903 vos
330 1875 467 1910 objicitis,
477 1875 575 1903 nullus
583 1884 683 1902 eorum
693 1875 807 1910 objecit.
818 1874 898 1907 Quod

68 1923 94 1951 si
112 1921 218 1949 fuisset
233 1920 391 1955 objectum,
409 1919 502 1947 solum
516 1928 609 1947 unum
626 1920 774 1947 sufficeret
788 1919 823 1946 ad
835 1927 899 1954 per-

66 1967 200 1995 dendum
215 1964 310 1992 illum.
327 1966 385 1992 Nec
396 1964 458 1999 jam
482 1963 575 1991 Pilato
596 1964 704 1991 dicenti
720 1972 726 1991 ε
744 1975 758 1988 ‹‹
774 1963 901 1999 Accipite

65 2019 136 2039 eum
144 2019 206 2045 vos,
223 2011 252 2038 et
263 2009 428 2037 secundum
442 2008 538 2045 legem
550 2010 677 2036 vestram
688 2008 819 2044 judicate
833 2016 900 2035 eum

67 2056 159 2092 (Joan.
176 2063 256 2088 xvm,
272 2054 328 2090 31),
345 2065 359 2079 ››
377 2053 531 2081 dicerent:
548 2064 562 2078 ‹‹
579 2053 668 2080 Nobis
691 2061 749 2080 non
774 2052 841 2080 licet
856 2052 902 2080 in-

70 2100 204 2128 terficere
226 2107 405 2135 quemquam
432 2097 526 2133 (Ibid.)
543 2107 549 2131 ;
568 2109 582 2122 »
608 2098 677 2133 quia
691 2097 747 2133 ipsi
759 2099 902 2133 praecepto

69 2144 145 2180 legis
159 2143 372 2171 interfecissent
388 2142 557 2171 fermentati
573 2142 755 2178 participem.
773 2141 903 2177 Denique

70 2190 133 2216 tota
147 2187 176 2215 in
191 2188 293 2216 Jesum
310 2187 459 2215 calumnia
483 2195 517 2214 ex
539 2186 765 2222 interregatione
778 2186 860 2213 Pilati
877 2188 905 2213 et

72 2232 263 2268 responsione
275 2233 443 2260 Judzeorum
458 2230 595 2259 facillime
608 2232 704 2267 potest
713 2230 905 2258 animadverti

68 2278 158 2313 juxta
171 2276 358 2312 Evangelium
386 2276 512 2304 Matthaei
534 2278 563 2303 et
587 2275 687 2309 Marci,
705 2275 766 2308 ubi,
783 2275 903 2302 interro-

952 1698 1114 1734 prasertim
1134 1697 1318 1733 dispensator
1333 1698 1410 1725 fuit?
1433 1700 1523 1731 Quem
1548 1699 1611 1735 ipse
1631 1700 1775 1729 Dominus

953 1742 1056 1770 dilecto
1071 1742 1177 1769 Joanni
1188 1742 1392 1770 demonstrans
1403 1743 1443 1770 ait
1454 1751 1460 1770 :
1472 1754 1485 1768 ‹‹
1499 1743 1562 1778 Ipse
1573 1744 1669 1771 ostcui
1686 1745 1775 1772 intin-

953 1789 1032 1814 ctum
1049 1794 1153 1821 panem
1176 1794 1329 1821 porrexero
1340 1787 1433 1822 (10m.
1459 1795 1520 1821 xm,
1545 1788 1599 1823 26).
1620 1799 1634 1812 »
1660 1788 1776 1817 Etcum
1802 1787 1804 1789 ’

952 1830 1126 1858 intinxisset
1141 1838 1258 1865 panem,
1269 1831 1349 1858 dedit
1357 1831 1468 1859 Simoni
1481 1832 1636 1860 Iscariotis.
1649 1832 1719 1860 Ecce
1730 1832 1778 1861 hic

954 1875 999 1903 bis
1013 1874 1086 1902 dixit
1103 1879 1179 1910 ἄρτον
1196 1883 1282 1909 quem
1299 1884 1350 1903 vos
1366 1884 1423 1903 non
1438 1876 1495 1904 nisi
1511 1876 1717 1905 fermentatum
1733 1885 1781 1905 ac-

955 1919 1061 1955 cipitis.
1079 1920 1159 1952 Quod
1176 1919 1199 1947 si
1212 1919 1252 1947 ita
1262 1921 1316 1952 est,
1328 1928 1391 1955 quae
1412 1928 1457 1948 res
1473 1920 1624 1956 prohibuit
1634 1921 1781 1950 infelicem

955 1964 1074 1998 Judam,
1091 1963 1290 1991 demonstrato
1308 1964 1372 2000 ipso
1384 1964 1568 1998 fermentato,
1585 1965 1706 2001 prodere
1717 1974 1784 1994 san~

956 2008 1074 2044 guinem
1085 2007 1218 2044 magistri
1225 2007 1332 2043 palam,
1341 2010 1537 2044 quemadmod
1543 2018 1591 2038 um
1597 2009 1711 2037 volebat
1720 2018 1784 2046 pro-

957 2053 1024 2080 dere
1039 2052 1113 2080 clam
1123 2052 1138 2079 ?
1151 2053 1209 2080 Aut
1220 2053 1290 2088 quid
1302 2061 1423 2081 necesse
1437 2053 1541 2082 habuit
1551 2054 1732 2090 desperando
1743 2054 1785 2082 di-

958 2105 1040 2125 cere:
1067 2108 1080 2121 ‹‹
1107 2096 1235 2131 Peccavi,
1268 2098 1387 2125 tradens
1418 2098 1592 2135 sanguinem
1612 2099 1752 2134 justum?
1767 2110 1783 2124 ››

958 2141 1062 2175 (Matth.
1075 2150 1162 2174 xxvn,
1175 2141 1211 2177 4),
1224 2150 1290 2169 cum
1303 2142 1444 2170 tradendo
1457 2143 1785 2180 transgressoremlegis

962 2186 1099 2214 averterit
1114 2195 1130 2213 a
1146 2194 1176 2213 se
1191 2188 1219 2214 et
1231 2195 1248 2214 a
1262 2187 1371 2223 populo
1388 2188 1516 2216 furorem
1532 2188 1659 2223 Domini,
1680 2189 1708 2216 et
1718 2196 1784 2224 gra-

958 2230 1029 2258 tiam
1043 2231 1236 2266 promeruerit
1247 2231 1260 2258 ?
1273 2231 1309 2259 Ut
1321 2232 1398 2260 enim
1412 2235 1587 2269 praeceptum
1600 2232 1673 2269 legis
1681 2233 1785 2261 divina

961 2283 1049 2310 super
1064 2275 1118 2303 hoc
1142 2275 1268 2303 breviter
1291 2278 1459 2313 tangamus,
1486 2277 1655 2314 perpendite
1670 2277 1741 2313 quid
1757 2277 1788 2306 in

71 2323 162 2358 gante
176 2319 270 2347 Pilato
284 2328 290 2348 ι
306 2332 316 2345 ι
327 2321 402 2353 Quid
413 2321 492 2348 enim
505 2320 575 2348 mali
600 2320 666 2347 fecit
679 2322 690 2347 Ρ
701 2319 804 2355 (Matth.
819 2328 906 2353 xxvu,
924 2325 948 2357 D
963 2320 1188 2347 Deuteronomio
1206 2320 1415 2349 latiusdicatur
1427 2330 1433 2349 :
1444 2322 1491 2350 «Si
1503 2322 1644 2358 propheta
1655 2322 1789 2358 quilibet,

72 2366 131 2401 23),
145 2376 159 2389 »
175 2364 393 2392 clamaverunt:
412 2376 425 2389 ‹‹
444 2364 640 2400 Crucifigatur
657 2364 760 2399 (Ibid)
778 2374 792 2388 ››
809 2365 908 2396 Porro,

77 2411 155 2437 Luca
172 2410 340 2442 attestante,
360 2408 456 2437 omnis
472 2408 629 2436 multitudo
645 2408 793 2435 tradentes
807 2408 909 2435 Jesum

77 2454 172 2482 Pilato
187 2454 343 2482 dixerunt:
362 2465 376 2478 ‹‹
394 2453 475 2481 Hunc
498 2453 663 2481 invenimus
688 2453 909 2480 subvertentem

79 2501 196 2535 gentem
212 2501 356 2531 nostram,
372 2500 400 2525 et
417 2497 619 2534 prohibentem
637 2497 747 2524 tributa
773 2497 834 2524 dari
851 2497 909 2524 Ca2-

81 2542 141 2571 sari
157 2546 185 2571 et
199 2544 344 2571 dicentem
356 2551 387 2570 se
399 2542 547 2570 Christum
559 2550 654 2577 regem
667 2550 731 2569 esse
739 2542 814 2575 (Luc.
828 2550 908 2574 xxm,

79 2588 116 2623 2).
134 2598 148 2612 ››
165 2588 278 2619 Quibus
295 2587 381 2623 paulo
400 2588 465 2622 post
482 2586 522 2614 ait
534 2586 645 2614 Pilatus
659 2595 664 2613 :
680 2598 689 2610 α
704 2586 782 2613 Nihil
798 2586 911 2614 invenio

81 2640 176 2659 causa:
201 2631 230 2658 in
248 2631 302 2658 hoc
318 2631 437 2658 homine
463 2631 555 2666 (Ibat,
576 2631 601 2657 4.
618 2642 627 2654 ιι
652 2632 684 2658 Et
710 2629 770 2658 illi:
788 2642 801 2655 ‹‹
827 2631 911 2658 Com-

83 2676 176 2704 movit
186 2672 326 2710 populum
339 2684 390 2710 per
404 2675 571 2702 universam
584 2675 727 2708 Judzeam,
743 2675 886 2711 incipiens
896 2683 913 2702 a

84 2719 205 2748 Galilzsa
229 2727 324 2754 usque
339 2719 396 2746 huc
415 2719 508 2755 (ΗΜΛ,
520 2719 558 2753 5).
578 2730 591 2743 ››
614 2719 719 2747 Deinde
735 2722 801 2755 post
816 2720 914 2756 aliqua

85 2764 158 2792 dixit
174 2764 217 2792 eis
228 2763 358 2791 Pilatus:
376 2775 390 2788 «
405 2763 558 2790 Obtulistis
574 2763 645 2790 mihi
672 2763 749 2791 hunc
764 2764 914 2792 hominem

87 2809 172 2845 quasi
190 2810 370 2836 avertentem
386 2807 538 2845 populum,
555 2809 583 2835 et
598 2815 663 2835 ecce
679 2816 742 2844 ego,
758 2816 855 2836 coram
872 2817 915 2836 vo-

88 2854 134 2884 bis
150 2853 346 2892 interrogans,
364 2852 476 2883 nullam
491 2860 611 2881 causam
627 2852 732 2883 mortis
755 2853 870 2883 invenio
885 2853 915 2883 in

966 2364 1025 2392 sive
1040 2364 1128 2392 frater
1142 2366 1222 2398 tuus,
1249 2364 1327 2393 {ilius
1352 2367 1403 2393 aut
1427 2366 1496 2399 ﬁlia,
1522 2375 1594 2394 uxor
1617 2366 1661 2394 vel
1677 2365 1790 2394 amicus

965 2416 1053 2444 quem
1069 2408 1169 2445 diligis
1186 2411 1218 2436 ut
1234 2409 1361 2437 animum
1378 2412 1470 2445 tuam,
1486 2410 1611 2438 voluerit
1634 2410 1709 2438 clam
1726 2418 1791 2445 per-

965 2453 1103 2480 suaderse
1117 2453 1169 2479 tibi
1186 2455 1216 2479 ut
1229 2454 1368 2481 averteris
1378 2463 1395 2481 θ,
1407 2454 1581 2482 caerimoniis
1593 2454 1735 2490 legis,non
1744 2462 1792 2482 ac-

966 2497 1102 2532 quiescas
1118 2497 1154 2531 ei,
1172 2505 1224 2524 nec
1236 2498 1348 2532 audias,
1361 2507 1455 2534 neque
1465 2501 1565 2534 pareat
1574 2499 1600 2526 ei
1611 2501 1679 2526 tuus
1690 2498 1793 2527 oculus

967 2544 999 2568 ut
1013 2542 1180 2569 miserearis
1191 2544 1219 2569 et
1230 2542 1357 2569 occultes
1368 2551 1434 2569 eum
1448 2552 1455 2577 ;
1468 2543 1517 2570 sed
1531 2543 1631 2570 statim
1643 2543 1792 2579 proditum

967 2586 1075 2622 populo
1092 2586 1257 2619 interficies,
1279 2589 1311 2613 ut
1326 2589 1472 2614 avertatur
1486 2587 1628 2615 Dominus
1643 2587 1679 2615 ab
1690 2587 1733 2614 ira
1747 2588 1792 2615 fu-

968 2631 1042 2658 roris
1058 2631 1113 2663 sui,
1131 2633 1159 2658 et
1176 2631 1350 2658 misereatur
1363 2632 1427 2665 tibi,
1440 2632 1672 2668 multiplicetque
1694 2634 1732 2666 te,
1754 2632 1793 2660 si-

969 2675 1134 2710 cutjuravit
1145 2675 1277 2710 patribus
1293 2676 1351 2703 tuis
1367 2677 1454 2710 (Deut.
1471 2686 1533 2709 xm,
1548 2677 1608 2711 6-8,
1628 2677 1678 2713 l7).
1697 2689 1708 2702 ι

1005 2719 1063 2746 Χν.
1080 2719 1133 2746 Hic
1148 2728 1183 2746 ne
1199 2719 1269 2755 quid
1290 2721 1388 2748 minus
1414 2721 1522 2749 factum
1548 2721 1689 2755 videatur,
1705 2721 1794 2750 etiam

968 2764 1139 2791 vestratium
1158 2764 1286 2792 ridiculae
1306 2765 1435 2802 opinioni
1461 2766 1631 2794 obviamus:
1659 2766 1720 2802 qui,
1736 2775 1795 2795 non

971 2809 1149 2837 invenientes
1163 2818 1288 2845 quarum
1308 2813 1476 2839 sanctorum
1489 2811 1705 2848 Scripturarum
1718 2811 1798 2838 funi-

972 2853 1037 2883 culo
1048 2854 1186 2893 scapham
1197 2855 1367 2885 assertionis
1378 2865 1437 2887 suae
1447 2856 1615 2895 pertrahunt
1626 2857 1660 2885 ad
1672 2856 1797 2892 alicujus
