1983 3106
189 186 247 215 943

698 183 939 215 HUMBERTUS
963 184 995 213 S.
1020 184 1056 214 Β.
1082 184 1116 214 E.
1140 184 1390 216 GARDINALIS.

1832 185 1891 216 9η

190 250 359 279 stabilitatis
375 250 468 283 littus,
485 249 654 277 ﬂuctuando
678 249 889 285 pertrahuntur
899 249 928 276 in
940 249 1011 276 illud
1025 250 1052 283 Α
1067 252 1125 277 tam
1141 250 1284 278 decimam
1301 250 1401 278 lunam
1424 251 1602 279 omnimodis
1617 251 1829 280 observandam
1842 251 1892 280 de-

189 295 292 323 divinaz
298 292 514 329 omnipotentize
521 293 786 329 pelagus.Namque
793 293 1010 321 sciscitantibus

189 339 272 367 nobis
289 336 365 365 unde
389 337 531 365 Dominus
554 337 639 365 Jesus
662 338 867 365 fermentatum
885 338 913 365 in
930 346 1011 365 caena

187 382 332 415 habuerit,
349 390 416 409 cum
432 381 461 409 in
478 382 615 409 omnibus
629 382 738 410 finibus
756 382 841 410 lsrael
858 391 914 409 non
936 383 1011 410 inve-

185 425 307 461 niretur,
319 426 496 461 respondent
508 435 514 453 :
528 426 557 454 Si
569 426 696 454 creditur
711 427 904 462 omnipotens,
917 426 1012 462 potuit

186 470 283 499 subito
313 471 507 506 undecunque
540 471 745 498 fermentatum
780 471 925 504 exhibere,
961 473 1011 497 aut

186 517 262 543 certe
272 515 370 551 ipsum
381 523 516 551 azymum
525 515 723 542 benedicendo
733 515 916 542 fermentare.
930 515 1010 546 Quod

187 555 276 596 quam
292 558 330 587 sit
345 558 480 586 frivolum
492 567 577 587 nemo
594 567 651 586 non
670 559 824 594 intelligit;
842 559 922 594 quia,
939 567 1010 594 quo—

187 612 303 640 cunque
319 604 406 631 modo
421 603 498 639 apud
512 612 579 630 eum
602 603 631 630 in
658 604 722 639 ipsa
747 603 931 631 solemnitate
955 603 1010 630 fer-

188 650 351 676 mentatum
377 648 571 684 apparuisset,
600 647 672 683 legis
698 650 896 683 transgressor
919 648 1010 680 ﬁeret,

187 693 273 730 plane
289 693 396 729 dignus
412 692 519 728 puniri,
536 692 585 727 qui
602 692 630 719 in
647 695 752 720 sancta:
771 692 843 728 legis
860 694 1010 719 contume-

188 735 470 765 liam‘fermentatum
478 737 640 764 tractasset.
648 737 714 769 Sed,
724 737 776 764 etsi
785 736 914 772 quolibet
925 736 1010 763 modo

188 774 217 810 id
245 781 351 809 fuisset
367 780 485 813 factum,
509 780 615 816 aliquis
631 780 880 816 Evangelistarum
898 782 1010 806 tantum

188 828 318 854 narraret
329 825 515 859 miraculum,
527 833 584 852 non
597 824 717 852 inferius
730 824 779 851 illo
793 833 849 859 quo
860 832 936 859 aqua
943 833 1010 851 con-

187 879 270 898 versa
285 872 422 897 narratur
446 869 474 896 in
497 869 607 896 vinum.
634 871 666 896 Et
689 878 755 896 cum
781 871 840 895 tam
866 868 1011 895 subtiliter

188 918 270 951 gesta
284 914 343 942 sive
359 914 437 941 dicta
452 914 480 941 in
500 914 564 950 ipsa
586 922 667 941 ccena
690 913 860 941 describunt
875 915 907 940 ut
922 913 1010 940 etiam

189 959 287 995 aliqua
302 959 379 986 velut
395 958 493 986 minus
514 958 678 986 necessaria
701 958 853 985 videantur
880 958 1009 991 recitare,

189 1003 265 1032 sicut
277 1002 349 1030 illud
365 1006 409 1030 est
420 1003 456 1030 de
468 1003 653 1030 contentione
673 1003 819 1038 prioratus
840 1002 914 1029 inter
925 1001 1010 1029 disci—

189 1048 273 1084 pulos
296 1047 379 1081 facta,
405 1047 465 1075 sivo
490 1047 567 1083 quod
592 1047 732 1074 Dominus
759 1047 820 1082 ipse
845 1045 1012 1081 prmcepcrit

189 1092 272 1120 vendi
284 1092 414 1120 tunicam
426 1093 454 1119 et
464 1091 521 1119 emi
532 1091 662 1127 gladium
677 1100 683 1125 ;
696 1091 841 1126 quomodo
851 1093 909 1117 tam
922 1090 1011 1117 obsti-

189 1139 257 1165 nato
273 1136 391 1165 silentio
407 1135 547 1164 reticuere
570 1138 630 1163 tam
657 1136 812 1162 necessarii
837 1134 1011 1162 sacramenti

190 1180 317 1215 initium,
335 1183 363 1209 et
377 1182 409 1208 ut
424 1179 464 1208 ita
479 1180 623 1214 dicamus,
639 1179 837 1207 omnimodam
854 1182 1012 1206 metamor-

190 1226 316 1263 phosim,
326 1224 476 1261 etqualem
483 1233 533 1252 vos
541 1224 695 1252 somniatis
702 1224 779 1259 ‘INeq
786 1232 819 1251 ue
830 1223 908 1251 enim
921 1223 1013 1251 fuerat

190 1270 370 1306 negligenter
380 1268 679 1302 commemorandum,
691 1268 768 1303 quod
780 1267 869 1295 totius
880 1267 1012 1295 Ecclesia

188 1317 282 1344 exstat
292 1314 558 1347 fundamentum,et
569 1321 661 1348 usque
674 1313 834 1340 secundum
846 1311 950 1339 Christi
963 1312 1012 1339 ad-

188 1361 309 1388 ventum
324 1357 460 1386 retinebit
474 1357 703 1384 Christianitatis
726 1358 846 1391 statum,
869 1365 920 1392 per
936 1356 1013 1392 quod

189 1404 219 1431 in
236 1403 350 1431 Christo
365 1409 529 1435 manemus,
547 1403 574 1428 et
594 1401 656 1436 ipse
678 1401 708 1428 in
734 1401 829 1428 nobis.
855 1400 936 1428 Unde
951 1409 1012 1433 vos,

191 1445 362 1476 assertionis
372 1447 471 1473 vestrae
483 1446 683 1473 difﬁcultatem
703 1445 794 1481 passi,
809 1444 949 1472 laboratis
961 1453 1014 1472 no—

191 1492 237 1520 bis
246 1490 449 1528 przejudicinm
460 1490 553 1518 facere
563 1498 597 1517 ex
607 1489 816 1525 omnipotentia
827 1489 945 1517 Christi.
958 1489 1014 1517 Sed

190 1535 273 1564 vobis
283 1534 407 1563 ﬁdeliter
421 1537 450 1562 et
461 1536 627 1562 constanter
637 1535 864 1570 respondemus:
877 1534 1014 1565 Quamvis

193 1578 293 1609 omnia
304 1588 484 1617 quaecunque
502 1579 593 1607 voluit
608 1579 705 1606 fecerit
723 1581 751 1606 ct
769 1579 854 1606 faciat
873 1578 1015 1606 Dominus

1065 303 1102 321 nu
1109 295 1190 322 ntiat.
1199 296 1233 322 Et
1240 295 1358 323 mundis
1367 295 1485 331 quidem
1493 298 1627 331 quartam
1635 296 1779 324 decimam
1790 295 1889 324 lunam

1067 339 1154 374 primi
1169 340 1290 374 mensis,
1302 339 1465 368 immundis
1480 343 1579 368 autem
1596 342 1732 376 quartam
1748 340 1889 369 decimam

1069 383 1188 411 secundi
1198 384 1318 411 mensis.
1333 385 1364 411 Et
1382 385 1549 420 quicunque
1561 384 1645 412 aliter
1660 384 1891 420 prasumpisset,

1066 428 1100 455 de
1112 428 1205 455 medio
1218 428 1317 464 populi
1328 429 1372 456 sui
1384 429 1501 464 periret.
1515 429 1596 460 Quod
1608 429 1632 456 si
1650 428 1791 464 quaeritur
1802 436 1891 464 quare

1064 472 1191 500 Joannes
1207 472 1350 500 decimam
1367 472 1500 508 quintam
1517 473 1628 506 lunam,
1645 473 1674 500 id
1691 475 1745 506 est,
1757 472 1892 508 apascha

1065 516 1224 543 secundam
1236 516 1453 552 dixeritpascha
1465 520 1477 544 Ρ
1488 525 1555 545 cum
1579 517 1713 545 videatur
1730 516 1827 544 dicere
1841 517 1890 545 de-

1066 560 1156 588 fuisse
1176 563 1227 588 :Et
1238 561 1293 596 ipsi
1305 570 1361 588 non
1372 561 1548 589 introierunt
1558 561 1587 589 in
1599 561 1766 597 praetorium
1780 564 1811 589 ut
1831 569 1890 589 non

1065 605 1344 638 contaminarentur,
1361 606 1411 633 sed
1428 608 1460 633 ut
1475 606 1687 633 manducarent
1698 614 1808 642 azyma,
1821 614 1890 642 quo-

1066 657 1130 676 rum
1147 649 1242 684 prima
1257 652 1317 677 erat
1330 650 1391 677 dies
1406 650 1489 685 ipsa:
1516 650 1616 678 sciatis
1642 650 1839 677 indiﬁerenter
1853 650 1889 677 ab

1066 693 1255 729 Evangelistis
1272 694 1327 721 dici
1343 694 1443 729 pascha
1459 697 1486 722 et
1507 694 1694 730 azymaNam
1709 694 1776 722 licet
1792 694 1889 722 Domi-

1066 746 1121 764 nus
1138 738 1289 773 discipulis
1305 739 1429 766 dixerit:
1446 751 1459 763 ‹‹
1477 739 1563 766 Scitis
1588 738 1658 774 quia
1681 741 1748 774 post
1767 738 1889 766 biduum

1066 781 1174 816 pascha
1186 782 1233 808 ﬁet
1244 783 1346 817 (Matth.
1358 791 1436 815 xxvr,
1445 783 1483 817 2).
1499 794 1512 807 ››
1525 782 1679 810 Matthaaus
1689 784 1784 810 tamen
1795 781 1888 817 ipsius

1065 826 1121 852 diei
1139 826 1167 852 in
1191 827 1276 861 cujus
1300 835 1418 862 vespere
1443 827 1493 854 fiat
1518 827 1627 862 pascha
1650 827 1828 854 mentionem
1851 826 1891 854 fa-

1066 870 1154 903 ciens,
1173 870 1285 905 inquit:
1303 882 1316 894 ‹‹
1335 870 1432 898 Prima
1457 873 1554 898 autem
1574 879 1744 907 azymorum
1759 878 1890 898 accesse-

1066 916 1134 941 runt
1148 914 1282 950 discipuli
1296 916 1331 942 ad
1341 917 1453 949 Jesum,
1470 915 1616 943 (licentes:
1634 915 1683 943 ubi
1698 915 1740 943 vis
1756 922 1893 951 paremus

1067 958 1118 985 tibi
1135 959 1244 994 pascha
1261 960 1413 987 comedere
1428 960 1518 995 (10211..
1535 961 1588 995 l7).
1607 971 1620 984 ››
1636 959 1689 987 Cui
1710 959 1893 987 ooncordans

1067 1003 1180 1029 Marcus
1194 1002 1250 1030 ait:
1270 1016 1282 1027 α
1301 1004 1367 1031 Erat
1384 1004 1490 1040 pascha
1515 1006 1542 1031 et
1564 1012 1665 1039 azyma
1685 1005 1751 1039 post
1766 1003 1894 1030 biduum

1067 1048 1163 1081 (Marc.
1190 1055 1247 1080 xw,
1264 1048 1298 1080 l).
1315 1059 1328 1072 ›ι
1357 1048 1389 1074 Et
1413 1051 1477 1083 post
1499 1055 1606 1083 pauca:
1635 1058 1645 1071 α
1664 1047 1698 1074 Et
1721 1046 1819 1082 prima
1843 1047 1897 1074 die

1067 1100 1245 1127 azymorum,
1257 1092 1372 1127 quando
1385 1091 1691 1127 paschaimmolabant
1702 1091 1794 1127 (Ibid.,
1808 1090 1866 1126 12).
1879 1102 1894 1115 ι)

1068 1136 1120 1163 Ubi
1144 1136 1168 1163 si
1202 1136 1397 1163 indiﬁ'erenter
1433 1144 1490 1163 non
1526 1135 1710 1170 accipiuntur
1733 1134 1845 1170 pascha
1864 1137 1895 1163 et

1067 1189 1177 1216 azyma,
1190 1182 1222 1207 ut
1233 1180 1317 1207 modo
1329 1179 1437 1216 pascha
1448 1188 1499 1216 pro
1515 1180 1587 1207 festo
1607 1187 1788 1215 azymorum,
1805 1179 1893 1207 modo

1068 1225 1174 1252 festum
1186 1232 1353 1260 azymorum
1366 1224 1546 1260 intelligatur
1560 1232 1612 1259 pro
1622 1223 1732 1259 pascha
1746 1223 1894 1259 quomodo

1068 1269 1156 1296 stabit
1169 1278 1191 1295 ια
1205 1269 1273 1295 Erat
1284 1269 1391 1303 pascha
1400 1271 1429 1296 et
1439 1276 1540 1304 azyma
1551 1269 1618 1304 post
1625 1268 1749 1295 biduum
1758 1267 1787 1295 “In
1800 1267 1894 1303 (Ibidw

1069 1314 1106 1348 1.)
1121 1313 1193 1340 Nam
1203 1314 1287 1347 juxta
1302 1313 1468 1348 opinionem
1480 1314 1605 1340 vestram
1617 1312 1719 1340 debuit
1727 1312 1769 1339 sic
1783 1311 1871 1339 scribi
1885 1320 1891 1338 :

1069 1360 1134 1384 Erat
1145 1357 1252 1392 pascha
1260 1360 1323 1392 post
1332 1357 1496 1392 biduum,et
1507 1365 1608 1392 azyma
1618 1358 1685 1393 post
1695 1356 1895 1384 biduum.Sed

1069 1402 1171 1428 beatus
1187 1402 1278 1428 Lucas
1289 1409 1406 1428 omnem
1416 1401 1588 1436 hujusmodi
1605 1400 1768 1428 dissolvens
1778 1402 1894 1428 contro-

1068 1446 1192 1473 versiam
1206 1446 1318 1481 inquit:
1336 1457 1349 1470 «
1367 1445 1627 1481 Appropinquabat
1637 1444 1700 1472 dies
1712 1452 1894 1480 azymorum,

1069 1490 1119 1525 qui
1135 1490 1242 1517 dicitur
1254 1490 1362 1525 pascha
1375 1490 1449 1524 (Luc.
1473 1498 1542 1523 xxu,
1560 1489 1596 1525 1).
1614 1500 1628 1514 ››
1644 1489 1677 1516 Ει
1693 1489 1762 1524 quia
1776 1496 1842 1516 eum
1858 1496 1895 1517 eo

1069 1534 1117 1569 qui
1131 1534 1245 1569 proprie
1255 1533 1406 1560 dicebatur
1419 1533 1538 1569 pascha,
1551 1533 1764 1568 subsequentes
1776 1540 1896 1568 quoque

1070 1580 1181 1614 septem
1196 1578 1258 1604 dies
1269 1586 1437 1613 azymorum
1449 1577 1567 1605 abusive
1577 1577 1822 1613 nuncupabantur
1841 1584 1896 1612 pa-

192 1626 290 1658 Jesus,
300 1625 355 1653 hoc
366 1625 458 1652 facere
469 1632 526 1652 non
538 1624 642 1660 potuit,
657 1623 887 1659 sicutquondam
900 1623 934 1649 de
946 1622 1016 1658 lapi-
1030 1617 1051 1649 C
1071 1622 1151 1656 scha,
1167 1630 1253 1657 quem
1270 1622 1347 1649 diem
1363 1621 1448 1649 vellet
1469 1621 1635 1657 specialiter
1652 1621 1787 1657 intelligi,
1802 1621 1832 1648 in
1848 1628 1897 1648 se-

194 1670 281 1698 dibus
291 1677 396 1706 panem
413 1669 506 1697 facere
525 1677 582 1696 non
604 1668 707 1704 potuit.
729 1668 756 1695 Si
778 1668 927 1702 quaeritur,
946 1667 1017 1694 cur?

194 1715 322 1743 Breviter
333 1714 535 1750 respondetur,
551 1713 620 1749 quia
635 1712 738 1740 noluit.
762 1712 815 1739 Sed
832 1712 909 1739 unde
924 1712 1017 1739 scitur

193 1759 262 1796 quia
277 1758 370 1787 noluit
380 1759 393 1786 ‘I
408 1758 477 1794 quia
493 1766 550 1785 non
567 1757 730 1793 transgredi
747 1756 841 1792 potuit
856 1765 908 1784 nec
924 1759 1016 1783 trans-

191 1806 309 1841 gressus
321 1803 475 1839 estlegem,
486 1810 575 1838 quam
583 1810 641 1829 non
651 1801 729 1829 venit
740 1801 858 1834 solvere,
867 1801 916 1828 sed
924 1800 1015 1827 adim-

188 1849 278 1885 plere.
289 1849 397 1883 ‘Itaque
413 1856 506 1875 unum
522 1855 537 1874 e
553 1846 668 1873 duobus
684 1845 798 1881 eligatis
826 1853 943 1873 necesse
958 1847 1011 1872 est.

188 1894 245 1920 Aut
256 1893 333 1920 enim
344 1892 516 1920 fermentato
528 1891 639 1926 abjecto
651 1890 680 1917 in
699 1889 882 1917 solemnitate
898 1898 1012 1924 azymo-

188 1945 254 1965 rum
265 1937 358 1974 legem
371 1936 512 1972 implevit,
527 1937 577 1962 aut
588 1936 723 1970 suscepto
736 1934 907 1961 fermentata
919 1933 1013 1969 legem

188 1982 283 2016 solvit,
299 1983 418 2018 propter
429 1988 517 2017 quam
529 1978 746 2015 adimplendam
767 1986 797 2006 se
810 1978 922 2006 venisse
935 1986 1013 2006 men-

187 2026 259 2055 titus
274 2026 446 2059 invenietur,
463 2023 541 2060 quod
555 2023 631 2051 absit
644 2023 650 2049 l
663 2024 749 2050 Porro
761 2024 796 2051 de
807 2023 1013 2059 omnipotentis

187 2071 238 2100 Dei
247 2068 480 2106 coomnipotente
489 2068 741 2101 Filio,itahabctur
750 2068 778 2095 in
789 2068 912 2095 Joannis
925 2069 1014 2095 Evan-

189 2115 283 2151 gelio:
311 2126 325 2140 «
341 2114 405 2141 Non
431 2115 527 2149 potest
546 2112 637 2141 Filius
660 2113 752 2140 facere
775 2112 935 2148 quidquam
952 2120 969 2140 a
983 2120 1014 2140 se

189 2159 301 2196 (Matth.
317 2168 344 2192 v,
361 2158 416 2194 49).
431 2169 445 2183 )›
461 2158 514 2191 Qui
534 2157 633 2191 etiam,
650 2158 812 2185 secundum
827 2158 967 2190 Marcum,
983 2156 1012 2184 in

190 2196 284 2240 patria
298 2211 353 2231 sua
368 2211 425 2230 non
441 2204 553 2239 poterat
567 2202 690 2229 virtutes
707 2201 815 2229 multas
827 2201 929 2228 facere.

222 2248 297 2276 XVI.
311 2248 383 2276 Hinc
394 2248 433 2275 nil
447 2246 718 2284 tergiversationum
729 2248 891 2273 vestrarum
902 2248 1015 2281 praeter-

189 2292 348 2329 mittentes,
364 2292 434 2329 quia
449 2291 639 2320 consideratis
664 2292 757 2318 vestro
782 2290 954 2317 fermentato
969 2298 1013 2318 se-
1029 2301 1052 2334 D

188 2345 222 2367 cu
228 2338 417 2375 ndumlegem
424 2335 729 2377 etEvangeliumjuste
736 2333 1012 2362 contradiciastrue-

187 2392 217 2411 re
227 2383 374 2411 conamini
391 2382 549 2410 Dominum
567 2388 624 2407 non
643 2379 805 2407 celebrasse
820 2378 928 2415 pascha
943 2387 1010 2406 cum

187 2429 296 2457 Judaeis
305 2428 409 2464 quarta
419 2427 533 2454 decima
544 2425 614 2452 luna
626 2424 736 2452 mensis
748 2423 844 2460 primi,
857 2424 905 2450 sed
918 2423 1011 2459 prius-

186 2482 275 2510 quam
286 2473 363 2501 ﬁerit
379 2470 481 2507 legalis
493 2469 616 2505 abjectio
627 2468 803 2496 fermentati.
825 2469 858 2495 Et
875 2468 928 2495 hoc
947 2477 1012 2504 pro-

186 2519 255 2546 bare
270 2516 446 2546 contenditis
459 2524 492 2543 ex
514 2513 670 2550 Evangelio
684 2513 808 2540 Joannis
824 2512 873 2548 qui
885 2512 939 2540 ait:
956 2523 968 2537 (ι
980 2514 1012 2540 Et

188 2563 244 2599 ipsi
257 2571 315 2590 non
335 2560 491 2589 introivere
507 2559 536 2586 in
552 2557 731 2595 prasterium,
748 2559 780 2584 ut
795 2565 852 2584 non
868 2557 1011 2584 contami-

187 2609 337 2641 narentur,
355 2605 406 2633 sed
429 2608 460 2632 ut
476 2604 687 2631 manducarent
702 2601 811 2637 pascha
826 2601 914 2636 (Junii.
930 2610 1009 2635 xvm,

186 2652 243 2687 28).
262 2662 276 2675 ι)
292 2649 373 2682 Quod
389 2651 499 2685 quanta
515 2646 695 2675 absurditate
715 2644 839 2677 dicatur,
860 2643 964 2671 saltem
977 2652 1011 2671 ex

188 2696 242 2724 hoc
252 2693 431 2732 perpendite,
440 2692 516 2728 quod
525 2691 672 2719 Christum
682 2691 926 2724 transgressorem
938 2688 1010 2724 legis

188 2749 246 2768 non
271 2738 378 2767 cavetis
400 2738 494 2765 denuo
520 2735 726 2772 pronuntiare:
753 2734 806 2765 Qui
834 2742 918 2761 acum
934 2733 1010 2761 facta

187 2782 511 2816 essethora,discubuit
522 2781 595 2816 (Luc.
609 2787 677 2811 XXII,
692 2777 744 2812 H).
757 2789 767 2802 »
786 2777 1007 2809 Quamvisenim

185 2826 232 2856 bis
241 2834 327 2866 posse
338 2825 473 2855 celebrari
485 2823 646 2862 paschalex
655 2821 803 2856 concedat,
815 2824 912 2850 tamen
924 2830 1009 2859 quar-

1071 1666 1229 1702 quentibus
1252 1665 1316 1693 luce
1341 1665 1447 1693 clarius
1473 1666 1611 1699 ostendit,
1636 1665 1782 1693 dicens:«
1807 1664 1899 1692 Venit

1071 1713 1167 1738 autem
1185 1710 1246 1737 dies
1261 1718 1440 1746 azymorum,
1457 1710 1486 1737 in
1512 1718 1571 1745 qua
1591 1718 1707 1737 necesse
1722 1711 1784 1736 erat
1799 1709 1899 1736 occidi

1070 1755 1178 1791 pascha
1194 1754 1284 1789 (Ibid.,
1302 1755 1339 1789 7).
1355 1764 1369 1779 ν
1387 1754 1467 1786 Quod
1493 1754 1577 1790 plane
1600 1754 1630 1781 in
1654 1755 1755 1789 quarta
1780 1753 1901 1782 decima

1069 1800 1139 1827 luna
1150 1799 1236 1826 ﬁebat
1244 1799 1279 1826 ad
1289 1807 1451 1834 vesperum,
1461 1799 1579 1834 quando
1589 1806 1683 1834 agnus
1691 1797 1897 1831 occidebatur;

1069 1851 1156 1879 quem
1172 1842 1260 1870 etiam
1275 1843 1384 1878 pascha
1398 1842 1454 1870 dici
1471 1842 1512 1869 sic
1531 1841 1715 1878 Evangelista
1736 1840 1899 1877 perhibuit,

1069 1888 1205 1923 utipsum
1222 1887 1330 1923 pascha
1345 1886 1535 1915 occidendum
1545 1886 1665 1913 diceret.
1684 1886 1764 1913 Idem
1781 1893 1900 1921 quoque

1069 1932 1225 1960 inActibus
1232 1930 1430 1962 apostolorum
1440 1932 1538 1958 narrat
1551 1930 1629 1966 quod
1636 1930 1764 1957 Herodes
1776 1931 1898 1966 captum

1069 1977 1185 2005 Petrum
1202 1975 1282 2003 misit
1297 1976 1326 2002 in
1342 1983 1499 2009 carcerem,
1515 1974 1615 2002 volens
1628 1976 1694 2010 post
1710 1974 1819 2010 pascha
1829 1982 1900 2010 pro-

1069 2021 1174 2048 ducere
1190 2028 1257 2047 eum
1272 2019 1390 2055 populo.
1415 2019 1468 2050 Qui
1492 2019 1570 2054 quod
1595 2019 1705 2054 pascha
1729 2019 1807 2046 dicat
1827 2026 1899 2046 mox

1068 2065 1252 2100 subjungens
1263 2063 1389 2091 declarat
1402 2072 1408 2091 :
1424 2074 1438 2088 (ί
1449 2063 1538 2090 Erant
1548 2065 1647 2091 autem
1653 2063 1716 2091 dies
1725 2071 1900 2099 azymorum

1068 2110 1135 2144 (Act.
1152 2118 1202 2143 xu,
1220 2108 1258 2143 3).
1276 2119 1289 2132 »
1305 2108 1362 2135 Nec
1376 2107 1494 2135 mirum.
1510 2109 1582 2135 Cum
1594 2107 1683 2134 etiam
1702 2106 1791 2134 Exodi
1808 2106 1899 2134 tertio

1071 2153 1220 2186 Dominus,
1236 2153 1292 2180 tria
1307 2152 1380 2180 festa
1399 2152 1577 2188 przeeipiens,
1594 2151 1705 2188 pascha
1727 2151 1898 2185 tacuit,-so-

1067 2198 1248 2226 lemnitatem
1258 2205 1426 2233 azymorum
1437 2199 1552 2224 tantum
1563 2195 1705 2223 custodiri
1712 2195 1814 2231 jussit,
1829 2204 1900 2231 quas

1069 2241 1264 2278 praetermisso
1276 2241 1385 2277 pascha
1395 2240 1660 2276 observarinequit.
1668 2241 1757 2268 Porro
1766 2240 1900 2268 Joannes

1069 2286 1194 2322 qualiter
1208 2285 1335 2321 intelligi
1354 2285 1439 2313 vellet
1463 2285 1539 2320 quod
1564 2285 1621 2313 ait:
1639 2296 1652 2310 ‹‹
1670 2284 1708 2313 Ut
1723 2293 1780 2312 non
1795 2286 1901 2313 conta.-

1069 2332 1261 2365 minarentur,
1272 2330 1322 2357 sed
1330 2332 1362 2357 ut
1371 2329 1580 2357 manducarent
1589 2328 1699 2365 pascha
1710 2328 1797 2364 (Joan.
1810 2336 1900 2362 xvru,

1066 2377 1110 2412 28)
1123 2385 1129 2410 ;
1140 2386 1153 2399 ››
1166 2374 1253 2411 paulo
1260 2376 1325 2410 post
1336 2374 1390 2401 ait:
1403 2385 1415 2398 α
1424 2373 1490 2401 Erat
1496 2375 1594 2401 autem
1604 2380 1754 2409 parasceve
1761 2371 1899 2407 paschae,

1069 2421 1141 2449 hora
1156 2419 1240 2456 quasi
1256 2421 1336 2447 sexta
1347 2419 1434 2454 (Joan.
1447 2427 1504 2452 xxx,
1519 2418 1574 2454 14),
1590 2429 1603 2443 ››
1615 2424 1762 2454 parascere
1772 2415 1900 2451 pascha

1066 2465 1234 2501 praeparatio
1248 2463 1364 2499 paschae
1379 2463 1606 2498 interpretatur;
1622 2460 1808 2497 quandojam
1820 2468 1905 2495 prea-

1068 2510 1207 2545 parabatu
1214 2517 1226 2535 r
1236 2507 1278 2535 vel
1291 2508 1418 2535 instabat
1427 2507 1581 2535 celebritas
1589 2505 1685 2542 magni
1692 2504 1748 2533 diei
1759 2504 1901 2539 Sabbati,

1067 2554 1117 2590 qui
1133 2552 1273 2581 celebrior
1284 2551 1404 2588 reliquis
1419 2551 1608 2588 paschalibus
1629 2550 1732 2578 diebus
1748 2549 1827 2585 apud
1841 2549 1902 2578 Ju-

1066 2600 1143 2626 dmos
1158 2597 1330 2630 habebatur,
1347 2596 1418 2624 adeo
1429 2598 1470 2630 ut,
1485 2597 1521 2624 ob
1536 2595 1726 2624 reverentiam
1737 2594 1811 2630 ejus,
1823 2601 1898 2630 gen-

1065 2642 1126 2670 tilis
1141 2641 1269 2669 hominis
1294 2640 1519 2675 cobabitatione,
1544 2640 1589 2668 vel
1614 2640 1737 2668 introitu
1762 2638 1896 2675 praetorii

1065 2686 1156 2723 pollui
1167 2687 1349 2719 vererentur;
1361 2687 1389 2713 et
1398 2685 1517 2721 insuper
1528 2693 1564 2713 ne
1572 2685 1603 2712 in
1612 2693 1699 2713 cruce
1707 2685 1905 2712 remanerent

1065 2738 1187 2766 corpora
1209 2729 1238 2756 in
1264 2729 1401 2764 Sabbato,
1435 2731 1640 2766 praecaverent.
1665 2728 1723 2757 Nec
1746 2730 1901 2764 repugnat

1065 2784 1129 2804 vero
1142 2774 1219 2811 quod
1243 2773 1353 2810 pascha
1376 2773 1548 2802 solemnitas
1571 2782 1743 2810 azymorum
1768 2773 1904 2801 dicitur:

1063 2817 1301 2860 quandoquidem
1309 2818 1406 2855 ipsum
1418 2818 1528 2857 pascha
1538 2827 1605 2848 cum
1617 2818 1730 2856 azymis
1741 2817 1906 2848 edebatur,
