3966 6212
1193 280 1606 384 mensus
1653 315 2112 382 GRJECORUM
2153 311 2628 382 CALUMNIAS.

3486 306 3607 373 Μ

196 475 319 521 nec
346 458 654 532 portatum
675 453 832 514 diem
850 451 1041 524 illum,
1062 451 1215 512 sicut
1235 456 1516 528 scriptum
1539 459 1646 519 est,
1673 470 1853 534 appa-
1884 449 1938 516 Α
1966 454 2266 512 disceretis
2297 443 2618 528 plurimum
2641 443 3122 522 distarelapidem
3139 442 3510 508 sivelaterem
3533 448 3606 505 ab

209 549 375 608 nebat
403 548 821 606 fermentatum
854 546 913 601 in
945 544 1162 601 ﬁnibus
1191 544 1310 602 illis
1343 561 1528 616 usque
1547 544 1618 598 ad
1648 557 1856 614 vespe-

209 653 346 694 rum
376 641 590 693 octavas
609 636 754 703 dici,
783 651 962 707 quam
994 635 1289 689 habebant
1318 633 1776 688 celeberrimam.

284 725 456 782 XVII.
485 727 549 780 In
563 741 740 796 super
770 724 980 779 harum
1010 723 1189 777 trium
1214 723 1650 778 solemnitatum
1674 719 1858 774 conti-

212 816 378 872 nuati
410 819 538 871 octo
569 813 692 869 dies
715 829 819 885 pro
851 829 966 868 uno
1000 811 1092 867 die
1135 816 1276 866 sunt
1331 811 1535 875 habiti,
1594 809 1746 864 sicut
1789 809 1858 863 de

210 904 569 975 scenopegiee
600 902 819 957 diebus
853 900 1137 956 Dominus
1168 900 1336 954 dicit:
1372 923 1399 948 «
1433 899 1547 954 Vos
1565 897 1860 953 ascendite

213 993 286 1048 ad
319 991 476 1048 diem
511 992 724 1046 festum
746 990 922 1057 hunc,
952 1005 1058 1061 ego
1089 994 1281 1043 autem
1307 1005 1423 1042 non
1454 987 1764 1042 ascendam
1788 985 1858 1039 ad

213 1082 372 1138 diem
402 1081 620 1136 festum
651 1080 806 1134 hunc
838 1079 1002 1149 (Joan
1024 1097 1122 1146 vn,
1157 1081 1232 1145 8).
1270 1099 1297 1126 ››
1321 1078 1426 1142 Qui
1449 1082 1638 1132 tamen
1663 1079 1864 1146 postea

205 1171 337 1242 jam
380 1171 475 1225 die
507 1169 656 1224 festo
689 1167 982 1223 mediante
1035 1167 1250 1221 dicitur
1293 1165 1648 1230 ascendisse,
1691 1168 1746 1218 et
1803 1162 1861 1215 in

216 1259 539 1314 novissimo
557 1272 782 1328 magnae
805 1255 1138 1311 festivitatis
1157 1255 1248 1309 die
1266 1254 1497 1310 stetisse
1539 1257 1594 1308 et
1612 1252 1861 1307 clamas-

218 1363 305 1403 se:
340 1369 369 1396 «
401 1345 457 1400 Si
489 1345 621 1417 quis
655 1343 997 1409 sitit,veniat
1025 1344 1096 1398 ad
1120 1360 1212 1398 me
1227 1348 1285 1398 et
1313 1342 1680 1413 bibat(lbid.,
1713 1340 1862 1408 37.»)

288 1434 485 1489 XVIII.
518 1435 663 1488 Ecce
691 1432 904 1488 vestris
926 1432 1306 1503 opinionibus
1328 1430 1596 1486 reluctati
1619 1428 1862 1485 forsitan

209 1522 352 1595 plus
383 1521 714 1588 necessario
747 1521 968 1575 fuimus
997 1521 1222 1575 verbosi
1249 1537 1262 1586 ;
1299 1520 1398 1574 sed
1431 1519 1566 1573 hinc
1623 1517 1866 1572 minime

217 1610 502 1667 debemus
532 1608 904 1680 reprehendi,
938 1607 1078 1680 quia
1101 1625 1338 1664 causam
1369 1607 1628 1662 humano
1669 1603 1866 1676 generi

221 1715 400 1772 super
431 1698 630 1755 omnia
672 1698 1067 1753 necessariam
1125 1697 1419 1753 voluimus
1466 1693 1754 1750 evacuari.
1806 1690 1866 1747 Si

229 1786 513 1843 Dominus
541 1785 715 1843 Jesus
743 1785 926 1858 legem
960 1787 1248 1857 potuisset
1292 1784 1645 1856 transgredi,
1675 1780 1868 1836 inanis

227 1875 386 1932 enim
407 1879 562 1931 esset
580 1874 724 1929 ﬁdes
743 1878 960 1943 nostra,
975 1875 1168 1930 inanis
1188 1873 1584 1946 etpraedicatio
1629 1874 1827 1925 nostra
1851 1886 1862 1935 ;

227 1965 369 2035 quia
399 1967 598 2035 posset
626 1963 814 2018 doceri
849 1966 1148 2034 peccatum
1180 1963 1313 2017 Adae
1331 1961 1588 2017 obfuisse
1607 1959 1867 2013 humano

227 2053 447 2126 generi,
482 2056 727 2107 mortem
750 2057 949 2107 autem
969 2051 1183 2106 Christi
1213 2051 1355 2105 nihil
1374 2049 1684 2121 profuisse.
1707 2049 1870 2103 Nunc

229 2140 536 2213 sequentia
561 2140 868 2196 videamus
894 2158 906 2194 :
940 2140 1039 2194 ubi
1067 2145 1378 2211 postquam
1400 2139 1564 2194 vanis
1585 2137 1871 2192 declama-

229 2229 512 2295 tionibus,
543 2235 610 2282 ut
660 2245 838 2299 supra
894 2232 1275 2294 monstratur,
1306 2237 1453 2299 ἄρτον
1511 2225 1871 2297 interpretati

233 2317 430 2374 fuistis
456 2315 742 2371 elevatum
775 2319 830 2370 et
861 2332 1099 2370 sursum
1132 2321 1420 2387 portatum
1454 2333 1487 2370 a
1517 2316 1798 2370 fermento
1817 2319 1874 2368 et

235 2405 376 2470 sale,
404 2404 654 2460 calorem
687 2410 744 2459 et
773 2403 1151 2460 elevationem
1200 2405 1534 2469 habentem,
1586 2403 1873 2458 horrenda

235 2494 510 2562 cessitate,
537 2493 853 2549 abominati
885 2510 1105 2566 azyma,
1140 2494 1393 2549 dixistis:

306 2583 449 2639 XIX.
481 2582 1218 2637 CONSTANTINOPOLITANUS.
1252 2586 1468 2650 Azyma
1499 2584 1694 2635 autem
1727 2579 1873 2633 nihil

233 2672 455 2728 distant
481 2689 516 2726 a
544 2671 736 2742 lapide
766 2669 892 2725 sine
923 2671 1120 2725 anima
1145 2674 1201 2724 et
1231 2669 1350 2724 luto
1384 2669 1579 2724 lateris
1604 2670 1875 2724 deorsum

235 2761 550 2830 conjuncta
572 2763 758 2826 terrae,
791 2763 849 2814 et
874 2759 959 2814 sic
989 2759 1110 2814 luto
1141 2763 1492 2830 comparata.

309 2847 426 2902 XX.
459 2847 760 2902 ROMANUS.
796 2847 948 2902 Heu!
1017 2845 1158 2901 heu!
1194 2846 1342 2905 heul
1401 2845 1645 2901 Domine
1694 2841 1875 2899 Deus!

239 2952 370 2992 ecce
399 2934 678 3007 compleri
703 2935 970 2991 videmus
1001 2935 1283 3007 principis
1304 2934 1703 3006 apostolorum
1735 2951 1878 3004 prae-

241 3024 474 3096 sagium
515 3023 732 3078 nostris
789 3024 1174 3096 temporibus.
1200 3047 1228 3074 ‹‹
1262 3025 1343 3079 Ex
1369 3022 1552 3092 vobis,
1589 3045 1617 3072 »
1667 3021 1877 3094 inquit,

242 3135 272 3164 α
304 3117 475 3168 erunt
503 3111 766 3183 magistri
812 3114 1144 3180 mendaces,
1205 3113 1304 3184 qui
1353 3113 1633 3168 inducent
1690 3115 1881 3167 sectas

1968 545 2207 618 azymis,
2227 549 2284 601 et
2312 545 2465 616 quod
2490 541 2782 614 lapidibus
2810 558 2913 599 seu
2935 540 3218 598 lateribus
3239 540 3450 612 paries,
3476 557 3605 613 azy-

1969 635 2082 689 mis
2113 640 2305 690 autem
2339 633 2834 689 conﬁrmeturcor
2860 632 3136 687 hominis.
3171 630 3292 694 Que
3337 631 3606 701 quamvis

1967 723 2287 778 humanam
2320 723 2498 776 vitam
2557 719 2952 792 temporaliter
3007 721 3357 784 sustentant,
3408 720 3606 773 tamen

1969 811 2093 867 sine
2114 813 2309 866 anima
2330 827 2476 874 esse,
2506 810 2722 864 sicutet
2744 805 3382 872 fermentatum,nullus
3397 821 3608 878 negare

1969 902 2166 968 audet,
2200 901 2310 955 nisi
2344 899 2699 954 Manichacus
2733 899 2992 952 demens.
3027 897 3174 951 Nam
3233 895 3293 949 in
3351 895 3609 967 corporis

1968 989 2177 1044 Christi
2208 989 2482 1060 mysterio
2515 987 2917 1041 indubitanter
2943 985 3139 1041 vitalis
3160 1001 3294 1039 esca
3318 985 3385 1039 fit
3406 1000 3608 1056 perpe-

1968 1081 2088 1132 tuo.
2123 1078 2232 1132 Sed
2279 1078 2419 1131 dum
2470 1075 2722 1130 nitimini
2780 1074 3108 1146 apostolicis
3160 1073 3283 1130 sedi
3333 1075 3611 1146 derogare

1971 1181 2148 1236 super
2179 1168 2420 1236 azymis,
2472 1164 2778 1235 putredine
2828 1163 3155 1219 inveteratis
3216 1161 3454 1218 haeresis
3509 1177 3612 1216 vos

1973 1258 2192 1309 scatere
2225 1252 2584 1318 monstratis,
2620 1252 2932 1306 asserendo
2963 1250 3214 1322 panibus
3244 1249 3439 1306 inesse
3486 1249 3611 1305 aui-

1973 1358 2130 1396 mam
2152 1341 2534 1406 fermentatis,
2567 1341 2744 1394 etiam
2777 1339 2998 1411 absque
3016 1338 3290 1410 mysterio
3303 1338 3498 1410 aliquo
3510 1339 3613 1394 do-

1973 1431 2199 1486 minicze
2231 1430 2542 1502 passionis.

2043 1518 2184 1574 XXI.
2221 1520 2383 1582 Quod
2416 1523 2609 1574 autem
2640 1516 3083 1572 calumniamini
3118 1531 3321 1588 azyma
3340 1516 3616 1570 deorsum

1973 1613 2138 1664 terrae
2170 1609 2499 1678 conjuncta.
2536 1624 2652 1662 non
2680 1623 2965 1678 negamus
3006 1605 3182 1677 vulgo
3239 1604 3362 1660 haec
3413 1604 3617 1659 eadem

1977 1697 2059 1752 sic
2090 1697 2282 1768 parari
2313 1696 2610 1768 lapidibus
2637 1700 2738 1750 aut
2775 1695 2980 1766 argilla
3006 1693 3519 1766 superposita,non
3541 1689 3619 1747 si-

1897 1819 1944 1883 Β
1978 1790 2076 1841 cut
2105 1785 2318 1850 dicitis,
2352 1788 2516 1839 terra}
2550 1784 2882 1854 conjuncta.
2917 1783 3130 1837 Verum
3164 1782 3282 1836 haec
3329 1780 3404 1835 ad
3462 1796 3620 1836 com-

1978 1891 2186 1929 munes
2200 1890 2343 1928 usus
2357 1873 2661 1928 hominum
2682 1875 2738 1925 et
2750 1877 3086 1924 cmterorum
3101 1869 3444 1925 animalium
3463 1867 3622 1924 tran-

1976 1965 2181 2028 seunt;
2216 1979 2351 2016 nam
2384 1961 2455 2016 ad
2489 1975 2761 2031 magnam
2791 1958 3008 2013 Christi
3037 1973 3303 2013 mensam
3317 1971 3432 2012 non
3462 1969 3625 2012 acce-

1979 2052 2160 2117 dunt;
2181 2051 2281 2104 sed
2305 2049 2449 2104 illud
2463 2049 2652 2104 solum
2668 2048 2823 2119 quod
2837 2047 3062 2102 diaconi
3087 2062 3219 2101 cum
3244 2044 3622 2101 subdiaconis

1980 2156 2083 2195 seu
2115 2139 2225 2210 ipsi
2258 2139 2611 2205 sacerdotes,
2663 2136 2846 2192 sacris
2894 2136 3096 2191 amicti
3152 2134 3435 2202 vestibus,
3487 2149 3622 2190 cum

1981 2227 2232 2283 melodia
2244 2225 2603 2298 psalmorum
2635 2239 3015 2295 conspersum
3028 2223 3151 2278 etin
3180 2223 3331 2278 ferro
3353 2227 3625 2295 paratum

1979 2335 2047 2373 ex
2079 2315 2388 2372 secretario
2408 2314 2975 2386 proferunt.Nempe,
3007 2312 3161 2367 sicut
3181 2311 3486 2382 apostolici
3516 2313 3628 2366 Ac-

1980 2412 2077 2461 tus
2106 2405 2388 2470 iudicant,
2422 2403 2651 2458 diaconi
2682 2401 3011 2474 specialiter
3040 2400 3342 2456 constituti
3374 2404 3626 2455 suntsu—

1982 2512 2086 2567 per
2115 2496 2224 2549 hoc
2265 2510 2432 2565 opus,
2495 2497 2660 2547 Petro
2716 2491 2974 2547 dicente:
3009 2513 3038 2540 «
3069 2490 3194 2545 Non
3251 2493 3342 2545 est
3394 2478 3628 2561 teqimm

1984 2583 2312 2654 relinquere
2337 2599 2444 2637 nos
2471 2581 2712 2636 verbum
2744 2581 2866 2647 Dei,
2900 2583 2958 2634 et
3013 2579 3352 2634 ministrare
3407 2577 3629 2635 mensis

1985 2673 2132 2743 (Act.
2166 2689 2241 2739 v1,
2273 2675 2349 2737 2).
2387 2693 2413 2719 ››
2444 2670 2560 2726 Vos
2592 2674 2809 2734 autem,
2843 2668 2996 2724 sicut
3026 2667 3212 2722 facere
3270 2683 3378 2722 nos
3434 2657 3627 2738 repre-

1986 2760 2261 2827 henditis,
2287 2775 2391 2813 nec
2415 2760 2471 2812 in
2493 2758 2686 2829 lapide
2701 2761 2802 2812 aut
2823 2756 3029 2828 argilla
3050 2771 3152 2811 seu
3175 2754 3372 2826 alique
3390 2743 3627 2810 metallo

1985 2853 2244 2903 vestrum
2276 2847 2684 2903 fermentatum
2717 2845 2956 2917 paratis.
3007 2845 3155 2917 Ergo
3213 2847 3315 2899 aut
3369 2843 3432 2898 in
3478 2859 3631 2914 aqua

1987 2937 2226 3008 paratis,
2261 2943 2359 2991 aut
2379 2937 2449 2990 de
2480 2935 2621 2990 coelo
2656 2951 2874 2990 manna
2901 2933 3058 2988 venit
3111 2932 3296 2998 vobis,
3346 2931 3510 3004 quod:
3556 2931 3628 2987 ad

1988 3026 2280 3080 humanos
2309 3029 2366 3080 et
2395 3024 2625 3079 divinos
2655 3041 2799 3078 usus
2824 3022 3075 3079 habetis.

2062 3113 2233 3169 XXII.
2265 3113 2375 3168 Sed
2409 3113 2480 3167 ad
2515 3111 2780 3183 relinqua
2827 3110 3032 3166 frivola
3086 3113 3282 3166 vestra
3303 3108 3629 3165 veniamus.

242 3201 605 3274 perditionis,
638 3207 695 3256 et
722 3218 856 3256 eum
888 3203 990 3272 qui
1022 3200 1173 3256 eruit
1201 3183 1300 3257 eos
1313 3202 1626 3257 Dominum
1642 3204 1874 3272 negant.
1909 3183 1954 3250 (ἶ
1990 3203 2116 3259 Non
2147 3201 2438 3256 invenitur
2460 3200 2685 3269 Moyses
2706 3199 2922 3254 dixisse
2943 3215 3146 3270 azyma
3162 3196 3326 3254 malas
3339 3197 3634 3270 passio-uis

240 3290 704 3362 Superducentes
734 3290 846 3345 sibi
877 3290 1122 3345 celerem
1156 3290 1563 3362 perditionem,
1595 3296 1654 3345 et
1710 3288 1880 3344 multi

237 3383 562 3451 sequentur
593 3393 797 3433 eorum
824 3378 1107 3444 luxurias,
1141 3395 1243 3450 per
1273 3396 1420 3449 quos
1466 3379 1559 3433 via
1620 3378 1883 3434 veritatis

238 3466 708 3539 blasphematur,
738 3470 796 3520 et
824 3466 882 3519 in
917 3467 1159 3522 avaritia
1187 3467 1342 3521 fictis
1389 3467 1580 3522 verbis
1612 3468 1682 3521 de
1720 3466 1884 3522 vobis

236 3556 715 3627 negotiabuntur.
733 3553 956 3616 Quibus
979 3553 1268 3623 judicium
1291 3556 1416 3624 jam
1440 3553 1578 3610 olim
1602 3571 1722 3608 nun
1760 3569 1884 3609 ces-

235 3647 446 3712 sat,et
468 3639 716 3711 perditio
776 3657 980 3694 eorum
1037 3658 1153 3696 non
1211 3642 1493 3696 dormitat
1521 3642 1591 3710 (Il
1621 3645 1764 3696 Petr.
1821 3658 1882 3707 ιι,

239 3730 388 3800 1ο3).
419 3749 447 3778 ››
481 3727 666 3797 Cujus
696 3728 994 3782 sententiae
1026 3730 1384 3784 concordans
1402 3731 1606 3783 ductor
1624 3729 1886 3800 gentium

235 3817 328 3876 ait
357 3815 697 3872 Timotheo:
733 3838 761 3866 «
795 3815 950 3870 Scito
982 3817 1136 3887 quod
1170 3816 1229 3870 in
1289 3816 1623 3873 novissimis
1680 3817 1889 3872 diebus

236 3905 552 3963 instabunt
582 3908 850 3975 tempora
904 3903 1246 3975 periculosa,
1288 3907 1345 3958 et
1397 3909 1569 3960 erunt
1622 3906 1891 3961 homines

242 3994 476 4065 seipsos
508 3996 794 4060 amantes,
818 3992 1036 4065 cupidi,
1069 3993 1224 4061 elati,
1258 3993 1516 4064 superbi,
1565 3994 1891 4066 blasphemi

246 4084 322 4155 (II
369 4082 504 4136 Tim.
561 4098 648 4147 111,
709 4082 840 4152 1-2),
877 4103 906 4130 »
961 4085 1018 4136 et
1069 4087 1293 4137 caetera.
1354 4083 1422 4136 Et
1483 4088 1613 4154 post
1670 4099 1888 4154 pauca:

247 4193 279 4223 κ
309 4169 822 4236 Quemadmodum
853 4169 1096 4224 Jamnes
1126 4175 1183 4225 et
1207 4171 1500 4225 Mambres
1560 4172 1896 4226 restiterunt

244 4258 452 4330 Moysi,
495 4257 576 4313 ita
606 4262 664 4313 et
693 4258 792 4313 isti
816 4258 1100 4314 resistunt
1128 4259 1380 4325 veritati,
1414 4258 1679 4315 homines
1698 4277 1894 4315 corru-

245 4347 336 4420 pti
366 4350 582 4414 mente,
608 4347 838 4417 reprobi
856 4346 1010 4402 circa
1033 4347 1228 4402 ﬁdem.
1263 4349 1374 4403 Sed
1398 4349 1680 4403 ultranon
1728 4349 1898 4419 proﬁ-

243 4433 430 4491 cient.
453 4434 796 4505 Insipientia
825 4437 980 4491 enim
1013 4452 1214 4491 eorum
1247 4437 1555 4492 manifesta
1584 4435 1896 4492 eritomni-

1991 3295 2048 3347 et
2075 3288 2472 3344 tribulationis
2494 3287 2760 3360 symbola
2791 3288 2994 3353 fuisse,
3023 3288 3125 3342 sed
3156 3288 3360 3343 lechem
3406 3287 3520 3354 oni,
3563 3286 3625 3342 id

1989 3384 2078 3436 est
2106 3393 2304 3449 panem
2320 3379 2668 3446 afﬂictionis:
2703 3392 2819 3430 non
2849 3375 3007 3446 quod
3034 3375 3384 3432 naturaliter
3411 3374 3635 3447 aliquid

1993 3465 2328 3522 afflictionis
2360 3466 2417 3519 in
2449 3481 2511 3520 se
2541 3465 2770 3529 habeat,
2804 3463 2903 3517 sed
2934 3463 3087 3532 quod
3116 3461 3373 3517 Hebraeis
3403 3463 3482 3517 ad'
3508 3477 3636 3518 me-

1995 3554 2242 3608 moriam
2271 3556 2497 3607 revocet
2527 3553 2684 3622 quia,
2719 3551 2789 3604 ab
2820 3550 3107 3621 Egyptiis
3137 3550 3292 3604 exire
3321 3541 3634 3620 compulsi,

1997 3656 2370 3710 conspersam
2429 3639 2699 3707 farinam,
2768 3641 3080 3708 antequam
3167 3638 3637 3706 fermentaretur,

1999 3727 2321 3800 aportarint
2351 3727 2408 3780 in
2432 3727 2722 3792 humeris;
2748 3729 2975 3797 quae,ut
2995 3726 3268 3797 superius
3285 3725 3642 3782 sufﬁcienter

2001 3815 2408 3880 disseruimus,
2469 3814 2614 3868 nihil
2663 3831 2771 3870 nos
2826 3817 3077 3885 tangunt
3132 3814 3304 3885 juxta
3387 3814 3639 3871 carnalis

2001 3903 2428 3961 observantiam
2485 3903 2653 3958 ritus.
2706 3904 2836 3958 Ideo
2895 3903 3286 3958 discutiamus
3340 3903 3498 3974 quod
3550 3917 3640 3959 se-

2003 3994 2220 4065 quitur.

2075 4081 2266 4137 XXIII.
2301 4083 3034 4137 Consrmrmorourmus.
3067 4084 3510 4137 Nostrumvero
3541 4097 3646 4152 pa-

2003 4170 2148 4227 scha
2170 4170 2450 4242 gaudium
2483 4173 2541 4224 et
2557 4169 2756 4225 laetitia
2770 4174 2961 4225 totum
2991 4174 3098 4239 est,
3119 4174 3177 4226 et
3206 4167 3428 4226 extollit
3452 4185 3560 4225 nos
3572 4171 3644 4225 ab

2007 4261 2186 4315 humo
2209 4264 2442 4330 propter
2471 4258 2752 4330 gaudium
2784 4260 2856 4314 ad
2887 4259 3120 4327 coelum,
3146 4259 3298 4316 sicut
3317 4263 3374 4315 et
3402 4258 3648 4314 fermen-

2006 4351 2154 4416 tum,
2186 4353 2421 4419 propter
2451 4347 2751 4418 proprium
2781 4347 3054 4417 calorem,
3087 4363 3328 4421 panem;
3356 4347 3458 4420 qui
3480 4348 3650 4420 panis

2008 4435 2168 4492 omni
2201 4437 2486 4492 suavitate
2520 4437 2774 4508 repletus
2805 4441 2912 4493 est.
2945 4439 3228 4510 Azymum
3256 4454 3413 4505 vero,
3460 4453 3650 4510 neque

245 4523 385 4589 bus,
418 4520 572 4576 sicut
601 4524 658 4576 et
697 4521 933 4579 illorum
991 4525 1104 4579 fuit
1160 4526 1344 4595 (Ibid.,
1374 4525 1431 4592 8,
1460 4525 1536 4596 9).
1574 4546 1600 4573 »
1635 4525 1796 4580 Unde
1841 4528 1899 4579 et
1927 4543 1974 4606 υ
2008 4525 2094 4580 sal
2128 4541 2315 4596 neque
2337 4524 2686 4580 fermentum
2709 4526 3151 4593 habens,lutum
3175 4529 3264 4582 est
3283 4520 3656 4583 aridum.Aut

244 4624 352 4666 vos
382 4607 756 4679 impudenter
775 4611 1150 4668 detrahentes
1181 4613 1408 4685 azymis
1439 4612 1617 4667 etiam
1647 4611 1734 4667 illi
1765 4612 1900 4667 vivi-

247 4699 358 4754 ﬁco
390 4695 665 4768 mysterio
699 4699 1115 4770 redemptionis
1146 4706 1356 4757 nostrae
1389 4701 1684 4756 inauditas
1743 4701 1898 4769 inju-

247 4787 368 4844 rias
397 4786 656 4857 irrogare
687 4803 802 4842 non
841 4787 1080 4845 timetis.
1115 4791 1229 4845 Nec
1254 4791 1470 4844 mirum
1502 4790 1550 4844 si
1585 4789 1644 4843 in
1660 4789 1900 4845 secretis

249 4875 585 4932 calestibus
615 4875 768 4931 acies
800 4878 1015 4932 mentis
1047 4883 1248 4933 vestris
1280 4879 1510 4949 caligat,
1532 4875 1903 4948 quandoqui-

249 4964 466 5021 demin
489 4964 736 5020 terrenis
777 4969 897 5021 tam
957 4983 1222 5038 perverse
1277 4972 1450 5034 errat;
1508 4973 1571 5021 ut
1632 4982 1897 5038 azynum,

247 5053 406 5126 quod
433 5052 560 5109 visu
590 5058 648 5108 et
673 5057 832 5109 tactu
865 5057 1039 5126 atque
1069 5059 1244 5127 gustu
1277 5054 1452 5108 simul
1487 5059 1542 5109 et
1575 5071 1680 5108 usu
1715 5055 1900 5124 quoti-

251 5141 428 5197 diano
457 5155 668 5211 panem
687 5143 1052 5213 comprobat,
1078 5141 1331 5213 lapidem
1353 5159 1454 5196 seu
1475 5143 1694 5196 siccum
1711 5141 1898 5196 lutum

251 5227 452 5284 lateris
481 5227 696 5281 credat.
731 5230 822 5296 Et,
855 5246 886 5284 ο
918 5247 1098 5300 quam
1121 5231 1359 5302 dignam
1385 5231 1597 5285 erroris
1621 5231 1711 5285 sui
1747 5247 1898 5284 mer-

252 5315 456 5372 cedem
486 5317 680 5368 vestra
711 5316 948 5371 vesania
978 5317 1276 5388 reciperet,
1304 5318 1351 5372 si
1373 5318 1536 5372 vobis
1555 5319 1820 5385 retrusis,
1843 5323 1900 5373 ct

253 5401 418 5468 omni
441 5399 840 5458 consolatione
859 5404 1102 5459 humani
1131 5407 1319 5460 victus
1334 5406 1894 5478 fraudatis,lapidem

254 5509 361 5553 seu
393 5489 620 5548 siccum
669 5488 860 5545 lutum
909 5490 1107 5547 lateris
1165 5498 1480 5564 apponeret
1535 5493 1748 5566 aliquis
1797 5513 1898 5567 pro

255 5579 482 5655 azymis
499 5577 511 5634 l
531 5576 619 5636 Ibi
632 5576 832 5650 procul
849 5578 1028 5636 dubio
1039 5578 1098 5636 in
1117 5596 1348 5637 summo
1366 5581 1702 5638 discrimine
1713 5589 1903 5640 vestro

2012 4631 2126 4668 non
2161 4612 2410 4668 audistis
2424 4613 2627 4668 Jesum
2646 4613 2932 4669 dicentem
2952 4613 3260 4687 discipulis
3283 4615 3406 4670 suis
3431 4630 3445 4668 :
3483 4635 3506 4663 α
3537 4618 3654 4670 Vcs

2011 4702 2151 4758 estis
2185 4701 2268 4756 sal
2299 4706 2462 4756 terra:
2487 4702 2516 4755 ‘?
2550 4724 2570 4750 ιι
2607 4702 2804 4758 Matth.
2865 4720 2917 4757 v.
2954 4703 3067 4774 l3.)
3126 4704 3226 4757 Et:
3252 4725 3280 4752 ‹‹
3313 4701 3518 4757 Simile
3565 4707 3658 4758 est

2014 4807 2258 4861 regnum
2289 4788 2567 4845 oculorum
2600 4790 2903 4856 fermento,
2937 4791 3092 4860 quod
3122 4780 3412 4861 accipiens
3444 4788 3659 4844 mulier

2015 4878 2321 4934 abscondit
2341 4877 2398 4931 in
2428 4877 2622 4930 larium
2657 4878 2799 4932 satis
2823 4877 3031 4944 tribus,
3067 4879 3251 4932 donec
3274 4868 3656 4933 fermentare-

2014 4971 2111 5020 tur
2137 4965 2363 5020 totum?
2394 4964 2600 5033 (Matth.
2639 4982 2760 5030 xm,
2817 4966 2931 5032 33.)
2966 4988 2991 5013 υ
3022 4957 3324 5020 Mulierem
3394 4955 3660 5022 sanctam

2019 5053 2330 5108 Ecclesiam
2362 5059 2524 5107 vocat
2550 5071 2562 5107 :
2597 5053 2737 5107 satis
2768 5070 2900 5107 vero
2929 5052 3138 5119 tribus,
3170 5053 3278 5108 hoc
3309 5057 3416 5120 est,
3467 5052 3659 5108 tribus

2017 5141 2229 5196 modiis
2253 5139 2512 5211 repletis,
2546 5141 2772 5195 Patrem
2804 5144 2862 5195 et
2893 5139 3098 5195 Filium
3128 5145 3186 5195 et
3215 5141 3499 5214 Spiritum
3533 5155 3661 5197 san-

2016 5236 2199 5297 ctum,
2232 5246 2479 5300 quorum
2510 5245 2882 5300 nequaquam
2903 5227 3261 5285 lutulentum
3284 5245 3553 5303 azym-um
3571 5234 3662 5287 est

2014 5317 2328 5390 particeps.

2084 5407 2276 5461 XXIV.
2315 5408 2608 5462 Romans.
2664 5407 2949 5479 Optamus
3005 5408 3312 5465 vobiscum
3367 5406 3662 5464 celebrare

2015 5496 2254 5568 pascha,
2285 5497 2440 5568 quod
2461 5500 2644 5551 totum
2679 5497 2756 5551 sit
2777 5495 3000 5566 laetitia,
3030 5502 3088 5554 et
3116 5498 3357 5572 plenum
3376 5497 3576 5572 gaudii
3595 5499 3656 5553 in

2010 5589 2166 5641 terra
2194 5585 2412 5642 scilicet
2437 5585 2775 5656 viventium,
2809 5587 2948 5660 quia
3004 5587 3114 5646 hoc
3142 5585 3365 5647 homini
3433 5601 3675 5658 causes-3
