3966 6212
410 343 524 409 94³1

1429 349 1910 420 HUMBERTUS
1957 350 2022 410 S.
2069 345 2142 406 Β.
2188 343 2259 408 Ε.
2303 344 2797 413 CARDINALIS.

3693 353 3822 430 948

409 495 542 535 sum
564 481 652 536 est
679 476 739 536 in
763 482 918 538 terra
947 483 1347 555 morientium,
1393 488 1491 542 ubi
1523 491 1579 542 et
1617 487 1687 541 de
1745 481 2047 554 praeteritis
2076 477 2133 545 Α
2162 478 2368 551 farina,
2402 483 2459 538 id
2493 486 2598 550 est,
2633 485 2812 540 totius
2843 481 3086 542 humani
3109 484 3335 560 generis
3358 486 3671 545 massazin
3697 504 3818 562 qua

404 569 702 627 scandalis
754 573 957 629 subest
1007 575 1280 645 gemitus,
1328 580 1382 630 et
1438 577 1507 630 de
1567 573 1779 628 futuris
1835 575 2046 626 metus.

405 660 592 728 Unde,
624 660 674 716 si
706 662 919 734 cupitis
967 663 1036 717 de
1068 666 1342 718 continuo
1401 663 1618 734 pascha
1675 661 2050 732 postmodum

413 751 692 822 gaudere,
724 751 784 808 in
815 753 926 808 isto
956 752 1150 806 animo
1182 769 1292 806 non
1353 752 1481 806 silis
1537 750 1770 805 interim
1831 749 1956 804 sine
1988 749 2053 802 ti-

415 856 597 896 more.
625 843 758 908 Sed,
793 842 944 896 sicut
974 839 1284 895 Psalmista
1342 844 1572 894 monet:
1612 863 1638 888 «
1671 839 1889 894 Servite
1947 839 2055 892 Do-

418 929 579 984 mino
609 929 666 984 in
691 929 979 994 timore,et
1000 928 1277 983 exsultate
1295 929 1342 980 ei
1368 945 1498 982 cum
1524 932 1774 983 tremore
1821 928 2052 998 (Psalm.

415 1035 481 1085 ιι,
514 1019 621 1090 11).
645 1041 671 1069 »ι
704 1020 768 1073 Et
790 1019 1070 1073 instanter
1099 1033 1230 1070 cum
1262 1016 1541 1086 apostolis
1587 1017 1760 1087 petite
1791 1021 1855 1071 ut
1909 1032 2054 1087 gau-

421 1107 585 1162 dium
616 1111 868 1162 vestrum
901 1105 974 1158 sit
1005 1104 1260 1174 plenum.
1299 1103 1465 1159 Illum
1499 1105 1674 1161 etiam
1710 1106 1862 1177 quod
1896 1122 2054 1159 asse-

422 1196 637 1262 ritis,id
669 1193 1102 1264 est,paschavos
1124 1193 1193 1246 ab
1209 1193 1386 1248 humo
1411 1194 1718 1250 sustollere
1732 1195 1800 1250 ad
1837 1194 2048 1249 ccnlum

425 1302 538 1357 prae
568 1283 795 1355 gaudio,
828 1281 908 1334 ita
936 1297 1102 1350 agere
1133 1282 1303 1337 debet
1351 1285 1607 1339 omnino.
1643 1285 1788 1349 Quia
1818 1284 1865 1339 si
1920 1301 2054 1338 con-

423 1370 756 1429 surrexistis
787 1385 920 1422 cum
943 1369 1188 1435 Christo,
1217 1387 1342 1442 qua:
1369 1389 1602 1427 sursum
1625 1377 1762 1428 sunt
1793 1372 2053 1444 quaerite,

423 1461 519 1516 ubi
551 1457 812 1514 Christus
829 1461 918 1512 est
949 1458 1004 1512 in
1038 1459 1237 1514 dextra
1253 1461 1344 1515 Dei
1371 1463 1580 1517 sedens
1610 1480 1621 1517 :
1654 1479 1781 1533 quae
1817 1478 2051 1517 sursum

419 1550 557 1605 sunt
584 1545 788 1616 sapite,
823 1561 938 1601 non
967 1564 1092 1618 quae
1119 1565 1295 1620 super
1321 1552 1566 1605 terram:
1593 1550 1685 1606 sin
1719 1549 1884 1616 alias,
1927 1551 2052 1620 jam

419 1651 533 1692 non
558 1634 778 1690 levatur
813 1634 1012 1691 anima
1065 1641 1257 1692 vestra
1312 1639 1383 1694 ad
1423 1639 1628 1706 Deum,
1691 1641 1791 1695 sed
1856 1643 2056 1696 contra

419 1728 621 1782 Deum.

2163 569 2362 642 utique
2385 571 2614 636 mulier,
2649 573 2704 628 id
2733 577 2822 630 est
2850 578 3134 632 coaeterna
3165 577 3281 632 Deo
3302 577 3452 649 patri
3477 576 3807 649 Sapientia,

2159 659 2309 714 facta
2337 677 2405 714 ex
2467 661 2728 726 muliere,
2779 664 3107 720 doctrinam
3162 665 3564 738 apostolicam,
3623 669 3799 738 quasi

2162 749 2516 803 fermentum
2553 752 2896 820 recondidit,
2921 757 2978 808 et
3008 771 3252 827 regnum
3290 755 3590 823 caelorum,
3627 755 3684 811 id
3727 763 3818 814 est

2163 842 2506 907 praesentem
2539 839 2949 909 Ecclesiam,ex
2979 842 3222 898 diversis
3237 843 3576 900 nationibus
3590 846 3814 903 coadu-

2165 925 2343 980 navit.

2235 1013 2479 1070 XXVIII.
2511 1016 2644 1071 Jam
2676 1019 2832 1089 quia,
2865 1025 2996 1090 post
3057 1020 3410 1093 multiplices
3467 1040 3810 1095 azymorum

2165 1103 2634 1171 obtrectationes,
2666 1107 2735 1160 ad
2767 1107 2876 1162 hoc
2905 1110 3173 1181 prorupit
3187 1111 3728 1179 vestrainsolentia,
3751 1117 3818 1168 ut

2164 1191 2222 1246 in
2247 1192 2375 1264 ipsa
2387 1193 2666 1248 terribilia
2687 1195 2976 1252 etvivilica
2998 1204 3366 1255 sacramenta
3389 1201 3814 1273 redemptionis

2165 1285 2372 1337 nostrm
2403 1284 2618 1354 apertis
2650 1285 3020 1341 contumeliis
3079 1287 3462 1344 irreverenter
3515 1289 3810 1362 insurgat,

2164 1374 2219 1425 et
2285 1387 2550 1442 azymum
2609 1371 2890 1427 exclamet
2934 1373 3311 1442 lutulentum,
3362 1380 3419 1430 et
3467 1392 3809 1448 nequaqum

2164 1463 2376 1514 sanctae
2406 1459 2708 1516 Trinitatis
2739 1461 3029 1534 particeps
3060 1479 3210 1532 esse,
3269 1465 3615 1530 respondere
3645 1467 3809 1537 cogi-

2166 1565 2300 1602 mur
2330 1547 2602 1620 deinceps
2625 1549 2788 1604 vobis
2810 1550 3009 1606 stultis
3014 1552 3037 1622 j
3048 1555 3184 1606 uxta
3195 1552 3508 1609 stultitiam
3525 1557 3800 1620 vestram,

2166 1653 2237 1691 ne
2256 1635 2420 1691 vobis
2441 1636 2732 1708 sapientes
2754 1655 2883 1694 esse
2898 1639 3233 1695 videamini.
3253 1641 3585 1698 Certissime
3601 1641 3806 1698 sciatis

2165 1725 2320 1796 quod
2351 1724 2614 1796 gloriatio
2640 1731 2833 1783 vestra
2864 1732 3089 1785 stercus
3119 1733 3210 1784 est
3240 1734 3297 1785 et
3339 1730 3578 1798 vermis,
3637 1729 3812 1785 hodie

489 1812 653 1869 XXV.
687 1813 837 1869 Sane
869 1815 1146 1886 quoniam
1177 1820 1434 1872 vestrum
1467 1818 1748 1889 gaudium
1763 1835 2057 1891 compara—
2089 1848 2136 1913 Β
2166 1814 2323 1870 enim
2354 1813 2717 1882 extollimini,
2741 1820 2798 1870 et
2821 1832 2951 1872 cras
2983 1835 3094 1872 non
3139 1818 3552 1874 inveniemini:
3587 1823 3664 1885 et,
3716 1834 3814 1873 se-

419 1903 498 1959 tis
528 1902 836 1971 fermento,
866 1907 1020 1974 quod
1054 1922 1159 1960 suo
1192 1905 1378 1962 calore
1415 1923 1621 1978 panem
1655 1907 1898 1976 extollit,
1935 1925 2057 1963 am-

420 1991 677 2065 bigimus
700 1992 827 2063 jam
861 1991 1029 2064 quale
1051 1992 1196 2049 illud
1227 1995 1507 2067 gaudium
1526 1996 1625 2063 sit,
1658 1996 1797 2067 quia
1817 1997 2062 2052 fermen-

419 2083 546 2136 tum
579 2081 636 2135 in
668 2081 819 2138 bono
851 2082 1033 2154 accipi
1055 2083 1148 2137 vix
1170 2083 1520 2152 invenimus,
1547 2102 1650 2140 nec
1677 2086 2059 2141 fermentatus

419 2169 590 2242 panis
619 2172 840 2242 absque
899 2173 1331 2227 consecratione
1390 2177 1478 2228 est
1521 2175 1806 2230 suavitate
1863 2175 2060 2246 aliqua

419 2257 648 2331 plenior
667 2259 884 2331 azymis
908 2261 1333 2332 panibus,quos
1345 2261 1606 2332 plerique
1628 2263 1736 2318 sibi
1770 2264 2059 2318 salubrio—

420 2365 514 2404 res
543 2351 601 2404 et
631 2348 950 2420 sapidiores
983 2349 1370 2415 arbitrantur;
1406 2351 1504 2405 sed
1529 2352 1720 2423 qualis
1741 2352 1910 2407 fuerit
1933 2370 2062 2424 pro-

421 2436 651 2508 positio,
688 2436 873 2508 aperit
901 2436 1022 2490 haec
1049 2441 1242 2492 vestra
1273 2437 1595 2493 conclusio.

493 2526 688 2582 XXVI.
748 2525 1466 2582 Coxsrmrmoromrmus.
1551 2529 1825 2596 kzymum
1905 2547 2058 2596 vero,

422 2631 613 2688 neque
638 2615 725 2670 sal
747 2631 934 2686 neque
968 2615 1317 2670 fermentum
1335 2616 1577 2682 habens,
1611 2614 1800 2672 lutum
1828 2621 1916 2673 cst
1947 2619 2060 2674 ari-

425 2706 587 2761 dum.

497 2794 714 2850 XXVII.
750 2793 1048 2848 ROMANus.
1084 2793 1312 2848 Iteratis
1343 2794 1711 2850 contumeliis
1735 2795 1792 2850 in
1832 2799 2058 2852 tantum

432 2899 636 2954 azyma
665 2881 973 2948 lacessitis,
1021 2886 1085 2938 ut
1109 2897 1255 2953 pene
1295 2883 1569 2939 omnibus
1628 2884 1958 2941 visibilibus
2011 2891 2067 2942 et

430 2970 824 3027 invisibilibus
855 2970 1082 3026 naturis
1112 2971 1390 3041 injuriam
1450 2972 1737 3043 irrogetis.
1772 2973 1830 3028 Si
1884 2974 2063 3041 enim,

432 3063 498 3114 ut
528 3058 835 3125 deﬁnistis,
868 3058 1058 3114 lutum
1091 3060 1318 3114 aridum
1342 3064 1431 3115 est
1461 3060 1746 3132 quidquid
1772 3078 1959 3134 neque
1981 3062 2067 3119 sal

2169 1903 2428 1958 cundum
2457 1903 2857 1976 Psalmistam,
2883 1909 2947 1960 ut
2976 1905 3165 1978 pulvis
3208 1911 3343 1962 ante
3390 1907 3598 1963 faciem
3652 1905 3814 1962 venti

2169 1991 2673 2063 comminuemini,
2709 1998 2767 2048 et
2799 1998 2862 2048 ut
2917 1993 3104 2050 lutum
3153 1994 3400 2049 laterum
3444 1993 3821 2062 delebimini,

2159 2081 2330 2151 juxta
2357 2081 2727 2152 proverbium
2758 2082 3066 2154 Sapientis,
3106 2083 3174 2136 de
3203 2085 3451 2137 stercore
3470 2083 3645 2137 boum
3666 2081 3827 2154 lapi-

2169 2169 2368 2235 dandi,
2401 2173 2457 2224 et
2484 2169 2642 2224 velut
2669 2174 2888 2226 stercus
2914 2171 2971 2225 in
3003 2170 3095 2225 via
3121 2169 3521 2237 eonculcandi,
3555 2169 3717 2224 sicut
3760 2175 3821 2226 et

2169 2263 2566 2315 antecessores
2593 2259 2765 2314 vestri
2797 2258 3045 2314 haeretici
3098 2276 3162 2314 ac
3219 2275 3608 2330 praecursores
3659 2259 3816 2313 anti-

2171 2346 2391 2403 christi.
2426 2348 2498 2403 Ut
2527 2349 2679 2403 enim
2712 2347 2770 2402 in
2819 2347 2965 2402 libro
3013 2346 3165 2402 beati
3217 2346 3324 2402 Job
3382 2346 3636 2401 dicitur:
3672 2370 3701 2397 «
3735 2351 3819 2401 Ex

2171 2454 2286 2508 quo
2319 2437 2512 2508 posuit
2541 2437 2694 2492 Deus
2723 2436 3026 2492 hominem
3060 2439 3486 2507 superterram,
3511 2436 3814 2506 cognosci-

2171 2525 2414 2581 turlaus
2446 2525 2759 2598 impiorum
2792 2524 2981 2581 brevis
3011 2540 3161 2599 esse,
3193 2528 3250 2578 et
3291 2523 3573 2596 gaudium
3631 2524 3814 2597 hypo-

2171 2615 2326 2670 crita
2358 2615 2429 2669 ad
2463 2613 2646 2668 instar
2702 2613 2903 2687 puncti
2935 2614 3070 2684 (Job.
3133 2631 3223 2683 xx,
3255 2614 3332 2678 5).
3369 2636 3396 2662 »
3440 2612 3622 2677 Unde,
3677 2613 3818 2684 quia

2172 2704 2232 2758 in
2261 2720 2326 2760 eo
2359 2703 2577 2775 putatis
2608 2719 2708 2757 vos
2739 2701 3033 2774 sapientes
3065 2702 3115 2758 si
3148 2700 3398 2757 aliorum
3428 2701 3816 2757 institutioni-

2174 2794 2285 2848 bus
2315 2790 2794 2856 detrahitis,hinc
2828 2808 2933 2862 par
2961 2791 3086 2862 pari
3119 2790 3458 2856 referemus,
3522 2790 3678 2862 quod
3719 2807 3817 2845 ve-

2176 2887 2356 2938 stram
2388 2879 2811 2952 impudentiam
2835 2878 3121 2935 mordebit
3145 2897 3157 2948 ;
3185 2884 3249 2934 ut
3276 2878 3535 2935 retrahat
3559 2879 3708 2950 [eam
3731 2879 3815 2934 vel

2176 2971 2344 3040 vos]a
2372 2968 2818 3024 reverendorum
2851 2972 3352 3024 sacramentorum
3384 2967 3638 3039 injuriis.

2249 3057 2437 3113 XXIX.
2499 3055 2669 3112 Salva
2725 3073 2882 3129 ergo,
2917 3061 2980 3112 ut
3030 3057 3273 3129 dignum
3324 3061 3431 3124 est,
3499 3057 3822 3112 reverentia

434 3164 623 3220 neque
653 3147 1002 3203 fermentum
1053 3148 1258 3215 habet;
1318 3165 1453 3221 ergo
1513 3150 1662 3204 beati
1721 3151 1965 3221 spiritus
2016 3157 2072 3208 et
2113 3216 2143 3221 _
2181 3147 2437 3220 corporis
2461 3145 2689 3202 Domini
2724 3146 2907 3201 nostri
2935 3147 3076 3201 Jesu
3109 3145 3343 3213 Christi,
3385 3150 3462 3212 et,
3487 3146 3544 3200 in
3569 3146 3818 3202 fermen-

434 3236 642 3292 animaa
666 3237 986 3308 justorum,
1019 3237 1138 3292 sive
1185 3237 1312 3308 ipsa
1367 3241 1617 3308 quatuor
1663 3237 1969 3306 elementa,
2005 3258 2072 3296 ex
2102 3216 2144 3283 Ο
2184 3240 2301 3293 tato
2333 3240 2390 3291 et
2413 3235 2472 3290 in
2506 3251 2726 3306 azymo,
2759 3235 3171 3306 perquiramus
3226 3253 3299 3290 an
3361 3235 3710 3291 fermentum
3747 3235 3818 3290 ad

434 3325 858 3397 quibusomnia
884 3324 1131 3380 visibilis
1166 3325 1441 3392 existunt,
1473 3325 1664 3381 lutum
1687 3332 1864 3383 sunt:
1925 3345 2067 3401 quo-

431 3413 590 3470 niam
609 3430 796 3485 neque
827 3413 912 3468 sal
934 3429 1123 3485 neque
1145 3413 1494 3469 fermentum
1517 3415 1751 3470 habent.
1768 3415 1881 3471 Nec
1895 3418 2068 3472 sutl‘e-

427 3503 505 3558 cit
533 3502 698 3558 vobis
727 3506 956 3557 tantum
981 3502 1631 3566 nefasevomuisse,nisi
1682 3503 1922 3576 insuper
1952 3505 2062 3563 D0-

426 3593 654 3648 minum
687 3595 895 3648 testem
924 3596 1126 3646 vestrae
1157 3591 1450 3663 opinionis
1481 3593 2060 3665 produceritis,quasi

423 3699 526 3754 pro
549 3680 678 3737 sola
705 3680 1210 3736 commendatione
1231 3684 1289 3735 et
1317 3679 1674 3736 confectione
1716 3682 1889 3737 vestri
1947 3682 2062 3738 fer-

425 3769 670 3826 mentati
697 3769 906 3824 dixerit
925 3767 1229 3839 discipulis
1250 3767 1373 3823 suis
1399 3785 1411 3822 :
1452 3790 1473 3817 α
1505 3768 1620 3822 Vos
1659 3769 1799 3825 estis
1829 3769 1913 3826 sal
1945 3775 2061 3826 ter-

422 3876 498 3914 rae
531 3858 742 3927 (Matth.
775 3875 830 3912 v.
862 3857 972 3922 i3),
1004 3861 1061 3911 et
1116 3855 1308 3911 simile
1355 3861 1443 3911 est
1491 3873 1734 3928 regnum
1781 3859 2057 3915 cmlorum

421 3947 702 4004 fermento
726 3947 930 4019 (Matth.
972 3962 1095 4010 xm,
1128 3944 1238 4011 33).
1276 3967 1302 3993 »
1335 3945 1484 4016 Ergo
1517 3945 1654 4016 quia
1699 3947 1874 4002 verba
1931 3965 2058 4019 quae

418 4041 557 4095 sunt
585 4035 828 4108 spiritus
859 4038 916 4088 et
943 4032 1078 4090 vita.
1115 4031 1184 4085 ad
1215 4030 1469 4086 litteram
1504 4032 1691 4104 placet
1706 4035 2056 4092 vobisintel-

415 4123 594 4198 Iigere
615 4144 634 4178 :
652 4122 878 4194 placeat
904 4119 1079 4175 etiam
1111 4122 1297 4172 vestro
1330 4119 1672 4176 fermentato
1690 4121 1910 4193 aliquid
1937 4124 2054 4196 pal-

416 4213 630 4267 mitum
652 4214 709 4266 et
732 4208 920 4279 sinapi
940 4208 1280 4278 adjungere.
1310 4207 1456 4262 Nam
1478 4208 1634 4263 idem
1663 4211 1946 4267 Dominus
1967 4213 2049 4268 di-

415 4301 496 4356 cit
523 4296 858 4368 discipulis:
883 4295 1040 4352 «Vos
1060 4294 1201 4350 estis
1230 4295 1500 4366 palmites
1550 4298 1726 4369 (Joan.
1785 4317 1877 4367 xv,
1909 4301 1985 4372 5).
2025 4325 2052 4350 ››

413 4388 522 4443 Et:
556 4409 582 4436 ‹‹
616 4384 817 4442 Simile
847 4388 935 4440 est
981 4400 1226 4456 regnum
1259 4383 1537 4441 caelorum
1599 4402 1780 4458 grano
1825 4388 2049 4460 sinapis

415 4475 644 4548 (Matth.
678 4491 802 4542 xm,
837 4474 948 4546 3i).
973 4495 1001 4523 »
1025 4473 1186 4537 Quod
1219 4473 1438 4530 scilicet
1492 4475 1743 4531 calorem
1803 4477 2050 4532 admini-

2179 3327 2469 3381 humanas
2496 3340 2729 3378 mensas
2751 3327 3137 3394 praeparatum
3154 3323 3438 3379 sincerius
3451 3339 3515 3379 ac
3533 3324 3819 3379 mundius

2177 3413 2255 3469 sit
2287 3412 2510 3484 plebeio
2538 3427 2759 3483 azymo.
2782 3412 2851 3466 Et
2880 3411 3067 3482 primo
3099 3412 3365 3467 omnium
3398 3411 3816 3467 fermentatum

2175 3505 2527 3574 repetamus,
2562 3505 2627 3554 ut
2650 3503 2954 3571 perspecta
2976 3499 3286 3572 diligenter
3315 3501 3440 3571 ejus
3456 3499 3815 3572 scaturigine

2173 3608 2345 3647 verax
2367 3588 2659 3661 judicium
2699 3589 2770 3644 de
2801 3589 3051 3660 puritate
3080 3589 3409 3645 fermentati
3466 3588 3811 3644 habeamus.

2171 3681 2414 3736 Necesse
2431 3681 2519 3734 est
2548 3678 2702 3733 enim
2739 3682 2801 3732 ut
2832 3677 2990 3733 rivus
3039 3678 3215 3734 fontis
3245 3677 3586 3750 qualitatem
3615 3683 3674 3732 et
3707 3695 3810 3733 na-

2169 3773 2364 3824 turam
2394 3770 2691 3838 sequatur.
2727 3766 2812 3820 Ita
2842 3765 2998 3820 enim
3031 3767 3316 3839 originem
3349 3767 3620 3822 fermenti
3653 3766 3810 3822 inve-

2171 3857 2292 3912 nire
2317 3855 2590 3928 cupinus,
2642 3855 2794 3910 sicut
2850 3855 3106 3910 hominis
3155 3854 3472 3925 cujuslibet
3527 3855 3812 3927 originem

2167 3945 2359 4019 ipsam
2391 3949 2638 4000 matrem
2671 3943 2935 4000 omnium
2968 3949 3180 4000 terram
3213 3943 3566 3999 invenimus.
3592 3945 3738 4000 Nam
3762 3945 3810 4000 si

2166 4034 2423 4090 hominis
2455 4033 2739 4105 originem
2770 4032 2951 4087 alium
2982 4033 3281 4087 hominem
3311 4033 3656 4101 dixerimus,
3680 4035 3805 4105 jam

2166 4139 2444 4196 propago,
2475 4139 2589 4178 non
2613 4121 2795 4193 origo,
2828 4122 2974 4188 erit;
3007 4122 3300 4192 quomodo
3324 4138 3430 4177 nec
3453 4121 3808 4177 fermentum

2165 4212 2432 4273 fermenti
2469 4211 2629 4282 origo
2660 4225 2791 4265 esse
2819 4209 3046 4281 poterit.
3081 4210 3244 4265 Sicut
3299 4209 3457 4265 enim
3518 4210 3810 4266 sententia

2161 4300 2316 4372 vulgi
2349 4303 2554 4366 exstat,
2589 4299 2853 4354 Iermenti
2891 4297 3051 4370 origo
3099 4298 3184 4364 ﬁt,
3245 4315 3380 4354 cum
3439 4303 3543 4354 aut
3598 4316 3810 4372 spuma

2163 4389 2342 4444 musti
2364 4405 2467 4443 seu
2497 4387 2603 4442 faex
2623 4387 2932 4459 cujusdam
2965 4386 3194 4442 rusticae
3215 4387 3469 4459 potionis
3491 4405 3619 4460 quis
3652 4389 3807 4460 apud

2162 4477 2358 4533 Gallos
2411 4476 2642 4531 cervisz'a
2697 4475 2929 4544 dicitur,
2979 4475 3067 4530 vel
3126 4479 3280 4532 certe
3339 4477 3548 4534 elexati
3605 4477 3806 4534 hordei

414 4567 580 4632 strat,
613 4579 788 4635 quem
819 4566 1117 4634 tantopere
1137 4565 1260 4618 tota
1289 4567 1480 4618 vestra
1509 4561 1806 4619 calumnia
1833 4564 1891 4619 in
1935 4565 2048 4622 fer-
2083 4579 2130 4643 D
2161 4569 2263 4621 aut
2277 4565 2626 4633 ciceris,sive
2647 4563 2735 4618 lac
2756 4563 3015 4619 ficulnea;
3031 4563 3117 4620 vel
3136 4581 3442 4636 peccorum
3463 4569 3805 4637 corruptum

413 4656 610 4710 mento
623 4651 1224 4709 collaudat.Noveritis
1245 4655 1442 4707 tamen
1461 4651 1650 4723 ipsam
1674 4653 1744 4707 de
1763 4653 2047 4711 fermento

410 4743 694 4800 absconso
724 4741 1143 4814 expositionem
1175 4743 1424 4795 vestram
1456 4739 1740 4796 catholico
1789 4743 2048 4815 dogmati

408 4832 779 4890 contrariam.
812 4831 867 4887 Si
902 4830 1056 4886 enim
1090 4828 1302 4884 mulier
1328 4827 1426 4883 illa
1459 4829 1772 4886 Ecclesiam
1833 4831 2046 4903 signat,

405 4926 462 4979 et
481 4923 594 4978 tria
625 4925 754 4978 sata
782 4923 1045 4976 sanctam
1069 4917 1538 4982 Trinitatem,ubi
1566 4923 1623 4973 et
1645 4920 1877 4990 quando
1900 4925 1956 4976 et
1976 4922 2048 4976 ad

404 5011 546 5084 quid
581 5009 837 5066 Ecclesia
867 5009 926 5062 in
953 5008 1083 5079 ipsa
1128 5006 1300 5060 beata
1355 5006 1636 5063 Trinitate
1692 5009 2044 5065 fermentum

401 5098 748 5157 abscondit?
779 5101 867 5151 An
903 5097 1045 5152 forte
1074 5094 1388 5167 quisquam
1445 5112 1678 5150 summo
1722 5100 1778 5151 et
1821 5097 2046 5152 incom-

399 5187 670 5246 mutabili
692 5187 844 5243 bono
868 5185 983 5241 Deo
1016 5184 1337 5256 quidquam
1371 5185 1670 5256 augmenti
1725 5185 2041 5256 aliquando

401 5279 660 5336 conferre
689 5276 881 5349 potuit
899 5272 1264 5346 autpoterit?
1293 5273 1651 5346 Quapropter
1700 5274 2043 5330 convenien-

398 5367 517 5423 tius
547 5363 883 5439 parabolam
920 5364 1068 5419 hanc
1099 5361 1534 5433 exposuissetis,
1569 5362 1616 5417 si
1650 5379 1892 5435 regnum
1926 5381 2040 5418 cce-

397 5454 591 5511 Iorum
637 5458 902 5510 sanctam
952 5451 1271 5508 Ecclesiam
1321 5451 1652 5523 signiﬁcare
1697 5451 2035 5519 dixissetis;

2162 4655 2423 4725 injicitur
2447 4669 2772 4725 conspersa:
2804 4653 3024 4708 farina.
3057 4657 3199 4708 Cum
3241 4669 3376 4726 ergo
3400 4670 3631 4726 spuma,
3677 4653 3803 4721 faex,

2161 4743 2440 4798 elixatum
2470 4741 2857 4815 leguminum,
2887 4745 2946 4797 et
2975 4741 3063 4797 lac
3096 4743 3239 4798 ficus
3270 4743 3358 4798 vel
3391 4757 3662 4814 pecorum
3675 4757 3802 4796 cor-

2160 4836 2396 4902 ruptum
2432 4832 2586 4903 apud
2619 4830 2884 4886 homines
2915 4834 3328 4902 computentur
3361 4831 3507 4884 inter
3535 4827 3796 4890 sordida,

2159 4924 2386 4975 constat
2414 4920 2764 4974 fermentum
2795 4918 3069 4974 sordibus
3101 4936 3214 4974 non
3237 4933 3421 4974 carere
3453 4931 3551 4988 per
3571 4914 3797 4970 omnia.

2158 5009 2362 5064 Massae
2391 5013 2584 5063 autem
2616 5008 2940 5079 cuicunque
2967 5007 3318 5063 fermentum
3346 5004 3628 5077 injicitur,
3691 5021 3798 5061 ne—

2157 5114 2317 5152 cesse
2347 5101 2435 5150 est
2492 5100 2919 5166 corrumpatur,
2979 5095 3130 5150 sicut
3193 5095 3273 5152 ait
3328 5092 3800 5166 sapientissimus

2154 5183 2371 5240 Paulus
2393 5201 2404 5239 :
2443 5208 2468 5233 «
2507 5184 2797 5239 Modicum
2816 5184 3167 5240 fermentum
3189 5189 3376 5241 totam
3397 5200 3655 5240 massam
3674 5200 3800 5239 cor-

2153 5273 2377 5345 rumpit
2407 5272 2544 5344 (Gal.
2579 5290 2633 5339 v,
2665 5273 2741 5343 9).
2779 5295 2806 5322 ››
2856 5273 3220 5346 Ubicumque
3249 5278 3447 5329 autem
3505 5272 3798 5344 corruptio

2151 5367 2273 5418 tam
2306 5361 2367 5415 in
2393 5361 2605 5415 divinis
2631 5377 2806 5431 quam
2840 5365 2896 5416 et
2923 5361 2982 5416 in
3018 5361 3294 5420 humanis
3324 5363 3538 5419 litteris
3561 5361 3797 5429 dicitur,

2152 5450 2230 5504 ibi
2264 5450 2440 5504 etiam
2467 5448 2835 5505 deterioratio
2865 5467 2968 5505 seu
2995 5451 3281 5508 vitiositas
3299 5451 3500 5523 aliqua
3529 5452 3798 5507 substan-

398 5543 750 5598 fermentum
784 5545 978 5597 autem
1001 5539 1718 5611 doctrinamapostolicam
1744 5559 1756 5606 ;
1779 5540 1888 5595 tria
1911 5544 2038 5595 sata
2148 5539 2239 5593 tia:
2273 5538 2551 5593 accidisse
2584 5539 3015 5609 comprobatur.
3052 5540 3238 5613 Unde,
3263 5541 3313 5595 si
3337 5557 3454 5596 non
3488 5544 3683 5613 potest
3702 5539 3800 5596 ali-

361 5632 516 5690 ..tres
547 5629 697 5686 ﬁlios
727 5630 864 5700 Noe,
895 5629 1110 5700 quibus
1146 5633 1274 5698 post
1321 5627 1604 5684 diluvium
1665 5632 2038 5685 mensuratur
2148 5627 2381 5699 quando
2399 5625 2694 5697 corruptio
2723 5625 2782 5680 in
2806 5626 3015 5683 bonam
3049 5633 3274 5700 partem
3323 5629 3594 5703 intelligi,
3655 5629 3799 5685 nulli
