3966 6212
241 352 368 422 949

1241 358 1654 425 ADVERSUS
1702 355 2152 424 GB/EGORUM
2199 357 2677 430 CALUMNIASJ

3525 362 3650 431 9’80

243 488 497 548 dubium
526 493 616 549 est
644 489 786 564 quin
817 489 1160 550 fermentato
1193 508 1460 567 azymum
1483 497 1762 553 mundius
1792 496 1888 565 sit,
1920 493 1973 558 Α
2003 493 2247 551 cretario
2278 496 2604 553 confectum
2636 495 2802 552 offert
2831 507 3123 569 azymum,
3166 495 3432 570 quodex
3459 511 3645 572 grano

247 581 427 650 quod,
461 579 686 637 nullam
709 581 1135 654 corruptionem
1165 583 1430 639 fermenti
1463 587 1796 652 admittens,
1826 603 1894 642 ex

246 670 471 727 munda
501 669 688 725 farina
719 673 948 726 tantum
973 674 1028 726 et
1048 688 1195 742 pura
1215 688 1368 743 aqua
1398 675 1722 731 conﬁcitur.
1760 677 1893 731 Fer-

243 762 513 814 mentum
537 775 768 830 quoque
791 759 838 815 si
874 759 1216 831 aliquandiu
1247 761 1303 814 in
1341 779 1534 817 massa
1553 763 1889 835 negligitur,

244 851 413 903 tanto
445 864 642 903 acrore
672 864 798 903 eam
836 849 1157 919 corrumpit
1189 853 1252 903 ut
1284 849 1435 905 ultra
1465 851 1739 907 humanis
1773 853 1890 907 usi-

244 935 357 991 bus
380 953 496 991 non
521 937 724 1008 prosit.
746 935 960 992 Deinde
985 937 1154 1008 panis
1171 938 1550 993 fermentatus
1574 957 1747 1011 parvo
1772 941 1887 995 situ

243 1023 500 1079 efﬁcitur
532 1023 824 1091 mucidus,
849 1026 1001 1096 quod
1035 1026 1334 1081 rarissime
1355 1026 1600 1082 incurrit
1629 1045 1889 1100 azymus,

243 1116 447 1184 utpote
474 1112 682 1184 plenus
713 1117 768 1168 et
797 1113 1041 1181 solidus,
1077 1131 1191 1168 non
1225 1115 1487 1170 tumidus
1532 1120 1588 1170 et
1618 1133 1889 1172 caverno—

248 1217 373 1268 sus,
409 1201 494 1256 uti
528 1204 927 1257 fermentatus.
961 1202 1066 1265 Qui
1100 1201 1231 1257 licet
1257 1220 1468 1274 magna
1499 1221 1564 1259 ex
1597 1209 1759 1276 parte
1791 1205 1892 1258 im-

247 1305 354 1360 par
385 1289 462 1344 sit
492 1289 708 1344 nostris
738 1288 1034 1356 laudibus,
1067 1294 1262 1346 tamen
1317 1308 1415 1362 per
1445 1292 1640 1347 omnia
1671 1310 1775 1363 par
1803 1299 1891 1347 est

241 1377 453 1432 vestris
485 1375 766 1433 moribus.
789 1378 918 1448 Ipse
939 1378 1117 1444 enim,
1147 1378 1427 1434 fermento
1447 1381 1625 1435 veteri
1658 1398 1891 1452 corrup-

243 1469 363 1532 tus,
399 1465 857 1536 deprehenditur
873 1466 1094 1533 acidus,
1115 1484 1466 1524 cavernosus
1499 1473 1555 1523 et
1587 1470 1847 1524 tumidus
1874 1487 1886 1524 :

244 1557 303 1609 et
332 1570 432 1609 vos
462 1553 617 1608 haud
671 1569 861 1621 secus,
893 1554 1153 1610 humana
1183 1556 1457 1627 opinione
1496 1559 1772 1629 corrupti,
1805 1558 1888 1612 lo-

246 1643 539 1714 quacitate
587 1642 880 1713 apparatis
919 1643 1088 1712 acidi,
1140 1644 1430 1701 caliditate
1475 1646 1790 1702 cavernosi.
1826 1648 1891 1701 Et

247 1734 314 1785 ut
343 1730 551 1785 divinas
595 1730 850 1785 scientia:
881 1731 1067 1801 vacui,
1108 1733 1368 1789 humana
1397 1735 1640 1790 scientia
1669 1735 1889 1789 incedi-

247 1817 559 1915 tisninﬁ’atiﬂ,
587 1819 755 1888 juxta
799 1818 941 1915 illud
973 1819 1193 1915 dictum
1219 1823 1480 1915 -Apostoli
1515 1841 1526 1878 :
1566 1846 1602 1915 ff
1636 1823 1888 1915 Scientia
1915 1850 1965 1915 B

247 1904 416 1960 inflat
445 1907 491 1976 (I
520 1905 638 1961 Cor.
691 1923 816 1973 VIII,
850 1909 922 1974 1).
961 1929 987 1956 ››
1022 1907 1123 1963 Cui
1157 1909 1331 1964 etiam
1369 1910 1702 1982 supradicta
1745 1913 1888 1966 vitia

246 1992 440 2048 inesse
475 1993 690 2048 ibidem
742 1994 1051 2066 Apostolus
1099 2000 1426 2063 attestatur,
1459 1998 1764 2054 Timotheo
1807 1999 1886 2052 di-

245 2097 383 2137 cens
436 2099 449 2136 :
504 2104 532 2132 «
565 2081 620 2136 Si
647 2082 781 2153 quis
812 2083 979 2138 aliter
1010 2085 1243 2154 docens,
1276 2089 1334 2140 et
1364 2103 1476 2142 non
1510 2088 1885 2158 acquiescens

244 2169 404 2226 sanis
437 2171 806 2226 sermonibus
839 2172 1066 2227 Domini
1099 2174 1281 2229 nostri
1312 2175 1451 2230 Jesu
1482 2176 1712 2243 Christi,
1748 2181 1804 2231 et
1834 2176 1884 2230 ei

246 2275 374 2330 qua:
388 2259 710 2314 secundum
730 2259 1005 2329 pietatem
1025 2262 1885 2335 estdoctrinaa,superbus,nihi1

247 2346 458 2413 sciens,
505 2347 603 2403 sed
659 2347 945 2419 languens
995 2349 1148 2406 circa
1178 2353 1512 2422 questiones
1556 2358 1611 2408 et
1659 2370 1885 2425 pugnas

245 2435 576 2502 verborum,
599 2437 895 2508 exquibus
917 2437 1444 2509 oriunturinvidia),
1460 2443 1882 2509 contentiones,

244 2522 643 2595 blasphemiae,
676 2524 1040 2596 suspiciones
1071 2527 1258 2592 malae,
1291 2529 1748 2586 conflictationes
1781 2530 1882 2585 ho-

243 2611 470 2667 minum
518 2616 709 2668 mente
733 2617 1161 2685 corruptorum,
1195 2619 1249 2670 et
1280 2617 1375 2686 qui
1409 2618 1648 2672 veritate
1678 2618 1883 2688 privati

241 2703 382 2756 sunt
431 2701 479 2772 (I
524 2702 655 2756 Tim.
689 2719 767 2772 v1,
801 2701 856 2769 3,
888 2703 940 2768 4,
973 2703 1049 2774 5).
1089 2725 1108 2751 η
1145 2704 1306 2767 Quod
1356 2722 1488 2759 vero
1532 2706 1882 2761 fermentum

240 2789 395 2844 sicut
423 2789 645 2862 praefati
678 2806 912 2858 sumus,
944 2790 1001 2845 in
1032 2791 1243 2847 divinis
1266 2797 1322 2848 et
1351 2793 1627 2849 humanis
1650 2794 1879 2861 litteris,

239 2875 300 2931 in
326 2876 548 2932 malum
572 2883 842 2949 ponatur,
872 2877 1156 2935 Dominus
1179 2880 1238 2935 in
1269 2881 1578 2953 Evangelio
1595 2886 1842 2938 testatur
1867 2901 1878 2938 :

242 2989 270 3016 «
305 2965 534 3032 Cavete,
568 2988 595 3015 ››
632 2966 924 3038 inquiens,
961 2990 988 3016 «
1028 2985 1062 3024 a
1108 2970 1392 3025 fermento
1433 2970 1880 3038 Pharisaeorum,

241 3054 400 3126 quod
423 3057 512 3109 est
528 3053 1019 3127 hypocrisis(Luc.
1039 3074 1139 3123 x11,
1173 3057 1295 3126 4).»
1325 3058 1393 3112 Et
1426 3059 1676 3114 Paulus:
1710 3083 1737 3110 ‹‹
1772 3061 1880 3114 Ex-

241 3145 506 3214 purgate,
539 3143 748 3213 inquit,
781 3149 946 3200 vetus
978 3145 1328 3202 fermentum
1375 3147 1422 3218 (I
1467 3148 1586 3204 Cor.
1635 3166 1688 3216 v,
1736 3151 1813 3220 7).
1851 3171 1878 3199 ››

2003 584 2277 639 frumenti
2312 590 2368 641 et
2399 586 2638 658 limpida
2667 585 2908 658 lympha
2937 602 3040 658 per
3070 587 3263 659 ignem
3296 587 3468 644 fuerit
3499 605 3645 661 prae-

2001 678 2291 744 paratum,
2326 674 2666 746 signiﬁcans
2711 691 2772 730 se
2802 675 2861 729 in
2894 692 3010 730 una
3039 676 3376 732 mediatoris
3432 677 3533 733 Dei
3588 680 3646 732 et

2002 760 2326 827 hominum,
2363 763 2616 817 hominis
2657 763 2755 817 Dei
2786 764 2925 818 Jesu
2953 763 3188 831 Christi,
3223 781 3491 836 persona,
3524 768 3644 820 tres

2002 850 2285 919 perfectas
2317 851 2548 904 credere
2581 854 2636 904 et
2665 853 2925 906 venerari
2979 853 3338 908 substantias
3387 869 3400 908 :
3436 853 3642 908 huma-

2002 954 2136 992 nam
2186 938 2403 992 scilicet
2457 956 2712 1004 carnem,
2744 942 3000 995 animam
3033 941 3394 1009 rationalem,
3426 945 3485 997 et
3512 941 3646 998 Ver-

2001 1025 2139 1080 bum
2165 1026 2261 1080 Dei
2287 1027 2491 1081 Deum.
2517 1027 2584 1081 Et
2606 1044 2852 1098 granum
2869 1030 3104 1100 quidem
3119 1030 3435 1085 assimilari
3457 1030 3638 1098 carni,

2002 1131 2178 1184 quam
2209 1117 2278 1168 de
2300 1115 2424 1169 sola
2452 1116 2711 1187 Virginis
2734 1133 2926 1183 carne,
2961 1117 3126 1189 quasi
3149 1136 3216 1173 ex
3237 1135 3417 1190 grano
3435 1119 3640 1174 matris

2000 1207 2186 1267 terrae,
2219 1203 2343 1257 sola
2372 1203 2582 1257 virtute
2613 1205 2854 1270 ccelesti,
2887 1222 3000 1260 non
3032 1210 3225 1261 autem
3251 1207 3451 1278 aliqua
3479 1224 3638 1263 com-

2001 1290 2271 1344 mistione
2290 1290 2438 1344 virili
2464 1291 2673 1345 factam
2701 1293 3073 1362 omnipotens
3101 1293 3384 1350 Divinitas
3416 1294 3639 1350 anima-

1999 1377 2096 1443 vit,
2137 1379 2427 1448 puriorem
2460 1379 2875 1444 substantiam,
2906 1380 2964 1434 id
2996 1384 3084 1435 est
3129 1381 3408 1447 animam,
3471 1383 3639 1454 quasi

1999 1482 2213 1537 aquam
2264 1465 2599 1538 praeclaram
2640 1472 2695 1522 et
2726 1467 2980 1523 nobilem
3013 1468 3063 1522 ei
3095 1469 3429 1524 infundens.
3481 1472 3636 1534 Quas

1998 1555 2262 1625 geminas
2293 1555 2651 1610 substantias
2681 1556 2957 1626 abipsius
2981 1556 3281 1628 virginalis
3312 1557 3643 1627 conceptio-

1999 1642 2089 1698 nis
2120 1643 2352 1697 exordio
2383 1644 2637 1698 Verbum
2661 1644 2759 1698 Dei
2794 1644 2901 1699 rite
2924 1645 3201 1715 suscepit,
3237 1648 3312 1711 et,
3349 1645 3641 1701 mediante

1999 1747 2117 1784 suae
2171 1730 2491 1790 divinitatis
2538 1731 2745 1795 calore,
2795 1736 3078 1802 tanquam
3129 1733 3283 1804 igne,
3335 1731 3446 1789 sibi
3477 1749 3642 1789 cons-

1997 1819 2178 1873 truxit
2208 1823 2265 1873 et
2303 1819 2701 1874 consolidavit.
2753 1821 2968 1875 Taliter
3005 1825 3364 1892 praeparatus
3401 1838 3641 1894 azymus

1995 1905 2150 1962 ﬁdeli
2182 1905 2543 1962 invocatione
2563 1909 2742 1962 totius
2762 1908 3083 1976 Trinitatis,
3117 1909 3182 1963 ﬁt
3210 1925 3411 1964 verum
3433 1914 3491 1965 et
3518 1910 3639 1966 sin-

1994 1995 2194 2068 gulare
2214 2012 2425 2066 corpus
2457 1995 2696 2062 Christi;
2731 2013 2866 2063 non,
2888 1996 3040 2052 sicut
3061 1996 3508 2068 Theupaschitse
3538 2015 3640 2052 vo-

1995 2084 2144 2150 lunt,
2176 2100 2388 2154 corpus
2417 2083 2601 2138 Patris
2631 2088 2688 2138 et
2709 2084 2837 2138 Filii
2866 2088 2924 2139 et
2953 2084 3206 2156 Spiritus
3231 2085 3442 2141 sancti.
3475 2085 3638 2151 Quod

1995 2176 2049 2226 et
2072 2189 2173 2227 vos
2199 2171 2475 2227 videmini
2514 2173 2747 2242 sentire,
2794 2173 3052 2228 dicentes
3101 2173 3289 2228 Patris
3328 2176 3384 2228 et
3425 2173 3552 2228 Filii
3583 2177 3640 2229 et

1994 2260 2248 2332 Spiritus
2301 2260 2484 2315 sancti
2532 2261 2820 2332 particeps
2869 2279 2984 2317 non
3044 2277 3172 2316 esse
3213 2278 3502 2333 azymum,
3535 2262 3636 2318 sed

1993 2349 2399 2415 subaudiatur,
2433 2349 2585 2404 sicut
2606 2351 2955 2406 fermentum
2986 2353 3074 2406 est
3091 2349 3383 2421 particeps
3407 2367 3634 2405 eorum.

1993 2438 2072 2491 Ex
2121 2454 2236 2508 qua
2289 2453 2465 2508 prava
2521 2438 2807 2493 sententia
2837 2438 2886 2493 si
2919 2455 3034 2492 non
3066 2437 3242 2492 vultis
3287 2454 3421 2492 cum
3453 2437 3638 2492 Theu-

1994 2525 2274 2596 paschitis
2306 2525 2592 2592 damnari,
2627 2527 2806 2581 nolite
2836 2525 2896 2580 in
2927 2527 3054 2597 ipsa
3085 2525 3637 2582 commemoratione

1992 2613 2302 2668 Dominicze
2334 2613 2625 2684 passionis
2660 2614 2895 2686 aliquod
2928 2614 3303 2686 participium
3333 2629 3438 2669 seu
3471 2630 3634 2669 com-

1992 2703 2354 2766 munionem,
2387 2707 2593 2773 praeter
2623 2702 2808 2758 solam
2840 2702 3336 2758 consecrationem
3367 2701 3455 2757 vel
3502 2718 3633 2758 coo-

1991 2791 2370 2860 perationem,
2403 2792 2715 2847 concedere
2739 2796 2950 2847 sanctae
2983 2796 3039 2847 et
3061 2790 3412 2864 impassibili
3442 2791 3633 2846 Trini-

1991 2878 2131 2946 tati;
2165 2879 2302 2950 quia
2335 2897 2492 2934 mors
2523 2881 2705 2936 solius
2736 2881 3120 2937 humanitatis
3151 2881 3280 2935 Filii
3309 2880 3409 2936 Dei
3441 2880 3500 2936 in
3530 2879 3631 2934 illo

1991 2971 2351 3022 sacramento
2380 2967 2596 3023 visibili
2644 2969 2987 3039 [recolitur],
3032 2973 3097 3024 ut
3138 2967 3453 3040 Apostolus
3503 2968 3628 3024 ait:

1991 3079 2018 3106 «
2052 3056 2520 3128 Quotiescunque
2551 3058 2983 3114 manducabitis
3013 3074 3223 3130 panem
3255 3058 3412 3114 hunc
3455 3061 3514 3113 et
3543 3073 3634 3112 ca-

1993 3144 2160 3200 licem
2192 3145 2422 3211 bibetis,
2455 3151 2700 3201 mortem
2736 3146 2962 3202 Domini
2993 3146 3418 3202 annuntiabitis
3449 3146 3631 3202 donec

243 3212 312 3285 Et
341 3212 517 3286 Paulo
546 3212 678 3303 post
711 3250 724 3286 :
751 3255 778 3280 ‹‹
804 3232 1118 3304 Epulemur
1149 3252 1263 3291 non
1287 3235 1344 3290 in
1369 3212 1652 3292 fermento
1674 3212 1878 3306 veteri,
1913 3212 1955 3278 Ο
1992 3236 2185 3290 veniat
2213 3236 2259 3304 (I
2288 3234 2407 3290 Cor.
2432 3251 2510 3300 x1,
2535 3236 2648 3304 26).
2683 3257 2710 3284 »
2734 3236 2861 3306 Ipse
2892 3250 3125 3306 quoque
3145 3234 3431 3290 Dominus
3458 3234 3632 3290 Jesus

242 3334 431 3389 neque
461 3318 519 3373 in
551 3319 837 3375 fermento
869 3322 1107 3376 malitiae
1139 3327 1194 3377 et
1227 3325 1498 3395 nequities
1529 3327 1710 3396 (Ibz'd.,
1743 3329 1818 3395 8).
1853 3348 1879 3376 »

243 3406 308 3462 In
339 3407 718 3464 saecularibus
749 3409 1207 3479 quoquelitteris
1228 3413 1534 3484 satyricus,
1592 3415 1886 3469 effemina-

241 3493 463 3550 tionem
519 3500 576 3551 et
631 3499 935 3567 corruptos
984 3513 1176 3552 mores
1231 3500 1626 3557 Romanorum
1686 3503 1889 3558 redar-

243 3595 456 3655 guens,
487 3582 569 3637 ait
599 3600 611 3636 :

311 3693 458 3764 Quid
473 3694 722 3764 didicisse
736 3697 759 3742 ?
773 3696 883 3764 nisi
903 3695 1005 3745 hoc
1028 3697 1364 3764 fermentum,
1388 3706 1557 3764 etquo
1571 3705 1733 3752 semel
1745 3705 1890 3754 intus

310 3756 500 3804 lunata
527 3760 626 3816 est,
660 3760 822 3818 rupto
847 3756 1042 3819 jecore,
1068 3760 1253 3809 exierit
1283 3756 1560 3824 capriﬁcus
1582 3769 1604 3812 ?

1440 3826 1600 3885 (Pass.
1633 3842 1663 3884 ι,
1697 3828 1796 3889 24.)

318 3932 482 3988 ΧΧΧ.
508 3933 594 4002 Et,
620 3933 668 3988 si
698 3949 902 3988 omnes
925 3934 1256 4006 Scripturas
1273 3941 1620 4008 perscrutati
1644 3941 1890 4009 fueritis,

243 4037 554 4092 nunquam
577 4025 634 4077 et
655 4038 948 4093 nusquam
973 4023 1324 4079 fermentum
1353 4025 1639 4096 inbonam
1672 4029 1889 4101 signiﬁ-

242 4110 535 4167 cationem
555 4110 692 4182 poni
719 4111 1046 4179 invenietis,
1068 4112 1180 4167 nisi
1206 4113 1263 4168 in
1289 4133 1404 4170 uno
1429 4115 1552 4172 loco
1581 4118 1890 4189 Evangelii,

245 4198 348 4254 ubi
382 4215 626 4270 regnum
655 4197 931 4254 cmlorum
964 4201 1246 4256 fermento
1268 4203 1460 4258 simile
1492 4205 1776 4262 Dominus
1808 4208 1892 4261 di-

248 4286 348 4356 cit,
379 4287 705 4342 doctrinam
736 4287 1004 4344 videlicet
1033 4289 1409 4360 apostolicam
1443 4293 1800 4365 signiﬁcans.
1835 4297 1894 4352 Si

245 4391 383 4430 vero
414 4392 617 4431 omnes
640 4375 943 4432 revolvatis
961 4378 1310 4449 Scripturas,
1347 4398 1646 4452 nunquam
1679 4388 1737 4437 et
1765 4401 1897 4440 nus-

250 4481 430 4535 quam
491 4465 794 4520 invenietis
839 4483 1040 4539 azyma
1088 4467 1223 4538 poni
1283 4467 1342 4521 in
1407 4470 1893 4540 signiﬁcationem

1995 3324 2053 3378 in
2085 3322 2323 3394 speciali
2356 3323 2930 3378 commemorationis
2976 3339 3094 3377 sua
3126 3321 3426 3394 privilegio
3455 3321 3633 3377 disci~

1995 3413 2150 3484 pulis
2163 3410 2524 3467 distribuens
2540 3426 2771 3482 panem,
2792 3411 2872 3465 ait
2890 3427 2903 3465 :
2921 3411 3074 3465 «Hoc
3090 3415 3177 3466 est
3190 3427 3401 3481 corpus
3413 3425 3635 3478 meum,

1996 3502 2147 3573 quod
2199 3517 2301 3571 pro
2353 3499 2514 3555 vobis
2555 3499 2813 3554 tradetur
2854 3498 3036 3568 (Ibz'd.,
3077 3498 3192 3565 24).
3244 3520 3273 3547 ››
3315 3500 3510 3562 Meum,
3553 3499 3640 3553 in-

1996 3606 2195 3661 quam,
2221 3588 2395 3659 quod,
2419 3587 2674 3658 Spiritus
2705 3586 2888 3641 sancti
2906 3585 3268 3657 septemplici
3289 3585 3476 3656 gratia
3505 3586 3640 3640 sub-

1997 3680 2221 3745 nixum,
2254 3678 2382 3748 ipsa
2413 3675 2702 3746 sapientia
2733 3675 2831 3729 Dei
2876 3673 3062 3729 Patris
3101 3679 3312 3728 aeterne
3363 3672 3640 3730 aediﬁcavi

1999 3765 2145 3821 mihi
2178 3763 2462 3834 templum
2485 3761 2873 3832 quadraginta
2894 3768 2946 3815 et
2968 3777 3067 3815 sex
3087 3760 3293 3816 diebus
3312 3760 3373 3816 in
3399 3768 3564 3818 utero
3585 3767 3645 3819 et

1998 3872 2068 3911 ex
2099 3858 2262 3908 utero
2293 3852 2522 3905 intactae
2545 3849 2800 3920 Virginis
2824 3865 2836 3904 :
2857 3849 3149 3920 quodque,
3183 3865 3317 3904 mox
3346 3866 3450 3921 pro
3477 3851 3644 3908 vobis

2001 3948 2057 3998 et
2087 3958 2190 4014 pro
2219 3939 2423 3994 multis
2453 3955 2554 4010 per
2582 3936 2914 4008 passionem
2957 3937 3146 3992 crucis
3186 3937 3246 3991 in
3277 3941 3524 3994 mortem
3555 3955 3645 3995 re-

2001 4029 2366 4093 solvendum,
2396 4027 2764 4097 omnipotens
2786 4024 3040 4080 Trinitas
3060 4027 3192 4096 post
3209 4024 3498 4080 Triduum
3516 4042 3646 4082 sus-

2003 4119 2226 4184 citabit,
2260 4134 2373 4171 non
2405 4113 2746 4186 permittens
2779 4118 3050 4169 sanctum
3098 4130 3273 4169 suum
3303 4112 3496 4169 videre
3529 4130 3649 4170 cor-

2004 4207 2356 4279 ruptionem.
2390 4205 2586 4271 Meum,
2620 4203 2883 4274 inquam,
2908 4203 3014 4258 hoc
3039 4207 3146 4269 est,
3171 4202 3295 4258 Filii
3319 4202 3421 4258 Dei
3442 4206 3500 4258 et
3519 4201 3648 4259 Filii

2005 4295 2284 4364 hominis,
2317 4294 2416 4364 qui
2448 4291 2607 4347 vadit
2637 4293 2789 4346 sicut
2819 4293 3103 4362 scriptum
3135 4295 3224 4347 est
3243 4292 3315 4347 de
3343 4290 3464 4346 illo.
3495 4293 3646 4358 Qua-

2006 4388 2260 4457 propter,
2303 4382 2455 4437 sicut
2495 4380 2892 4451 praediximus,
2926 4382 3046 4434 tota
3088 4380 3259 4435 beata
3299 4378 3555 4434 Trinitas
3586 4379 3645 4435 in

2007 4471 2407 4528 conseratione
2431 4468 2806 4524 Eucharistim
2825 4472 3186 4540 cooperatur,
3214 4469 3315 4524 sed
3339 4467 3467 4524 sola
3493 4484 3652 4524 mors

251 4551 630 4616 contrariam,
663 4553 762 4607 sed
795 4558 894 4609 aut
925 4555 1324 4611 sinceritatem
1355 4563 1458 4612 aut
1484 4559 1782 4615 veritatem
1817 4561 1890 4615 si-
1927 4575 1972 4638 ί)
2003 4560 2218 4617 Christi
2250 4560 2309 4614 in
2343 4559 2618 4613 lractione
2651 4558 2779 4627 ejus
2809 4560 2867 4612 et
2901 4557 2959 4611 in
2995 4574 3105 4611 usu
3136 4557 3538 4613 annuntiatur.

253 4637 522 4712 gniﬁare,
557 4639 709 4694 sicut
736 4642 1048 4713 Apostolus
1076 4643 1158 4698 ait
1191 4660 1203 4696 :
1239 4667 1267 4694 ‹‹
1302 4645 1618 4716 Epulemur
1663 4649 1721 4702 in
1777 4668 1901 4721 azy-

255 4727 372 4783 mis
403 4727 757 4783 sinceritatis
785 4732 1122 4787 etveritatis
1144 4732 1188 4802 (I
1209 4731 1328 4788 Cor.
1364 4753 1416 4802 ν,
1450 4735 1525 4804 8).
1563 4759 1590 4784 ››
1623 4737 1784 4792 Unde
1813 4755 1900 4792 ve-

256 4821 380 4872 stra
393 4815 467 4871 du
475 4815 726 4889 plicitas,
744 4835 850 4873 suo
876 4819 1218 4875 fermentato
1236 4827 1526 4890 contenta,
1554 4825 1823 4880 Romana:
1845 4831 1901 4882 et

258 4906 475 4960 Latina
493 4904 858 4977 simplicitati
881 4925 1146 4979 azymum
1161 4913 1357 4982 extorq
1369 4928 1501 4968 uere
1514 4914 1761 4969 desinat.
1795 4915 1897 4980 Ne,

258 4993 307 5048 si
340 4994 514 5050 fuerit
545 4995 829 5066 pertinax,
863 4996 1193 5063 anathema,
1229 5001 1576 5057 maranatha
1619 5019 1752 5056 cum
1795 5019 1898 5056 suo

257 5082 601 5138 fermentato
634 5084 751 5150 ﬁat,
804 5089 859 5139 et
896 5085 1238 5156 prophetam
1290 5087 1400 5140 sibi
1454 5092 1901 5160 exprobrantem

258 5171 460 5227 audiat
492 5188 504 5224 :
543 5194 569 5221 «
604 5173 685 5226 Ite
718 5173 787 5227 ad
821 5172 1039 5240 Bethel,
1073 5178 1131 5228 et
1161 5172 1338 5245 impie
1369 5176 1540 5247 agite,
1573 5191 1632 5234 et
1680 5182 1901 5235 sacriﬁ-
1945 5176 1956 5187 ’

260 5263 387 5314 cate
417 5259 488 5312 de
518 5259 863 5315 fermentato
888 5261 1122 5316 laudem
1164 5262 1301 5332 (Am.
1333 5281 1411 5331 ιν,
1443 5267 1519 5336 5).
1553 5288 1580 5317 ››

333 5345 520 5400 XXXI.
550 5345 714 5401 Nunc
743 5349 1008 5404 videatur
1047 5366 1314 5420 qumnam
1359 5352 1748 5411 Ecclesiarum
1781 5375 1902 5412 ma-

251 5433 374 5508 jori
405 5432 710 5504 diligentia
738 5439 796 5489 et
824 5437 1112 5491 subtiliori
1161 5439 1588 5510 signiﬁcatione
1620 5444 1903 5501 Dominici

261 5520 524 5594 corporis
554 5522 966 5593 proprietatem
996 5523 1274 5580 imitetur.
1309 5528 1573 5584 Romana
1605 5533 1819 5605 quippe
1851 5540 1907 5590 et

263 5608 658 5670 Occidentalis
691 5608 944 5669 Ecclesia
970 5611 1305 5670 aministris
1327 5617 1477 5671 sacri
1502 5618 1705 5679 altaris
1726 5622 1786 5678 in
1817 5640 1905 5679 se-

2079 4649 2291 4704 XXXII.
2326 4647 2468 4701 Hinc
2491 4647 2618 4716 jam
2665 4661 2794 4716 quae
2823 4645 2977 4716 apud
3016 4661 3119 4700 vos
3165 4645 3449 4700 habeatur
3479 4643 3652 4700 disci-

2008 4738 2170 4810 plina
2192 4741 2247 4791 et
2278 4735 2502 4790 cautela
2532 4750 2711 4806 supra
2743 4737 2900 4788 tanto
2943 4733 3220 4802 mysterio
3251 4733 3646 4789 advertamus.

2007 4827 2124 4881 Vos
2175 4825 2488 4895 aliquando
2541 4821 2725 4893 pretio
2779 4821 3192 4876 fermentatum
3237 4836 3270 4875 θ.
3307 4835 3658 4891 quocunque

2007 4914 2128 4970 viro
2161 4929 2262 4967 seu
2295 4911 2511 4965 femina
2543 4912 2933 4980 przeparatum
2955 4907 3205 4974 habetis,
3236 4906 3296 4961 in
3327 4909 3558 4963 tantum
3588 4910 3652 4963 ut

2012 5015 2435 5070 nonnunquam
2454 4999 2524 5051 ab
2558 4997 2700 5069 ipsis
2729 4996 2981 5067 publicis
3003 4995 3435 5065 negotiatorum
3465 4996 3656 5052 taber-

2012 5092 2103 5146 nis
2126 5107 2214 5144 om
2226 5094 2387 5160 ptum
2415 5103 2622 5159 panem
2643 5085 2712 5138 ad
2740 5084 3096 5139 Dominicam
3115 5100 3381 5139 mensam
3405 5084 3656 5140 transfe-

2016 5181 2194 5242 ratis;
2230 5193 2404 5248 quem
2444 5177 2754 5229 tractatum
2789 5172 2966 5227 illotis
2997 5176 3054 5226 et
3083 5171 3335 5227 sordidis
3377 5188 3659 5243 quorum-

2014 5267 2156 5322 libet
2192 5264 2464 5319 manilius
2491 5278 2702 5334 negare
2733 5278 2848 5316 non
2879 5261 3141 5333 potestis.
3165 5259 3272 5325 Qui
3305 5277 3464 5328 sane,
3490 5261 3662 5332 juxta

2016 5359 2275 5410 nostram
2303 5351 2718 5418 narrationem,
2753 5350 3012 5422 quinque
3044 5348 3506 5406 substantiarum
3536 5367 3663 5422 par-

2013 5444 2200 5513 ticeps
2228 5445 2340 5506 cst,
2383 5440 2440 5494 id
2473 5444 2583 5504 est,
2618 5439 2906 5507 fermenti,
2948 5439 3168 5508 farinae,
3202 5437 3363 5506 salis,
3412 5454 3576 5509 aquae
3607 5444 3664 5495 et

2015 5530 2190 5604 ignis.
2220 5531 2476 5594 Quorum
2509 5527 2774 5583 omnium
2799 5527 3255 5599 signiﬁcationes
3277 5541 3568 5600 congruas
3600 5528 3661 5584 in

2015 5620 2117 5677 illa
2165 5617 2416 5690 simplici
2447 5620 2503 5671 et
2532 5615 2941 5672 sinceracarne
2960 5616 3298 5687 Salvatoris,
3326 5615 3377 5672 si
3407 5615 3659 5687 habetis,
