3966 6212
400 343 514 412 951

1337 393 1343 402 .
1413 343 1897 411 HUMBERTUS
1944 344 2009 406 S.
2057 343 2132 406 ἢ.
2177 343 2249 406 E.
2295 345 2791 411 CARDINKLIS.

3676 336 3794 409 952

402 482 534 538 date
563 476 752 537 nebis.
793 479 904 535 Par
929 482 1018 534 est
1046 480 1202 535 enim
1241 481 1305 535 ut
1326 482 1396 535 de
1427 481 1706 535 fermento
1740 477 1906 533 nobis
1937 492 2032 532 ra-
2060 476 2118 543 Α
2145 479 2322 535 Graci
2352 484 2571 548 autem,
2595 481 2991 538 cohabitantes
3013 479 3119 550 eis,
3146 479 3244 536 alii
3267 479 3372 549 sic,
3405 477 3502 535 alii
3533 475 3794 551 qualiter

402 571 619 626 tionem
651 568 928 633 reddatis,
954 569 1446 638 quemadmodum
1480 585 1589 624 nos
1609 569 1679 622 de
1701 568 1917 640 azymis
1947 569 2038 622 vo-

400 655 491 714 bis
506 675 610 713 :rne
633 658 798 723 forte,
815 657 968 726 quod
988 657 1168 711 absit!
1191 659 1539 728 perversitas
1562 657 2034 724 Manichaeorum,

399 746 471 802 ad
504 745 860 800 fulciendum
885 743 1137 800 errorem
1169 763 1364 808 suum.
1399 752 1620 802 asserat
1642 748 1747 802 has
1779 748 2038 818 quinque

399 829 761 891 substantias
808 833 865 888 in
918 831 1268 890 sacrificium
1317 836 1779 891 Christianorum
1812 837 2034 891 assumi

399 928 634 996 propter
681 923 940 993 quinque
989 929 1155 978 antra
1203 925 1598 992 tenebrarum,
1653 943 1778 997 quae
1813 927 2039 997 fingunt

401 1009 732 1069 mentiendo
764 1011 896 1066 sibi.
930 1012 1070 1066 Date
1093 1028 1322 1084 quoque
1346 1013 1667 1069 evidentem
1700 1029 1937 1069 causam
1969 1015 2036 1068 il-

397 1101 515 1157 lius
545 1096 1029 1167 circumcisionis,
1077 1116 1192 1170 qua
1231 1101 1565 1156 coronulam
1598 1104 1765 1173 panis
1796 1105 1867 1158 ad
1903 1119 2036 1158 san-

399 1194 559 1246 ctum
581 1189 932 1244 sacriﬁcium
949 1189 1096 1242 ferro
1117 1188 1343 1254 levatis,
1366 1206 1496 1244 cum
1517 1190 1892 1246 immaculata
1908 1193 2036 1247 hos-

395 1278 478 1334 tia
509 1274 952 1332 immaculatum
976 1292 1186 1347 corpus
1208 1277 1435 1332 Domini
1459 1280 1652 1348 aptius
1674 1279 1936 1334 videatur
1967 1281 2034 1335 si-

397 1366 693 1439 gniﬁcare,
727 1368 782 1419 et
801 1364 1107 1434 integritas
1129 1365 1298 1436 panis
1329 1367 1720 1437 integritatem
1744 1368 2033 1434 Ecclesiae,

397 1463 524 1527 quae
544 1450 979 1524 corpusChristi
997 1453 1061 1507 fit
1075 1453 1514 1525 participatione
1527 1456 1655 1526 ejus
1673 1456 2034 1527 integerrimi

395 1543 843 1614 corporis.Quod
858 1535 1108 1612 qualiter
1124 1536 1244 1596 fieri
1263 1543 1709 1611 debeat,Paulus
1723 1545 2035 1600 Corinthiis

393 1633 480 1688 ita
506 1631 781 1703 praadicat
813 1649 826 1685 :
862 1652 890 1680 «
912 1631 1083 1686 Panis
1106 1645 1278 1702 quem
1309 1629 1655 1704 frangimus,
1681 1650 1872 1689 nonne
1904 1651 2034 1705 par-

393 1720 656 1792 ticipatio
686 1719 917 1774 Domini
951 1719 1078 1774 est?
1108 1719 1388 1785 Quoniam
1440 1738 1590 1775 unus
1625 1723 1812 1792 panis,
1849 1739 2034 1777 unum

396 1819 608 1880 corpus
640 1807 809 1862 multi
832 1823 1040 1863 sumus
1069 1823 1291 1873 omnes,
1315 1808 1414 1878 qui
1437 1809 1506 1863 de
1527 1825 1642 1864 uno
1670 1826 1817 1881 pane
1840 1815 1895 1865 et
1916 1828 2032 1867 uno
2066 1840 2113 1905 Β

396 1889 575 1953 calice
603 1895 1023 1966 participamus
1055 1889 1098 1965 (Ι
1121 1898 1241 1949 Cor.
1275 1912 1330 1961 x,
1359 1897 1464 1966 17).
1503 1919 1528 1944 ››
1565 1897 1723 1952 Unde
1753 1901 1808 1953 et
1839 1900 2034 1954 Domi-

398 1999 511 2039 nus
540 1997 750 2054 panem
782 1981 1091 2054 accepisse,
1126 1984 1490 2039 benedixisse
1530 1989 1587 2039 et
1617 1986 1880 2056 fregisse,
1923 2005 2037 2042 non

398 2075 592 2128 autem
607 2071 821 2143 legitur
841 2076 974 2126 ante
995 2071 1081 2125 vel
1103 2076 1304 2143 postea
1324 2072 1618 2127 incidisse.
1643 2074 1858 2130 Deinde
1882 2077 2036 2146 quod

397 2153 666 2217 sanctum
713 2175 922 2231 panem
963 2160 1092 2214 vitze
1142 2165 1364 2215 aeterna:
1419 2161 1478 2216 in
1513 2161 2037 2219 calicemintritum

399 2263 531 2304 cum
562 2247 848 2304 eochleari
882 2265 1113 2303 sumere
1149 2251 1496 2315 consuestis,
1531 2251 1668 2322 quid
1701 2253 2038 2323 opponitis?

395 2339 597 2408 NBque
626 2336 776 2390 enim
803 2337 926 2406 ipse
961 2337 1238 2392 Dominus
1261 2355 1469 2408 panem
1500 2339 1556 2392 in
1592 2338 1767 2394 calice
1793 2341 1908 2394 vini
1945 2342 2038 2395 in-

398 2425 577 2489 trivi‘t,
611 2428 668 2478 et
697 2425 781 2478 sic
804 2425 1081 2495 apostolis
1103 2425 1262 2478 dedit
1279 2426 1478 2481 dicens
1504 2446 1515 2481 :
1550 2428 1789 2498 accipite
1820 2434 1874 2483 et
1902 2446 2034 2484 cum

400 2512 686 2570 cochleari
725 2513 1006 2566 comedite
1058 2531 1069 2566 :
1124 2513 1232 2567 hoc
1259 2518 1346 2568 est
1377 2516 1531 2568 enim
1563 2532 1771 2587 corpus
1816 2533 2031 2571 meum.

398 2601 532 2667 Sed,
566 2600 718 2656 sicut
737 2605 938 2655 sancta
968 2601 1224 2656 Romana
1242 2602 1494 2658 Ecclesia
1526 2621 1711 2674 usque
1741 2621 1898 2659 nunc
1933 2605 2033 2659 ob-

399 2694 607 2756 servat,
643 2704 852 2761 panem
897 2690 1187 2761 integrum
1220 2692 1512 2746 benedixit
1542 2697 1597 2747 et
1626 2694 1876 2748 fractum
1921 2693 2038 2748 sin-

399 2771 553 2851 gulis
583 2771 976 2849 particulatim
1023 2779 1321 2834 distribuit
1351 2781 1549 2837 dicens
1585 2800 1596 2835 :
1630 2804 1658 2832 ‹‹
1689 2782 1942 2854 Accipite
1981 2786 2038 2837 et

401 2865 704 2932 comedite,
738 2865 846 2921 hoc
876 2870 964 2921 est
984 2881 1193 2939 corpus
1213 2883 1405 2924 meum
1429 2871 1639 2938 (Matth.
1673 2887 1829 2940 xxvx,
1859 2872 1970 2942 26).
2008 2892 2036 2919 »

402 2951 646 3024 Quibus,
678 2959 986 3026 postquam
1017 2961 1304 3011 coenatum
1346 2960 1454 3023 est,
1498 2957 1734 3012 calicem
1784 2958 2039 3029 porrexit

401 3041 603 3098 dicens
635 3059 648 3097 :
685 3065 713 3092 «
745 3044 930 3099 Bibite
958 3061 1025 3100 ex
1049 3062 1114 3099 eo
1137 3061 1341 3100 omnes
1371 3045 1556 3116 (Ibid.,
1585 3047 1697 3114 27).
1734 3069 1760 3094 ››

473 3124 710 3186 XXXIII.
743 3132 927 3194 Qua‘m
960 3133 1332 3187 reverendam
1364 3133 1584 3204 angelis
1614 3137 1670 3188 et
1699 3133 2037 3189 hominibus

2145 585 2179 622 a
2209 569 2332 624 suis
2364 573 2728 640 acceperunt.
2760 571 2841 624 Ad
2866 571 3007 640 haec,
3041 570 3089 625 si
3118 569 3266 642 quid
3292 585 3359 624 ex
3391 572 3594 624 sancta
3614 571 3674 623 et
3695 580 3790 624 ve-

2147 657 2386 712 nerabili
2435 657 2798 713 Eucharistia
2846 660 2904 712 in
2948 656 3486 730 Hierosolymitanis
3528 656 3792 712 ecclesiis

2145 747 2515 816 superfuerit,
2550 764 2655 802 nec
2684 747 3003 802 incendunt
3033 765 3137 803 nec
3165 747 3221 801 in
3261 747 3490 802 foveam
3520 746 3787 814 mittunt,

2145 836 2244 889 sed
2278 835 2336 888 in
2370 835 2632 906 pyxidem
2667 837 2948 891 mundam
2969 837 3384 901 recondunt,et
3414 834 3682 905 sequenti
3704 835 3793 890 die

2147 925 2769 990 communicantibi,eo
2783 926 2936 996 quod
2952 923 3792 981 conveniuntillucexdiversis

2145 1011 2456 1082 provinciis
2472 1013 2808 1078 Christiani,
2825 1014 3188 1085 qui,propter
3203 1009 3376 1068 fidem
3390 1015 3447 1066 et
3467 1011 3791 1067 maximum

2147 1115 2400 1154 amorem
2426 1100 2554 1154 Filii
2573 1101 2692 1167 Dei,
2719 1102 3150 1157 communicare
3170 1100 3248 1156 ibi
3273 1100 3629 1166 desiderant,
3654 1100 3793 1172 quia

2146 1190 2202 1242 et
2231 1187 2392 1242 locus
2421 1187 2546 1259 ipse
2574 1190 2959 1245 venerabilior
2987 1194 3044 1246 et
3074 1189 3331 1245 sanctior
3379 1192 3468 1244 est
3510 1189 3791 1244 omnibus

2144 1275 2288 1330 locis
2314 1277 2372 1330 in
2404 1277 2562 1331 omni
2595 1283 2767 1332 terra.
2801 1283 2867 1332 Et
2896 1278 2975 1332 ibi
3007 1279 3096 1334 est
3134 1277 3467 1350 sepulcrum
3515 1279 3787 1333 sanctum

2145 1367 2201 1419 et
2229 1364 2567 1420 honorabile
2588 1365 2817 1421 Domini
2843 1367 3024 1421 nostri
3047 1367 3183 1422 Jesu
3209 1365 3442 1430 Christi,
3467 1369 3522 1420 et
3547 1361 3785 1422 sanctus

2144 1452 2414 1508 Calvariae
2439 1453 2619 1509 locus.
2653 1455 2994 1509 Subterrare
3020 1459 3217 1510 autem
3246 1453 3333 1509 vel
3364 1454 3628 1524 infodere
3647 1469 3784 1509 san-

2145 1543 2300 1596 ctam
2330 1542 2834 1598 Eucharistiamin
2858 1547 3031 1611 terra,
3057 1543 3181 1598 sicu
3239 1543 3478 1614 quidam
3509 1543 3785 1597 dicuntur

2144 1645 2330 1700 agere,
2361 1634 2463 1685 aut
2492 1629 2549 1684 in
2582 1629 2849 1702 lagenam
2882 1631 3132 1698 mittere,
3157 1648 3230 1687 au
3277 1631 3568 1686 eﬂhndere
3598 1630 3786 1693 illam,

2144 1717 2498 1788 negligentia
2530 1734 2742 1790 magna
2771 1724 2862 1774 est
2892 1724 2949 1775 et
2980 1719 3178 1775 nullus
3207 1719 3386 1774 timor
3412 1719 3536 1774 Dei.
3561 1717 3785 1774 Etenim

2146 1805 2290 1860 tldes
2322 1805 2806 1874 Christianorum,
2838 1807 2965 1879 ipsa
2996 1807 3304 1880 impolluta
3319 1811 3376 1862 et
3403 1806 3601 1862 divina
3633 1801 3791 1878 mYs-

2149 1893 2293 1948 teria
2343 1899 2498 1960 sunt,
2533 1897 2855 1950 secundum
2905 1897 3059 1967 quod
3092 1896 3362 1952 Christus
3388 1893 3535 1950 diirit
3567 1913 3579 1950 :
3616 1918 3646 1945 «
3678 1894 3787 1960 Qui

2149 1982 2465 2037 manducet
2484 1999 2713 2038 carnem
2743 2000 2930 2038 meam
2953 1988 3009 2038 et
3023 1983 3173 2037 bibit
3190 1983 3537 2053 sanguinem
3562 1999 3790 2050 meum,

2148 2070 2264 2125 vita
2307 2071 2459 2126 vivet
2504 2072 2563 2126 in
2594 2076 2869 2126 aeternum
2913 2071 3088 2141 (Joan.
3122 2086 3198 2136 v1,
3229 2070 3318 2135 55,
3349 2069 3460 2136 59).
3498 2091 3525 2117 »
3569 2068 3684 2123 Sed
3719 2070 3801 2124 de

2147 2156 2240 2212 his
2271 2157 2550 2213 hactenus
2576 2176 2588 2212 :
2623 2158 2907 2229 praecipue
2938 2171 3070 2212 cum
3101 2172 3204 2212 vos
3232 2156 3344 2227 ipsi
3375 2155 3618 2227 possitis
3665 2156 3793 2211 hac

2147 2245 2413 2317 colligere
2435 2245 2709 2300 subtilius
2730 2261 2796 2300 ex
2815 2249 3013 2300 tenore
3044 2243 3298 2315 epistolae
3320 2242 3480 2298 illius
3511 2257 3692 2313 quam
3717 2244 3791 2300 is-

2145 2333 2221 2387 tis
2251 2349 2318 2387 ex
2347 2349 2532 2404 graeca
2562 2333 2802 2388 latinam
2837 2331 3208 2405 perfecimus.
3243 2331 3352 2386 Ubi
3397 2329 3527 2385 luce
3571 2330 3790 2387 clarius

2144 2420 2386 2493 intelligi
2420 2424 2611 2489 datur,
2645 2424 2918 2477 eumdem
2951 2422 3130 2477 ritum
3149 2420 3328 2475 divini
3346 2419 3616 2475 sacriﬁcii
3648 2437 3789 2477 san-

2144 2513 2294 2564 ctam
2318 2510 2899 2582 Hierosolymitanam
2917 2509 3233 2565 Ecclesiam
3265 2510 3603 2564 observasse
3631 2503 3787 2564 anti-

2145 2596 2364 2667 quitus,
2398 2614 2571 2668 quem
2603 2604 2977 2654 sacrosancta
3008 2599 3270 2653 Romana
3299 2595 3557 2652 Ecclesia
3585 2597 3789 2652 obser-

2142 2701 2276 2740 vare
2307 2703 2421 2740 non
2453 2691 2643 2742 cessat
2671 2687 2971 2742 hactenus.
3002 2685 3302 2758 Siquidem
3328 2689 3534 2740 tenues
3563 2686 3790 2741 oblatas

2146 2789 2214 2827 ex
2244 2774 2440 2829 simila
2470 2779 2823 2847 praeparatas
2852 2775 3112 2847 integras
3143 2777 3200 2829 et
3229 2789 3406 2829 sanas
3432 2774 3614 2829 sacris
3644 2773 3788 2830 alta-

2148 2861 2312 2917 ribus
2359 2879 2464 2918 nos
2495 2879 2727 2935 quoque
2775 2864 3251 2936 superponimus,
3293 2866 3350 2917 et
3378 2877 3445 2917 ex
3475 2862 3621 2934 ipsis
3651 2867 3788 2934 post

2147 2951 2638 3007 consecrationem
2661 2952 2857 3007 fractis
2873 2969 3005 3007 cum
3021 2950 3235 3024 populo
3257 2951 3786 3006 communicamur.

2147 3039 2215 3092 Et
2244 3043 2382 3094 tunc
2414 3038 2651 3094 demum
2671 3040 2847 3095 calice
2879 3041 3022 3096 meri
3053 3044 3109 3095 et
3128 3039 3338 3111 liquidi
3369 3039 3590 3094 cruoris
3621 3043 3790 3110 pota-

2148 3141 2282 3180 mur
2313 3143 2326 3179 :
2363 3128 2836 3198 quandoquidem
2864 3127 3082 3183 nemini
3102 3127 3524 3199 discipulorum
3551 3126 3664 3183 nisi
3683 3128 3789 3183 Ju-

397 3219 830 3274 lnstitutionem
862 3220 1038 3275 etiam
1061 3224 1262 3276 sancta
1282 3197 1651 3292 Sion,uprima
1680 3220 1899 3276 scilicet
1929 3223 2040 3276 Ec-
2070 3197 2112 3263 (ἶ
2152 3214 2235 3268 ἀεὶ
2278 3216 2558 3285 Ρνοάίῒοτί
2603 3215 2915 3271 ίῐιῐίηεῑυω
2948 3233 3158 3287 Panem
3203 3233 3237 3270 α
3267 3215 3510 3271 Domino
3556 3231 3788 3286 Porrec‘

399 3307 598 3378 clasis,
613 3317 798 3379 usque
819 3310 888 3363 ad
905 3309 1024 3364 haee
1038 3310 1312 3364 moderns
1327 3314 1609 3381 tempora,
1624 3310 1862 3364 sicutab
1876 3327 2040 3381 apos-

399 3396 536 3452 t‘olis
565 3397 805 3468 accepit,
829 3397 1076 3452 ﬁdeliter
1095 3397 1334 3452 retinuit
1357 3415 1370 3452 :
1397 3400 1538 3453 adeo
1565 3402 1630 3452 ut
1650 3398 1887 3470 quidam
1913 3399 2037 3454 Hie-

395 3474 948 3556 rosolymitanorum
981 3485 1320 3555 pontificum
1340 3486 1492 3541 datis
1515 3486 1777 3557 epistolis
1807 3485 2034 3557 signifi-

389 3569 650 3627 caverinit
667 3576 954 3643 quantum
971 3573 1203 3628 illorum
1220 3574 1510 3629 institutio
1529 3574 1818 3646 discrepet
1834 3591 1866 3628 a
1887 3577 2037 3630 Gne-

385 3659 490 3715 cis.
519 3654 618 3715 Sic
633 3660 790 3716 enim
811 3662 1094 3733 scriptum
1125 3661 1486 3732 reliquerunt
1520 3679 1532 3716 :
1570 3684 1596 3712 ‹‹
1626 3663 1708 3717 Ex
1736 3663 1863 3733 ipsa
1892 3681 2031 3719 san-

383 3751 481 3802 ctav
503 3748 731 3804 civitate
752 3749 1133 3815 Hierusalem,
1158 3766 1284 3820 quae
1303 3754 1359 3804 et
1377 3754 1580 3805 sancta
1609 3749 2027 3824 Hierosolyma,

381 3829 521 3891 exiit
547 3837 694 3892 fides
735 3837 1067 3892 Christiana
1099 3853 1111 3892 :
1146 3839 1203 3892 in
1235 3838 1363 3908 ipsa
1393 3854 1624 3910 quoque
1655 3844 1856 3896 sancta
1886 3842 2025 3897 Sion

379 3928 437 3980 et
456 3929 662 3980 sancta
680 3926 1030 3981 resurrectio
1050 3925 1248 3996 prima
1267 3927 1538 3982 Ecclesiae
1553 3928 1830 3984 dicuntur
1849 3934 1907 3985 et
1929 3947 2022 3986 ve-

376 4013 587 4069 raciter
632 4013 943 4069 habentur.
979 4015 1042 4068 In
1070 4015 1197 4086 ipso
1230 4020 1432 4070 sancto
1464 4021 1520 4070 et
1549 4017 1863 4072 venerabili
1897 4019 2020 4076 loco

376 4096 733 4174 adimpletur
753 4103 948 4158 divina
967 4108 1020 4156 et
1045 4101 1419 4158 immaculata
1435 4104 1651 4161 oblatio
1673 4107 1902 4161 Domini
1927 4126 2023 4165 no-

376 4189 480 4244 stri
510 4183 650 4245 Jesu
677 4189 910 4259 Christi,
935 4191 1085 4244 sicut
1107 4192 1271 4245 decet
1301 4207 1402 4262 per
1428 4193 1764 4249 ordinem.»
1787 4196 1857 4249 Et
1878 4200 2016 4266 puto

375 4277 518 4348 quia
544 4275 916 4334 benefaciunt
943 4278 1046 4341 ibi,
1068 4279 1223 4348 quod
1250 4295 1363 4333 non
1388 4279 1502 4334 nisi
1523 4281 1784 4352 integras
1803 4287 1859 4337 et
1889 4301 2020 4340 san-

373 4356 497 4420 ctas
518 4365 912 4436 ponuntipsas
935 4366 1256 4422 oblationes
1277 4367 1333 4421 in
1359 4373 1589 4423 sanctas
1610 4370 1862 4440 patinas,
1890 4389 2013 4440 nec,

372 4454 664 4526 quomodo
686 4454 1123 4521 Graeci,babent
1143 4454 1402 4511 lanceam
1436 4457 1681 4512 ferream
1713 4475 1830 4529 qua
1860 4460 2013 4515 scin-

367 4542 510 4598 dant
536 4542 596 4597 in
614 4543 855 4598 modum
875 4543 1062 4599 crucis
1084 4545 1271 4615 ipsam
1295 4544 1671 4610 oblationem,
1696 4547 1754 4601 id
1777 4551 1865 4602 est
1881 4565 2014 4620 pro-
2042 4557 2090 4622 Ι)

363 4623 682 4688 scomiden.
717 4631 892 4686 Porro
923 4632 982 4687 in
1015 4633 1268 4704 praefatis
1300 4629 1516 4687 sanctis
1548 4633 1839 4702 Ecclesiis,
1873 4653 2006 4694 cum

359 4719 489 4792 ipsa
517 4723 719 4776 sancta
753 4721 947 4792 patina
965 4727 1227 4776 sanctam
1251 4721 1632 4792 anaphoram,
1659 4722 1716 4777 id
1743 4728 1831 4778 est
1851 4724 2011 4782 obla-

353 4809 597 4876 tionem,
643 4809 918 4865 exaltant.
968 4809 1198 4865 Etenim
1242 4825 1386 4863 verae
1417 4813 1474 4864 et
1520 4814 1666 4880 aptae
1698 4817 1837 4867 sunt
1865 4812 2004 4885 ipsa

354 4897 699 4968 oblationes,
757 4901 1099 4968 tenuesque,
1147 4903 1215 4952 ex
1268 4895 1483 4952 simila.
1531 4899 1816 4954 Lanceam
1869 4919 2002 4958 vero

350 4985 596 5043 ferream
617 4987 908 5052 nesciunt,
930 4986 1042 5042 nisi
1077 5003 1202 5057 quae
1224 4985 1377 5040 latus
1403 4986 1628 5041 Domini
1655 4990 1836 5043 nostri
1860 4990 1999 5046 Jesu

349 5071 562 5132 Christi
577 5074 1107 5147 aperuit.Cochlear
1118 5091 1252 5129 vero
1269 5090 1402 5129 cum
1417 5091 1530 5146 quo
1543 5078 1996 5148 communicent,

349 5163 505 5219 sicut
537 5163 596 5220 in
647 5163 902 5220 Ecclesia
933 5165 1283 5231 Graecorum,
1315 5163 1556 5218 minime
1588 5163 1824 5230 habent,
1857 5168 1994 5237 quia

2150 3309 2271 3357 tum
2302 3302 2654 3371 invenimus,
2696 3304 3063 3376 significante
3090 3305 3244 3375 quod
3267 3319 3399 3359 eum
3431 3308 3584 3358 esset
3613 3305 3790 3360 tradi-

2145 3395 2350 3459 turus;
2383 3392 2506 3463 pari
2537 3394 2708 3448 modo
2738 3393 2912 3448 etiam
2953 3393 3254 3449 residuum
3286 3391 3592 3448 dominica
3625 3392 3787 3448 obla-

2145 3479 2322 3535 tionis
2343 3481 2704 3552 reponimus.

2214 3613 2456 3668 XXXIV.
2489 3614 2640 3681 Jam,
2677 3615 2813 3685 quia
2860 3613 3216 3670 sufficienter
3252 3615 3598 3670 auctoritate
3642 3595 3782 3671 Novi

2140 3704 2195 3754 et
2217 3700 2440 3755 Veteris
2481 3702 2836 3758 Testamenti
2885 3705 3114 3758 constat
3151 3702 3465 3758 Dominum
3515 3709 3782 3759 nostrum

2135 3788 2339 3844 Jesum
2368 3789 2663 3846 Christum
2695 3791 3309 3846 commemorationem
3335 3807 3453 3846 suae
3486 3793 3782 3862 passionis

2136 3877 2503 3932 recolendam
2552 3878 2610 3932 in
2661 3878 2876 3951 azymis
2925 3877 3230 3950 discipulis
3277 3879 3385 3934 sub
3435 3879 3566 3952 ipsa
3621 3897 3786 3937 coena

2136 3967 2598 4033 commendasse,
2650 3967 2799 4022 sicut
2854 3966 3140 4039 hodieque
3189 3973 3391 4022 sancta
3435 3959 3699 4024 Remana
3727 3974 3784 4024 et

2133 4051 2339 4108 Latina
2367 4053 2623 4109 Ecclesia
2644 4055 2904 4110 noscitur
2924 4053 3192 4122 recolere,
3217 4055 3409 4110 dicere
3431 4049 3654 4110 debetis
3678 4073 3777 4112 cu-

2123 4142 2226 4214 jus
2273 4140 2699 4198 institutionem
2732 4143 2790 4198 in
2824 4144 3167 4199 fermentato
3199 4148 3318 4198 tam
3361 4143 3657 4201 obstinate
3686 4146 3782 4201 de-

2131 4229 2388 4288 fenditis.
2430 4230 2647 4304 Nempe
2687 4231 3022 4304 quicunque
3062 4249 3164 4287 seu
3209 4230 3641 4304 qualiscunque
3682 4233 3780 4290 ille

2129 4317 2322 4385 fuerit,
2348 4320 2517 4390 juxta
2545 4319 2780 4376 beatum
2811 4319 2942 4389 Job,
2975 4321 3336 4392 compositus
3381 4320 3521 4390 Deo,
3556 4319 3658 4393 qui
3688 4328 3776 4379 est

2128 4406 2498 4480 ipsajustitia
2513 4414 2570 4463 et
2587 4407 2890 4480 sapientia,
2907 4426 3011 4465 nec
3034 4408 3270 4480 sapiens
3291 4409 3420 4464 erit.
3443 4405 3560 4465 Nec
3579 4415 3776 4482 potest

2129 4496 2252 4551 ﬁeri
2279 4499 2343 4550 ut
2373 4497 2620 4568 quilibet
2648 4497 3092 4554 convenientius
3124 4502 3225 4552 aut
3253 4497 3448 4553 verius
3481 4515 3777 4555 commen-

2123 4585 2260 4640 dare
2307 4585 2708 4664 praevaluisset
2753 4592 3195 4644 sacrosanctum
3227 4579 3575 4659 mysterium
3607 4588 3766 4656 ﬁdei,

2118 4689 2297 4745 quam
2328 4673 2451 4746 ipse
2483 4673 2583 4746 qui
2604 4665 2846 4732 tradidit
2871 4675 3253 4748 semetipsum
3275 4692 3380 4747 pro
3411 4675 3578 4741 nobis
3610 4675 3767 4731 obla-

2116 4762 2333 4817 tionem
2356 4767 2412 4818 et
2432 4760 2682 4820 hostiam
2707 4763 2822 4820 Deo
2844 4765 2902 4819 in
2934 4765 3171 4820 odorem
3201 4762 3523 4827 suavitatis,
3553 4763 3760 4833 Agnus

2115 4850 2528 4907 immaculatus
2582 4852 2681 4924 qui
2722 4853 2874 4908 tollit
2907 4857 3143 4924 peccata
3187 4850 3407 4908 mundi.
3459 4848 3563 4903 Cui
3593 4865 3758 4904 com-

2111 4944 2334 5009 parata,
2355 4940 2714 5011 imperfecta,
2739 4939 3232 5013 cujusiinscientia
3253 4947 3483 4994 summa
3496 4933 3765 5010 estigno-

2113 5028 2323 5082 rantia.
2350 5030 2711 5100 Quapropter
2723 5028 3102 5085 eventilemus
3123 5028 3348 5099 reliqua
3368 5026 3524 5081 dicta
3538 5031 3757 5083 vestra.

2177 5160 2382 5214 XXXV.
2415 5165 3147 5217 CONSTANTINOPOLITANUS.
3173 5161 3328 5216 Dixit
3348 5163 3546 5215 autem
3578 5159 3758 5216 David

2104 5249 2174 5303 de
2189 5249 2343 5320 ipso:
2372 5249 2487 5302 «Tu
2512 5265 2572 5303 es
2591 5243 2935 5306 sacerdOsin
2954 5254 3236 5306 aeternum”
3252 5248 3583 5306 secundum
3610 5250 3756 5305 ordi-

2103 5353 2235 5392 nem
2265 5335 2689 5392 Melchisedech
2724 5339 2891 5407 (Psal.
2927 5353 3038 5407 αα,
3073 5341 3148 5411 ιε).
3189 5361 3215 5390 ››
3249 5339 3380 5405 Qui,
3417 5341 3554 5394 ante
3572 5338 3752 5395 Abra-

2098 5426 2234 5480 ham
2287 5428 2343 5480 et
2371 5425 2628 5495 Moysen,
2663 5423 2809 5497 cmli,
2838 5423 3003 5485 terra
3045 5434 3103 5484 et
3133 5433 3476 5484 caeterarum
3527 5434 3753 5485 creatu-

2099 5531 2296 5570 rarum
2333 5528 2657 5585 agnoscens
2688 5517 2892 5587 Deum,
2928 5533 3250 5592 exsurgens
3279 5517 3495 5575 obtulit
3523 5517 3608 5573 illi
3657 5533 3752 5590 pa-

2099 5619 2231 5661 nem
2260 5608 2318 5661 et
2345 5603 2566 5661 vinum.
2592 5605 2725 5663 Ideo
2743 5604 2882 5664 dicit
2905 5609 3136 5666 divinus
3155 5603 3471 5683 Apestolus
3503 5626 3517 5666 :
3543 5631 3572 5660 ‹‹
3602 5610 3746 5678 Quo-

347 5267 466 5307 non
522 5252 606 5307 ita
649 5254 1037 5308 commiscent
1094 5253 1282 5324 ipsam
1325 5256 1585 5306 sanctam
1627 5256 1992 5312 communio-

346 5353 480 5396 nem
507 5341 567 5396 in
599 5341 799 5409 calice,
836 5343 935 5397 sed
970 5341 1095 5398 sola
1141 5341 1349 5413 [panis]
1391 5343 1802 5398 communione
1832 5361 1988 5400 com-

345 5428 651 5484 municant
678 5430 982 5500 populum.
1004 5431 1200 5502 Itaque
1221 5433 1277 5484 et
1298 5430 1353 5483 in
1380 5431 1609 5502 magnis
1639 5435 1695 5485 et
1715 5431 1773 5485 in
1796 5433 1988 5504 parvis

341 5508 616 5572 Ecclesiis
645 5516 804 5573 hunc
834 5534 1057 5573 morem
1088 5518 1366 5574 traditum
1399 5518 1509 5574 sibi
1544 5536 1576 5573 a
1606 5521 1823 5575 sanctis
1849 5538 1986 5593 apo-

343 5602 510 5660 stolis
557 5605 778 5663 habent
821 5623 1024 5663 omnes
1067 5604 1380 5663 Christiani
1439 5606 1625 5678 ipsius
1655 5610 1982 5678 provinciae.
