3966 6212
155 370 270 437 957

1145 363 1562 430 ADVERSUS
1609 360 2065 428 GRIECORUM
2108 361 2583 428 CALUMNIAS.

3444 360 3562 426 958

155 503 344 582 gratia
373 504 429 561 et
455 499 696 561 veritate
727 517 832 576 per
859 501 1066 558 Jesum
1106 499 1402 558 Christum
1435 501 1604 571 facta,
1638 499 1808 573 spiri-
1836 498 1892 566 Α
1921 501 1992 556 ad
2013 499 2304 572 justitiam
2349 499 2506 556 omni
2555 497 2810 556 credenti
2840 498 3014 572 (Rom.
3064 517 3119 566 x,
3170 498 3243 571 4).
3298 520 3325 548 ››
3375 499 3558 566 Unde,

158 595 351 653 tuales
379 593 708 649 vivificabat
738 609 750 646 :
780 597 840 647 ut
864 591 969 658 illi,
996 591 1202 648 timore
1223 591 1561 663 temporalis
1580 591 1806 658 mortis,

161 702 227 742 ac
257 685 307 740 si
341 684 550 755 frigore
598 680 906 745 contracti,
957 680 1092 736 inde
1141 680 1442 752 pallerent,
1495 681 1648 734 unde
1689 680 1806 744 isti,

162 790 358 831 amore
375 775 599 827 aeternae
621 771 770 838 vitae,
795 769 964 841 quasi
996 769 1184 825 calore
1207 769 1476 842 vegetati,
1502 770 1808 835 rubebant,

164 866 222 919 et
252 878 388 918 cum
418 859 597 916 Paulo
627 857 808 914 libere
840 857 1203 929 proclamant
1228 874 1239 912 :
1277 878 1303 907 «
1333 857 1638 913 Plenitudo
1667 857 1813 930 legis

162 955 252 1008 est
280 949 516 1006 dilectio
551 948 718 1020 (Rom.
752 965 878 1017 xm,
915 947 1022 1012 10).
1063 969 1082 994 n
1123 948 1183 1000 In
1216 947 1386 1016 cujus
1415 947 1644 1002 duobus
1676 964 1813 1018 prae-

162 1039 344 1111 ceptis
376 1037 685 1094 charitatis
716 1040 898 1092 totam
939 1035 1191 1106 pendere
1223 1035 1452 1090 Veritas
1496 1035 1811 1106 perhibuit.

163 1128 325 1194 Quod
355 1125 403 1182 si
437 1131 590 1181 Deus
622 1125 876 1180 Charitas
907 1128 1014 1191 est,
1049 1127 1160 1178 Deo
1192 1122 1592 1194 proculdubio
1615 1123 1814 1177 adver-

167 1219 332 1273 satur
352 1214 628 1287 quisquis
652 1213 872 1284 aliquid
910 1213 1022 1284 legi
1058 1212 1239 1285 Moysi
1270 1211 1615 1267 subtrahere
1644 1227 1816 1266 cona-

168 1310 283 1371 tur,
318 1320 496 1376 quam
529 1303 654 1374 ipse
685 1306 864 1358 totam
891 1303 949 1356 in
973 1302 1253 1356 charitate
1277 1302 1524 1373 pendere
1548 1304 1814 1355 testatur.

169 1393 302 1457 Quae
330 1390 635 1448 charitatis
657 1391 911 1463 gemina,
939 1389 1279 1445 carnalibus
1305 1393 1361 1444 et
1392 1389 1636 1445 terrenis
1658 1406 1822 1444 orere-

171 1480 384 1537 moniis
414 1482 700 1548 contecta,
730 1479 888 1534 velut
917 1479 1157 1550 quidam
1180 1477 1442 1534 bisuleus
1462 1478 1674 1533 hamus
1696 1496 1820 1534 ver-

171 1568 405 1626 miculis
438 1585 540 1624 seu
571 1567 835 1624 volaticis
866 1567 1085 1640 plumis
1106 1568 1381 1634 insertus,
1415 1572 1471 1623 et
1499 1568 1556 1621 in
1582 1567 1822 1640 pelagus

173 1658 443 1714 humanas
482 1655 890 1728 captivationis
927 1655 1155 1712 coalitus
1195 1656 1511 1721 demissus,
1563 1673 1738 1728 vagos
1769 1655 1824 1711 et

171 1762 386 1802 vacuos
417 1745 742 1802 cmlestium
789 1745 1076 1812 homines,
1128 1746 1420 1801 inescatos
1465 1745 1820 1815 visibilibus,

1918 589 2195 662 quoniam
2238 589 2402 645 aliter
2430 589 3057 660 diciturﬁnivipanem,
3096 611 3122 636 »
3155 588 3323 644 aliter
3355 612 3380 638 ‹‹
3405 589 3564 658 ﬁnivi

1921 681 2105 745 telam,
2146 701 2172 727 »
2219 679 2576 750 accipiamus
2615 695 2851 734 necesse
2900 683 2989 734 est
3041 677 3336 734 Christum
3389 677 3561 732 linem

1917 767 2085 840 legis,
2105 772 2632 834 consummantem,
2648 784 2760 823 non
2780 785 2958 823 consu
2969 771 3218 822 mentem
3237 785 3248 822 :
3271 782 3336 838 pe
3347 766 3566 821 rficien-

1922 861 2059 922 tem,
2088 873 2202 911 non
2228 856 2650 911 annihilantem
2673 873 2685 910 :
2711 857 3119 928 complentem,
3144 873 3256 910 non
3282 872 3564 910 evacuan-

1923 949 2062 1000 tem.
2089 946 2248 1009 Quod
2275 945 2407 1000 finis
2430 947 2500 1000 ab
2518 945 2682 1000 initio
2705 945 2900 1000 saeculi
2925 945 3272 1016 promissus,
3295 949 3351 1000 et
3375 944 3428 998 in
3455 944 3567 998 fine

1924 1034 2236 1099 exhibitus,
2261 1036 2402 1089 dum
2430 1035 2707 1106 penderet
2729 1035 2786 1088 in
2810 1051 2978 1089 cruce
3021 1051 3122 1106 pro
3154 1033 3320 1089 nobis
3346 1032 3564 1088 sacriﬁ-

1925 1124 1972 1177 ci
1985 1141 2078 1177 um
2097 1124 2487 1194 vespertinum
2504 1128 2560 1178 et
2575 1123 2845 1178 ultimum
2862 1124 3068 1190 factus,
3093 1124 3282 1178 sciens
3297 1123 3567 1194 quiajam

1927 1211 3570 1281 omniaconsummatasunt,utconsummareturScriptu-

1927 1318 2010 1368 ra,
2037 1299 2210 1355 dicit:
2247 1324 2274 1349 ‹‹
2297 1301 2437 1355 Sitio
2459 1301 2634 1372 (Joan.
2662 1302 2910 1370 x1x,28).
2942 1325 2966 1347 ››
3004 1302 3108 1366 Qui
3152 1317 3282 1354 cum
3317 1299 3569 1368 accepis-

1928 1394 2017 1445 set
2041 1394 2291 1455 acetum,
2325 1389 2503 1444 dixit:
2533 1413 2558 1438 «
2584 1394 3065 1444 Consummatum
3099 1393 3186 1443 est
3213 1390 3373 1458 (Ibid.
3397 1389 3506 1458 30).
3544 1409 3570 1434 »

1928 1479 1997 1534 Et
2023 1478 2295 1534 inclinato
2318 1479 2505 1550 capite
2529 1478 2768 1533 tradidit
2809 1478 3104 1549 spiritum.
3149 1477 3253 1532 Ubi
3295 1480 3445 1530 certe
3468 1493 3570 1529 nec

1929 1567 2292 1638 Evangelista
2323 1568 2498 1622 dicit:
2533 1572 2593 1621 ut
2622 1572 3033 1622 consumeretur
3075 1569 3175 1622 sed
3223 1570 3284 1620 ut
3331 1582 3576 1620 consum-

1929 1661 2177 1712 maretur
2197 1657 2513 1727 Scriptura.
2549 1657 2664 1711 Nec
2694 1656 2818 1728 ipse
2851 1657 3169 1711 Dominus:
3198 1664 3577 1727 consumptum

1929 1749 2028 1813 est,
2060 1747 2158 1801 sed
2191 1754 2623 1801 consummatum
2661 1754 2756 1801 est.
2810 1746 2893 1801 Ad
2945 1762 3121 1818 quam
3156 1745 3458 1801 morientis
3486 1763 3579 1800 vo-

172 1834 455 1891 invisibili
498 1850 782 1890 mucrone
821 1829 1074 1904 trajecit,
1103 1839 1159 1889 et
1205 1835 1478 1905 trajectos
1527 1835 1598 1889 ad
1629 1834 1823 1890 sinum
1856 1871 1902 1935 B
1933 1851 2058 1890 cem
2088 1835 2280 1888 velum
2313 1834 2515 1905 templi
2547 1834 2797 1889 scissum
2825 1839 2913 1889 est
2942 1851 3129 1905 usque
3163 1837 3458 1902 deorsum,
3494 1839 3576 1902 ut,

175 1923 450 1997 angelicae
482 1921 766 1978 libertatis
788 1923 1058 1978 retraxit:
1104 1923 1360 1978 dicentes
1400 1923 1514 1978 Deo
1545 1924 1604 1978 in
1627 1924 1823 1979 Canti-

178 2029 381 2070 corum
413 2011 694 2068 canticis:
735 2032 756 2058 α
787 2011 973 2067 Trahe
1013 2028 1104 2066 me
1153 2016 1281 2083 post
1311 2015 1366 2067 te
1399 2012 1574 2083 (Cant.
1613 2030 1650 2079 ι,
1681 2012 1755 2082 3).
1797 2035 1823 2061 ››

178 2103 282 2159 Et:
333 2101 651 2156 Vulnerata
696 2099 974 2155 charitate
1026 2117 1131 2172 ego
1194 2118 1324 2155 sum
1393 2101 1569 2171 (Cant.
1624 2119 1698 2168 ιν,
1747 2101 1821 2172 9)-

181 2190 297 2259 Sic,
319 2192 460 2247 dum
483 2189 656 2245 homo
680 2189 936 2244 adhaeret
977 2195 1108 2256 Deo,
1153 2194 1209 2244 et
1244 2189 1468 2245 homini
1501 2191 1823 2261 proximus,

182 2278 595 2334 decentissima
624 2277 795 2342 linea,
829 2282 885 2332 et
904 2282 1184 2349 tanquam
1217 2294 1392 2333 aurea
1414 2280 1827 2333 mandatorum

184 2368 514 2424 divinorum
528 2367 976 2438 catena,pariter
987 2367 1056 2421 ad
1076 2367 1414 2438 paradisum
1429 2367 1660 2422 retrahu
1671 2371 1824 2422 ntur.

260 2503 390 2558 XLI.
413 2502 629 2557 Deinde
651 2504 870 2572 quanta
891 2500 1172 2556 instantia
1193 2500 1551 2570 Euphration
1582 2498 1829 2555 Rhodio-

188 2605 318 2646 rum
357 2589 665 2662 episcopus
713 2588 901 2659 legem
950 2592 1200 2642 veterem
1251 2592 1449 2643 contra
1495 2589 1834 2643 Severianos

185 2677 483 2734 haareticos
528 2675 870 2744 defenderit,
908 2693 973 2733 ex
1012 2676 1292 2747 subjectis
1332 2677 1522 2732 verbis
1554 2676 1740 2746 ipsius
1771 2675 1837 2729 li-

186 2773 350 2839 quet,
380 2766 483 2822 ubi
505 2767 659 2822 inter
689 2765 972 2820 nonnulla
1003 2764 1118 2820 alia
1159 2765 1337 2820 dixit:
1375 2787 1403 2814 «
1438 2765 1838 2820 Fundamenta

185 2856 399 2911 domus
427 2854 716 2927 praeclarae
745 2853 896 2910 circa
926 2853 1198 2926 squalida
1227 2853 1354 2909 loca
1383 2857 1520 2909 sunt
1540 2853 1747 2925 posita,
1775 2858 1840 2907 ut

188 2960 258 3000 ea
281 2961 407 3015 quas
427 2947 566 2999 sunt
585 2943 854 3015 superius
881 2942 1073 2998 nullas
1104 2941 1491 2998 contumelias
1512 2946 1837 2998 stercorum

187 3032 505 3105 patiantur.
539 3032 848 3103 Superiora
878 3048 1012 3104 ergo
1045 3033 1254 3087 domus
1277 3031 1652 3102 laquearibus
1675 3048 1840 3086 aura-

189 3121 289 3187 tis,
309 3120 746 3192 parietibusque
763 3121 954 3192 pictis,
975 3127 1031 3177 et
1046 3121 1203 3177 vario
1223 3137 1584 3176 marmorum
1605 3120 1837 3176 metallo

195 3213 335 3264 sunt
362 3208 546 3277 edita;
580 3208 852 3265 inferiora
878 3226 1033 3278 vero,
1075 3210 1307 3266 humori
1352 3213 1574 3265 terreno
1620 3209 1830 3275 vicina,

194 3297 431 3368 degesta
451 3297 624 3352 etiam
639 3298 1006 3370 superiorum
1021 3298 1295 3354 universa
1315 3298 1664 3368 suscipiunt.
1686 3298 1832 3360 Quid

193 3400 330 3457 ergo
362 3402 514 3442 nunc
540 3386 866 3442 faciemus?
896 3387 954 3442 Si
987 3387 1309 3442 auferimus
1340 3385 1630 3454 inferiora,
1663 3404 1842 3458 supe—

199 3475 353 3529 riora
395 3479 710 3531 corruunt:
761 3479 977 3542 tamen,
1011 3476 1059 3530 si
1107 3475 1460 3530 destruenda
1486 3480 1652 3530 erant
1694 3475 1842 3531 inte-

189 3563 366 3626 riora,
399 3579 514 3617 non
538 3563 648 3616 hoc
673 3562 821 3617 alius
844 3568 1089 3633 poterat,
1115 3564 1229 3618 nisi
1266 3563 1367 3617 Dei
1404 3563 1588 3618 Filius
1627 3564 1836 3618 facere.

187 3650 509 3704 Videamus
531 3665 667 3721 ergo
687 3654 886 3702 utrum
909 3649 1034 3720 ipse
1055 3650 1405 3704 destruxerit
1426 3650 1533 3705 hoc
1551 3652 1702 3721 quod
1733 3668 1841 3706 nos

188 3735 448 3793 dicimus
478 3752 836 3808 permanere.
875 3757 904 3786 «
934 3737 1180 3802 Putatis,
1210 3737 1422 3806 inquit,
1450 3738 1588 3808 quia
1617 3738 1746 3792 veni
1767 3738 1841 3794 le-

185 3843 321 3900 gem
355 3824 578 3880 solvere
609 3829 708 3879 aut
749 3824 1108 3896 prephetas?
1155 3823 1280 3879 Non
1324 3825 1454 3878 veni
1502 3825 1687 3896 legem
1720 3827 1838 3881 sol-

181 3931 338 3982 vere,
373 3913 474 3969 sed
507 3911 826 3984 adimplere
858 3913 1065 3983 (Matth.
1113 3930 1170 3981 ν,
1224 3913 1332 3980 17).
1370 3934 1396 3961 ››
1450 3914 1515 3966 Et
1556 3929 1656 3968 vos
1704 3930 1839 3986 ergo

186 4003 419 4069 saltem,
455 4001 547 4057 his
580 4006 636 4056 et
667 4000 798 4056 aliis
825 4001 1046 4073 pr0prii
1095 4000 1345 4056 doctoris
1397 4001 1571 4056 vestri
1600 4002 1839 4060 vocibus

187 4089 462 4156 revocati,
494 4091 566 4145 ab
598 4088 830 4160 injuriis
861 4088 1269 4145 sacratissima:
1313 4086 1460 4161 legis
1490 4095 1733 4158 cessate,
1769 4108 1838 4146 ne

186 4180 262 4236 ab
293 4179 495 4234 eodem
526 4183 582 4234 et
611 4179 683 4234 ab
714 4177 988 4233 omnibus
1019 4177 1329 4233 Catholicis
1359 4177 1672 4235 anathema
1702 4196 1835 4235 eum

186 4266 512 4324 Severianis
543 4266 694 4324 sitis.

258 4401 422 4456 XLII.
453 4400 562 4456 Sed
595 4416 666 4455 ne
693 4400 838 4456 forte
868 4399 1060 4455 adhuc
1086 4400 1252 4456 vobis
1282 4400 1532 4456 nimium
1553 4399 1830 4472 placeatis

184 4507 257 4546 ex
278 4488 708 4560 opinationibus
728 4488 958 4558 vestris,
980 4504 1115 4544 cum
1131 4488 1276 4544 nihil
1294 4488 1560 4557 teneatis,
1584 4489 1829 4563 diligen-

1927 1921 2469 1994 juxtaApostolum,
2485 1922 2896 1977 accedentibus
2915 1924 2981 1976 ad
3000 1923 3296 1978 Christum
3317 1923 3577 1979 velamen

1937 2028 2122 2082 usque
2150 2015 2290 2066 tunc
2321 2011 2575 2082 positum
2610 2011 2666 2065 in
2691 2011 2936 2065 lectione
2966 2011 3188 2066 Veteris
3220 2012 3580 2067 Testamenti

1937 2099 2364 2172 significaretur
2395 2099 2674 2153 ablatum.
2700 2100 2832 2162 Quae
2865 2099 3293 2154 consummatio
3334 2117 3446 2155 non
3483 2118 3584 2172 per

1936 2189 2232 2244 leviticum
2264 2188 2654 2243 sacerdotium
2702 2189 2830 2254 fuit,
2875 2189 3031 2260 quia,
3082 2192 3392 2244 attestante
3439 2193 3583 2261 Apo-

1940 2274 2088 2330 stolo
2117 2292 2128 2328 :
2169 2274 2319 2328 Nihil
2343 2276 2412 2328 ad
2437 2275 2754 2346 perfectum
2779 2275 2963 2330 duxit.
2991 2277 3066 2330 Ex
3089 2277 3303 2347 quibus
3324 2276 3581 2349 Apostoli

1938 2363 2131 2419 verbis
2153 2380 2222 2418 ne
2242 2365 2385 2418 forte
2407 2363 2719 2418 resumatis
2739 2381 2943 2418 ansam
2967 2364 3382 2434 calumniandi,
3403 2370 3587 2422 atten-

1942 2453 2058 2507 dite
2081 2452 2220 2523 quia
2240 2469 2355 2506 non
2383 2451 2548 2519 dixit,
2575 2453 2657 2506 nil
2681 2453 2807 2506 boni
2825 2454 2952 2522 [cett
2973 2454 3080 2517 lex,
3106 2455 3205 2508 sed
3238 2455 3320 2508 nil
3337 2457 3581 2525 perfecit.

1943 2540 2156 2595 Habuit
2186 2541 2362 2607 enim,
2395 2545 2459 2595 ut
2490 2540 2644 2595 idem
2674 2541 2984 2612 Apostolus
3011 2541 3110 2610 ait,
3144 2542 3588 2612 iustiﬁcationes

1944 2631 2204 2696 culturze,
2239 2634 2293 2684 et
2316 2633 2583 2684 sanctum
2613 2629 2907 2696 smculare,
2931 2633 2988 2684 et
3007 2630 3447 2688 tabernaculum
3473 2650 3588 2688 ma-

1947 2719 2270 2785 nufactum,
2304 2722 2361 2772 et
2391 2718 2694 2790 pontifices
2743 2719 3118 2790 praesentium
3150 2721 3458 2788 bonorum,
3488 2723 3587 2794 qui

1947 2823 2050 2878 per
2079 2805 2334 2860 alienum
2368 2807 2715 2879 sanguinem
2748 2808 2923 2863 semel
2946 2808 3004 2863 in
3029 2827 3179 2865 anno
3229 2809 3590 2867 introeuntes

1947 2899 2148 2950 sancta
2198 2899 2564 2959 sanctorum,
2631 2896 3075 2952 sanctiﬁcabant
3133 2899 3467 2970 inquinatos
3519 2901 3589 2955 ad

1949 2985 2424 3039 emundationem
2457 2985 2665 3040 carnis.
2701 2992 2744 3040 A
2776 2986 2991 3057 quibus
3024 3004 3270 3044 munera
3297 2993 3355 3044 et
3384 2989 3590 3044 hostia;

1948 3073 2358 3140 offerebantur,
2392 3090 2519 3144 quae
2554 3091 2666 3128 non
2699 3079 2945 3145 possunt
2973 3077 3142 3146 juxta
3173 3077 3591 3134 conscientiam

1948 3161 2265 3233 perfectum
2301 3162 2485 3216 facere
2507 3163 2872 3224 servientem.
2896 3164 3262 3222 solummodo
3285 3166 3340 3220 in
3373 3166 3516 3222 cibis
3536 3170 3593 3221 et

1866 3235 1908 3302 Ο
1947 3251 2182 3322 potibus
2212 3254 2266 3305 et
2291 3251 2467 3306 variis
2505 3251 2958 3323 baptismatibus
3001 3257 3058 3309 et
3091 3254 3342 3325 justitiis
3373 3255 3590 3321 carnis,

1953 3356 2139 3410 usque
2170 3340 2238 3393 ad
2272 3342 2505 3410 tempus
2545 3340 2917 3396 correctionis
2965 3341 3274 3412 impositis.
3329 3344 3594 3399 Christus

1953 3432 2147 3482 autem
2179 3427 2462 3483 assistens
2494 3429 2747 3498 pontifex
2779 3429 3107 3484 futurorum
3153 3432 3461 3502 bonorum,
3496 3451 3597 3504 per

1951 3516 2207 3586 amplius
2220 3519 2276 3570 et
2292 3515 2598 3587 perfectius
2612 3517 3049 3573 tabernaculum
3065 3535 3178 3571 non
3195 3521 3594 3575 manufactum

1953 3603 2008 3658 id
2043 3608 2133 3658 est
2163 3621 2277 3658 non
2308 3603 2486 3674 hujus
2518 3604 2850 3671 creationis,
2886 3623 3074 3678 neque
3119 3621 3220 3677 per
3249 3609 3594 3679 sanguinem

1953 3691 2249 3746 hircorum
2280 3697 2336 3746 et
2363 3691 2700 3758 vitulorum,
2733 3694 2833 3748 sed
2880 3711 2982 3766 per
3030 3695 3326 3766 proprium
3359 3698 3596 3768 sangui-

1954 3796 2088 3835 nem
2120 3780 2379 3834 introivit
2399 3780 2574 3835 semel
2608 3781 2666 3834 in
2700 3786 2921 3848 saneta,
2955 3786 3169 3837 aeterna
3197 3784 3598 3856 redemptione

1950 3868 2208 3935 inventa,
2228 3868 2458 3939 quando
2481 3885 2583 3939 per
2605 3868 2886 3940 Spiritum
2912 3875 3181 3926 sanctum
3213 3873 3595 3944 semetipsum

1949 3954 2616 4012 obtulitimmaculatum
2631 3957 2766 4018 Deo,
2787 3961 2842 4010 et
2860 3958 3162 4012 mundavit
3179 3960 3594 4017 conscientiam

1947 4049 2206 4100 nostram
2239 4045 2309 4099 ab
2341 4044 2614 4116 operibus
2642 4047 2908 4113 mortuis,
2959 4047 3030 4101 ad
3077 4047 3450 4103 serviendum
3487 4050 3596 4104 Deo

1944 4134 2174 4190 viventi.
2197 4133 2478 4205 Equidem
2500 4134 2825 4189 secundum
2848 4135 3033 4206 legem
3076 4135 3271 4208 plures
3305 4137 3434 4191 facti
3460 4145 3600 4193 sunt

1946 4223 2295 4291 sacerdotes,
2322 4222 2532 4277 idcirco
2570 4223 2723 4294 quod
2761 4229 2948 4280 morte
2996 4225 3448 4296 prohiberentur
3477 4243 3600 4299 per-

1944 4328 2200 4368 manere.
2235 4311 2336 4366 Hic
2368 4315 2585 4380 autem,
2611 4329 2676 4367 eo
2708 4313 2864 4383 quod
2907 4319 3142 4369 maneat
3184 4314 3242 4369 in
3293 4320 3596 4383 aeternum,

1942 4402 2366 4473 sempiternum
2398 4400 2574 4456 habet
2595 4401 2988 4457 sacerdotium
3018 4419 3030 4456 :
3056 4403 3155 4474 qui
3175 4402 3338 4459 solus
3361 4405 3594 4476 proprio

1942 4490 2224 4564 sanguine
2271 4489 2451 4545 semel
2492 4494 2770 4545 mternam
2823 4491 3290 4565 redemptionem
3339 4495 3598 4566 perfecit,

182 4578 310 4636 tius
329 4575 776 4648 recapitulemus
797 4577 1017 4632 dictum
1040 4577 1321 4649 Apostoli,
1337 4594 1512 4649 quem
1530 4595 1710 4650 supra
1721 4579 1832 4634 vio-
1859 4599 1906 4663 Ι)
1938 4597 2115 4654 quam
2139 4579 2222 4636 illi
2237 4579 2454 4634 alienes
2467 4579 2751 4651 sanguine
2768 4578 3604 4651 incessanterimitantere,im-

178 4667 375 4722 lentor
411 4664 483 4720 ad
531 4669 790 4720 vestrum
837 4666 1182 4738 suffragium
1213 4666 1504 4723 attrahere
1533 4669 1826 4725 tentastis.

181 4753 333 4820 Quia
356 4753 474 4809 ait:
504 4753 609 4809 «Si
633 4755 1060 4810 consummatio
1092 4772 1193 4828 per
1213 4755 1604 4812 sacerdotium
1646 4756 1831 4812 leviti-

181 4859 323 4900 cum
353 4845 514 4910 erat;
548 4841 799 4915 populus
830 4843 986 4898 enim
1019 4845 1128 4899 sub
1177 4845 1303 4916 ipso
1352 4844 1540 4916 legem
1572 4846 1832 4917 accepit;

184 4931 330 5005 quid
361 4931 552 4988 adhuc
596 4931 992 4988 necessarium
1041 4933 1154 4989 fuit
1200 4935 1525 4989 secundum
1573 4935 1837 4990 ordinem

181 5019 608 5078 Melchisedech
636 5021 819 5078 alium
843 5037 1082 5093 surgere
1105 5023 1484 5091 sacerdotem,
1509 5026 1567 5078 et
1603 5040 1718 5079 non
1751 5040 1840 5079 se-

183 5110 446 5166 cundum
467 5114 658 5166 Aaron
675 5111 789 5165 dici
811 5111 838 5164 ‘I
860 5109 1172 5166 Translato
1194 5111 1348 5167 enim
1369 5112 1714 5179 sacerdotio,
1740 5130 1842 5168 ne-

182 5214 349 5255 cesse
379 5202 468 5254 est
492 5203 556 5254 ut
585 5199 731 5271 legis
762 5215 999 5270 quoque
1028 5199 1332 5255 translatio
1365 5200 1465 5256 ﬁat
1514 5201 1694 5273 (Hebr.
1729 5219 1829 5270 vn,

181 5289 278 5353 41,
309 5287 417 5356 12).
453 5309 479 5335 ››
507 5288 567 5340 In
590 5287 807 5358 quibus
828 5288 1040 5355 verbis,
1076 5289 1227 5343 sicut
1264 5289 1535 5360 superius
1578 5291 1835 5346 ostendi—

181 5381 306 5443 tur,
335 5371 416 5428 nil
445 5371 940 5446 aliudintelligitis
958 5377 1548 5446 consummationem,
1571 5378 1684 5434 nisi
1707 5396 1839 5434 con-

181 5461 608 5535 sumptionem,
634 5463 694 5517 id
725 5465 835 5529 est,
867 5463 1243 5521 abolitionem
1274 5470 1329 5520 et
1359 5467 1558 5533 finem,
1598 5485 1711 5523 non
1736 5469 1837 5540 qui

182 5553 416 5629 perficit
444 5551 548 5607 sed
593 5550 692 5624 qui
741 5550 1046 5610 interimit.
1102 5555 1263 5620 Quod
1312 5553 1484 5627 longe
1517 5555 1683 5612 aliter
1712 5574 1839 5614 esse
1898 5553 1903 5558 ’

179 5645 341 5703 idem
355 5640 676 5715 Apostolus
689 5640 890 5698 edocet
904 5640 1123 5699 dicens:
1142 5665 1168 5693 ‹‹
1192 5643 1364 5702 ~Finis
1381 5643 1526 5716 legis
1549 5645 1841 5717 Christus,

1941 4670 2250 4742 perfectam
2287 4668 2803 4739 repraesentabant.
2841 4670 2976 4732 Quae
3009 4675 3073 4723 ut
3103 4672 3371 4738 accessit,
3406 4674 3601 4729 omnis

1943 4757 2038 4813 ille
2069 4756 2488 4812 sacrificiorum
2513 4773 2615 4811 seu
2642 4757 3101 4812 cmrimonialum
3125 4758 3448 4814 carnalium
3473 4777 3601 4816 eur-

1945 4847 2198 4916 susjure
2228 4845 2575 4916 conquievit.
2609 4845 2808 4916 Neque
2838 4846 2994 4900 enim
3026 4847 3298 4918 deinceps
3329 4846 3596 4918 pluribus

1947 4933 2248 4989 sacriﬁciis
2263 4932 2834 5001 indigemus,quiain
2853 4949 2970 4986 uno
2985 4938 3259 4988 aeternam
3275 4935 3596 5008 redemptio

1949 5039 2083 5078 nem
2116 5020 2468 5088 invenimus,
2504 5037 2653 5090 quas,
2705 5036 2807 5090 per
2857 5019 3154 5075 leviticum
3204 5024 3596 5082 sacerdotium

1951 5111 2200 5182 incepta,
2236 5125 2338 5180 per
2368 5108 2770 5180 pontiﬁcatum
2801 5109 3032 5163 Domini
3062 5110 3202 5164 Jesu
3225 5117 3452 5166 constat
3475 5130 3598 5184 per-

1948 5200 2114 5266 fecta,
2141 5198 2241 5269 qui
2269 5214 2382 5252 non
2407 5199 2728 5253 secundum
2769 5199 2979 5263 Aaron,
3021 5199 3120 5254 sed
3157 5200 3478 5254 secundum
3503 5218 3593 5257 or-

1948 5289 2143 5343 dinem
2167 5286 2588 5342 Melchisedech
2612 5288 2740 5343 ideo
2765 5289 3035 5343 sacerdos
3075 5289 3306 5356 dicitur,
3341 5291 3479 5360 quia
3500 5308 3600 5362 pa-

1949 5392 2084 5432 nem
2115 5379 2172 5430 et
2187 5376 2389 5430 vinum
2416 5376 2775 5431 offerendum
2799 5381 2972 5448 atque
2992 5378 3348 5433 sumendum
3369 5377 3427 5433 in
3447 5379 3594 5434 veri—

1949 5470 2064 5521 tate
2085 5464 2278 5520 carnis
2295 5469 2352 5519 et
2376 5465 2685 5536 sanguinis
2707 5466 2796 5518 sui
2823 5466 3125 5521 constituit
3155 5467 3427 5522 ﬁdelibus
3445 5469 3590 5525 suis.

1949 5554 2129 5628 Cujus
2169 5553 2463 5628 generatio
2504 5553 2829 5609 inerrabilis
2871 5555 2941 5609 de
2981 5555 3164 5623 Patre,
3214 5557 3338 5611 sine
3390 5561 3592 5625 matre,

1953 5647 2024 5702 de
2046 5645 2246 5717 Matre,
2273 5643 2398 5701 sine
2424 5646 2584 5716 patre
2611 5658 2622 5698 :
2649 5659 2751 5700 nec
2775 5643 3008 5700 initium
3032 5643 3259 5702 dierum
3295 5661 3398 5702 nec
3423 5644 3598 5704 ﬁnem
