3966 6212
429 322 551 390 ’69

1443 324 1934 393 HUMBERTUS
1975 326 2042 388 θ.
2085 325 2163 388 R.
2206 321 2287 390 Il.
2325 321 2834 392 GAvB‘DINALISa

429 457 671 529 habens,
697 459 855 517 solus
877 475 1048 515 verus
1083 459 1200 516 Rex
1231 459 1474 531 justitise
1505 465 1561 516 et
1598 460 1778 532 pacis.
1803 460 1906 515 Cui
1938 459 2075 531 quia
2100 457 2158 526 Α
2187 459 2332 515 Nam
2363 464 2656 532 quantum
2678 459 3172 521 adrecitationem
3191 461 3845 540 seuconscriptionem',

426 549 860 606 convenientius
879 547 1242 605 assimilatur
1273 549 1713 618 Melchisedech,
1748 567 1862 604 non
1883 548 2072 605 solum

425 656 494 694 ex
524 655 639 694 uno
672 638 955 693 sacrificio
988 644 1043 694 et
1073 638 1434 710 genealogis,
1475 640 1572 694 sed
1623 638 1797 694 etiam
1830 655 1896 693 ex
1927 656 2075 710 pra:-

425 728 679 792 nomine,
713 743 891 798 quam
915 733 1103 783 Aaron
1132 746 1144 792 ;
1169 729 1386 783 dicitur
1406 729 1676 784 sacerdos
1699 728 1961 783 Christus
1984 745 2074 783 se-

424 816 682 872 cundum
749 816 1019 871 ordinem
1071 817 1516 880 Melchisedech,
1585 834 1698 872 non
1749 818 2072 872 secundum

423 907 634 960 Aaron.
686 905 946 976 Denique
1005 905 1426 961 Melchisedech
1481 906 1573 960 ille
1622 922 1725 960 nec
1771 923 1981 977 corpus
2020 910 2076 961 et

423 993 770 1065 sanguinem
791 1011 962 1049 suum
991 995 1047 1048 in
1073 1012 1220 1066 pane
1255 1001 1311 1049 et
1347 995 1478 1049 vino
1519 995 1814 1049 Divinitati
1841 994 2070 1061 obtulit,

423 1099 527 1136 nec
558 1083 684 1137 sine
716 1083 1058 1154 parentibus
1089 1088 1190 1137 aut
1239 1084 1405 1137 initio
1451 1087 1506 1137 et
1560 1084 1671 1137 Iino
1723 1083 1853 1148 fuit,
1886 1099 2073 1153 neque

421 1171 886 1227 substantialiter
908 1173 1024 1225 Rex
1055 1172 1294 1240 justitim
1329 1177 1381 1224 et
1407 1173 1564 1242 pacis
1591 1190 1602 1239 ;
1648 1172 1746 1226 sed
1771 1172 1923 1241 quod
1951 1171 2072 1226 haec

421 1260 620 1315 omnia
649 1260 953 1330 scripturas
985 1260 1055 1314 de
1087 1259 1186 1315 illo
1221 1260 1456 1314 homine
1489 1264 1590 1314 aut
1632 1264 1942 1314 tacuerunt
1974 1263 2074 1313 aut

422 1349 712 1412 dixerunt,
747 1348 804 1402 in
839 1347 1223 1403 manifestiori
1268 1348 1694 1419 signiﬁcatione
1726 1349 1908 1404 nostri
1942 1348 2074 1402 Mel-

421 1437 728 1491 chisedech
757 1455 768 1491 :
803 1437 970 1506 cujus
1004 1436 1118 1502 ille,
1153 1437 1303 1491 sicut
1333 1441 1392 1492 et
1433 1439 1644 1498 Aaron,
1696 1437 1922 1502 umbra,
1957 1452 2069 1490 non

419 1525 630 1580 veritas
664 1525 788 1579 fuit.
824 1526 905 1579 Ad
941 1541 1115 1596 quem
1150 1525 1430 1580 translato
1465 1525 1810 1592 sacerdotio,
1836 1540 2073 1580 necesse

420 1616 507 1667 est
541 1617 601 1666 ut
631 1611 778 1684 legis
809 1630 1041 1684 quoque
1075 1615 1173 1668 fiat
1204 1613 1531 1677 translatio,
1567 1630 1601 1667 a
1632 1613 1824 1667 littera
1852 1613 2074 1668 scilicet

421 1701 718 1756 occidente
751 1702 818 1756 ad
851 1702 1123 1772 spiritum
1163 1702 1552 1758 vivificantem
1601 1719 1635 1755 a
1683 1705 1970 1756 vetustate
2000 1702 2071 1755 ad

420 1788 755 1855 novitatem,
827 1791 898 1844 ab
966 1790 1402 1860 imperfectione
1453 1791 1523 1844 ad
1579 1790 1989 1860 perfectionem
2039 1806 2150 1888 aB

421 1876 699 1932 servitute
722 1878 792 1931 ad
818 1875 1147 1932 libertatem
1171 1882 1228 1932 et
1260 1877 1512 1931 filiorum
1540 1878 1641 1932 Dei
1675 1877 2067 1947 adoptionem,

419 1964 696 2019 aJudzeis
727 1965 798 2018 ad
840 1970 1061 2035 gentes,
1123 1965 1338 2035 quibus
1384 1965 1697 2036 Apostolus
1745 1965 1912 2020 ait:«
1947 1966 2072 2020 Non

419 2053 724 2122 accepistis
755 2053 1028 2120 spiritum
1063 2053 1363 2108 servitutis
1396 2054 1608 2108 iterum
1637 2055 1694 2107 in
1719 2053 1945 2120 timore,
1971 2054 2072 2109 sed

421 2142 724 2212 accepistis
756 2141 1027 2212 spiritum
1059 2141 1392 2212 adoptionis
1424 2142 1700 2208 filiorum,
1736 2142 1793 2196 in
1826 2158 1940 2213 quo
1964 2142 2072 2197 cla-

421 2246 674 2293 mamus,
704 2231 886 2296 Abba,
913 2235 1073 2301 pater
1099 2233 1270 2301 (Ilom.
1316 2247 1434 2294 vm,
1473 2232 1580 2300 15).
1622 2254 1641 2278 ο
1696 2231 1842 2294 Quia
1874 2231 2076 2301 utique

415 2317 506 2372 lex
527 2317 908 2373 translatione
931 2323 1018 2373 est
1039 2317 1302 2386 alterata,
1328 2336 1442 2373 non
1481 2319 1633 2372 facta
1657 2319 1771 2374 alia
1802 2337 1813 2373 :
1855 2319 2077 2374 immu-

418 2410 681 2470 tata,non
700 2411 788 2460 est
809 2411 1033 2461 mutata
1052 2423 1064 2460 :
1081 2424 1315 2461 accessu
1332 2407 1530 2477 gratiae
1542 2409 1978 2472 cumulata,non
1993 2412 2080 2463 est

421 2509 651 2549 recessu
667 2510 774 2548 suo
787 2495 1266 2550 exinanita.Sicut
1284 2497 1564 2551 Dominus
1577 2497 1699 2552 suis
1714 2497 1906 2568 inquit
1923 2515 1974 2551 ;‹‹
1987 2497 2078 2551 Ni-

420 2582 469 2637 si
485 2582 1116 2652 abundaveritjustitia
1130 2588 1318 2639 vestra
1337 2583 1656 2656 plusquam
1674 2586 2009 2641 Scribarum
2022 2591 2080 2641 et

422 2670 868 2736 Pharisaeorum,
903 2687 1016 2725 non
1062 2672 1361 2728 intrahitis
1412 2674 1470 2727 in
1525 2690 1769 2744 regnum
1801 2673 2077 2729 cmlorum

422 2759 647 2831 (Matth.
683 2775 734 2822 ν,
766 2759 876 2829 21)).
909 2777 932 2808 ιι
966 2760 1241 2831 Nunquid
1269 2761 1450 2816 dixit:
1482 2762 1610 2816 Nisi
1636 2762 2078 2834 reprobaveritis

419 2851 520 2903 aut
549 2845 787 2901 omnino
811 2846 1478 2919 reliqueritisjustitiam
1503 2850 1836 2922 Scribarum
1859 2855 1916 2905 et
1935 2850 2080 2905 Pha.

419 2935 745 3000 risaeorum,
775 2951 889 2990 non
921 2936 1213 2993 intrabitis
1252 2937 1309 2992 in
1343 2954 1595 3009 regnum
1619 2937 1939 2994 caelorum?
1966 2940 2075 2994 Sed

418 3023 999 3096 quoniamjustitiam
1020 3024 1254 3081 illorum
1273 3031 1397 3082 erat
1416 3031 1645 3082 tantum
1669 3045 1702 3083 a
1726 3026 1877 3082 malo
1899 3043 2073 3098 opere

418 3111 710 3168 abstinere
736 3111 947 3168 :voluit
968 3114 1250 3169 Dominus
1282 3115 1340 3169 in
1384 3115 1492 3170 hoc
1537 3133 1778 3171 suorum
1802 3116 2068 3186 justitias

2183 547 2380 620 ipsum
2403 549 2777 621 Evangelium
2800 550 2858 606 in
2880 550 3197 609 novissimo
3227 552 3318 608 die
3335 552 3843 626 omninopﬂetsr-

2185 637 2328 702 ibit;
2363 638 2464 694 ubi
2495 637 2768 711 deinceps
2799 656 2903 696 nec
2933 642 3235 714 Scriptura
3274 642 3481 715 aliqua
3503 645 3843 701 necessaria

2187 726 2314 781 erit.

2256 816 2448 870 XLIII.
2477 817 2761 874 Casterum
2801 818 2849 874 si
2899 821 2970 875 ad
3020 837 3140 876 rem
3176 821 3507 892 pertineret,
3541 828 3842 880 monstra-

2184 921 2384 960 remus
2403 921 2518 960 non
2541 906 2701 962 mille
2723 909 3181 982 quadringentos
3203 926 3389 966 annos
3405 913 3667 978 tanmm,
3683 912 3843 968 sicut

2184 991 2493 1062 scripistis,
2525 993 2624 1047 sed
2657 992 2819 1049 mille
2849 996 3200 1067 quingentos
3251 1001 3309 1050 et
3355 996 3613 1069 amplius
3646 1015 3841 1056 annos

2182 1079 2254 1132 ab
2298 1079 2666 1135 institutione
2713 1097 3050 1154 azymorum
3102 1100 3204 1155 per
3257 1084 3493 1157 Moysen
3544 1090 3838 1160 usquead

2183 1167 2514 1237 passionem
2562 1167 2776 1224 Christi
2828 1171 3178 1227 decurrisse.
3220 1173 3355 1239 Sed,
3417 1189 3554 1230 cum
3621 1180 3840 1233 nostra

2183 1254 2523 1310 intentionis
2554 1256 2631 1311 sit
2661 1258 2902 1313 Romani
2945 1258 3122 1316 ritum
3171 1260 3448 1318 sacrificii.
3487 1265 3837 1336 approbare,

2181 1343 2642 1416 chronogra-phis
2727 1345 3120 1418 relinquimus
3183 1349 3519 1420 opinionem
3577 1357 3834 1410 vestram

2182 1432 2421 1502 praefato
2470 1447 2760 1488 annorum
2826 1449 3070 1491 numero
3137 1439 3466 1508 reprobare.
3533 1439 3735 1512 Itaque
3785 1439 3838 1496 si

2181 1534 2404 1590 azyma,
2464 1523 2962 1590 quemadmodum
3025 1529 3287 1581 astruere
3344 1527 3658 1592 conamini,
3723 1543 3841 1599 per

2180 1607 2476 1662 Christum
2517 1613 2574 1663 et
2611 1610 2740 1680 ejus
2787 1611 3166 1684 Evangelium
3215 1615 3456 1670 fuerunt
3499 1615 3835 1681 maledicta,

2182 1697 2489 1767 reprobate.
2517 1701 2578 1751 et
2605 1697 2900 1766 derelicta,
2933 1705 2990 1756 et
3018 1701 3148 1758 ideo
3179 1703 3454 1777 deinceps
3475 1721 3590 1760 non
3613 1703 3834 1759 deben-

2181 1788 2278 1838 tur
2306 1784 2500 1839 offerri
2532 1786 2590 1839 in
2639 1786 2924 1843 sacrificio
2973 1789 3224 1858 Domini,
3265 1793 3405 1862 quia
3443 1799 3548 1864 per
3591 1793 3836 1864 Moysen

2181 1872 2500 1928 constituta
2523 1877 2662 1929 sunt
2676 1874 2707 1930 J
2717 1875 2895 1932 udaais
2921 1894 2934 1943 ;
2954 1877 3155 1932 sciatis
3169 1878 3386 1935 fermen
3394 1885 3516 1935 tatu
3527 1898 3582 1936 m
3599 1895 3840 1952 quoque

2183 1961 2567 2017 constitutum
2595 1979 2696 2034 per
2733 1969 2957 2036 Moysen
2981 1965 3220 2020 Judaais.
3273 1969 3433 2022 Sicut
3463 1969 3521 2022 in
3574 1967 3841 2023 Levitico

2184 2049 2362 2105 dicit:
2417 2072 2446 2099 α
2498 2052 2622 2105 Haec
2669 2056 2756 2106 est
2808 2051 2900 2106 lex
2945 2052 3146 2107 host-ias
3197 2054 3570 2123 paciﬁcorum
3600 2071 3614 2108 :
3647 2055 3847 2109 Offert

2185 2153 2368 2209 panes
2415 2139 2785 2194 fermentatos
2853 2156 2987 2194 cum
3046 2139 3238 2196 hostia
3303 2142 3650 2214 gratiarum,
3705 2157 3844 2213 qua:

2185 2227 2423 2280 oII‘ertur
2445 2243 2548 2297 pro
2569 2226 3095 2297 paciﬁcis(Lev.vn,
3120 2229 3207 2296 41,
3234 2231 3341 2301 13).
3364 2252 3392 2280 ››
3419 2232 3576 2285 Idem
3600 2230 3842 2299 Moyses

2186 2313 2244 2368 in
2265 2315 2468 2368 eodem
2491 2331 2505 2368 :
2532 2336 2558 2362 (ι
2579 2313 2642 2369 In
2669 2319 3002 2385 pentecoste
3035 2318 3289 2374 offeretis
3309 2319 3360 2373 ei
3404 2335 3596 2390 panes
3623 2318 3837 2390 primi-

2185 2401 2398 2456 tiarum
2431 2403 2759 2458 de‘duabus
2790 2403 3033 2460 decimis
3055 2406 3259 2460 similae
3282 2408 3837 2480 fermentata,q,uos

2187 2491 2445 2561 coquetis
2466 2491 2525 2545 in
2551 2491 2841 2562 primitias
2864 2492 3140 2550 Domino:
3165 2495 3538 2568 otl'eretisque
3575 2513 3711 2552 cum
3737 2513 3836 2567 pa-

2187 2579 2361 2635 nibus
2410 2585 2632 2650 septem
2681 2596 2863 2652 agnos
2912 2582 3055 2652 (Leu.
3105 2601 3264 2648 χχιιι,
3309 2585 3420 2656 47).
3469 2607 3496 2634 ››
3542 2585 3637 2641 Sal
3685 2602 3834 2657 quo-

2188 2683 2319 2739 que,
2352 2683 2526 2739 quem
2557 2671 2858 2740 tantopere
2898 2671 3226 2742 praedicatis
3276 2673 3334 2727 in
3387 2674 3691 2742 fermento,
3727 2691 3833 2746 per

2187 2755 2424 2828 Moysen
2447 2757 2528 2811 ita
2546 2755 2900 2813 constitutus
2925 2759 3145 2816 J‘udazis
3183 2761 3242 2816 in
3283 2762 3569 2818 Levitico:
3603 2782 3626 2811 ι
3646 2763 3833 2828 Quid-

2187 2845 2327 2918 quid
2358 2845 2638 2901 obtuleris
2671 2846 2961 2913 sacriﬁcii,
2994 2849 3114 2904 sale
3160 2850 3417 2918 condies,
3459 2868 3564 2906 nec
3601 2851 3833 2907 auferes

2186 2933 2270 2989 sal
2295 2934 2526 2989 fmderis
2549 2934 2778 2990 Domini
2803 2935 2903 2991 Dei
2926 2936 3009 2991 tui
3029 2937 3099 2993 de
3139 2938 3422 2995 sacrificio
3438 2943 3559 2995 tuo.
3586 2940 3649 2995 In
3667 2941 3830 2995 omni

2183 3021 2474 3078 oblatione
2504 3021 2710 3078 oll‘eres
2742 3022 2826 3079 sal
2855 3025 2997 3097 (Lev.
3045 3044 3106 3094 ιι,
3141 3026 3250 3100 l3).
3285 3049 3314 3076 »
3364 3027 3748 3100 Quapropter,
3782 3029 3828 3084 si

2182 3127 2216 3166 a
2241 3111 2411 3166 nobis
2433 3127 2547 3165 non
2570 3112 2780 3166 debent
2797 3113 2988 3167 offerri
3013 3131 3216 3186 azyma
3233 3117 3371 3187 quia
3391 3113 3647 3174 Mosaica
3669 3122 3828 3186 sunt,

421 3201 916 3272 superabundare,
942 3207 1006 3256 ut
1036 3220 1152 3258 non
1176 3203 1367 3259 solum
1400 3204 1620 3259 malum
1662 3205 1735 3258 ab
1765 3185 1935 3274 opere
1963 3206 2063 3260 sed
2095 3185 2139 3252 (ἶ
2179 3215 2284 3256 nec
2306 3216 2339 3254 8.
2363 3199 2528 3256 vobis
2552 3199 2763 3255 debent
2792 3201 2985 3256 offerri
3020 3185 3436 3261 fermentatum
3458 3209 3516 3262 et
3555 3205 3666 3275 sal,
3691 3185 3831 3280 quia

415 3288 659 3362 insuper
681 3289 1082 3361 acogitatione
1117 3298 1411 3364 stagerent
1451 3309 1728 3348 resecare.
1765 3297 1912 3347 Nam
1948 3291 2066 3348 illis

411 3395 480 3434 ex
508 3378 634 3451 lege
664 3380 884 3434 bonum
915 3384 1038 3434 erat
1085 3398 1201 3436 non
1250 3381 1535 3446 occidere,
1587 3397 1692 3436 nec
1739 3381 2058 3437 moechari:

409 3467 540 3524 istis
559 3473 755 3523 autem
795 3487 972 3540 super
1007 3470 1115 3524 hoc
1149 3487 1217 3525 ex
1250 3470 1443 3541 gratia
1472 3470 1764 3541 optimum
1793 3474 1849 3525 et
1878 3471 2066 3542 perfe-

409 3561 591 3623 ctum,
625 3575 738 3613 non
769 3559 940 3613 irasci
974 3575 1078 3612 nec
1109 3559 1542 3630 concupiscere.
1577 3559 1706 3614 Ideo
1749 3559 1840 3614 lex
1871 3576 2065 3615 ramos

412 3645 646 3701 malitiae
677 3647 967 3712 succidit;
1013 3647 1203 3718 gratia
1251 3663 1383 3702 vero
1435 3647 1613 3702 etiam
1665 3647 1892 3703 radices
1934 3648 2064 3718 ejus

409 3733 622 3789 evellit.
657 3736 746 3804 Et,
771 3735 922 3789 sicut
949 3735 1007 3789 in
1041 3735 1466 3791 resurrectione
1496 3735 1604 3791 hoc
1635 3735 1829 3807 ipsum
1851 3751 2064 3807 corpus

412 3821 768 3878 humilitatis
798 3828 1009 3878 nostra:
1031 3828 1088 3879 et
1120 3841 1235 3880 non
1269 3824 1424 3879 aliud
1450 3824 1883 3890 reformabitur,
1905 3825 1991 3880 sic
2010 3830 2067 3881 et

413 3909 503 3966 lex
562 3929 669 3983 psa
709 3928 812 3988 per
852 3911 1230 3983 Evangelium
1263 3912 1577 3967 reformata
1606 3912 1664 3966 in
1696 3917 1814 3968 toto
1845 3913 2064 3968 mundo

408 4001 778 4071 praedicatur.
813 4001 875 4054 In
927 4017 1044 4071 qua
1087 4001 1289 4071 utique
1333 4000 1748 4056 reformatione
1793 4001 2063 4072 quamvis

412 4088 737 4160 plurimum
769 4088 947 4143 decus
969 4093 1254 4160 augeatur
1279 4095 1516 4154 naturas,
1542 4093 1739 4145 tamen
1760 4089 2064 4162 integritas

410 4177 470 4231 in
493 4176 653 4231 nullo
682 4176 964 4241 aufertur,
999 4177 1257 4247 quando,
1296 4179 1365 4232 ad
1391 4177 1840 4234 similitudinem
1871 4179 2060 4250 grani,

411 4265 766 4320 seminatum
780 4280 990 4336 corpus
1001 4265 1274 4332 animale,
1291 4270 1490 4339 surget
1504 4281 1715 4337 corpus
1731 4265 2058 4338 spirituale,

408 4353 462 4407 et
485 4351 840 4407 seminatum
873 4353 930 4406 in
958 4352 1315 4421 inﬁrmitate,
1357 4359 1557 4427 surget
1586 4354 1646 4408 in
1675 4354 1908 4412 virtute.
1942 4357 2060 4412 Hac

409 4455 643 4512 quoque
674 4439 1085 4497 reformatione
1136 4442 1344 4498 coelum
1391 4449 1450 4500 et
1497 4447 1651 4498 terra
1681 4443 2054 4512 transibunt;

2175 3303 2337 3360 teque
2357 3287 2607 3344 Mosaica
2628 3293 2786 3346 sunt.
2815 3289 2880 3345 Et
2901 3289 3058 3362 quia,
3086 3292 3158 3348 ab
3179 3293 3453 3365 Apostolo
3477 3295 3787 3351 audientes
3808 3312 3821 3349 :

2178 3400 2205 3427 ‹‹
2238 3377 2445 3433 Vetera
2473 3377 2855 3446 transierunt,
2891 3395 3022 3436 ecce
3057 3381 3210 3436 facta
3244 3387 3384 3438 sunt
3423 3400 3569 3439 nova
3605 3383 3682 3454 (Π
3699 3383 3821 3439 Cor.

2172 3482 2228 3532 ν,
2270 3465 2379 3537 l7),
2413 3488 2440 3516 ››
2476 3465 2822 3537 incipienter
2853 3469 3072 3540 putatis
3116 3471 3313 3526 omnia
3359 3469 3583 3528 Veteris
3615 3472 3819 3528 Testa-

2175 3555 2355 3610 menti
2385 3555 2710 3626 reprobate,
2740 3558 2797 3610 et
2823 3557 3060 3628 penitus
3083 3557 3380 3614 destructa
3401 3563 3458 3614 et
3478 3560 3549 3616 ad
3573 3555 3825 3620 nihilum

2174 3644 2410 3698 redacta
2440 3647 2810 3698 sacramenta
2837 3661 2849 3711 ;
2884 3643 3020 3699 hinc
3041 3647 3167 3717 jam
3189 3647 3566 3720 perpendatis
3588 3665 3825 3705 necesse

2173 3735 2280 3798 est,
2315 3733 2387 3787 ad
2437 3736 2688 3803 quantas
2735 3731 3111 3790 difﬁcultates
3159 3741 3429 3808 properet
3469 3736 3590 3792 haac
3637 3743 3829 3794 vestra

2175 3820 2389 3893 opinio.
2423 3820 2684 3892 Denique
2721 3818 2769 3876 si
2801 3825 2995 3877 vetera
3024 3839 3138 3878 non
3173 3824 3552 3896 proficiendo,
3600 3826 3702 3882 sed
3735 3825 3826 3880 de—

2175 3909 2424 3964 flciendo
2453 3909 2833 3975 transierunt,
2867 3911 3023 3966 unde
3051 3911 3215 3968 vobis
3261 3913 3574 3986 templum,
3624 3915 3824 3981 altare,

2175 3997 2552 4063 sacriﬁcium,
2570 3995 3074 4065 cand’elabrum,et
3088 4005 3291 4056 caetera
3309 4002 3497 4058 sancti
3513 4002 3824 4058 ministerii

2173 4101 2313 4142 vasa
2323 4102 2422 4142 seu
2436 4091 2778 4141 ornamenta
2791 4091 2892 4142 aut
2900 4087 3043 4142 vesti
3053 4091 3248 4144 menta
3259 4089 3831 4146 sacerdotolia'mnde

2173 4175 2338 4230 vobis
2357 4173 2633 4239 encaenia,
2671 4179 3004 4246 pentecoste
3043 4180 3100 4232 et
3121 4178 3340 4249 pascha
3372 4195 3476 4235 seu
3507 4179 3830 4252 Quadrage-

2179 4263 2332 4319 sima
2356 4263 2367 4316 I
2391 4263 2554 4317 Unde
2573 4262 2737 4318 vobis
2760 4264 3084 4334 pontifices,
3111 4267 3441 4322 sacerdotes
3478 4271 3536 4323 et
3565 4267 3750 4323 levitas
3771 4285 3833 4323 ac

2175 4351 2392 4422 reliqui
2405 4350 2786 4407 ecclesiastici
2798 4352 3016 4423 gradus
3028 4353 3312 4411 enordine
3331 4355 3830 4428 ?Undeprimariaa

2175 4444 2232 4496 et
2261 4438 2547 4494 decimas?
2593 4439 2915 4508 Postremo,
2966 4441 3122 4498 unde
3169 4444 3334 4499 vobis
3383 4444 3618 4501 dilecu'o
3647 4445 3832 4501 Deiot

408 4545 523 4583 non
555 4527 880 4584 interibunt
905 4547 916 4584 :
955 4530 1402 4598 transferentur,
1437 4547 1552 4586 non
1575 4529 1930 4585 auferantur.
1950 4531 2064 4588 Nec
2101 4550 2146 4618 ι)
2178 4528 2474 4618 proximi?
2491 4545 2560 4584 ac
2581 4527 2827 4618 reliquie
2864 4531 3146 4587 mndata
3169 4531 3488 4606 Decalogi"?
3504 4535 3654 4599 Qui!
3674 4549 3826 4606 9130»

410 4633 749 4675 moveamur
773 4635 808 4673 a
840 4623 1036 4674 nostro
1079 4637 1280 4685 sensu,
1317 4637 1421 4675 nec
1464 4624 1812 4684 terreamur,
1844 4619 1893 4674 si
1921 4636 2066 4675 non-

409 4705 573 4761 nulla
610 4705 757 4779 legis
789 4714 1158 4763 sacramenta
1195 4707 1466 4763 exhorret
1509 4705 1780 4762 animalis
1812 4723 2058 4764 sensus:

409 4795 887 4868 quandoquidem
945 4795 1131 4866 ipsius
1194 4796 1380 4851 sancti
1436 4793 1730 4867 Evangelii
1782 4796 2065 4855 nonnulla

409 4882 686 4957 mysteria
703 4883 1004 4938 exhorruit
1028 4883 1332 4951 hactenus,
1357 4883 1416 4938 in
1439 4887 1669 4938 tantum
1701 4889 1784 4951 ut,
1817 4885 2063 4942 Domino

408 4973 669 5028 dicente:
709 4992 738 5022 ι(
767 4973 952 5026 Amen
985 4989 1153 5026 amen
1185 4973 1314 5028 dico
1356 4972 1540 5038 vobis,
1595 4971 1708 5027 nisi
1741 4974 2064 5030 manduca-

404 5060 600 5118 veritis
620 5076 857 5116 carnem
879 5059 1006 5114 Filii
1030 5059 1289 5116 hominis
1311 5065 1370 5116 et
1390 5059 1655 5116 biberitis
1677 5061 1727 5130 ej
1742 5077 1809 5116 us
1831 5062 2066 5133 sangui-

408 5166 564 5216 nem,
613 5165 730 5204 non
753 5148 1046 5204 habebitis
1072 5149 1250 5204 vitam
1275 5150 1334 5204 in
1373 5149 1538 5204 vobis
1573 5149 1748 5219 (Joan.
1785 5166 1864 5216 v1,
1893 5151 2006 5221 54),
2037 5174 2065 5201 ››

408 5235 585 5290 etiam
611 5234 867 5290 maxima
889 5252 1024 5307 pars
1048 5235 1474 5307 discipulorum
1498 5236 1626 5305 ejus
1661 5236 1734 5290 ab
1755 5252 1822 5290 eo
1848 5237 2065 5294 disces-

407 5324 646 5387 sissent,
677 5323 922 5379 dicendo
949 5341 962 5378 ε
996 5323 1192 5380 Durus
1217 5328 1308 5380 est
1337 5324 1432 5378 hic
1462 5339 1676 5379 sermo.
1711 5324 1849 5390 Quis
1873 5331 2065 5396 potest

407 5427 544 5466 eum
575 5410 776 5466 audire
799 5411 825 5464 ‘2
858 5434 886 5460 ››
917 5412 1108 5481 (Ibid.,
1149 5414 1264 5483 61.)
1315 5416 1598 5467 Pristerea
1613 5411 1836 5468 Novum
1865 5414 2064 5471 Testa-

410 5505 673 5554 mentum
703 5498 830 5552 ideo
861 5499 1093 5567 dicitur,
1112 5501 1250 5571 quia
1266 5501 1468 5572 procul
1491 5500 1670 5556 dubio
1692 5505 1907 5558 aeterna
1927 5507 2066 5559 sunt

412 5599 536 5658 qua)
567 5583 890 5655 pollicetur,
924 5587 1076 5644 sicut
1122 5588 1296 5648 malis
1345 5587 1702 5662 supplicium
1752 5592 2057 5650 internum.

2179 4617 2503 4674 secundum
2532 4631 2656 4686 vos,
2679 4617 2762 4673 ita
2781 4635 2930 4674 nova
2958 4619 3112 4676 facta
3131 4625 3271 4676 sunt
3311 4625 3378 4677 ut
3412 4627 3606 4678 vetera
3627 4620 3830 4678 relicta

2173 4705 2292 4762 sint
2321 4705 2560 4763 omnino
2581 4709 2640 4761 et
2657 4722 2764 4777 per
2781 4705 3079 4765 Christum
3103 4708 3433 4780 maledicta,
3474 4709 3829 4780 abjidaMur

2169 4793 2373 4867 procul
2404 4794 2586 4850 dubio
2617 4794 2690 4849 ab
2721 4794 2850 4865 ejus
2880 4795 3161 4864 Ecclesia.
3203 4807 3330 4868 quas
3359 4809 3536 4869 supra
3565 4795 3825 4853 diximus

2171 4883 2388 4950 omnia,
2417 4887 2478 4937 et
2502 4882 2672 4955 plura
2702 4899 2830 4954 quas
2870 4883 3218 4942 retiouimus
3243 4885 3374 4948 alia,
3425 4888 3483 4940 et
3524 4883 3827 4942 Veteribus

2174 4972 2468 5029 contraria
2498 4971 2642 5027 ﬁant
2670 4973 2800 5042 jam
2854 4989 3020 5030 nova.
3071 4975 3216 5031 Odia
3259 4973 3543 5030 habeatur
3587 4972 3827 5031 Deus-et

2176 5061 2501 5133 proximus,
2533 5063 2696 5132 pater
2723 5063 2783 5115 et
2813 5064 2999 5116 mater
3025 5061 3432 5130 i-nhonoretur,
3461 5061 3644 5118 homo
3671 5064 3819 5119 oeci-

2176 5150 2386 5211 datur:
2419 5164 2626 5206 omnes
2669 5148 3049 5218 mcschentur,
3102 5151 3392 5220 furentur,
3446 5151 3818 5219 mentiantur,

2175 5237 2612 5309 concupiscent,
2626 5235 2988 5306 adnuerent;
3009 5239 3596 5313 conjugia'nullasint
3609 5258 3622 5298 :
3637 5241 3818 5298 omnis

2174 5327 2349 5382 homo
2371 5326 2442 5381 ad
2466 5323 2791 5396 proximam
2827 5327 3135 5398 sanguinis
3165 5327 3281 5394 sui,
3310 5334 3370 5385 et
3401 5337 3530 5402 quis
3551 5329 3614 5385 ei
3642 5328 3817 5389 afﬁni-

2171 5419 2293 5471 tate
2301 5413 2597 5485 jungitur,
2621 5413 2876 5470 accedat.
2898 5415 2985 5472 Ad
3013 5432 3321 5474 summum
3345 5433 3585 5491 quoque
3603 5435 3714 5476 nec
3733 5435 3815 5475 co-

2173 5502 2464 5570 medatur,
2497 5501 2734 5558 bibatur
2762 5518 2867 5559 nec
2912 5503 3260 5576 dormiat”,
3311 5508 3414 5564 ‘sed
3459 5506 3820 5580 relinquatur

2175 5591 2460 5665 quidquid
2492 5593 2678 5650 Vetus?
2701 5592 3145 5656 Testamentum
3163 5595 3432 5656 exhibuit
3448 5601 3510 5657 et
3525 5597 3814 5673 reserauit.
