3966 6212
170 335 284 399 961

1162 331 1579 399 Αῠνιιιιθυε
1627 331 2080 397 GRECORUM
2117 335 2595 399 'C‘LLUWS.

3455 337 3574 398 ses

170 475 295 528 tam
319 469 388 526 in
409 469 577 530 cultu
597 467 805 526 divine
824 478 1016 539 «quam
1039 467 1106 524 ein
1138 483 1249 524 usu
1271 467 1554 534 humano,
1577 470 1632 522 et
1663 467 1824 522 vidc-
1855 471 1909 537 Α
1939 468 2258 538 operamini
2283 469 2510 540 (Philip.
2546 486 2606 538 ιι,
2642 469 2747 539 12).
2775 490 2802 517 ››
2824 469 2925 524 Et:
2953 491 2975 517 «
2997 469 3490 540 Siseompatimur,
3519 473 3577 526 et

171 560 310 616 bitis
327 560 484 632 quia
507 573 612 618 nec
632 557 833 613 bestiae
848 556 1032 621 eritis,
1058 557 1273 612 nedum
1297 555 1584 621 homines,
1609 555 1725 611 imo
1749 555 1820 610 ab

170 667 239 706 eo
269 648 546 720 quodest
575 644 795 717 aliquid
820 643 1146 700 transibitis
1165 645 1238 699 ad
1271 644 1438 698 nihil.
1459 643 1575 699 Nos
1604 644 1820 715 potius,

171 736 464 795 catholica
479 752 621 801 aure
647 733 1016 790 intendentes
1045 737 1210 789 tanta
1244 731 1518 803 Apostolo
1567 731 1781 787 dicenti
1806 749 1818 787 :

174 848 202 878 ‹‹
238 827 300 884 Si
345 843 464 898 qna
497 840 645 896 ergo
677 839 824 878 nova
859 825 1149 891 creatura,
1198 825 1391 877 vetera
1425 821 1818 890 transierunt,

172 932 306 972 ecce
323 916 478 972 facta
507 918 646 970 sunt
673 929 820 968 nova
848 911 919 982 (II
947 911 1070 966 Cor.
1114 925 1172 977 ν,
1203 909 1227 965 4
1239 911 1316 980 7),
1357 931 1386 959 ››

173 1020 308 1060 mus
325 1007 507 1058 et-ore
519 1001 866 1058 conﬁtemur
885 1003 1094 1066 vetera,
1129 1015 1163 1054 a
1183 1002 1372 1054 vetere
1397 997 1634 1053 homine
1663 1002 1821 1052 tran-

172 1091 398 1149 seundo
424 1091 503 1147 ad
525 1107 744 1148 novum
764 1088 1063 1146 hominem
1091 1087 1297 1147 Jesum
1327 1085 1646 1150 Christum,
1672 1101 1819 1142 nova

174 1183 326 1236 facta
345 1195 477 1235 esse
497 1197 510 1248 ;
546 1177 1041 1250 quemadmodum
1062 1176 1218 1234 idem
1235 1174 1547 1246 Apostolus
1565 1191 1698 1230 mox
1729 1190 1818 1229 se-

172 1275 346 1325 cutus
367 1267 592 1324 curavit
615 1266 905 1322 declarare
929 1283 941 1319 :
968 1288 997 1316 «
1025 1265 1234 1320 Omnia
1246 1268 1442 1333 autem
1463 1279 1531 1318 ex
1563 1267 1694 1332 Deo,
1716 1261 1817 1333 qui

175 1356 570 1414 reconciliavit
599 1354 959 1427 nossibiper
974 1354 1270 1410 Christum
1300 1353 1488 1424 (Ibid.,
1522 1353 1630 1423 18).
1657 1373 1683 1401 »
1713 1350 1823 1405 Cu-

168 1447 270 1516 jus
291 1443 577 1517 singulari
599 1443 852 1500 novitate
877 1442 1229 1498 innovantur
1249 1439 1446 1496 omnia
1457 1438 1714 1496 caelestia
1737 1443 1825 1494 at-

178 1551 289 1606 que
314 1534 654 1590 terrestria:
680 1533 914 1604 quando
944 1530 1230 1603 quidquid
1253 1531 1325 1586 ad
1352 1527 1692 1586 cultumDei
1717 1543 1819 1583 seu

180 1622 654 1679 adcommodum
685 1619 779 1678 sui
806 1624 970 1676 vetus
1003 1619 1100 1674 ille
1130 1618 1382 1692 populus
1409 1617 1639 1673 coalitus
1670 1631 1829 1671 acoe-

180 1714 365 1782 perat,
400 1711 472 1765 ad
492 1727 708 1765 novum
733 1707 1047 1766 transtulit.
1074 1707 1180 1771 Qui
1210 1707 1339 1764 ideo
1365 1723 1555 1762 novus
1583 1705 1816 1770 dicitur,

182 1799 326 1872 quia
371 1797 444 1855 ab
476 1798 685 1853 umbra
713 1798 784 1852 ad
816 1796 1136 1863 veritatem,
1169 1814 1203 1850 ιι
1231 1795 1417 1868 signis
1448 1796 1519 1850 ad
1551 1811 1666 1863 res,
1700 1811 1733 1847 a
1763 1792 1827 1846 ti-
1862 1839 1906 1902 Β

435 1888 448 1902 ιι
987 1885 1020 1902 In
1078 1889 1086 1902 ι
1162 1901 1169 1902 ,
1205 1885 1220 1902 ι
1254 1883 1324 1902 I'L
1349 1886 1571 1902 ,_A-L__-
1633 1899 1650 1902 Α
1695 1880 1826 1902 (Eli..-

186 1905 350 1944 more
379 1888 453 1943 ad
479 1903 760 1952 amorem,
789 1903 824 1940 a
854 1885 1129 1941 servitute
1151 1885 1223 1940 ad
1254 1883 1661 1948 libertatem”).
1692 1880 1830 1936 {iliis

189 1978 283 2032 iraa
315 1977 389 2034 ad
424 1975 576 2032 ﬁlios
591 1974 815 2046 gratia),
846 1991 879 2028 a
907 1991 1078 2030 carne
1109 1974 1181 2028 ad
1213 1972 1485 2044 spiritum
1519 1975 1607 2027 est
1635 1974 1829 2026 tran~s~

187 2065 362 2124 latus.
418 2064 578 2120 Unde
628 2063 770 2118 dicit
797 2062 1107 2134 Apostolus
1141 2079 1153 2118 :
1188 2085 1215 2111 «
1255 2061 1372 2116 Vos
1421 2077 1535 2115 non
1577 2058 1719 2116 estis
1767 2058 1825 2113 in

188 2171 381 2220 carne,
415 2153 517 2210 sed
546 2153 605 2207 in
635 2152 870 2224 spiritu,
904 2150 952 2205 si
975 2155 1168 2221 tamen
1200 2149 1442 2222 spiritus
1473 2148 1573 2204 Dei
1605 2148 1831 2204 habitat

189 2243 246 2298 in
278 2242 444 2299 vobis
474 2242 645 2312 (Rom.
677 2257 800 2304 Vill,
830 2239 907 2309 9).
942 2261 970 2287 ››
1000 2239 1071 2294 Et
1101 2238 1392 2310 quomodo
1430 2237 1490 2292 in
1513 2253 1685 2292 carne
1718 2253 1831 2292 non

189 2337 375 2398 erant,
394 2347 538 2402 quos
559 2328 823 2402 epistolis
843 2328 1187 2394 instruebat,
1208 2327 1319 2382 nisi
1332 2327 1655 2382 secundum
1679 2326 1832 2397 quod

190 2422 315 2493 ipse
329 2420 415 2476 ait
435 2437 449 2475 :
473 2419 589 2475 «.In
611 2435 782 2474 carne
805 2416 1202 2484 ambulantes,
1225 2433 1340 2472 non
1366 2415 1689 2472 secundum
1713 2431 1834 2472 car-

193 2526 326 2567 nem
359 2507 684 2565 militamus
715 2507 788 2576 (II
809 2507 930 2561 Cor.
963 2522 1018 2569 x,
1044 2505 1123 2574 3).
1164 2527 1192 2553 ››
1215 2504 1360 2560 Hinc
1381 2522 1585 2561 rursus
1607 2504 1832 2575 inquit:

195 2620 222 2649 ‹‹
253 2599 437 2655 Nemo
486 2600 746 2653 vestrum
791 2595 905 2650 sibi
952 2593 1114 2661 vivit,
1157 2597 1213 2648 et
1242 2609 1415 2648 nemo
1446 2592 1556 2648 sibi
1589 2592 1838 2648 moritur

195 2687 368 2759 (Rom.
416 2704 534 2755 xiv,
583 2685 660 2756 7).
715 2706 743 2734 »
775 2685 888 2739 Et:
951 2681 1173 2750 «Vivo,
1213 2682 1341 2753 jam
1389 2697 1503 2736 non
1545 2697 1670 2752 ego,
1701 2679 1840 2735 vivit

192 2794 326 2832 vero
360 2777 422 2832 in
455 2792 546 2830 me
565 2774 835 2829 Christus
857 2771 998 2844 (Gal.
1031 2789 1094 2839 II,
1115 2771 1227 2842 20).
1255 2792 1283 2820 ››
1305 2769 1399 2827 Sic
1426 2769 1620 2842 itaque
1646 2769 1836 2835 nobis,

196 2869 252 2920 et
281 2864 562 2920 omnibus
583 2863 642 2917 in
681 2862 934 2918 novitate
963 2860 1208 2933 spiritus
1239 2858 1540 2916 ambulare
1559 2861 1838 2929 satagen-

197 2953 384 3022 tibus,
409 2968 558 3009 nova
577 2952 738 3006 facta
765 2954 906 3006 sunt
926 2949 1142 3017 omnia,
1171 2946 1390 3020 templa
1421 2947 1642 3003 scilicet
1671 2951 1726 3001 et
1755 2945 1841 3004 al-

197 3043 371 3113 taria,
405 3040 754 3106 sacerdotes,
785 3039 1092 3106 sacriﬁcia,
1123 3036 1490 3104 candelabra,
1523 3034 1840 3101 thuribula,

201 3131 372 3186 cibus
417 3134 475 3186 et
523 3133 711 3201 potus,
743 3133 796 3184 et
842 3143 1090 3200 quaeque
1110 3124 1362 3182 carnalis
1401 3123 1577 3180 Israel
1628 3123 1839 3180 tamin

1930 557 2419 628 conregnabimus
2449 558 2520 628 (II
2557 558 2702 612 Tim.
2737 574 2796 624 ιι,
2839 557 2943 627 12).
2966 580 2992 607 ››
3021 557 3194 612 Porro
3215 574 3341 629 quae
3373 575 3474 629 per
3501 557 3578 613 le-

1929 661 2058 716 gem
2087 647 2323 700 fuerunt
2352 663 2538 718 usque
2563 647 2887 718 adtempus
2911 647 3284 702 correctionis
3302 646 3579 718 imposita

1930 732 2263 788 carnalibus
2293 733 2529 801 Judaeis,
2567 734 2781 790 Paulus
2823 736 3070 789 breviter
3113 734 3413 808 colligens,
3447 736 3528 790 ait
3561 753 3574 790 :

1935 840 1962 870 ι(
1993 821 2235 876 Munera
2263 825 2319 876 et
2348 822 2551 877 hostiae
2598 823 2941 888 offeruntur,
2995 841 3120 894 quae
3167 840 3282 878 non
3330 828 3579 894 possunt

1432 911 1601 966 corde
1631 909 1822 966 oredi-
1921 909 2092 978 juxta
2122 909 2536 966 conscientiam
2585 913 2911 982 perfectum
2957 912 3140 966 facere
3201 912 3571 981 servientem,

1931 996 2298 1053 solummodo
2315 998 2372 1052 in
2389 1000 2534 1054 cibis
2551 1004 2606 1054 et
2619 1001 2853 1064 potibus
2870 1004 2925 1054 et
2937 1000 3107 1054 variis
3123 999 3578 1072 baptismatibus

1931 1089 1988 1138 et
2009 1084 2258 1153 justitiis
2287 1087 2481 1141 carnis
2508 1088 2686 1153 (Hebr.
2723 1105 2796 1149 ιιι,
2825 1089 2932 1156 10).
2972 1109 2998 1135 ››
3032 1086 3302 1142 Carnales
3331 1103 3470 1160 ergo
3496 1089 3581 1143 .vi-

1932 1171 2118 1226 etimne
2147 1178 2322 1244 atque
2353 1175 2785 1245 purilicationes
2819 1176 2984 1229 vui-im
3009 1177 3067 1230 in
3101 1177 3247 1247 lege,
3269 1176 3328 1230 in
3360 1179 3578 1248 quibus

1933 1260 2188 1315 maxima
2217 1265 2339 1316 erat
2357 1263 2826 1328 circumcisio,.et
2848 1266 3328 1333 caeteraejustitiaa
3358 1267 3578 1335 carnis,

1936 1353 1995 1402 ut
2011 1352 2100 1404 est
2115 1349 2440 1405 differentia
2454 1351 3030 1418 ciborum,festivitas
3043 1354 3578 1424 tabernaculorum,

1935 1455 2050 1493 non
2082 1455 2246 1494 arare
2266 1439 2324 1493 in
2348 1440 2489 1495 bove
2511 1440 2688 1495 simul
2733 1447 2786 1496 et
2818 1443 3117 1508 asino,nec
3146 1459 3337 1498 serere
3364 1461 3577 1516 agrum

1935 1527 2158 1582 diverso
2188 1528 2431 1595 semine,
2457 1533 2513 1583 et
2534 1529 2625 1584 his
2648 1528 2902 1595 similia;
2926 1547 3055 1600 quae
3078 1530 3223 1584 nihil
3255 1533 3586 1590 sanctitatis

1935 1616 2310 1672 conferebant
2331 1617 2721 1682 conscientiis,
2737 1625 2972 1690 excepta
2989 1620 3292 1677 devotione
3313 1621 3584 1678 obedien-

1936 1704 2028 1758 tize
2051 1709 2108 1759 et
2136 1705 2533 1761 admonitione
2555 1707 2878 1777 spiritualis
2900 1709 3199 1763 munditia:
3225 1728 3238 1777 ;
3275 1710 3414 1767 data
3443 1715 3590 1767 sunt

1939 1809 2123 1864 usque
2144 1794 2215 1848 ad
2231 1795 2579 1865 praefinitum
2595 1802 2827 1866 tempus
2850 1814 2881 1849 a
2903 1802 3086 1868 Patre,
3111 1800 3344 1870 quando
3373 1817 3476 1872 per
3497 1801 3587 1856 Fi-

1940 1881 2083 1937 lium
2111 1899 2284 1937 suum
2318 1883 2535 1938 factum
2563 1885 2671 1938 sub
2706 1884 2849 1956 lege,
2886 1887 3131 1940 redemit
3160 1905 3259 1944 eos
3284 1891 3384 1961 qui
3417 1895 3592 1946 erant

1940 1971 2048 2025 sub
2069 1971 2400 2042 lege.Cujus
2413 1972 2676 2027 carnales
2691 1974 2961 2043 justitias
2979 1977 3233 2032 evadens
3263 1977 3418 2034 idem
3437 1982 3591 2050 Apo-

1941 2061 2126 2116 stolus
2159 2063 2275 2117 ait:
2301 2085 2328 2112 «
2349 2063 2482 2126 Quae
2503 2062 2646 2116 mihi
2669 2063 2984 2134 aliquando
3009 2066 3242 2121 fuerunt
3261 2066 3443 2137 lucra,
3467 2069 3592 2125 haec

1942 2150 2259 2207 arbitratus
2279 2168 2409 2206 sum
2437 2157 2669 2223 propter
2687 2153 2983 2208 Christum
3007 2155 3379 2226 detrimenta,
3403 2163 3459 2213 et
3476 2176 3593 2216 non

1943 2238 2135 2294 solum
2165 2240 2537 2305 detrimenta,
2567 2241 2666 2295 sed
2701 2241 3184 2311 etiam-stercora,
3236 2250 3302 2299 ut
3331 2245 3596 2304 inveniar

1943 2328 1999 2382 in
2030 2327 2130 2384 illo
2149 2345 2264 2384 non
2306 2328 2528 2384 habens
2554 2330 3056 2400 meamjustitiam
3091 2350 3215 2404 quis
3248 2350 3314 2389 ex
3337 2334 3460 2407 lege
3483 2341 3595 2409 est,

1945 2417 2044 2472 sed
2075 2433 2282 2488 quaex
2303 2416 2413 2472 (ide
2430 2417 2571 2472 Jesu
2595 2417 3052 2490 Christi(Philip.
3089 2426 3242 2488 111,7,
3266 2424 3340 2494 8).
3379 2445 3407 2474 »
3431 2428 3594 2490 Quod

1944 2505 2386 2561 Colossensibus
2435 2523 2669 2578 quoque
2717 2508 3025 2564 denuntiat
3072 2510 3316 2567 dicens:
3349 2537 3372 2560 ‹‹
3412 2515 3592 2570 Nemo

1945 2595 2292 2664 vosjudicet
2319 2594 2378 2649 in
2413 2595 2542 2650 cibo
2575 2601 2676 2651 aut
2696 2600 2858 2668 potu,
2893 2603 2993 2652 aut
3017 2599 3074 2652 in
3098 2604 3260 2670 parte
3293 2601 3409 2656 diei
3442 2603 3594 2674 festi,

1947 2689 2048 2737 aut
2087 2682 2425 2752 neomeniae,
2463 2688 2564 2738 aut
2593 2685 3006 2752 Sabbatorum,
3057 2703 3194 2758 quis
3217 2694 3357 2744 sunt
3387 2692 3598 2747 umbra

1947 2771 2279 2826 futurorum
2329 2772 2553 2841 (Coloss.
2602 2791 2664 2840 ιι,
2718 2774 2826 2845 16).
2863 2795 2890 2824 ››
2925 2775 3215 2832 Hactenus
3266 2779 3597 2836 defendisse

1946 2859 2133 2932 legem
2182 2860 2361 2931 Moysi
2392 2865 2451 2916 et
2480 2878 2747 2933 azymum
2783 2864 3154 2920 Eucharistiee
3186 2867 3398 2922 Christi
3429 2870 3596 2924 suffi-

1948 2947 2079 3003 ciat.
2107 2948 2237 3002 Jam
2269 2949 2655 3005 discutiamus
2684 2955 2874 3007 vestra
2904 2970 3030 3024 qua:
3062 2959 3303 3010 restant.

2021 3036 2180 3092 XLV.
2215 3039 2945 3095 CONSTANTINOPOLITANUS.
2981 3043 3235 3098 Sabbata
3277 3061 3407 3100 vero
3457 3063 3600 3116 quo-

1951 3126 2124 3180 modo
2147 3125 2204 3178 in
2228 3125 2687 3197 Quadragesima
2708 3128 2943 3198 judaice
2957 3131 3277 3188 observatis
3300 3133 3326 3186 ?
3344 3140 3460 3188 Aut
3482 3151 3598 3190 non

199 3217 562 3290 supellectile
591 3234 766 3290 quam
798 3217 858 3272 in
891 3215 1184 3272 mandatis
1219 3213 1527 3281 retinebat,
1555 3216 1749 3268 vetera
1780 3216 1844 3268 ut
1875 3205 1916 3270 C
1954 3214 2202 3269 audistis
2250 3213 2311 3268 in
2361 3215 2668 3287 Evangelio
2717 3217 3006 3273 dicentem
3057 3220 3195 3290 quia
3223 3225 3600 3278 transeuntes

195 3309 404 3363 eadem
461 3312 518 3362 et
559 3323 673 3362 non
709 3307 920 3362 eadem
973 3304 1092 3360 sint
1131 3304 1354 3371 omnia,
1407 3303 1595 3358 instar
1642 3303 1847 3374 utique

193 3397 431 3468 aquilae,
465 3414 592 3468 qua:
624 3397 765 3452 dum
815 3393 1161 3450 naturaliter
1202 3396 1532 3460 renovatur,
1565 3393 1848 3462 juventus

195 3485 389 3542 eidem
440 3486 684 3548 accedit,
717 3488 774 3539 et
803 3486 1094 3550 senectus,
1135 3497 1250 3536 non
1271 3480 1631 3548 substantia,
1681 3481 1752 3534 ab
1783 3497 1850 3535 ea

198 3575 442 3629 recedit.
479 3573 608 3627 Pari
630 3577 826 3627 tenore
856 3569 1244 3640 praedicamus
1275 3583 1540 3639 azymum
1573 3567 1848 3623 Christia-

200 3677 418 3716 norum
440 3659 838 3731 longedistare
859 3658 930 3712 ab
943 3671 1144 3727 azymo
1166 3655 1848 3722 carnaliumJudaeorum,

201 3765 358 3820 quos
386 3747 458 3804 ad
486 3747 757 3802 umbram
788 3745 1047 3799 veritatis
1077 3743 1499 3799 observandam
1531 3747 1587 3796 et
1613 3748 1850 3809 captan-

200 3837 342 3892 dam
376 3834 504 3892 sola
534 3833 932 3907 prozuissioet
961 3830 1316 3887 desiderium
1348 3833 1590 3885 terrenae
1614 3829 1851 3886 felicita~

206 3925 286 3980 tis
313 3924 606 3981 invitabat
638 3940 650 3978 :
686 3926 750 3978 ut
780 3925 869 3978 est
922 3918 1280 3992 longaevitas,
1317 3919 1694 3988 abundantia,
1733 3921 1853 3976 fru-

201 4030 369 4085 gum,
393 4013 690 4070 suceessio
712 4011 990 4076 filiorum,
1012 4008 1260 4082 perditio
1277 4007 1647 4066 inimicorum
1669 4014 1726 4066 et
1747 4027 1853 4066 cae-

202 4106 347 4160 tera.
381 4104 498 4160 Nos
529 4119 684 4171 vero,
717 4117 930 4173 corpus
956 4097 1218 4156 veritatis
1237 4115 1310 4154 ex
1327 4113 1526 4170 azymo
1553 4105 1612 4154 et
1640 4100 1699 4155 in
1731 4117 1856 4172 azy-

203 4207 298 4248 mo
321 4193 806 4249 ritevvenerantes
837 4194 1014 4262 atque
1048 4187 1386 4255 retinentes,
1433 4204 1529 4244 ore
1579 4192 1636 4244 et
1682 4189 1855 4245 corde

203 4286 633 4351 prmgustamus
646 4281 774 4352 jam
797 4294 974 4352 quam
994 4275 1195 4334 suavis
1215 4279 1306 4331 est
1327 4276 1608 4334 Dominus
1633 4293 1645 4331 :
1671 4295 1854 4334 unum

203 4374 470 4439 petentes
499 4370 572 4426 ab
604 4371 729 4440 ipso
761 4373 819 4424 et
849 4369 957 4424 hoc
989 4366 1372 4438 requirentes,
1416 4369 1481 4422 ut
1511 4383 1856 4423 maneamus

201 4456 264 4511 in
293 4475 361 4514 eo
395 4462 453 4514 et
481 4458 606 4530 ipse
635 4459 693 4513 in
726 4457 916 4525 nobis,
938 4456 997 4512 in
1027 4461 1332 4512 internum.
1363 4455 1516 4512 Sane
1547 4456 1595 4511 si
1628 4461 1856 4513 mutare

202 4544 386 4601 vultis
418 4547 762 4604 fermentato
792 4562 1085 4619 azymum,
1117 4547 1339 4600 mutate
1369 4544 1631 4616 quolibet
1660 4545 1856 4618 aliquo

207 4632 438 4705 liquore
479 4634 682 4690 vinum
717 4653 729 4690 :
763 4652 898 4707 quo,
931 4634 1185 4702 _sicutet
1213 4649 1434 4706 azyma,
1485 4633 1752 4691 Christus
1793 4639 1858 4691 et

205 4726 376 4780 vetus
417 4722 871 4796 paschaﬁnivit,
903 4728 958 4779 et
987 4738 1201 4779 novum
1247 4721 1559 4778 inchoavit.
1593 4723 1652 4779 Si
1696 4725 1853 4780 enim

208 4811 472 4883 recipitis
500 4811 726 4881 vinum,
759 4827 1026 4884 azymum
1057 4827 1162 4867 cur
1191 4810 1486 4882 abjicitis?

280 4899 472 4958 XLIV.
522 4903 683 4969 Quod
728 4916 862 4958 vero
907 4901 1102 4972 passio
1143 4904 1203 4955 et
1235 4917 1392 4956 mors
1419 4900 1630 4956 Christi
1661 4918 1858 4958 conve-

209 4987 468 5048 nientius
496 4990 882 5048 annuntietur
917 5006 1119 5063 azymo
1165 5005 1341 5060 quam
1389 4989 1756 5058 fermentato,
1790 5007 1858 5046 ex

209 5073 319 5132 hoc
339 5082 768 5153 'comprobatur
795 5080 952 5152 quod
974 5077 1258 5136 Dominus
1289 5078 1417 5150 ipse
1443 5095 1642 5150 azymo
1682 5080 1857 5136 disci-

210 5165 369 5234 pulis
398 5170 744 5226 memoriam
775 5169 868 5225 sui
895 5168 1182 5241 agendam
1213 5166 1490 5235 tradidit;
1523 5171 1583 5223 et
1612 5170 1766 5240 quod
1795 5169 1856 5224 in

211 5249 339 5322 lege
365 5257 536 5325 panis
565 5257 898 5314 afﬂictionis
917 5257 1132 5314 dicitur
1155 5260 1220 5312 ut
1247 5271 1350 5328 per
1379 5255 1488 5311 hoc
1509 5272 1857 5328 praemonea-

214 5353 352 5394 mur
377 5342 640 5415 afﬂigere
661 5345 890 5402 animas
912 5350 1167 5414 nostras,
1200 5348 1258 5400 et
1285 5343 1503 5417 pariter
1534 5346 1738 5403 offerre
1759 5364 1858 5403 sa-

215 5428 341 5485 erili
348 5431 503 5488 cium
517 5431 634 5488 Deo
646 5433 924 5505 spiritum
939 5432 1394 5490 contribulatum
1404 5474 1417 5500 ,
1431 5450 1532 5489 cor
1543 5435 1856 5492 contritum

215 5521 272 5575 et
290 5517 674 5578 humiliath
697 5522 865 5594 (Ρδαι.
888 5523 1052 5595 ι,49),
1069 5520 1211 5578 illud
1229 5521 1496 5593 Apostoli
1511 5525 1853 5584 recolentes:

217 5607 426 5668 «Cum
450 5610 742 5670 timcreet
754 5614 1008 5670 tremore
1035 5613 1287 5668 vestram
1311 5610 1580 5683 ipsorum
1607 5613 1857 5676 salutem

1956 3301 2226 3374 discipuli
2242 3303 2299 3356 in
2319 3303 2592 3360 Sabbatis
2613 3313 2911 3376 cmperunt
2933 3307 3041 3362 iter
3065 3311 3597 3379 agere,evellenies;

1958 3390 2150 3462 spicas
2181 3395 2238 3446 et
2269 3393 2687 3447 comedentes?
2739 3395 3014 3449 Dicebant
3062 3402 3255 3451 autem
3303 3399 3487 3453 Judaei
3528 3402 3600 3455 ad

1959 3479 2255 3534 Christum
2294 3494 2308 3532 :
2341 3503 2369 3530 «
2393 3480 2566 3535 Vides
2599 3480 2737 3550 quid
2771 3481 2867 3536 isti
2897 3483 3116 3537 faciunt
3148 3485 3205 3538 in
3232 3486 3505 3541 Sabbatis
3525 3490 3555 3540 ‘?
3575 3511 3596 3534 η

1959 3567 2067 3632 Qui
2099 3567 2243 3620 dixit
2276 3584 2288 3621 :
2324 3591 2350 3615 ‹‹
2387 3569 2590 3622 Etiam.
2623 3574 2707 3622 An
2739 3570 2976 3624 nescitis
3008 3572 3148 3640 quid
3191 3575 3373 3644 egerit
3397 3575 3602 3645 David,

1960 3671 2094 3710 cum
2127 3655 2376 3710 esuriret
2403 3655 2527 3726 ipse
2543 3659 2600 3711 et
2619 3655 2720 3727 qui
2743 3673 2878 3711 cum
2895 3674 2960 3712 eo
2985 3665 3169 3723 erant,
3193 3664 3484 3731 quom‘odo
3515 3664 3603 3720 in-

1960 3742 2204 3798 travitin
2226 3743 2510 3814 templum
2524 3787 2537 3812 ,
2556 3747 2612 3798 et
2625 3761 2802 3814 panes
2819 3747 3232 3816 propositionis
3255 3752 3550 3806 comedit?
3577 3775 3604 3802 »

1962 3831 2167 3902 (Matth.
2217 3831 2316 3898 xii,
2379 3832 2504 3899 1-4;
2552 3832 2714 3887 Marc.
2768 3850 2828 3901 ιι,
2873 3836 3087 3906 23-26.)
3125 3845 3179 3891 et
3211 3844 3432 3894 caetera.
3478 3862 3506 3889 α
3537 3841 3608 3897 Et

1962 3921 2100 3993 quia
2128 3920 2447 3975 Sabbatum
2480 3925 2713 3992 propter
2741 3921 3039 3979 hominem
3081 3925 3295 3980 factum
3344 3933 3453 3995 est,
3487 3946 3604 3986 non

1963 4010 2137 4064 homo
2168 4013 2399 4080 propter
2429 4009 2750 4065 Sabbatum
2781 4012 2964 4079 (Marc.
2999 4030 3058 4078 ιι,
3081 4016 3193 4084 27).
3230 4036 3255 4062 ››
3290 4015 3396 4078 Qui
3428 4021 3485 4070 et
3515 4017 3604 4071 di-

1962 4098 2171 4154 cebant
2202 4115 2214 4152 :
2250 4120 2275 4147 ‹‹
2311 4099 2609 4164 Quomodo
2630 4099 2802 4155 homo
2825 4099 2933 4155 iste
2965 4105 3054 4156 est
3082 4118 3150 4157 ex
3179 4103 3316 4171 Deo,
3339 4104 3438 4175 qui
3468 4106 3606 4160 Sab-

1963 4189 2098 4244 bata
2127 4205 2239 4242 non
2265 4188 2556 4242 custodit?
2577 4210 2596 4236 -
2624 4188 2807 4260 (Ιὸιίἰ.)
2833 4190 3131 4245 Etiterum
3155 4191 3425 4264 loquente
3445 4192 3607 4249 Chri-

1964 4282 2052 4332 sto
2083 4277 2144 4332 in
2173 4277 2422 4333 Sabbata
2453 4277 2503 4331 ei
2534 4278 2634 4348 qui
2662 4294 2902 4334 manum
2946 4270 3168 4336 aridam
3200 4281 3453 4337 habebat
3479 4301 3492 4352 ;
3525 4283 3607 4339 si-

1965 4366 2181 4422 militer
2209 4371 2265 4421 et
2291 4367 2341 4421 ei
2373 4367 2473 4438 qui
2500 4367 2780 4422 daemonis
2802 4369 3073 4440 spiritum
3096 4370 3349 4426 habebat
3378 4372 3436 4426 in
3469 4373 3608 4428 Sab-

1966 4457 2099 4512 bato
2133 4457 2433 4524 mundata,
2465 4458 3282 4515 etmurmurantibusJudaeis
3305 4465 3360 4515 et
3390 4461 3609 4517 similia

1886 4568 1932 4631 Β
1966 4545 2316 4610 dicentibus,
2348 4545 2487 4600 dicit
2507 4545 2773 4602 Christus
2807 4563 2819 4601 :
2857 4569 2884 4596 «
2919 4548 3261 4620 Hypocritze,
3285 4551 3608 4622 unusquis-

1965 4651 2077 4706 que
2107 4640 2360 4690 vestrum
2387 4652 2499 4690 non
2523 4635 2694 4691 solvit
2713 4636 2946 4691 asinum
2969 4654 3000 4691 a
3024 4639 3286 4709 praesepi,
3320 4643 3376 4693 et
3405 4639 3608 4697 bovem

1963 4741 2138 4778 suum
2171 4723 2229 4778 in
2260 4725 2510 4778 Sabbato
2542 4723 2705 4778 ducit
2735 4725 3066 4796 adaquare?
3099 4749 3126 4774 ››
3151 4728 3299 4797 (Luc.
3334 4743 3458 4793 xm,
3493 4729 3603 4800 15).

1964 4813 2030 4866 Et
2059 4813 2374 4884 paralytico
2405 4811 2700 4880 similiter,
2736 4829 2914 4884 quem
2945 4831 3155 4869 sanum
3190 4815 3340 4870 fecit.
3384 4815 3454 4870 Et
3481 4816 3610 4872 ideo

1967 4901 2066 4972 qui
2099 4901 2352 4956 Sabbata
2382 4916 2515 4954 cum
2548 4901 2766 4972 azymis
2797 4902 3156 4969 custodiunt,
3189 4919 3377 4973 neque
3425 4904 3610 4959 Judaei

1969 5006 2156 5060 neque
2205 4988 2519 5044 Christiani
2562 4995 2720 5055 sunt,
2755 4991 2851 5044 sed
2886 5015 2912 5039 ‹‹
2947 4991 3172 5046 similes
3202 4995 3342 5046 sunt
3384 4990 3607 5064 leopar-

1967 5079 2062 5145 do,
2093 5097 2120 5129 η
2159 5077 2311 5133 sicut
2342 5093 2593 5148 magnus
2641 5078 2782 5132 dicit
2813 5079 3089 5145 Basilius,
3134 5103 3162 5130 ‹‹
3213 5081 3382 5150 cujus
3415 5081 3610 5153 capilli

1970 5184 2073 5223 nec
2103 5167 2254 5239 nigri
2283 5170 2444 5232 sunt,
2477 5183 2582 5222 nec
2613 5166 2728 5222 albi
2753 5168 3013 5222 omnino.
3052 5191 3071 5217 ι›

2038 5255 2222 5311 XLVI.
2259 5256 2562 5310 Romanus.
2586 5256 2747 5320 Quod
2780 5273 2885 5311 nos
2911 5255 3164 5311 Sabbata
3191 5273 3296 5312 nec
3328 5257 3482 5313 intra
3506 5275 3610 5315 nec

1965 5349 2125 5402 extra
2135 5343 2647 5416 Quadragesimam
2661 5345 2897 5415 judaice
2913 5346 3612 5415 observamus,sufﬁcien-

1965 5439 2054 5490 ter
2081 5437 2443 5490 monstratur
2471 5434 2776 5506 superius.
2812 5435 2928 5492 Vos
2959 5440 3152 5493 autem
3197 5438 3245 5494 si
3280 5455 3392 5494 non
3419 5437 3613 5510 judai-

1965 5524 2110 5579 zatis
2165 5541 2269 5580 cur
2297 5523 2506 5579 saltem
2535 5523 3005 5600 Quadragesimee
3048 5545 3162 5582 non
3204 5526 3489 5602 parcitis?
3515 5543 3609 5597 ne,

1966 5624 2100 5675 cum
2119 5614 2350 5677 'Judaeis
2382 5613 2568 5674 feriati
2597 5617 2656 5675 et
2685 5616 3010 5694 epulantes,
3052 5617 3350 5694 jejunium
3393 5617 3613 5678 Christi
