3966 6212
355 355 470 414 963

1405 344 1884 409 HUMBERTUS
1931 344 1994 404 S.
2043 345 2116 402 Η.
2164 341 2236 404 E.
2280 342 2773 408 CABDINALIS.

3635 347 3750 408 964

357 487 412 540 in
446 485 685 538 sabbato
715 479 1066 537 dissolvatis.
1103 479 1261 534 Unde
1291 477 1626 534 testimonia
1655 478 1985 549 evangelica
2015 478 2068 542 Α
2103 478 2211 528 rirc
2247 478 2653 547 [πίρωὶυὶᾕὶεέ
2685 496 2818 534 cum
2840 479 2977 534 hinc
2997 478 3131 535 inde
3152 478 3314 534 vobis
3339 483 3644 535 resonaret
3668 480 3750 535 ri-

356 591 478 644 qua
501 571 799 643 posuistis,
825 569 1061 624 omnino
1085 568 1448 639 refragantur
1466 567 1650 632 vobis,
1669 569 1995 638 suifragan-

354 667 450 716 tur
477 677 608 714 vero
643 659 829 713 nobis.
863 656 1120 734 Denique
1144 674 1266 724 nos,
1299 660 1364 711 ut
1385 656 1655 728 discipuli
1681 657 1843 720 Jesu,
1882 672 1995 710 non

355 750 543 805 solum
576 747 685 802 iter
716 746 946 816 agimus
977 745 1036 799 in
1068 746 1319 800 Sabbato
1351 749 1406 798 et
1436 745 1630 816 spicas
1667 743 1991 811 evellimus,

354 838 455 894 sed
474 837 717 907 iusuper
739 836 1116 906 piseamur,et
1129 833 1410 904 quidquid
1429 837 1993 904 oportetoperamur,

352 932 408 981 et
437 925 578 980 hora
599 922 944 994 competenti
966 922 1347 976 comedimus.
1372 921 1485 975 Vos
1509 921 1663 992 quod
1697 919 1884 990 legitis
1915 921 1998 974 di-

353 1013 611 1086 scipulos
642 1011 835 1083 spicas
863 1011 1220 1065 transeundo
1243 1010 1586 1075 comedisse,
1607 1026 1640 1064 a
1657 1008 1786 1064 luce
1808 1009 1998 1080 prima

353 1105 411 1159 in
442 1118 748 1173 vesperum
785 1100 1034 1155 studetis
1063 1099 1240 1154 variis
1283 1097 1505 1154 deliciis
1535 1103 1590 1152 et
1622 1098 1806 1153 multo
1837 1114 1996 1152 mero

354 1192 655 1264 crapulam
680 1189 1036 1245 continuare.
1052 1189 1165 1242 Nec
1184 1187 1420 1241 mirum:
1445 1204 1576 1241 cum
1594 1188 1722 1242 istic
1744 1202 1995 1257 quoque,

354 1281 514 1337 obliti
567 1277 925 1350 etymologia
988 1280 1210 1341 vestra,
1268 1292 1335 1330 ex
1395 1275 1650 1343 nomine,
1705 1275 1860 1344 quod
1909 1279 2000 1328 est

354 1381 496 1442 ἄρτος
528 1367 757 1422 dixistis
789 1366 967 1420 David
1003 1364 1328 1419 comedisse
1359 1380 1537 1434 panes
1560 1362 1993 1434 propositionis,

355 1461 410 1512 id
444 1461 551 1522 est,
576 1465 686 1520 τούς
717 1459 1289 1524 ἅρτουςτῆςπρπθέσεως
1321 1467 1468 1521 quos
1501 1461 1712 1519 negare
1750 1465 1862 1502 non
1897 1465 1994 1519 po-

353 1546 520 1602 testis
552 1543 728 1598 fuisse
754 1557 1008 1612 azymos,
1035 1540 1081 1593 si
1108 1556 1223 1609 qua
1249 1538 1491 1594 scicntia
1510 1537 1717 1592 veteris
1742 1537 1886 1607 legis
1909 1553 1998 1592 re-

354 1631 571 1688 mansit
599 1630 753 1700 apud
786 1645 906 1682 vos.
943 1627 1159 1682 Deinde
1193 1626 1468 1698 quoniam
1513 1625 1831 1680 Sabbatum
1865 1641 1996 1695 pro-

353 1727 480 1794 pter
509 1719 806 1775 hominem
841 1719 1058 1772 factum
1091 1721 1198 1779 est,
1234 1732 1347 1769 non
1376 1714 1549 1768 homo
1582 1719 1814 1784 propter
1856 1713 1994 1766 Sab-

354 1812 553 1865 batum
587 1808 770 1878 (Marc.
804 1823 862 1870 ιι,
893 1805 1007 1873 27),
1041 1803 1201 1857 nullo
1230 1802 1488 1857 convivio
1519 1805 1621 1855 aut
1662 1800 1776 1854 otio
1822 1800 1997 1854 hono-

353 1903 518 1952 ratur
542 1895 694 1967 apud
730 1910 834 1947 nos
858 1897 1137 1962 tanquam
1155 1890 1459 1956 Dominus,
1488 1889 1585 1943 sed
1610 1892 1886 1943 oneratur
1910 1889 2000 1958 je-

345 1986 514 2057 junio
545 1989 602 2039 et
630 1983 845 2048 labore,
880 1978 1056 2034 veluti
1087 1980 1328 2034 devotus
1359 1994 1558 2033 servus
1590 1976 1890 2031 Dominica
1919 1994 2002 2031 se-

353 2073 590 2146 pultura
619 2074 954 2139 occupatus.
991 2069 1140 2137 Mox,
1168 2067 1514 2122 succedente
1545 2065 1638 2119 die
1665 2081 1840 2136 quam
1871 2081 1998 2135 spe-

352 2161 574 2218 cialiter
607 2159 738 2214 fecit
756 2157 1059 2222 Dominus,
1081 2156 1418 2212 solemniter
1439 2153 1802 2209 exsultamus
1821 2157 1876 2207 et
1907 2152 1997 2207 la-

351 2257 566 2316 tamur,
599 2249 736 2319 quia
767 2247 824 2302 in
849 2264 915 2302 ea
937 2246 1206 2301 Christus
1227 2261 1538 2315 resurgens
1556 2260 1589 2298 a
1611 2243 1997 2312 mortuisjam

351 2357 468 2396 non
502 2338 770 2403 moritur,
806 2352 964 2389 mors
997 2334 1147 2389 ultra
1179 2334 1262 2388 illi
1294 2351 1407 2387 non
1441 2333 1856 2387 dominabitur.
1891 2333 1997 2397 Qui

354 2430 530 2483 etiam
561 2442 663 2498 pro
695 2424 959 2479 custodia
1006 2422 1242 2477 Sabbati
1291 2439 1405 2476 non
1451 2422 1726 2476 timemus
1773 2439 1804 2476 a
1843 2421 2002 2476 Chri-

355 2521 443 2571 sto
501 2513 685 2568 notari
734 2511 1048 2583 hypocrisi,
1093 2511 1370 2581 quoniam
1403 2511 1460 2564 in
1509 2527 1574 2565 eo
1606 2527 1719 2565 non
1769 2514 1998 2566 tantum

357 2619 597 2658 manum
631 2601 876 2667 aridam,
897 2599 994 2652 sed
1015 2604 1072 2652 et
1105 2603 1288 2653 totum
1321 2615 1531 2670 corpus
1562 2599 1884 2653 curandum
1914 2600 1998 2652 of-

357 2692 600 2748 ferimus
631 2695 742 2744 Deo
773 2694 828 2742 et
868 2687 1132 2742 medicis.
1167 2687 1280 2741 Nec
1313 2691 1537 2741 tantum
1569 2688 1769 2742 bovem
1805 2692 1860 2742 et
1890 2687 2000 2741 asi-

356 2797 498 2836 num
548 2778 829 2835 solvimus
879 2793 913 2830 a
962 2775 1261 2847 prasepio,
1295 2779 1351 2830 et
1381 2775 1653 2830 ducimus
1684 2777 1995 2846 adaquare,

355 2869 454 2924 sed
485 2868 660 2923 etiam
691 2882 876 2921 arare.
908 2869 1014 2919 Ast
1042 2881 1142 2919 vos
1173 2863 1428 2919 volentes
1460 2881 1588 2919 esse
1624 2863 1772 2936 legis
1803 2865 1998 2918 docto-

357 2973 468 3022 res,
503 2972 608 3011 nee
635 2954 1022 3024 intelligentes
1058 2971 1184 3024 qua
1217 2951 1518 3023 loquimini
1552 2969 1740 3024 neque
1769 2953 1839 3006 de
1870 2953 1998 3022 qui-

357 3047 466 3101 bus
514 3043 843 3109 aftirmatis,
899 3043 1281 3097 assertionem
1331 3047 1534 3098 vestra
1585 3041 1877 3112 opinionis
1916 3041 2000 3095 sic

356 3133 747 3189 conclusistis.

2103 583 2209 619 vus
2240 566 2335 620 ille
2366 567 2614 622 caelestis
2644 567 2811 623 lactis
2859 566 3062 623 aterni
3097 566 3304 635 mellis,
3341 567 3670 624 Romanam
3699 573 3756 623 et

2103 655 2530 710 Oecidentalem
2563 655 2881 711 Ecclesiam
2908 673 3119 711 vocans
3143 657 3466 723 dominam,
3501 660 3561 712 et
3591 657 3755 713 obse-

2106 758 2275 796 crans
2295 759 2633 798 succurrere
2652 744 2956 815 perditioni
2975 745 3245 800 Orientis.
3263 745 3452 814 Nune,
3469 745 3653 817 gratis
3671 763 3762 800 su-

2106 831 2365 886 bvertere
2414 832 2683 887 Latinam
2718 833 3042 888 Ecelesiam
3088 833 3415 900 molientes,
3451 833 3762 891 armamini

2107 924 2307 976 contra
2329 937 2434 976 nos
2459 921 2628 992 quasi
2650 922 2847 977 Basilii
2875 923 3180 990 sententia,
3210 939 3334 993 qua
3354 922 3540 979 multo
3571 939 3764 980 vecor-

2107 1010 2236 1064 dior
2265 1011 2559 1065 invenitur
2587 1010 2684 1066 illa
2712 1012 2957 1066 ridicula
2973 1011 3206 1066 Tiresia
3229 1011 3568 1084 prophetia:
3597 1012 3762 1082 Quid-

2107 1100 2240 1170 quid
2271 1099 2470 1163 dicam,
2513 1107 2612 1154 aut
2639 1102 2762 1165 erit,
2809 1105 2902 1155 aut
2938 1117 3066 1156 non.
3098 1101 3318 1173 Nempe
3359 1101 3570 1157 accidit
3598 1101 3762 1157 vobis

2107 1189 2253 1244 illud
2283 1189 2514 1260 satyrici
2548 1191 2915 1260 proverbium
2952 1207 2964 1244 :

2299 1296 2611 1345 Parturiunt
2637 1300 2863 1355 montes,
2896 1303 3144 1346 nascetur
3170 1296 3427 1346 ridiculus
3455 1311 3574 1346 mus

2947 1361 3011 1420 (ll
3029 1374 3112 1408 oa.
3134 1359 3209 1407 De
3237 1362 3350 1408 arte
3373 1363 3530 1423 poet,
3565 1362 3695 1424 139.)

2108 1461 2297 1528 Atque
2330 1457 2557 1512 utinam
2582 1456 2937 1523 tacuissetis,
2965 1461 3024 1511 ut
3061 1457 3406 1529 [nitaremini
3439 1457 3756 1530 sapientes,

2108 1563 2208 1600 ceu
2243 1546 2543 1617 Sapientia
2577 1545 2717 1600 dicit
2752 1563 2764 1600 :
2799 1568 2825 1593 «
2859 1545 3104 1612 Stultus,
3141 1545 3190 1601 si
3221 1545 3481 1614 tacuerit,
3515 1547 3754 1616 sapiens

2110 1637 2432 1706 putabitur.
2471 1657 2498 1684 »
2533 1635 2703 1689 Modo
2736 1639 2931 1690 autem
2964 1634 3212 1690 stultitia
3259 1639 3447 1691 vestra
3480 1634 3756 1690 omnibus

2108 1732 2243 1780 nota
2264 1731 2374 1781 est.
2411 1725 2555 1780 Hine
2589 1723 2815 1796 reliqua
2846 1723 3296 1796 perspiciamus.

2177 1813 2368 1868 XLIX.
2401 1815 3126 1868 Coxsummoeouusvs.
3160 1813 3460 1876 Quomodo
3492 1816 3684 1868 autem
3706 1813 3764 1866 et

2112 1901 2397 1956 suﬁ‘ocata
2429 1901 2487 1955 hi
2524 1899 2669 1956 tales
2699 1901 3013 1956 comedunt
3055 1901 3111 1954 in
3145 1900 3362 1970 quibus
3408 1899 3651 1972 sanguis
3679 1901 3764 1954 te-

2110 1994 2286 2045 netur
2307 1990 2333 2044 ?
2368 1993 2471 2043 aut
2503 1989 2740 2044 nescitis
2762 1992 2825 2042 ut
2854 1988 3045 2042 omnis
3066 1986 3337 2041 animalis
3359 1987 3605 2058 sanguis
3637 1986 3766 2042 ani-

2117 2095 2214 2132 ma
2243 2078 2429 2149 ipsius
2461 2078 2557 2138 sit,
2614 2081 2668 2130 et
2698 2075 2795 2146 qui
2855 2074 3169 2130 comederit
3215 2074 3585 2145 sanguinem,
3635 2074 3768 2128 ani-

2110 2183 2266 2220 mam
2320 2164 2625 2220 comedet?
2686 2163 2751 2216 Et
2808 2161 3043 2229 idcirco,
3095 2162 3418 2217 secundum
3465 2161 3612 2226 hac,
3654 2178 3763 2219 nec

2112 2253 2358 2325 gentiles
2389 2269 2456 2308 ex
2490 2256 2604 2306 loto
2635 2254 2802 2317 sunt;
2848 2249 2933 2304 illi
2968 2251 3261 2319 occidunt,
3313 2254 3416 2306 aut
3451 2249 3758 2322 plagantes

2109 2342 2440 2397 comedunt.

2181 2430 2241 2484 L.
2299 2429 2600 2483 Romans.
2643 2428 2757 2482 Cur
2795 2445 2860 2482 ex
2903 2427 3026 2499 lege
3073 2428 3254 2493 istud,
3301 2429 3626 2484 secundum
3655 2445 3759 2485 vos

2108 2537 2208 2591 per
2237 2517 2532 2574 Christum
2554 2516 2861 2572 maledicta
2885 2521 2941 2571 et
2961 2516 3253 2583 «.ierelieta,
3279 2517 3625 2572 mandatum
3648 2533 3760 2573 no—

2112 2607 2202 2662 bis
2251 2605 2586 2678 opponitis?
2616 2605 2889 2676 Nunquid
2920 2606 3084 2660 vobis
3126 2605 3267 2660 solis
3297 2604 3433 2660 licet
3468 2605 3756 2676 quidquid

2111 2695 2273 2764 libet,
2307 2699 2371 2749 ut
2401 2695 2573 2749 modo
2606 2695 2676 2748 ad
2709 2693 2852 2764 legis
2903 2694 3296 2765 patrocinium
3346 2692 3648 2748 humiliter
3677 2711 3760 2748 re-

2109 2784 2378 2850 curratis,
2409 2787 2464 2838 et
2495 2783 2668 2838 modo
2702 2782 2773 2836 ab
2807 2797 2874 2836 ea
2906 2782 3157 2853 superbe
3195 2787 3478 2853 tanquam
3519 2781 3758 2838 anathe-

2111 2874 2386 2927 matizata
2404 2869 2717 2926 resiliatis?
2737 2871 2938 2926 Nonne
2953 2874 3120 2925 vetus
3141 2870 3252 2940 lex,
3286 2874 3340 2925 et
3359 2887 3474 2925 non
3497 2870 3758 2942 Evange-

2112 2961 2276 3024 lium,
2307 2960 2602 3014 ἱηίοριιιίἱοίι
2644 2964 2709 3012 ut
2756 2975 2927 3014 omne
2971 2960 3320 3014 sulfocatum
3351 2963 3408 3014 et
3439 2962 3675 3030 captum
3727 2977 3760 3014 a

2110 3050 2297 3104 bestia
2329 3065 2441 3102 non
2476 3047 2894 3102 comedatur?«
2923 3047 3068 3112 Quia
3099 3046 3296 3102 anima
3317 3047 3510 3103 omnis
3539 3046 3760 3102 anima-

2110 3138 2182 3191 lis
2217 3137 2273 3190 in
2311 3136 2597 3207 sanguine
2626 3136 3042 3206 est(Lev.xvu,
3079 3137 3186 3207 11).
3221 3159 3248 3186 ››
3281 3136 3521 3192 Constat
3550 3136 3755 3208 utique

427 3223 642 3278 ΧιΝΙΙ.
676 3221 1397 3276 CONSTANTINOPOLITANUS.
1441 3221 1507 3273 Et
1547 3219 1672 3273 ideo
1717 3219 1816 3288 qui
1850 3218 1994 3272 Sab-
2027 3203 2068 3268 C
2106 3226 2212 3279 hoc
2247 3203 2588 3278 mandavitum
2622 3239 2688 3277 ex
2718 3203 2833 3278 illis
2863 3240 2990 3278 esse,
3012 3203 3390 3295 qum'carnali
3429 3223 3642 3296 populo
3659 3203 3751 3279 -ειά

356 3313 492 3367 bata
520 3326 652 3364 cum
675 3309 890 3381 azymis
911 3310 1267 3373 custodiunt,
1289 3324 1476 3377 neque
1501 3307 1686 3360 Judai
1709 3310 1865 3369 sunt,
1899 3321 1993 3359 ne-

357 3416 469 3472 que
499 3398 812 3454 Christiani
846 3402 1003 3462 sunt,
1037 3397 1134 3451 sed
1170 3418 1195 3443 «
1228 3395 1449 3450 similes
1467 3399 1604 3448 sunt
1636 3394 1928 3464 leopardo,
1966 3417 1992 3442 »

356 3489 508 3544 sicut
537 3503 787 3559 magnus
819 3486 958 3540 dicit
975 3484 1246 3550 Basilius,
1281 3506 1306 3531 ‹‹
1342 3484 1512 3552 cujus
1542 3481 1736 3553 capilli
1767 3498 1871 3537 nee
1903 3483 1994 3536 ni-

355 3578 442 3650 gri
471 3582 628 3643 sunt,
653 3593 757 3631 nee
780 3574 894 3629 albi
925 3573 1183 3628 omnino.
1223 3594 1243 3619 ο

427 3665 673 3720 XLVIII.
698 3665 1002 3718 Romanus.
1025 3660 1068 3714 Ο
1091 3659 1377 3715 mirabilis
1394 3660 1724 3714 Gracorum
1748 3660 1997 3731 philoso-

355 3755 528 3828 phia!
580 3770 611 3809 o
643 3770 738 3807 ars
769 3750 1039 3820 Pelasga!
1076 3767 1108 3805 o
1148 3749 1521 3804 Atheniensis
1561 3754 1618 3803 et
1656 3750 2001 3804 Academica

356 3839 740 3916 perspicacia!
776 3839 935 3893 Unde
966 3837 1072 3892 tibi
1104 3843 1305 3893 tantus
1336 3843 1540 3907 stupor
1575 3841 1631 3892 et
1658 3839 1877 3906 vertigo
1914 3855 1994 3890 rc-

2101 3314 2568 3385 qualemcunque
2597 3311 2945 3367 munditiam
2965 3313 3370 3384 seujustitiam
3391 3314 3604 3382 carnis,
3631 3330 3748 3370 non

2103 3404 2172 3456 ad
2197 3401 2453 3472 aliquam
2481 3399 2844 3456 sanctitatem
2862 3401 3076 3456 mentis
3093 3401 3228 3456 data
3240 3405 3378 3457 sunt
3399 3402 3469 3457 ad
3487 3405 3747 3474 tempus.

2104 3493 2203 3546 Est
2247 3489 2399 3546 enim
2433 3491 2502 3544 de
2533 3489 2660 3544 cibo
2695 3505 2708 3545 :
2741 3490 2896 3544 unde
2934 3489 3249 3561 Apostolus
3280 3490 3423 3546 dicit
3455 3508 3467 3546 :
3504 3514 3525 3538 ε
3563 3491 3748 3546 Nemo

2104 3580 2438 3651 vosjudicot
2459 3579 2516 3632 in
2532 3578 2660 3634 cibo
2685 3579 2823 3649 (Col.
2848 3580 3036 3649 11,16).
3067 3601 3093 3627 ››
3119 3584 3196 3633 Ae
3211 3579 3258 3634 si
3278 3583 3476 3650 aperte
3497 3579 3749 3636 diceret:

2106 3671 2284 3725 Nemo
2317 3685 2414 3723 vos
2443 3666 2601 3724 velut
2629 3667 2865 3724 Judaos
2887 3668 3181 3723 discernat
3201 3669 3271 3723 ab
3299 3667 3392 3723 his
3421 3668 3576 3724 inter
3604 3685 3754 3740 quos

2108 3756 2404 3821 habitatis,
2436 3755 2493 3810 in
2518 3755 2846 3811 differentia
2880 3756 3100 3812 scilicet
3125 3757 3409 3824 ciborum,
3443 3761 3500 3812 et
3529 3757 3588 3812 in
3615 3755 3758 3812 reli-

2111 3845 2240 3916 quis
2263 3862 2388 3916 qua
2418 3845 2570 3898 idem
2602 3843 2915 3915 Apostolus
2942 3845 3173 3916 adjecit.
3209 3846 3373 3910 Quod
3410 3849 3608 3902 autem
3641 3845 3761 3916 hic,

359 3931 596 4002 pentina
617 3930 644 3984 ?
680 3928 820 3982 Vere
849 3926 1062 3998 triplici
1087 3927 1221 3981 fune
1246 3925 1448 3997 lingua
1474 3930 1573 3980 tua
1603 3925 1884 3980 divinitus
1915 3941 2002 3980 est
2101 3935 2375 4007 judicare,
2397 3933 2974 4004 dixeritdiseernere,
2999 3934 3058 3988 in
3081 3934 3341 4006 Epistola
3370 3935 3441 3990 ad
3464 3935 3766 3992 Romanos

359 4019 556 4091 ligata.
592 4018 739 4072 Nam
764 4015 943 4070 Graci
969 4014 1313 4086 sapientiam
1341 4019 1628 4085 quarunt,
1660 4031 1838 4084 quam
1861 4014 2002 4068 sim-

356 4108 484 4180 plex
500 4105 832 4178 praedicatio
846 4104 1186 4158 Christiana
1209 4103 1340 4156 ﬁdei
1365 4102 1605 4156 stultam
1625 4103 1830 4169 etfacit,
1856 4102 2007 4158 sicut

357 4195 644 4250 Dominus
673 4191 1010 4263 repromisit
1038 4207 1050 4244 :
1083 4213 1102 4240 ι
1133 4191 1375 4245 Perdam
1399 4190 1743 4261 sapientiam
1777 4191 2004 4262 sapien-

358 4284 528 4349 tium,
561 4286 617 4335 et
681 4281 1052 4351 prudentiam
1101 4279 1476 4350 prudentium
1511 4281 1849 4350 reprobabo.
1900 4281 2007 4335 Ubi

358 4369 641 4442 sapiens?
672 4368 770 4422 ubi
803 4367 1036 4422 scriba?
1068 4367 1165 4422 ubi
1193 4369 1554 4439 conquisitor
1575 4371 1752 4439 hujus
1786 4369 2011 4424 saeculi?

359 4475 552 4515 nonne
574 4456 817 4513 stultam
837 4456 1138 4512 t‘ecitDeus
1155 4457 1502 4529 sapientiam
1522 4457 1702 4528 hujus
1724 4458 1954 4512 saeculi?
1982 4480 2008 4506 ››

2113 4023 2316 4094 liquet,
2349 4021 2446 4075 ubi
2480 4021 2550 4075 de
2583 4020 2805 4076 diverso
2831 4021 3056 4092 jejunio
3084 4023 3475 4094 quorumdam
3508 4021 3761 4092 loquens

2114 4111 2194 4166 ait
2228 4128 2240 4165 :
2285 4133 2311 4159 α
2338 4109 2506 4163 Alius
2528 4109 2758 4179 judieat
2779 4109 2932 4165 diem
2965 4111 3116 4166 inter
3145 4111 3321 4179 diem,
3352 4111 3500 4166 alius
3527 4109 3766 4181 judicat

2115 4216 2348 4254 omnem
2367 4199 2518 4253 diem
2535 4199 2711 4266 (Rom.
2734 4215 2849 4265 xxv,
2866 4199 2942 4264 5).
2969 4221 2996 4248 ››
3019 4199 3399 4272 Quapropter,
3423 4199 3576 4254 sicut
3598 4197 3762 4256 idem

2117 4288 2198 4342 ait
2231 4303 2244 4342 :
2279 4311 2305 4336 ‹‹
2341 4285 2504 4340 Alius
2527 4285 2710 4341 credit
2735 4303 2796 4341 se
2819 4288 3173 4343 manducare
3195 4288 3392 4342 omnia
3411 4287 3599 4355 (Ibid.,
3631 4289 3712 4360 2).
3734 4310 3764 4338 ››

2122 4378 2172 4430 ls
2207 4375 2306 4446 qui
2337 4391 2450 4429 non
2482 4374 2801 4430 manducat
2831 4377 3120 4448 quadam,
3171 4377 3487 4432 observans
3536 4393 3765 4432 morem

2118 4481 2235 4519 sua
2269 4463 2470 4534 patria
2489 4467 2546 4517 et
2570 4463 2899 4534 provincia,
2928 4469 2984 4520 et
3006 4469 3290 4537 praeepta
3309 4467 3607 4537 majorum
3626 4482 3766 4522 suo-

361 4550 406 4613 (I
436 4547 554 4602 Cor.
592 4563 630 4615 1,
663 4546 778 4616 20.)
810 4544 932 4607 Qua
963 4545 1211 4600 stultitia
1240 4563 1342 4600 vos
1379 4546 1598 4616 repleti,
1656 4564 1756 4600 nec
1802 4563 2008 4601 secun-
2040 4568 2085 4631 Ι)
2121 4569 2272 4618 rum,
2308 4552 2761 4607 manducantem
2810 4569 2924 4608 non
2951 4553 3192 4622 judicet.
3223 4554 3307 4609 Tu
3340 4555 3496 4610 enim
3531 4555 3631 4627 qui
3681 4571 3766 4621 es,

361 4637 502 4691 dum
555 4634 784 4689 divinas
827 4633 1071 4705 paginas
1121 4635 1469 4689 definivistis
1514 4633 1754 4704 aliquid,
1807 4642 1862 4689 et
1893 4652 2012 4690 ma-

360 4741 542 4798 gnum
575 4721 857 4779 Basilium
892 4725 1216 4778 secundum
1244 4722 1534 4776 humanas
1558 4726 1900 4779 monstratis
1921 4725 2014 4780 de-

363 4813 620 4869 ﬁnivisse
645 4812 811 4867 nihil.
841 4813 1245 4867 Falsissimum
1265 4811 1421 4864 enim
1447 4815 1535 4864 est
1559 4817 1623 4864 ut
1644 4811 1742 4882 qui
1761 4813 2014 4868 Sabbata

361 4909 417 4959 et
446 4919 649 4976 azyma
665 4901 1027 4964 custodiunt,
1053 4917 1155 4954 nec
1187 4898 1372 4953 Judai
1394 4915 1495 4953 nec
1525 4899 1838 4956 Christiani
1871 4901 2010 4958 sint.

363 4995 508 5060 Quia
555 4991 856 5048 verissime
905 4990 1084 5044 Judai
1120 4993 1258 5042 sunt
1304 4988 1401 5059 qui
1437 4989 1689 5044 Sabbata
1718 4995 1773 5044 et
1813 5008 2015 5063 azyma

363 5081 708 5138 custodiunt
737 5078 1064 5134 carnaliter.
1099 5078 1208 5132 Sed
1241 5082 1298 5132 et
1328 5077 1469 5131 illud
1502 5079 1558 5130 in
1585 5078 1872 5133 infinitam
1905 5081 2012 5134 du-

363 5172 640 5226 bietatem
675 5169 900 5234 recidit,
935 5184 1038 5222 nec
1071 5167 1188 5221 ullo
1222 5170 1389 5220 modo
1422 5182 1785 5237 consequens
1815 5169 1923 5221 erit
1952 5173 2016 5223 ut

364 5259 676 5332 leopardus
699 5259 776 5313 sit
798 5261 1044 5325 tantum,
1069 5257 1238 5327 cujus
1259 5255 1449 5326 capilli
1475 5271 1578 5310 nee
1600 5255 1744 5327 nigri
1772 5273 1874 5311 nee
1899 5257 2015 5311 albi

365 5353 526 5414 sunt;
545 5348 683 5419 quia
699 5345 1071 5418 praterhune
1089 5343 1542 5400 innumerabilia
1558 5343 1833 5400 animalia
1854 5351 2014 5413 sunt,

367 5453 618 5508 quorum
653 5435 754 5507 pili
782 5452 884 5490 nec
933 5434 1047 5489 albi
1068 5450 1172 5488 nec
1189 5432 1340 5506 nigri
1371 5437 1529 5488 sunt.
1554 5433 1596 5487 0
1619 5435 1832 5505 egregii
1858 5451 2016 5490 scru-

367 5527 584 5577 tatores
615 5521 794 5576 divini
814 5521 1058 5592 eloquiil
1085 5538 1117 5576 o
1143 5520 1358 5576 dociles
1389 5520 1662 5592 discipuli
1686 5522 1882 5594 magni
1910 5523 2015 5578 Ba-

369 5606 512 5672 silii.
533 5625 602 5665 ex
632 5610 802 5681 cujus
829 5609 1104 5682 praelaro
1133 5609 1290 5668 fonte
1321 5608 1468 5668 nihil
1499 5609 1614 5668 nisi
1642 5607 1832 5666 lutum
1863 5610 2014 5676 hau~

2121 4642 2217 4712 qui
2245 4641 2479 4711 judicas
2512 4639 2768 4696 alienum
2801 4657 3053 4708 servum,
3087 4643 3187 4713 qui
3219 4643 3378 4698 salva
3400 4643 3512 4698 ﬁde
3542 4647 3598 4698 et
3619 4659 3770 4715 pura

2121 4729 2478 4784 conscientia
2507 4729 2761 4784 comedit
2789 4730 3074 4802 quidquid
3108 4747 3141 4785 a
3171 4732 3493 4801 majoribus
3515 4731 3638 4786 suis
3670 4747 3767 4785 co-

2127 4818 2478 4874 medendum
2529 4818 2794 4889 accepit?
2823 4823 2886 4874 ut
2912 4819 3065 4874 enim
3103 4821 3381 4874 Dominus
3413 4818 3494 4873 ait
3526 4835 3538 4871 :
3576 4839 3602 4866 ‹‹
3637 4817 3764 4874 Non

2125 4907 2282 4979 quod
2324 4907 2382 4962 in
2414 4924 2478 4962 os
2522 4907 2696 4962 intrat
2725 4907 3064 4979 coinquinat
3094 4907 3392 4962 hominem
3426 4904 3632 4973 (Matth.
3667 4922 3768 4974 xv,

2126 4999 2234 5067 11),
2271 5018 2298 5045 ››
2332 4996 2401 5050 Et
2435 4997 2759 5052 secundum
2801 4997 3140 5067 Apostolum
3176 5015 3188 5051 :
3222 5019 3247 5044 ‹‹
3283 4995 3496 5050 Omnia
3542 4995 3772 5050 munda

2125 5085 2384 5140 mundis.
2419 5085 2818 5154 Coinquinatis
2841 5091 3034 5142 autem
3056 5090 3112 5142 et
3140 5082 3480 5139 intidelibus
3509 5082 3657 5138 nihil
3682 5087 3773 5140 est

2126 5173 2436 5242 mundum,
2462 5173 2562 5228 sed
2597 5173 2914 5245 inquinata
2943 5181 3082 5231 sunt
3111 5190 3310 5230 corum
3343 5189 3512 5229 mens
3545 5177 3603 5228 et
3633 5190 3771 5229 con-

2125 5262 2368 5319 scientia
2396 5264 2579 5332 (Tit.1,
2605 5263 2713 5331 45).
2741 5285 2768 5312 ››
2791 5264 2951 5327 Quod
2976 5264 3254 5320 Romanis
3277 5263 3632 5319 denuntians
3649 5262 3768 5317 ait:

2128 5374 2153 5400 ‹‹
2191 5351 2322 5406 Seio
2353 5354 2411 5405 et
2439 5350 2666 5405 conﬁdo
2698 5351 2756 5406 in
2787 5352 3032 5410 Domino
3063 5355 3224 5420 Jesu,
3257 5353 3413 5424 quod
3437 5351 3585 5408 nihil
3613 5367 3773 5408 com-

2125 5455 2299 5493 mune
2329 5455 2432 5509 per
2456 5437 2672 5507 ipsum,
2708 5440 2820 5495 nisi
2845 5442 2946 5512 qui
2968 5441 3265 5498 existimat
3294 5441 3435 5513 quid
3460 5454 3773 5495 commune

2126 5540 2273 5594 esse,
2319 5523 2404 5579 illi
2454 5540 2765 5582 commune
2811 5533 2899 5584 est
2945 5531 3118 5602 (Rom.
3166 5547 3282 5598 xw,
3316 5528 3428 5600 14).
3479 5551 3506 5578 ››
3548 5529 3616 5584 Et
3643 5531 3780 5602 post

2125 5629 2313 5694 pauca
2355 5629 2371 5675 :
2425 5635 2454 5668 ››
2503 5613 2610 5683 Qui
2667 5615 2966 5694 discernit,
3027 5619 3078 5678 si
3111 5617 3573 5691 manducaverit,
3635 5633 3783 5678 con-
