3966 6212
123 337 232 400 965

1100 332 1515 396 ADVERSUS
1561 334 2014 400 GRJECORUM
2060 326 2583 401 CALUMNIASX

3398 343 3516 405 966

125 471 430 524 demnatus
457 467 582 522 est:
619 461 758 537 quia
787 481 902 521 non
934 480 1002 520 ex
1034 465 1178 521 fide:
1203 482 1372 520 omne
1391 470 1583 522 autem
1610 468 1763 538 quod
1795 473 1850 537 Α
1882 487 2064 540 usque
2090 488 2242 525 nunc
2267 472 2526 527 ursinam
2550 471 2822 527 alienant.
2847 472 2914 526 Et
2943 477 3096 527 certe
3119 473 3166 528 si
3188 467 3515 530 humanum

124 575 234 613 non
295 558 385 611 est
460 555 592 622 ﬁde,
672 557 978 627 peccatum
1053 559 1141 611 est
1200 556 1523 627 (Ibid.,23).
1564 581 1588 604 ››
1647 558 1754 611 Sed

124 644 388 718 quamvis
445 643 642 700 omnia
695 644 918 699 munda
975 647 1134 712 sunt,
1168 649 1387 711 tamen,
1437 647 1757 700 secundum

123 734 390 789 eumdem
421 731 772 804 Apostolum
798 749 811 788 :
846 755 875 782 «
909 731 1126 787 Malum
1159 735 1248 788 est
1273 732 1516 798 homini,
1539 733 1638 804 qui
1661 750 1762 805 per

128 820 542 877 oﬁ‘endiculum
566 821 885 876 manducet
913 819 1135 892 aliquid
1187 821 1366 891 (Ibid.,
1395 821 1486 892 20)
1520 843 1546 868 ››
1604 822 1757 892 quod

122 910 292 965 frater
320 909 560 964 modicae
593 909 726 964 fidei
741 912 799 964 et
827 908 1018 964 adhuc
1046 908 1319 963 infirmus
1348 909 1406 962 in
1439 909 1552 963 fide
1575 909 1760 964 credit

123 999 489 1053 immundum
520 1002 577 1053 et
609 1002 843 1070 propter
863 997 972 1052 hoc
1029 1014 1142 1052 non
1177 997 1622 1052 comedendum.
1656 997 1759 1050 Cui

124 1087 579 1143 condescendere
603 1086 884 1141 debemus
905 1085 966 1141 in
985 1085 1336 1141 abstinentia
1356 1101 1621 1140 escarum
1652 1085 1760 1139 hu-

116 1174 397 1247 jusmodi,
429 1178 495 1229 ut
516 1173 815 1247 possimus
836 1190 972 1229 eum
992 1173 1234 1229 Domino
1258 1173 1470 1229 lucrari
1497 1191 1508 1228 :
1539 1189 1607 1228 ne
1629 1172 1760 1228 reli-

122 1264 344 1337 gionem
359 1262 752 1319 Christianam
780 1279 883 1335 pro
906 1262 1104 1334 aliqua
1123 1278 1257 1318 esca
1279 1261 1519 1334 incipiat
1538 1261 1762 1316 abomi-

126 1351 268 1420 nari,
298 1357 353 1406 et
382 1351 510 1406 cibo
537 1355 736 1406 nostro
767 1348 1045 1422 perdatur
1075 1350 1380 1422 frater,pro
1420 1366 1534 1421 quo
1566 1348 1761 1404 Chris-

133 1446 226 1494 tus
255 1444 522 1494 mortuus
553 1445 664 1494 est.

193 1528 274 1583 LI.
309 1529 424 1584 Nos
455 1545 591 1601 ergo
623 1528 892 1599 quamvis
923 1544 956 1583 a
984 1527 1229 1583 Domino
1270 1532 1328 1583 et
1380 1529 1450 1583 ab
1485 1527 1764 1600 apostolis

124 1617 418 1673 licentiam
441 1616 768 1672 habeamus
794 1617 1146 1672 manducare
1172 1617 1369 1672 omnia
1392 1634 1518 1688 quae
1542 1633 1645 1672 nec
1666 1633 1765 1672 uo-

1871 575 2052 628 super
2111 559 2201 613 liis
2239 560 2946 633 interrogetisjudicium,
3006 560 3369 617 immundior
3408 563 3518 618 erit

1870 663 2079 716 porcus
2113 648 2444 719 reptilibus,
2479 649 2752 706 sordibus
2785 656 2961 722 atque
2994 649 3215 721 reliquo
3277 668 3382 706 suo
3415 669 3516 723 pa-

1869 732 2026 788 bulo.
2059 735 2168 789 Sed
2203 736 2322 790 sive
2354 754 2480 802 nos,
2515 738 2632 792 sive
2661 757 2784 803 vos,
2819 739 2971 811 quod
3006 756 3039 794 a
3061 739 3384 807 majoribus
3407 758 3515 795 no-

1871 822 2007 876 stris
2041 824 2374 896 accepimus
2409 830 2510 880 aut
2532 844 2642 882 usu
2667 832 2937 882 tenemus
2961 828 3407 895 comedendum,
3428 829 3514 885 sic

1871 910 2261 978 observemus,
2296 917 2359 966 ut
2389 913 2438 968 is
2471 914 2568 985 qui
2603 931 2715 969 nou
2771 916 3107 980 manducat,
3150 917 3515 972 manducan-

1867 1000 1986 1051 tem
2021 1015 2134 1053 non
2168 1005 2440 1070 spernat:
2475 1007 2531 1056 et
2564 1002 2663 1073 qui
2725 1005 3057 1069 manducet,
3117 1021 3231 1058 non
3264 1005 3514 1060 mandu-

1872 1088 2098 1140 cantem
2133 1104 2247 1141 non
2273 1089 2518 1157 judicet.

1945 1174 2059 1228 LII.
2105 1175 2478 1231 Considerate
2539 1184 2733 1233 tamen
2797 1181 2866 1233 ad
2899 1185 3173 1250 quantam
3200 1181 3514 1237 stultitiam

1873 1260 2141 1316 devoluta
2172 1263 2246 1316 sit
2275 1270 2466 1319 vestra
2497 1267 2789 1337 scriptura
2811 1271 2865 1320 et
2887 1268 3194 1335 sapientia,
3217 1285 3346 1338 quae
3376 1287 3513 1326 cum

1874 1348 1944 1401 ab
1961 1348 2300 1405 hominibus
2323 1351 2621 1421 exquirere
2642 1353 2878 1406 deberet.
2897 1355 3069 1406 linem
3095 1363 3515 1426 praeceptorum

1876 1437 1992 1502 Dei,
2027 1437 2080 1491 id
2115 1442 2203 1492 est
2233 1438 2576 1494 charitatem
2611 1442 2681 1494 de
2713 1444 2886 1494 eoi-(le
2921 1459 3063 1512 puro
3087 1447 3142 1494 et
3163 1444 3518 1498 conscientia

1873 1525 2024 1579 bona
2055 1530 2111 1580 et
2141 1527 2252 1580 fide
2283 1544 2398 1582 non
2433 1529 2564 1582 ficta
2590 1529 2736 1582 :‘hoc
2755 1529 2945 1583 solum
2969 1529 3394 1600 exquirendum
3419 1549 3520 1602 pu-

1872 1617 1976 1680 tat,
2009 1632 2082 1668 an
2111 1613 2425 1686 aliquando
2457 1617 2815 1672 comederint
2836 1633 3071 1671 carnem
3098 1617 3383 1673 ursinam.
3413 1619 3519 1674 Cu-

123 1709 253 1760 stra
280 1721 385 1761 nec
416 1705 681 1760 fraternae
715 1704 888 1760 saluti
921 1705 1207 1771 officiunt,
1232 1704 1652 1760 consuetudine
1674 1709 1764 1759 ta-
1865 1702 1967 1772 jus
2000 1719 2174 1758 usum
2207 1704 2474 1775 quamvis
2508 1723 2620 1760 non
2653 1705 2996 1770 admittatis,
3043 1706 3518 1762 admitttentibus

124 1810 254 1849 men
271 1793 698 1865 provinciarum
712 1798 766 1850 et
790 1795 1093 1866 praeceptis
1111 1795 1402 1864 majorum
1427 1797 1761 1848 nostrorum

121 1882 408 1938 hactenus
453 1882 692 1953 detenti,
745 1883 1069 1939 devitamus
1128 1883 1432 1939 comedere
1462 1881 1762 1948 nonnulla,

123 1988 235 2027 non
270 1971 408 2042 quia
440 1969 592 2025 mala
621 1975 720 2025 aut
750 1970 1056 2026 immunda
1110 1973 1268 2038 sunt,
1329 1971 1430 2025 sed
1492 1970 1631 2041 quia
1667 1973 1768 2025 aut

124 2059 289 2115 nobis
322 2058 517 2130 aliquo
551 2059 720 2113 modo
752 2076 865 2114 non
890 2059 1224 2131 expediunt,
1254 2063 1355 2114 aut
1376 2058 1547 2131 longo
1567 2076 1676 2114 usu
1706 2059 1764 2112 in

128 2151 394 2203 naturam
419 2148 543 2218 jam
574 2164 738 2202 verso
793 2148 1049 2203 horrent.
1099 2147 1302 2204 Nonne
1327 2147 1503 2203 draco
1533 2146 1767 2218 populis

126 2236 454 2308 Ethiopum
484 2235 543 2290 in
574 2252 707 2291 esca
740 2237 913 2291 datus
945 2235 1157 2291 dicitur
1179 2235 1207 2290 ‘P
1237 2237 1302 2290 Et
1334 2235 1628 2290 nonnullae
1658 2252 1765 2290 na-

126 2325 313 2380 tiones
345 2324 700 2396 quibusdam
731 2328 1049 2380 vescuntur
1079 2341 1206 2396 quze
1226 2324 1351 2380 alia
1375 2323 1606 2396 penitus
1630 2323 1765 2378 abo-

126 2414 445 2469 minantur.
479 2413 593 2469 Cur
623 2413 753 2479 hoc,
788 2413 902 2468 nisi
937 2413 1076 2484 quia
1107 2430 1476 2484 unaquaeque
1532 2429 1677 2484 gens
1708 2412 1764 2466 in

126 2519 232 2558 suo
262 2519 435 2558 sensu
461 2503 790 2570 abundans,
813 2503 1076 2574 quaedam
1101 2501 1212 2558 sibi
1238 2502 1580 2573 assumpsit,
1613 2518 1768 2571 quaa-

125 2593 260 2646 dam
289 2591 534 2662 rejecit?
561 2591 722 2646 Unde
753 2608 860 2646 nos
913 2607 1146 2662 quoque
1206 2590 1428 2661 absque
1484 2589 1674 2662 culpis
1707 2589 1766 2644 in

124 2679 399 2736 antidotis
427 2679 682 2752 plurima
711 2679 1070 2752 percipimus
1101 2695 1226 2748 quae
1259 2695 1327 2734 ex
1372 2679 1765 2750 serpentibus,

125 2771 180 2823 et
210 2783 278 2823 ex
308 2767 438 2824 aliis
467 2785 594 2840 qua:
626 2785 1000 2824 exsecramur
1020 2766 1444 2836 animantibus,
1464 2770 1769 2837 assumpta

122 2872 251 2911 esse
267 2873 381 2912 non
400 2857 927 2922 dubitamus.Quod
946 2873 1080 2929 ergo
1095 2856 1326 2911 infirmo
1340 2855 1767 2926 qualiscunque

123 2945 418 3000 medicina
467 2945 576 3000 hoc
633 2947 785 3001 fame
841 2945 1104 3017 pereunti
1157 2943 1581 3016 qualiscunque
1612 2959 1764 2998 esca.

123 3034 195 3088 Et
217 3033 371 3089 sicut
389 3034 817 3090 abominandus
835 3034 1105 3090 infirmus
1124 3050 1240 3088 non
1264 3037 1374 3104 est,
1392 3030 1769 3088 artificialiter

122 3119 384 3175 refectus
401 3123 685 3193 sanguine
702 3127 760 3178 et
781 3123 1058 3178 cadavere
1082 3121 1412 3193 aliquorum
1436 3119 1762 3192 reptilium:

122 3209 219 3263 sic
253 3224 358 3262 nec
388 3208 538 3264 fame
575 3211 897 3277 tabescens,
958 3211 1006 3266 si
1061 3209 1348 3282 sanguine
1407 3215 1464 3265 et
1489 3210 1770 3265 suffocato

119 3315 158 3351 n
173 3299 270 3352 atu
279 3296 476 3352 raliter
490 3302 780 3355 sustentat
792 3298 1153 3355 miserabiles
1168 3304 1351 3367 artus,
1377 3301 1582 3370 potens
1596 3296 1771 3353 etiam

122 3385 204 3441 ad
236 3383 483 3442 litteram
516 3405 648 3443 cum
683 3389 848 3443 beato
873 3388 981 3442 Job
1012 3387 1200 3442 dicere
1227 3403 1240 3443 :
1278 3390 1410 3453 Qua:
1443 3385 1606 3458 prius
1637 3389 1772 3440 tan-

116 3489 264 3545 gere
294 3474 529 3531 nolebat
549 3476 746 3531 anima
766 3492 921 3540 mea,
945 3493 1100 3531 nunc
1121 3493 1234 3547 prae
1248 3474 1520 3547 angustia
1533 3473 1769 3528 cibimei

108 3566 264 3617 sunt
294 3564 432 3634 (Job,
463 3581 544 3628 v1,
575 3564 651 3632 7).
689 3586 716 3611 »
747 3563 950 3618 Omnis
979 3563 1134 3618 enim
1157 3568 1423 3620 creatura
1445 3563 1543 3617 Dei
1595 3563 1768 3628 bona,

100 3655 171 3706 et
185 3649 336 3704 nihil
352 3648 732 3716 rejiciendum
750 3650 901 3719 quod
919 3666 1052 3703 cum
1066 3651 1384 3721 gratiarum
1406 3650 1631 3705 actione
1647 3666 1771 3720 per.

94 3739 155 3794 ci
169 3735 333 3808 pitur
356 3751 368 3788 :
395 3734 797 3790 sanctificatur
823 3736 976 3790 enim
993 3738 1344 3806 perverbum
1367 3737 1467 3790 Dei
1489 3737 1768 3792 etoratio-

89 3841 267 3882 nem.
297 3823 366 3878 Et
396 3839 496 3877 vos
531 3822 889 3894 peregrinos,
909 3839 1122 3894 egenos
1142 3827 1199 3878 et
1219 3840 1502 3895 pauperes
1524 3823 1762 3892 Christi,

93 3929 215 3968 nec
247 3911 401 3966 inter
429 3909 675 3982 gentiles
707 3910 1081 3983 computatis,
1115 3911 1330 3982 quibus
1362 3911 1442 3965 nil
1470 3916 1559 3966 est
1590 3928 1762 3968 mun-

89 4003 270 4067 dum,
286 3999 428 4071 quia
441 3987 759 4070 aliquando
778 3999 1175 4071 qualicunque
1190 4000 1317 4055 cibo
1338 3999 1590 4055 retinent
1605 4017 1638 4056 a
1653 4005 1766 4057 Deo

99 4089 226 4144 sibi
257 4089 462 4142 datum
494 4088 798 4158 praesentis
819 4088 948 4144 vitea
963 4104 1180 4144 munus
1198 4087 1427 4154 ?Quare
1442 4105 1555 4143 non
1570 4090 1765 4159 potius

102 4177 358 4249 signatae
380 4193 545 4232 arcas
569 4177 832 4248 pecuniae
852 4181 909 4234 et
930 4177 1332 4249 promptuaria
1352 4179 1676 4233 eructantia
1697 4195 1765 4234 ex

105 4266 228 4320 hoc
258 4265 318 4320 in
351 4264 496 4320 illud
530 4267 790 4337 aperitis,
825 4271 883 4322 et
911 4265 1248 4338 dispergitis
1279 4266 1656 4338 pauperibus,
1700 4272 1765 4322 ut

94 4353 346 4425 justitia
374 4357 566 4410 vestra
597 4359 832 4411 maneat
858 4355 920 4410 in
951 4359 1234 4411 aeternum
1266 4359 1323 4411 et
1361 4356 1485 4426 jam
1542 4371 1657 4410 non
1687 4356 1766 4410 sit

103 4438 197 4495 eis
231 4440 550 4496 necessitas
582 4458 934 4512 praesumere
966 4442 1163 4496 cibum
1213 4441 1565 4498 insolitum?
1598 4443 1762 4500 Nunc

1873 1793 2065 1845 tamen
2103 1809 2202 1863 pro
2235 1793 2476 1848 crimine
2509 1800 2776 1864 reputare
2839 1811 2952 1848 non
3003 1795 3227 1850 debetis
3256 1813 3269 1863 ;
3303 1795 3520 1867 quibus

1876 1877 2208 1951 evangelica
2239 1885 2294 1935 et
2321 1881 2640 1953 apostolica
2700 1883 3016 1937 auctoritas
3073 1884 3271 1938 omnia
3295 1885 3522 1941 edenda

1877 1968 2198 2022 constituit.
2295 1979 2300 1984 '

1950 2056 2087 2110 LIII.
2122 2057 2236 2112 Nec
2268 2057 2378 2112 hoc
2408 2059 2667 2114 dicentes
2699 2060 3051 2114 suil'ocatum
3082 2064 3138 2114 et
3169 2063 3519 2133 sanguinem

1887 2144 2058 2199 nobis
2078 2149 2283 2200 contra
2321 2163 2423 2201 vos
2464 2147 2950 2202 defendentibus:
2995 2148 3296 2219 antiquam
3363 2150 3519 2206 enim

1877 2233 2358 2289 consuetudinem
2374 2252 2474 2289 seu
2490 2236 2860 2290 traditionem
2881 2237 3167 2306 majorum
3182 2243 3518 2294 nostrorum

1876 2321 2184 2393 diligenter
2203 2323 2537 2390 retinentes,
2557 2340 2660 2378 nos
2683 2340 2918 2395 quoque
2936 2324 3055 2379 haec
3077 2326 3515 2395 abominamur;

1876 2411 2019 2464 adeo
2080 2411 2427 2482 sanguinem
2486 2411 2571 2466 vel
2629 2428 2978 2483 quocunque
3029 2413 3354 2469 morticinio
3419 2420 3523 2470 aut

1876 2498 2044 2570 aquis
2074 2516 2175 2554 seu
2210 2516 2562 2571 quacunque
2614 2500 2970 2571 negligentia
3023 2499 3285 2555 humana
3316 2503 3518 2573 prmfo-

1877 2591 2023 2653 cato,
2057 2589 2210 2660 apud
2243 2605 2347 2643 nos
2391 2588 2706 2659 aliquando
2753 2589 3122 2644 vescentibus
3170 2591 3392 2661 absque
3423 2607 3520 2645 ex-

1876 2680 2060 2730 tremo
2091 2676 2346 2748 periculo
2381 2677 2505 2732 vitae
2538 2677 2737 2747 hujus,
2766 2678 3103 2749 poenitentia
3125 2679 3520 2752 gravisimpo-

1877 2770 2076 2819 natur:
2113 2783 2215 2836 pro
2237 2782 2303 2821 eo
2328 2766 2578 2821 maxime
2601 2766 2741 2837 quia
2762 2767 3037 2838 antiquas
3061 2768 3517 2825 consuetudines

1877 2858 1933 2907 et
1962 2853 2303 2909 traditiones
2335 2855 2646 2924 majorum,
2672 2871 2797 2926 qua:
2814 2871 2928 2909 non
2945 2860 3298 2911 suntcontra
3320 2857 3515 2924 fidem,

1875 2941 2032 3013 leges
2061 2941 2409 3012 apostolicae
2440 2943 2826 2997 arbitramur:
2860 2960 2994 2997 nam
3029 2944 3099 2998 de
3130 2943 3351 2999 caeteris
3394 2961 3519 3015 quas

1877 3029 2123 3101 aucupio
2156 3034 2258 3085 aut
2279 3031 2522 3086 canibus
2546 3047 2644 3086 seu
2669 3031 2874 3102 laqueo
2895 3033 3232 3088 venantium
3257 3033 3520 3088 moriun-

1876 3121 1989 3186 tur,
2023 3119 2279 3190 Apostoli
2314 3124 2662 3190 praeceptum
2696 3119 3038 3190 sequimur:
3079 3144 3098 3169 α
3132 3122 3315 3177 Omne
3364 3123 3517 3193 quod

1801 3191 1842 3258 C
1875 3206 1935 3262 in
1968 3207 2278 3262 macellum
2309 3208 2484 3271 venit,
2517 3209 2885 3272 manducate,
2919 3208 3065 3263 nihil
3096 3191 3520 3281 interrogantes

1879 3300 2112 3368 propter
2141 3295 2555 3352 conscientiam
2588 3298 2634 3367 (Ι
2663 3297 2781 3352 Cor.
2816 3315 2870 3364 x,
2930 3298 3040 3367 25').
3077 3320 3103 3348 »
3166 3298 3395 3354 Domini
3433 3303 3523 3354 est

1880 3389 2036 3439 terra
2063 3389 2118 3440 et
2149 3385 2448 3456 plenitudo
2481 3386 2628 3454 ejus.
2664 3385 2824 3448 Quod
2863 3386 3038 3441 etiam
3097 3386 3156 3441 in
3189 3387 3518 3442 convivium

1879 3473 2184 3542 gentilium
2217 3474 2436 3528 vocatis
2459 3473 2747 3528 concessit
2768 3473 2967 3527 dicens
2990 3491 3008 3526 :
3036 3497 3060 3521 ‹‹
3085 3473 3143 3527 Si
3167 3475 3298 3544 quis
3321 3475 3521 3529 inlide-

1879 3560 2023 3616 lium
2053 3566 2219 3617 vocat
2248 3578 2349 3616 vos
2380 3562 2450 3615 ad
2485 3577 2705 3616 cmnam
2737 3565 2793 3615 et
2821 3560 2996 3614 vultis
3029 3561 3138 3614 ire:
3161 3561 3344 3615 Omne
3365 3563 3518 3631 quod

1876 3651 2041 3705 vobis
2070 3651 2384 3721 apponitur
2405 3650 2775 3714 manducate,
2791 3647 3373 3720 nihilinterrogantcs
3389 3666 3519 3720 pro-

1877 3743 2004 3809 pter
2033 3738 2452 3793 conscientiam
2485 3737 2667 3807 (Ibid.,
2699 3736 2938 3805 xxvn).»
2972 3737 3255 3791 Dominus
3287 3753 3520 3808 quoque

1876 3842 1979 3896 pro
2012 3826 2277 3880 mercede
2310 3823 2788 3896 praedicatoribus
2819 3824 2942 3879 suis
2970 3825 3280 3895 providens
3311 3824 3518 3881 alimo-

1875 3913 2033 3966 niam
2066 3912 2210 3966 dixit
2242 3912 2326 3967 eis
2351 3929 2362 3964 :
2400 3934 2425 3960 ‹‹
2463 3912 2521 3966 In
2549 3912 2722 3967 domo
2747 3912 3139 3983 recipientium
3161 3929 3262 3967 vos
3289 3919 3519 3970 manete

1873 4001 2108 4056 edentes
2139 4004 2196 4055 et
2213 4000 2477 4056 bibentes
2501 4017 2626 4071 quae
2645 4001 2798 4073 apud
2819 3999 2950 4056 illos
2971 4006 3109 4056 sunt
3134 4002 3286 4072 (Luc.
3313 4019 3369 4070 Χ,
3391 4003 3469 4073 7).
3489 4025 3518 4051 »

1873 4090 2017 4144 Ecce
2048 4089 2332 4144 Dominus
2365 4106 2479 4144 non
2510 4089 2656 4144 dixit
2686 4090 2951 4161 quaedam
2983 4092 3136 4162 apud
3168 4090 3296 4146 illos
3327 4107 3517 4146 eome-

1873 4177 2011 4247 dite,
2045 4177 2145 4233 sed
2180 4177 2577 4232 indifferenter
2607 4194 2732 4249 quw
2761 4179 2910 4250 apud
2941 4180 3066 4235 illos
3088 4184 3232 4234 sunt.
3258 4181 3516 4252 Quapro-

1873 4271 2003 4337 pter
2035 4265 2228 4321 omnis
2261 4265 2434 4320 homo
2467 4265 2770 4322 scientiam
2803 4267 3046 4335 habens,
3097 4268 3142 4324 si
3175 4269 3521 4342 simpliciter

1872 4354 1993 4410 edit
2023 4359 2080 4410 et
2110 4353 2258 4410 bibit
2290 4353 2574 4425 quidquid
2611 4355 2668 4408 in
2703 4356 3013 4413 macellum
3046 4358 3202 4414 venit
3231 4363 3332 4414 aut
3363 4359 3517 4432 quod

1872 4442 1985 4498 sibi
2019 4442 2352 4514 apponitur,
2386 4441 2722 4498 nullatenus
2753 4449 2841 4500 est
2872 4447 3219 4517 culpandus,
3245 4447 3355 4502 nisi
3383 4448 3519 4503 inde

109 4535 343 4595 autem,
376 4529 575 4584 usuris
608 4534 664 4585 et
695 4530 1178 4602 oppressionibus
1209 4531 1561 4587 miserorum
1595 4532 1762 4587 ditati
1791 4551 1836 4616 D
1873 4531 2132 4602 aliquam
2156 4530 2595 4586 immunditiam
2620 4531 2987 4587 conscientia:
3022 4551 3139 4589 suae
3188 4535 3514 4591 contrahat.

97 4620 164 4672 et
194 4615 354 4684 elati,
389 4617 854 4684 calumniamini,
888 4619 938 4675 si
971 4635 1149 4692 egens
1181 4620 1448 4675 omnium
1472 4624 1762 4676 sustente-

99 4711 208 4759 tur
238 4703 436 4775 aliquo
465 4707 619 4776 quod
640 4723 739 4762 vos
770 4706 1119 4780 impinguati
1141 4712 1198 4763 et
1220 4708 1502 4781 crapulati
1533 4709 1761 4764 abomi-

102 4792 340 4848 namini
369 4811 382 4860 ;
417 4811 533 4849 non
563 4796 929 4852 attendentes
957 4796 1273 4864 Dominum
1298 4796 1759 4852 misericordiam

97 4879 288 4936 malle
319 4897 497 4952 quam
530 4883 903 4938 sacrificium.
937 4883 1043 4947 Qui
1098 4885 1286 4956 primo
1317 4885 1538 4941 mensis
1571 4885 1760 4940 homi-

98 4985 256 5024 num
290 4973 424 5041 post
437 4969 858 5042 cataclysmum
872 4972 1088 5027 amovit
1103 4972 1298 5044 aliqua
1320 4974 1488 5044 quasi
1511 4974 1764 5028 immun-

98 5058 211 5126 da,
249 5074 386 5113 cum
419 5057 620 5130 utique
649 5061 847 5116 omnia
877 5060 1075 5115 fecerit
1104 5061 1267 5116 valde
1297 5063 1467 5127 bona,
1501 5067 1558 5117 et
1588 5062 1759 5117 ratio-

103 5146 268 5202 nalis
300 5149 578 5201 creaturae
610 5146 816 5202 vitium
847 5148 1239 5205 abominabile
1269 5151 1346 5205 sit
1366 5151 1520 5222 apud
1553 5150 1757 5220 Deum,

99 5251 227 5290 non
262 5232 542 5304 quaelibet
571 5234 995 5292 irrationalium
1025 5241 1420 5294 creaturaram
1446 5257 1460 5308 ;
1490 5238 1760 5296 voluntas

97 5335 352 5392 quoque
374 5317 682 5376 hominum
715 5321 1031 5393 aliquando
1053 5323 1164 5378 sibi
1191 5327 1458 5396 quaedam
1478 5327 1756 5396 vindicat,

96 5405 439 5481 aliquando
470 5407 702 5464 alienat.
745 5411 860 5465 Ceu
890 5412 1134 5467 Romani
1166 5413 1369 5484 paucis
1426 5416 1597 5472 annis
1627 5421 1760 5473 ante

96 5494 567 5555 Constantinum
597 5496 876 5570 Magnum
908 5500 1159 5572 porcinaa
1215 5501 1409 5558 carnis
1461 5519 1626 5560 esum
1658 5521 1762 5577 per

88 5586 489 5652 Aurelianum
506 5584 918 5663 imperatorem
940 5589 1053 5658 sibi
1071 5590 1465 5658 vindicarunt.
1489 5594 1556 5659 Et
1577 5593 1758 5659 Graeci

1871 4620 2016 4685 Quia
2047 4637 2162 4674 non
2197 4619 2349 4690 quod
2379 4620 2532 4674 intra
2561 4619 2617 4672 in
2651 4635 2736 4686 os,
2798 4620 2899 4673 sed
2951 4623 3104 4690 quod
3165 4623 3426 4693 procedit
3449 4624 3519 4679 de

1871 4725 1967 4764 ore
1999 4709 2343 4780 coinquinat
2374 4708 2670 4763 hominem
2704 4706 2911 4777 (Matth.
2946 4725 3038 4774 xv,
3075 4711 3182 4778 11).
3242 4710 3356 4764 Nec
3385 4726 3519 4766 esca

1873 4798 2070 4871 aliqua
2101 4802 2188 4852 est
2214 4798 2272 4851 in
2303 4797 2463 4865 vitio,
2497 4795 2595 4850 sed
2631 4796 3056 4850 immoderatus
3080 4797 3392 4867 appetitus.
3417 4797 3518 4852 Ve-

1873 4905 2023 4953 rum,
2060 4903 2131 4942 ne
2163 4883 2593 4941 scandalizatur
2621 4885 2798 4938 frater
2827 4883 3101 4938 inﬁrmus
3132 4884 3191 4937 in
3251 4885 3382 4952 ﬁde,
3416 4887 3516 4957 qui

1872 4980 2038 5047 putat
2055 4974 2275 5046 aliquid
2290 4988 2601 5027 commune
2620 4971 2705 5026 vel
2727 4971 3101 5027 immundum
3125 4988 3251 5028 esse
3279 4991 3291 5040 ;
3317 4973 3365 5028 si
3383 4975 3516 5044 quis

1869 5065 2111 5118 dixerit:
2143 5062 2252 5116 hoc
2284 5061 2635 5115 suil'ocatum
2669 5065 2776 5126 est,
2810 5059 2896 5116 vel
2928 5061 3326 5116 morticinium
3361 5079 3374 5127 ;
3401 5079 3515 5117 non

1871 5157 1959 5208 est
1991 5149 2436 5215 comedendum,
2469 5153 2533 5202 ut
2559 5149 2874 5220 Apostolus
2916 5151 2988 5204 de
3045 5149 3364 5220 idolothyto
3395 5151 3510 5206 ait:

1872 5263 1898 5291 «
1931 5238 1990 5294 Si
2020 5238 2151 5309 quis
2183 5236 2414 5306 dixerit,
2449 5240 2556 5291 hoc
2588 5237 2958 5292 immolatum
2991 5244 3078 5293 est
3109 5239 3305 5307 idolis,
3339 5239 3517 5296 nolite

1870 5327 2247 5392 manducare,
2281 5328 2517 5396 propter
2544 5341 2678 5380 eum
2709 5326 2810 5396 qui
2843 5325 3138 5397 indicavit,
3197 5331 3252 5383 et
3284 5333 3517 5399 propter

1871 5414 2310 5473 conscientiam.
2342 5412 2770 5468 Couseientiam
2795 5420 2988 5470 autem
3015 5417 3164 5484 dico,
3191 5433 3306 5472 non
3331 5421 3511 5484 tuam,

1868 5505 1969 5562 sed
2002 5502 2244 5560 alterius
2264 5502 2309 5572 (I
2337 5504 2462 5559 Cor.
2497 5518 2554 5568 x,
2609 5503 2701 5567 28,
2748 5502 2862 5574 29).
2898 5526 2927 5552 ››
2983 5504 3168 5561 Multa
3220 5505 3512 5577 siquidem

1868 5611 1979 5654 usu
2011 5595 2112 5652 aut
2138 5589 2450 5650 traditione
2484 5587 2778 5662 majorum
2802 5589 2886 5650 ita
2906 5592 3300 5666 observamus,
3324 5599 3389 5654 ut
3408 5593 3514 5656 ali.
