3966 6212
408 339 522 400 967

1423 334 1910 396 HUMBERTUS
1957 336 2019 393 S.
2070 333 2142 393 IL
2188 333 2265 397 E.
2307 333 2801 396 CARDINALIS.

3698 332 3822 396 988

406 478 492 526 ter
523 468 802 524 facientes
835 467 1074 523 omnino
1106 467 1544 533 abhorreamus,
1603 467 1755 522 sicut
1813 471 1900 520 est
1931 483 2045 522 non
2074 465 2132 533 Α
2162 472 2219 522 et
2249 484 2346 524 eos
2377 468 2638 523 asseritis
2666 484 2767 523 nec
2803 465 3048 540 gentiles
3093 481 3231 521 esse
3254 464 3666 534 =nec.Judeos,
3696 467 3818 524 nisi

405 558 543 618 lotis
567 558 844 613 manibus
871 558 1246 612 manducare.
1269 557 1428 621 Quod
1454 556 1921 626 quamvis,juxta
1937 572 2062 610 sen-

406 647 660 702 tentiam
705 646 1004 709 Veritatis,
1065 662 1179 700 non
1233 645 1570 716 coinquinat
1627 644 1944 710 hominem,
1975 648 2062 697 ta-

411 753 543 790 men
576 735 734 790 velut
765 735 1141 790 immundum
1174 733 1479 788 exhorrerc
1503 733 1649 788 solet
1676 732 1849 787 homo
1873 731 2060 786 homi-

413 841 544 882 nem
578 841 692 880 non
725 823 858 879 lotis
890 823 1163 877 manibus
1195 823 1666 877 manducantem.

484 913 619 968 LIX.
651 913 762 968 Sed
797 912 992 966 forsan
1015 910 1226 964 dicturi
1259 910 1405 965 estis
1432 928 1443 964 :
1476 911 1604 964 Non
1637 908 1829 964 solum
1862 908 1919 961 in
1949 911 2056 961 Ve-

401 1003 527 1069 teri,
562 1002 662 1058 sed
695 1006 751 1056 ct
782 1001 840 1054 in
879 1001 1036 1054 Novo
1068 1000 1443 1054 Testamento
1469 999 1540 1053 ab
1565 995 2056 1068 Apostolistradi-

401 1095 529 1146 tum
564 1089 837 1163 gentibus
867 1093 929 1142 ut
950 1088 1283 1142 abstineant
1305 1104 1337 1141 a
1358 1085 1642 1157 sanguine
1664 1091 1721 1140 et
1751 1086 2051 1139 sutlocato.

400 1180 514 1234 Nec
548 1196 652 1234 nos
685 1178 1003 1241 nescimus,
1041 1181 1238 1230 tamen
1271 1193 1372 1246 pro
1406 1175 1528 1230 loco
1553 1180 1886 1244 ettempore
1911 1191 2054 1227 non-

407 1265 835 1323 nullacarnalia
867 1263 1076 1319 veteris
1106 1263 1255 1335 legis
1288 1263 1565 1318 mandata
1614 1262 1908 1334 apostolos
1952 1262 2053 1315 ob—

405 1371 665 1412 servasse
699 1353 940 1418 scimus,
975 1353 1205 1422 quando
1240 1353 1433 1408 adhuc
1455 1352 1622 1423 quasi
1669 1351 1726 1404 in
1759 1350 2053 1405 matutino

399 1441 738 1515 crepuscqu
771 1442 1020 1496 tenebrae
1057 1447 1113 1496 et
1144 1441 1243 1496 lux
1276 1441 1707 1512 confulgebant,
1745 1439 2051 1493 etintuen-

399 1533 546 1586 tium
578 1529 777 1585 oculos
809 1547 963 1586 nunc
996 1530 1130 1596 huc,
1166 1547 1317 1584 nunc
1350 1528 1488 1584 illuc
1550 1528 1922 1582 reducebant.
1959 1526 2052 1581 Sic

399 1619 644 1692 apostoli
677 1619 737 1673 in
767 1619 971 1674 Judaea
1002 1617 1371 1683 commorati,
1408 1616 1749 1688 aliquando,
1791 1615 2053 1669 claritate

397 1705 692 1779 Evangelii
723 1706 1130 1778 expergefacti,
1154 1707 1226 1761 ab
1251 1706 1459 1760 umbra
1489 1705 1634 1776 legis
1668 1703 2046 1767 recedebant;

397 1796 734 1868 aliquando,
767 1796 1113 1850 necessitate
1144 1794 1230 1849 vel
1274 1793 1702 1849 consuetudine
1734 1795 2047 1862 torpentes,

398 1884 457 1938 in
489 1900 616 1939 eam
647 1883 1001 1938 recidebant.
1038 1883 1297 1952 Denique
1329 1885 1483 1936 sorte
1536 1879 1901 1935 associarunt
1932 1877 2044 1932 sibi

400 1971 728 2039 Matthiam,
763 1977 817 2026 et
848 1969 1156 2042 templum,
1189 1971 1245 2024 in
1279 1986 1394 2040 quo
1421 1968 1611 2024 adhuc
1639 1966 1881 2038 sanguis
1919 1965 2044 2020 ani-

398 2060 640 2115 malium
673 2060 1041 2127 offerebatur,
1068 2059 1348 2113 orationis
1370 2058 1556 2128 gratia
1579 2055 2040 2126 frequentabant.

399 2150 527 2221 Ipse
549 2164 781 2222 quoque
809 2153 1000 2202 vertex
1022 2147 1421 2218 apostolorum
1444 2147 1646 2200 Petrus
1673 2163 1685 2212 ;
1710 2145 1882 2198 modo
1908 2159 2041 2197 cum

397 2238 672 2310 gentibus
704 2237 1068 2302 comedebat,
1101 2237 1273 2290 modo
1323 2237 1394 2289 ab
1425 2234 1508 2288 eis
1567 2234 1782 2287 timens
1813 2247 1875 2286 se
1901 2232 2042 2285 sub-

397 2325 684 2381 trahebat.
704 2327 884 2394 Cujus
901 2324 1268 2395 coapostolus
1287 2323 1522 2387 Paulus,
1547 2321 1814 2394 quamvis
1836 2320 2044 2374 dixerit

397 2412 657 2467 Galatis:
695 2436 721 2461 u
754 2413 811 2466 Si
835 2411 1364 2476 circumcidamini,
1397 2409 1663 2465 Christus
1691 2407 1860 2463 vobis
1897 2407 2041 2461 nihil

399 2500 655 2571 proderit
685 2500 826 2569 (Gal.
859 2517 914 2565 ν,
946 2501 1026 2568 2),
1063 2523 1088 2547 υ
1137 2505 1333 2553 tamen
1388 2497 1663 2553 dilectum
1687 2495 2040 2567 discipulum

400 2592 636 2660 propter
667 2588 1146 2642 subintroductos
1191 2585 1367 2641 falsos
1421 2587 1628 2640 fratres
1656 2584 2040 2649 circumcidit,

398 2682 456 2731 et
484 2693 617 2731 cum
649 2675 780 2732 aliis
813 2677 1155 2747 purificatus
1184 2675 1241 2729 in
1275 2674 1492 2746 templo
1525 2671 2041 2744 sacriﬁciumlegis

398 2765 678 2820 exhibuit.
711 2765 822 2819 Sed
857 2765 977 2832 ubi,
1007 2766 1079 2819 ab
1112 2763 1399 2835 angustiis
1417 2764 1630 2818 Judzuc
1658 2761 1900 2824 exclusi,
1925 2777 2043 2814 am-

399 2852 686 2925 plitudine
718 2852 979 2925 gentium
1015 2853 1172 2907 fuere
1205 2853 1391 2924 potiti,
1429 2869 1580 2915 mox,
1614 2849 1781 2920 quasi
1823 2848 2042 2904 catenis

400 2941 696 2997 servitutis
729 2941 919 3014 palam
962 2942 1163 3014 erepti,
1221 2945 1509 3012 quotquot
1555 2940 1625 2994 ad
1679 2938 2042 3011 spiritualem

400 3030 648 3103 gratiam
678 3031 1071 3097 attrahebant,
1095 3047 1127 3084 a
1157 3029 1491 3084 carnalibus
1510 3027 1870 3083 caaremoniis
1896 3025 2042 3098 legis

405 3124 658 3175 avertere
714 3137 828 3174 non
852 3121 1177 3174 cessabant.
1202 3119 1360 3182 Quod
1384 3117 1580 3189 procul
1599 3117 1776 3170 dubio
1797 3132 1864 3168 ex
1897 3132 2039 3185 pra:-

2182 556 2473 612 obediant.
2505 556 2668 622 Quia,
2721 561 2786 610 ut
2832 556 3026 621 dictis,
3085 553 3328 627 gentiles
3385 553 3682 622 occidunt,
3715 560 3822 611 aut

2177 643 2482 716 plagantes
2514 645 2860 700 comedunt:
2897 645 3062 716 quasi
3095 643 3284 699 Latini
3317 641 3471 698 soliti
3517 641 3639 698 sint
3682 644 3816 700 ani-

2172 733 2350 788 malia
2368 733 2494 788 viva
2523 739 2627 789 aut
2645 734 2872 806 integra
2891 733 3210 789 comedere.
3226 731 3501 803 Nunquid
3521 731 3818 788 archima-

2169 821 2278 893 giri
2310 823 2584 878 omnibus
2614 822 2948 878 nationibus
2980 821 3224 893 delegati
3253 820 3445 876 estis?
3469 821 3542 874 Et
3573 821 3622 876 si
3665 821 3815 878 forte

2168 908 2341 964 alicui
2377 912 2528 965 fame
2565 910 2853 966 deficienti
2875 911 3079 966 anima:
3134 911 3448 966 obsonium
3497 909 3589 966 vel
3618 910 3816 967 victus

2169 999 2335 1068 desit,
2359 999 2482 1054 avis
2507 1003 2700 1054 autem
2733 1003 2790 1054 et
2827 999 2948 1054 ovis
2977 999 3151 1066 adsit,
3211 999 3312 1054 sed
3378 999 3601 1055 ferrum
3629 1000 3813 1068 absit,

2166 1088 2351 1142 satius
2381 1089 2492 1142 erit
2514 1105 2648 1143 eum
2671 1088 2865 1143 inedia
2895 1089 3137 1144 deiicere
3168 1103 3344 1158 quam
3402 1087 3608 1159 quovis
3646 1089 3816 1161 inge-

2165 1176 2260 1230 nio
2292 1193 2359 1230 ea
2391 1182 2640 1232 mactare
2661 1180 2716 1231 et
2735 1178 3034 1232 comedere
3054 1177 3081 1230 ‘2
3110 1179 3308 1248 Itaque
3329 1177 3814 1234 doctrinisvariis

2164 1269 2219 1317 et
2242 1265 2560 1336 peregrinis
2591 1263 2853 1320 nolentes
2885 1265 3132 1320 abduci:
3167 1288 3193 1316 «
3249 1264 3482 1320 Scimus
3531 1269 3590 1320 et
3625 1267 3810 1321 conﬂ-

2162 1352 2358 1408 dimus
2389 1354 2444 1406 in
2478 1353 2721 1409 Domino
2749 1355 2908 1420 Jesu,
2962 1353 3100 1425 quia
3157 1352 3302 1407 nihil
3361 1368 3674 1409 commune
3703 1370 3810 1426 per

2163 1441 2380 1512 ipsum,
2407 1441 2518 1496 nisi
2543 1443 2591 1496 ei
2612 1443 2711 1513 qui
2737 1443 3033 1497 existimat
3053 1441 3191 1513 quid
3217 1457 3528 1498 commune
3545 1459 3692 1510 esse,
3720 1441 3807 1496 illi

2162 1545 2473 1584 commune
2504 1533 2592 1584 est
2622 1532 2792 1599 (Rom.
2825 1547 2944 1597 xxv,
2971 1530 3086 1600 14),
3121 1552 3150 1578 ››
3180 1528 3336 1585 sicut
3390 1529 3601 1587 Paulus
3628 1529 3794 1585 dicit.

2161 1618 2378 1673 Deinde
2407 1618 2696 1688 optimum
2727 1623 2814 1674 est
2843 1618 3032 1690 gratia
3062 1618 3324 1674 stabilire
3352 1635 3472 1687 cor,
3495 1617 3804 1685 nonescis,

2162 1722 2288 1777 quae
2322 1723 2437 1760 non
2469 1707 2812 1777 profuerunt
2836 1706 3281 1762 ambulantibus
3309 1706 3369 1761 in
3397 1706 3506 1762 eis.
3539 1707 3649 1763 Sed
3673 1706 3804 1777 jam

2161 1794 2506 1850 insistemus
2541 1795 2804 1866 reliquis.

2229 1884 2366 1938 LXI.
2400 1883 3136 1940 CONSTANTINOPOLITANUS.
3180 1885 3406 1940 Etenim
3463 1883 3712 1940 Alleluia
3741 1883 3804 1939 in

2155 1972 2614 2042 Quadragesima
2645 1989 2758 2027 non
2791 1972 3060 2043 psallitis,
3095 1972 3196 2026 sed
3249 1971 3427 2026 semel
3487 1973 3544 2026 in
3565 1970 3808 2032 Pascha

2151 2060 2579 2122 tantummodo,
2602 2060 3453 2132 quodinterpretaturDomz'nus
3474 2059 3646 2125 venit,
3672 2060 3808 2113 lau-

2154 2148 2292 2216 date,
2328 2149 2594 2218 hymnum
2633 2148 2811 2214 diale,
2862 2152 2912 2201 et
2965 2146 3260 2200 bonedz'cite
3315 2161 3458 2200 cum.
3519 2146 3671 2218 Ergo
3703 2161 3808 2201 se-

2153 2237 2410 2291 cundum
2441 2237 2549 2291 hoc
2575 2251 2759 2306 neque
2789 2235 3048 2301 Laudato,
3084 2250 3274 2304 neque
3334 2233 3657 2288 Benedictus
3699 2235 3806 2304 qui

2154 2327 2318 2392 venit,
2352 2322 2618 2396 psallitis.
2654 2323 2716 2376 Et
2749 2323 2902 2378 istud
2933 2339 3066 2377 vero
3097 2321 3349 2377 Alleluia
3405 2320 3678 2378 hebraice
3706 2321 3798 2376 di-

2151 2419 2309 2469 ctum
2343 2417 2448 2468 est.

2223 2501 2388 2556 LVII.
2409 2501 2708 2554 nouimus.
2736 2499 2966 2554 Scimus
2989 2498 3235 2554 Alleluia
3251 2497 3521 2553 hebraice
3541 2496 3792 2563 dictum,

2150 2593 2204 2644 et
2262 2588 2439 2644 latine
2496 2587 2864 2657 interpretari
2922 2587 3156 2642 Laudate
3209 2588 3398 2652 Deum,
3446 2585 3560 2640 sed
3629 2587 3790 2657 quod

2149 2677 2344 2744 etiam,
2406 2679 2664 2732 Dominus
2715 2678 2880 2742 venit,
2944 2682 3065 2742 aut,
3127 2675 3451 2730 Benedictus
3487 2677 3593 2744 qui
3620 2677 3791 2740 venit,

2151 2768 2580 2837 interpretetur,
2615 2765 2930 2829 nescimus,
2966 2782 3069 2821 nec
3099 2765 3212 2820 nisi
3245 2781 3280 2819 a
3306 2764 3473 2820 vobis
3493 2763 3792 2819 hactenus

2151 2855 2502 2910 audivimus.
2540 2860 2711 2909 Porro
2745 2854 2937 2924 ipsum
2969 2853 3234 2919 Alleluia,
3279 2852 3432 2908 sicut
3465 2850 3791 2908 calumnia-

2152 2944 2319 3008 mini,
2357 2960 2467 2997 non
2501 2941 2870 2997 solummodo
2925 2943 2986 2997 in
3044 2942 3266 2998 Pascha
3324 2943 3655 3009 cantamus,
3689 2941 3796 2996 sed

2151 3032 2426 3086 omnibus
2455 3031 2638 3085 totius
2668 3030 2805 3084 anni
2853 3031 3238 3102 temporibus,
3299 3030 3794 3100 exceptis-novem

2151 3118 2616 3174 hebdomadibus
2647 3119 2862 3190 quibus
2877 3119 2934 3172 id
2950 3120 3333 3175 intermittere
3350 3135 3381 3172 a
3401 3116 3666 3188 patribus
3688 3132 3794 3171 no-

402 3209 740 3264 cedentibus
770 3214 826 3263 et
847 3209 1342 3280 subsequentibus
1362 3206 1554 3262 verbis
1576 3203 1737 3260 Pauli
1769 3202 2038 3272 intelligi-
2071 3191 2114 3257 C
2152 3204 3794 3280 strisaccepimus;scilicetquibusnegligentiasaliorum

400 3300 517 3365 tur,
545 3297 643 3352 ubi
674 3298 756 3353 sic
789 3303 1178 3369 protestatur:
1218 3321 1243 3346 ‹‹
1275 3295 1526 3367 Spiritus
1559 3293 1858 3347 manifeste
1900 3290 2042 3344 dicit

401 3386 540 3458 quia
568 3385 625 3440 in
661 3385 1380 3457 novissimistemporibus
1412 3382 1711 3436 discedent
1736 3379 1974 3451 quidam
2008 3396 2042 3432 a

399 3475 510 3529 {ide
562 3475 926 3531 attendentes
1003 3475 1312 3546 spiritibus
1376 3471 1590 3525 erroris
1650 3474 1707 3523 ct
1759 3467 2040 3522 doctrinis

400 3563 817 3619 daemoniorum
854 3565 912 3618 in
946 3562 1230 3635 hypocrisi
1256 3559 1619 3630 loquentium
1644 3556 2039 3623 mendacium,

398 3656 454 3706 et
483 3652 864 3707 cauteriatam
900 3650 1240 3705 habentium
1269 3646 1686 3712 conscentiam,
1725 3645 2040 3716 prohiben-

399 3740 545 3794 tium
579 3741 838 3805 nulbere,
873 3744 930 3793 et
955 3738 1248 3792 abstinere
1280 3753 1313 3790 a
1342 3735 1486 3790 cibis
1509 3752 1653 3805 quos
1701 3735 1854 3789 Deus
1887 3752 2042 3787 Cluti-

396 3827 480 3882 vit
506 3828 578 3883 ad
611 3828 1049 3900 percipiendum
1083 3843 1215 3880 cum
1247 3825 1568 3897 gratiarum
1601 3824 1825 3878 actione
1857 3820 2042 3875 fideli-

398 3917 509 3972 bus
538 3920 595 3972 et
652 3917 744 3973 his
791 3916 891 3988 qui
951 3919 1345 3988 cognoverunt
1400 3913 1722 3968 veritatem.
1757 3910 2043 3976 Quoniam

399 4005 589 4061 omnis
621 4009 886 4060 creatura
907 4004 1004 4059 Dei
1037 4006 1189 4059 bona
1216 4007 1325 4069 est,
1360 4006 1418 4057 et
1476 4001 1620 4056 nihil
1655 3999 2043 4071 rejiciendum

399 4094 554 4164 quod
568 4111 699 4149 cum
716 4094 1037 4165 gratiarum
1056 4093 1281 4148 actione
1296 4089 2046 4162 percipiturSanctiIicatur

399 4181 554 4237 enim
613 4199 714 4253 per
777 4183 1019 4236 verbum
1079 4181 1179 4235 Dei
1236 4185 1294 4234 et
1351 4179 1674 4234 orationem
1726 4179 1774 4247 (I
1804 4179 1933 4231 Tim.
1969 4193 2043 4240 ιν,

401 4271 533 4340 4-5).
573 4291 592 4318 ι
660 4270 806 4324 Ecce
859 4273 1059 4324 tantus
1119 4267 1456 4340 Apostolus,
1520 4273 1720 4338 raptus
1760 4282 1946 4336 usque
1976 4265 2045 4318 ad

401 4357 639 4411 tertium
670 4355 880 4410 ccelum
911 4361 970 4411 et
1000 4358 1058 4410 in
1090 4357 1284 4428 ipsum
1317 4356 1678 4428 paradisum,
1726 4353 2048 4425 proclamat

401 4445 597 4500 omnia
629 4445 848 4500 munda
881 4446 1138 4515 mundis,
1172 4452 1228 4502 et
1276 4446 1418 4500 nihil
1483 4445 1860 4513 rejicienrlum
1892 4443 2042 4513 quod

2148 3301 2479 3366 temporum
2513 3294 2732 3350 diluere
2764 3295 3043 3351 attentius
3075 3297 3378 3350 debemus.
3413 3294 3576 3349 Sicut
3617 3293 3795 3348 enim

2150 3384 2444 3455 quondam
2481 3383 2728 3454 populus
2761 3383 2819 3437 in
2849 3400 3064 3453 eremo,
3099 3389 3400 3455 peccatum
3451 3380 3794 3437 idololatria

2150 3473 2207 3526 in
2241 3473 2432 3543 seipse
2465 3471 2798 3543 puniturus,
2857 3477 2915 3528 et
2959 3473 3226 3528 Ninivitae
3282 3469 3692 3544 pmnitentiam
3731 3471 3794 3526 in

2151 3561 2555 3631 praedicatione
2583 3561 2740 3615 Jona:
2775 3561 2959 3616 acturi
2979 3578 3215 3617 omnem
3239 3563 3510 3615 ornatum
3530 3574 3710 3615 suum
3739 3562 3797 3614 et

2150 3649 2388 3704 delicias
2410 3651 2825 3721 deposuerunt,
2857 3655 2914 3705 et
2934 3666 3169 3706 saccum
3191 3653 3249 3706 et
3270 3650 3522 3705 cinerem
3545 3647 3660 3704 sibi
3682 3647 3794 3702 im-

2153 3742 2509 3810 posuerunt;
2545 3753 2648 3792 nec
2680 3742 2796 3793 tam
2831 3739 3152 3811 peregrinis
3183 3737 3375 3793 verbis
3393 3753 3462 3792 ac
3481 3733 3794 3808 exquisitis

2152 3845 2253 3882 seu
2276 3825 2595 3882 dulcisonis
2612 3826 2902 3893 melodiis,
2922 3828 3022 3882 sed
3044 3826 3294 3898 propriis
3319 3825 3799 3891 sermonibus,.et

2151 3915 2555 3987 incompositis
2579 3916 2698 3970 sive
2727 3916 2944 3971 amaris
2995 3915 3313 3986 ejulatibus
3371 3915 3443 3970 ad
3476 3912 3794 3969 Dominum

2153 4004 2549 4060 clamaverunt
2573 4020 2585 4071 ;
2617 4004 2700 4059 sic
2731 4009 2787 4059 et
2815 4003 3176 4060 venerabiles
3199 4008 3394 4075 patres
3415 4001 3797 4074 nostriagere

2154 4095 2595 4149 consueverunt.
2631 4091 2810 4159 Unde,
2844 4096 3186 4147 ornamenta
3213 4095 3271 4146 et
3299 4089 3543 4146 delicias
3593 4088 3796 4144 divitis

2153 4181 2366 4254 lingua:
2389 4185 2646 4252 tempore
2662 4181 3125 4253 Quadragesimzc
3147 4180 3526 4252 deponentes,
3543 4193 3796 4250 pauper-

2156 4271 2371 4325 rimum
2393 4269 2658 4323 habitum
2680 4273 2891 4326 nostrae
2913 4269 3127 4341 linguae
3150 4268 3318 4324 nobis
3338 4267 3702 4339 inponimus,
3719 4270 3796 4334 et,

2155 4358 2317 4414 stulti
2350 4357 2480 4412 facti
2512 4362 2748 4430 propter
2775 4357 3092 4425 Christum,
3127 4357 3271 4412 nihil
3305 4373 3413 4412 nos
3464 4355 3614 4412 seire
3645 4354 3800 4410 indi-

2157 4464 2379 4514 camus,
2396 4446 2505 4500 nisi
2520 4446 2714 4518 ipsum
2729 4446 3092 4501 crucifixum.
3112 4446 3292 4515 Cujus
3313 4444 3650 4501 districtum
3683 4459 3800 4516 pra:

403 4549 537 4588 cum
561 4532 884 4605 gratiarum
911 4535 1137 4590 actione
1159 4534 1498 4607 percipitur,
1527 4535 1666 4603 quia
1692 4532 2045 4621 perverbum
2081 4556 2128 4621 Ι)
2160 4535 2344 4592 oculis
2369 4535 2648 4590 habentes
2672 4535 2986 4604 judicium,
3017 4534 3294 4590 vinculati
3326 4538 3383 4590 et
3412 4533 3637 4606 gravati
3669 4547 3802 4604 pec-

406 4623 502 4677 Dei
565 4626 622 4677 et
651 4623 971 4679 orationem
1021 4625 1442 4679 sanctificatur.
1479 4623 1548 4676 Et
1578 4637 1677 4675 vos
1733 4620 1829 4692 qui
1887 4620 2048 4688 estis,

403 4712 526 4784 qui,
557 4712 920 4768 attendentes
954 4713 1258 4785 spiritibus
1289 4711 1503 4766 erroris
1534 4713 1590 4764 et
1619 4709 1900 4763 doctrinis
1931 4709 2044 4763 daa-

404 4800 758 4868 moniorum,
815 4801 872 4857 in
932 4802 1223 4874 hypocrisi
1283 4798 1588 4871 loquimini
1651 4797 2044 4863 mendacium,

403 4889 622 4962 scripta
653 4891 876 4946 Latinis
916 4891 1150 4962 pepulis
1207 4888 1570 4943 destinantes
1630 4891 1693 4941 ut
1714 4885 2048 4957 relinquant

406 4980 681 5035 mandata
712 4979 810 5034 Dei
837 4984 894 5033 et
925 4997 1050 5050 quae
1082 4978 1346 5050 graviora
1377 4981 1515 5031 sunt
1546 4975 1710 5047 legis,
1755 4974 2046 5046 judicium

406 5067 628 5125 scilicet
657 5071 713 5123 et
741 5067 1202 5124 misericordiam
1259 5071 1316 5122 et
1378 5066 1572 5131 fidem,
1632 5068 1688 5118 et
1728 5067 2050 5134 sequantur

406 5155 751 5213 traditiones
781 5162 838 5212 et
853 5156 1156 5230 opiniones
1177 5161 1423 5221 vestras,
1443 5153 1612 5224 quasi
1643 5152 1837 5208 nullos
1864 5168 2048 5223 usque

407 5262 563 5301 nunc
595 5245 906 5302 habuerint
931 5246 1338 5318 prmdicatores
1369 5260 1436 5298 ac
1471 5247 1684 5314 patres,
1718 5257 1783 5296 ac
1813 5255 2050 5296 necesse

407 5335 658 5390 habeant
692 5352 725 5390 a
755 5335 920 5392 vobis
951 5336 1145 5390 doceri
1177 5352 1306 5406 quas
1337 5332 1458 5389 sint
1487 5329 1775 5387 elementa
1829 5345 2050 5385 sermo-

409 5439 552 5480 num
584 5422 733 5479 Dei?

483 5511 596 5567 LV.
631 5503 849 5584 Nempe
879 5514 1030 5571 inter
1059 5514 1173 5571 alia
1200 5513 1438 5588 ignaros
1459 5508 1724 5567 omnium
1758 5508 2052 5564 conamini

410 5599 698 5658 instruere
727 5602 867 5673 quid
899 5608 955 5659 et
1007 5601 1261 5676 qualiter
1317 5603 1708 5676 praeparatum
1741 5599 2054 5660 comedent

2162 4624 2326 4692 catis,
2358 4628 2640 4694 tanquam
2672 4623 2882 4689 idiotis,
2913 4624 3004 4680 vix
3033 4624 3320 4714 audequ
3349 4623 3438 4677 vel
3498 4621 3558 4676 in
3601 4625 3804 4676 nostro

2155 4713 2430 4769 idiomate
2463 4711 2828 4783 interpellare
2849 4712 3054 4767 Deum.
3077 4713 3224 4767 Nam
3246 4707 3312 4766 ex
3333 4707 3807 4779 libro-Sapientis

2155 4802 2488 4868 didicimus,
2540 4801 2677 4872 quia
2709 4824 2734 4848 ‹‹
2769 4818 2883 4856 non
2913 4805 3004 4856 est
3035 4801 3299 4872 speciosa
3319 4799 3449 4854 laus
3469 4797 3524 4850 in
3547 4809 3648 4850 ore
3665 4809 3803 4865 peo-

2155 4889 2367 4944 catoris
2393 4889 2578 4957 (Eccli.
2613 4905 2702 4942 xv.
2736 4889 2812 4959 9).
2853 4912 2872 4937 ι
2910 4889 2978 4943 Et
3006 4892 3201 4943 tamen
3231 4893 3366 4941 tunc
3389 4880 3803 4955 jugiterhym-

2157 4995 2299 5032 num
2333 4977 2582 5032 dicimus
2614 4977 2880 5045 Domino,
2913 4981 3090 5048 atque
3150 4973 3463 5032 Benedictus
3511 4972 3610 5042 qui
3649 4973 3809 5030 venit

2157 5066 2485 5140 psallimus,
2519 5069 2576 5120 et
2605 5081 2838 5120 omnem
2857 5072 3184 5122 creaturam
3208 5066 3276 5120 ad
3299 5063 3540 5119 laudem,
3556 5061 3689 5132 ejus
3709 5060 3807 5116 die

2156 5159 2448 5226 noctuque
2495 5153 2834 5222 invitamus,
2894 5154 3156 5210 dicentes
3213 5151 3453 5208 Lauda“
3483 5151 3805 5216 Dominum,

2160 5245 2284 5310 sed,
2310 5248 2375 5298 ut
2404 5241 2799 5314 praediximus,
2834 5243 3022 5314 patria
3047 5259 3184 5298 voce
3204 5245 3460 5297 tantum.
3481 5243 3647 5295 Tunc
3670 5251 3809 5310 quo-

2161 5349 2274 5405 que
2296 5330 2477 5387 alium
2505 5329 2832 5402 angelicum
2846 5329 3620 5403 hymnumintermittimus,
3645 5327 3810 5386 idest

2169 5421 2355 5477 Gloria
2383 5420 2445 5474 in
2469 5420 2856 5479 excetsis‘Deo.
2893 5419 3150 5491 Denique
3177 5419 3238 5474 bi
3270 5420 3388 5475 duo
3431 5416 3804 5476 solummodo

2161 5509 2361 5584 hymni
2387 5510 2463 5565 ab
2495 5507 2716 5580 angelis
2745 5509 2810 5563 in
2837 5509 2991 5565 Novo
3022 5507 3812 5567 Testamentoalnveniuntur

2163 5598 2488 5662 decantatis
2521 5593 3019 5673 Allelut'aseilieet,
3046 5598 3308 5659 stataria
3320 5601 3382 5659 in
3416 5597 3661 5659 νιωοθδείε
3677 5600 3810 5656 Deo.
