3966 6212
146 364 262 458 alii)

1136 350 1552 458 AnvERSUs
1597 355 2046 457 GRECDRUM
2093 393 2574 458 CALUMNIAS.

151 517 307 606 Quos
329 493 547 600 pariter
568 522 626 581 in
649 523 1093 598 Septuagesima
1113 527 1558 584 intermittimus
1587 547 1599 596 ;
1634 527 1790 600 quia,
1824 527 1877 592 Α
1905 526 2075 584 Jesus
2096 527 2363 584 Christus
2395 525 2453 581 in
2483 525 2669 598 gloria
2686 527 2774 580 est
2802 524 2903 580 Dei
2926 523 3134 580 Patris.
3157 522 3289 594 Ipsa
3312 521 3550 594 quidem

154 620 391 692 peccato
421 613 628 672 veteris
649 613 908 671 hominis
929 633 962 671 a
983 621 1270 673 conventu
1297 616 1569 691 angelicae
1585 616 1801 688 jubila-

152 706 329 764 tionis
358 703 582 778 expulsi
612 704 673 759 in
703 704 885 775 hujus
909 705 1134 760 misera:
1158 707 1285 760 vitm
1319 707 1801 779 Babylonem,su-

151 814 255 868 per
283 793 529 850 flumina
557 794 685 866 ejus
717 794 992 850 sedemus
1016 797 1072 851 et
1103 796 1332 864 flemus,
1367 797 1507 851 dum
1539 796 1800 851 recorda-

150 873 282 940 mur
301 883 461 939 illius
478 883 615 940 Sion
638 882 698 938 in
721 882 1033 954 quaDeum
1061 883 1226 940 decet
1245 885 1521 956 hymnus,
1541 885 1798 942 dicentes

150 972 497 1031 adversariis
514 973 730 1048 nostris
766 991 778 1028 :
810 996 843 1042 τ‹‹
876 973 1175 1039 Quomodo
1207 973 1575 1030 cantabimus
1606 974 1794 1029 canti-

149 1081 286 1124 cum
320 1061 552 1144 Domini
583 1061 643 1142 in
674 1065 830 1118 terra
860 1061 1049 1118 aliena
1078 1061 1106 1117 ?
1141 1083 1164 1112 ι
1228 1063 1402 1133 (Psal.
1436 1079 1657 1130 cxxxvr,
1720 1062 1796 1133 4.)

149 1152 450 1225 Siquidem
471 1154 636 1207 vetus
657 1150 833 1206 homo
852 1155 1017 1208 vetus
1038 1155 1094 1207 et
1116 1168 1229 1206 non
1261 1168 1477 1207 novum
1503 1151 1794 1206 canticum

148 1246 383 1318 cantare,
407 1244 619 1314 potest,
654 1240 837 1296 donec
867 1244 1000 1312 post
1030 1240 1180 1297 hanc
1211 1240 1562 1298 laboriosam
1593 1239 1793 1306 vitam,

151 1349 274 1404 quae
298 1328 667 1404 signiﬁcatur
693 1346 795 1401 per
824 1329 1368 1402 Quadragesimam,
1402 1331 1709 1385 renovetur
1736 1329 1794 1383 in

153 1419 445 1493 agnitione
466 1418 794 1475 secundum
813 1416 1128 1490 imaginem
1144 1419 1273 1490 ejus
1287 1419 1385 1491 qui
1400 1418 1615 1474 creavit
1635 1435 1793 1486 eum,

157 1526 259 1582 per
287 1508 769 1578 resurrectionem
827 1507 968 1564 Jesu
1022 1507 1236 1564 Christi
1283 1524 1350 1563 ex
1381 1507 1646 1563 mortuis.
1683 1507 1794 1562 Nec

150 1602 343 1672 tamen
413 1598 674 1666 Sanctus,
725 1600 965 1664 sanctus,
1046 1604 1270 1652 sanctus
1336 1598 1596 1652 Dominus
1655 1597 1794 1652 Deus

153 1677 384 1741 Sabaoth
415 1684 475 1739 in
509 1682 972 1757 [Quadragesima
1026 1684 1492 1755 intermittimus,
1525 1685 1792 1757 quamvis

153 1774 231 1829 sit
259 1772 516 1845 hymnus
546 1769 843 1844 angelicus
872 1777 928 1828 et
984 1773 1042 1828 in
1075 1773 1230 1829 Novo
1286 1775 1660 1830 Testamento
1694 1774 1792 1830 de-

151 1865 445 1960 cantatus,
477 1860 575 1935 qui
607 1864 662 1915 et
717 1860 774 1916 in
803 1861 995 1918 Veteri
1029 1862 1193 1934 prius
1225 1862 1336 1917 fuit
1365 1862 1582 1930 dictus,
1615 1863 1790 1918 ﬁdem
1823 1895 1870 1960 B

148 1945 419 2018 videlicet
445 1951 756 2022 perfectam
789 1954 1023 2022 patrum
1045 1951 1346 2006 humiliter
1376 1951 1492 2008 Deo
1525 1952 1794 2021 offerens,

148 2040 378 2096 nullum
427 2029 620 2096 autem
679 2039 954 2096 meritum
986 2039 1150 2097 bones
1182 2040 1536 2112 Operationis
1588 2057 1791 2096 eorum

148 2127 438 2200 attollens.
471 2127 565 2183 Sic
593 2130 650 2183 et
680 2144 795 2184 non
827 2127 1062 2184 interim
1084 2127 1142 2183 in
1200 2129 1308 2185 hac
1350 2133 1560 2185 nostra:
1631 2145 1792 2202 pere—

149 2216 496 2292 grinationis
525 2217 1003 2290 Quadragesima,
1037 2217 1259 2274 sciente
1300 2233 1405 2274 nos
1458 2234 1561 2290 per
1618 2219 1794 2274 ﬁdem

150 2309 207 2364 et
239 2299 351 2376 non
381 2324 484 2380 per
513 2305 766 2380 speciem
798 2306 1120 2375 ambulare,
1155 2307 1254 2364 sed
1310 2306 1434 2363 sola
1483 2308 1596 2363 ﬁde
1638 2308 1792 2380 apud

150 2397 334 2464 Deum
359 2395 772 2470 praesumimus,
805 2395 1058 2468 supplici
1088 2396 1452 2452 confessione
1484 2395 1742 2453 dicentes
1775 2414 1788 2453 :

149 2479 398 2556 sanctus,
430 2489 672 2554 sanctus,
727 2489 951 2540 sanctus
983 2487 1242 2541 Dominus
1301 2487 1442 2541 Deus
1501 2485 1739 2542 Sabaoth
1771 2507 1790 2541 :

152 2575 270 2644 cui,
303 2576 371 2638 de
401 2575 677 2648 operibus
698 2573 1052 2643 difﬁdentes,
1077 2591 1209 2629 cum
1232 2573 1544 2630 Psalmista
1565 2575 1789 2646 procla-

150 2680 382 2732 mamus
417 2681 429 2720 :
466 2687 494 2715 «
526 2663 653 2721 Non
672 2663 855 2720 intres
887 2662 1254 2734 injudicium
1286 2679 1420 2719 cum
1441 2663 1622 2719 servis
1651 2663 1789 2732 tuis,

148 2753 289 2828 quia
318 2771 432 2812 non
456 2752 882 2826 justiﬁcabitur
917 2751 976 2808 in
1008 2756 1321 2825 conspectu
1349 2756 1448 2808 tuo
1481 2753 1672 2808 omnis
1703 2753 1789 2808 vi-

147 2860 288 2920 vens
317 2843 486 2914 (Psal.
520 2841 708 2914 CXLII).
739 2844 794 2896 2.
832 2863 860 2890 »

165 2997 168 3002 _
219 2931 408 2992 LVIII.
442 2931 603 2998 Quod
635 2933 830 2992 autem
887 2945 1095 2986 novem
1125 2929 1590 2987 hebdomadibus
1637 2951 1665 2979 ‹‹
1695 2930 1790 2986 ΑΙ-

146 3007 350 3098 Ιθιῄἰει,
381 3019 870 3087 ,ὶιιῐθτωίιιὶωιιε,
923 3035 1038 3076 non
1087 3019 1403 3092 incongrue
1452 3037 1555 3092 per
1585 3037 1792 3077 novem

149 3109 550 3168 hebdomadas
578 3126 781 3165 novem
800 3108 1033 3165 ordines
1065 3107 1407 3180 angelorum
1439 3109 1785 3182 accipimus.

140 3201 408 3264 Quorum
454 3197 711 3255 decimus
742 3198 905 3266 ordo,
937 3213 1040 3273 per
1094 3198 1431 3270 superbiam
1489 3215 1786 3269 corruens,

1909 633 2041 671 cum
2074 617 2311 672 Hebraea
2340 619 2395 671 ot
2452 615 2646 671 Graeca
2704 614 2944 671 titulum
3005 611 3263 669 cruciﬁxi
3318 611 3550 668 Domini

1908 705 2453 777 complevit,et,qua3
2485 708 2608 760 erat
2637 705 2974 770 novissima,
3008 704 3163 759 facta
3190 704 3281 758 est
3323 702 3549 772 prima:

1907 795 2056 850 ferro
2088 799 2143 850 et
2176 795 2288 850 ﬁde
2342 811 2526 866 usque
2581 795 2652 849 ad
2685 795 2999 850 adventum
3053 792 3191 848 mali
3253 790 3552 848 Antichri-

1906 883 1982 938 sti
2014 887 2070 940 et
2095 883 2331 956 benigni
2359 884 2498 939 Jesu
2531 883 2743 939 Christi
2771 884 3086 939 defendens
3119 881 3230 938 sibi
3256 884 3550 938 terrenam

1905 975 1960 1026 et
1982 972 2270 1028 caelestem
2302 976 2668 1044 potestatem.
2706 972 2870 1040 Hinc,
2896 973 3022 1042 jam
3074 971 3174 1026 diu
3235 969 3549 1028 calumniis

1904 1060 2109 1116 vestris
2140 1060 2428 1126 reluctati,
2460 1059 2706 1116 breviter
2751 1062 3112 1133 attingamus
3162 1059 3551 1117 intentionem

1904 1149 2080 1206 vestri
2114 1148 2348 1221 epilogi.

1979 1238 2114 1292 LIX.
2151 1237 2879 1294 CONSTANTINOPOLITANUS.
2943 1241 3058 1294 Cur
3098 1243 3322 1295 tantam
3383 1240 3548 1296 dece-

1904 1327 2163 1399 ptionem
2185 1325 2617 1382 horumtalium
2641 1344 2757 1382 non
2780 1327 3062 1398 aspicitis,
3079 1327 3548 1399 necintelligitis,

1902 1433 2090 1486 neque
2121 1414 2410 1487 corrigitis
2441 1414 2711 1486 populos,
2741 1415 2893 1470 sicut
2921 1414 3021 1486 qui
3054 1415 3341 1470 debentur
3376 1414 3545 1484 judi—

1904 1504 2020 1561 cari
2044 1523 2077 1560 a
2096 1503 2250 1560 Dco‘?
2272 1505 2396 1559 Non
2422 1503 2828 1575 derelinquitis
2851 1504 3006 1575 quod
3030 1503 3246 1558 dicitur
3266 1502 3546 1573 quoniam

1903 1594 2009 1650 hoc
2042 1595 2244 1649 Petrus
2293 1598 2348 1649 et
2377 1593 2725 1648 Benedictus
2774 1598 2827 1648 et
2878 1593 3092 1648 Paulus
3124 1597 3181 1648 et
3211 1591 3399 1648 caeteri
3448 1591 3550 1647 do-

1903 1688 2146 1739 cuerunt
2168 1684 2194 1737 ?
2226 1682 2502 1755 Decipitis
2547 1699 2647 1738 vos
2679 1682 2838 1754 ipsos
2869 1686 2925 1739 et
2985 1681 3270 1754 populum
3308 1681 3368 1737 in
3399 1680 3550 1737 istis.

1902 1774 2034 1838 Qua:
2065 1788 2196 1827 vero
2223 1770 2452 1842 scripsi,
2485 1788 2552 1826 ea
2582 1775 2722 1827 sunt
2766 1788 2893 1842 quae
2928 1772 3130 1827 Petrus
3162 1775 3218 1826 et
3250 1769 3464 1826 Paulus
3495 1771 3554 1826 et

1903 1862 2092 1919 caeteri
2125 1860 2372 1934 apostoli
2395 1863 2450 1916 et
2479 1860 2744 1917 Christus
2792 1860 3008 1930 docuit,
3041 1865 3097 1917 et
3145 1863 3348 1917 sancta
3379 1862 3553 1931 atque

1906 1951 2189 2008 catholica
2227 1948 2482 2006 Ecclesia
2527 1949 2788 2020 suscepit
2835 1952 2891 2005 et
2949 1949 3205 2006 custodit
3234 1947 3502 2020 religiose
3535 1964 3549 2014 ;

1907 2059 2033 2114 qua:
2065 2046 2122 2096 et
2146 2057 2246 2096 vos
2277 2037 2520 2094 correcti
2549 2038 2856 2094 custodite.

1976 2131 2085 2186 LX.
2121 2130 2426 2185 ROMANUS.
2461 2128 2621 2183 Sicut
2651 2127 3011 2184 sufﬁcienter
3051 2128 3418 2184 monstratur
3445 2143 3550 2182 su-

1903 2220 2123 2292 perius,
2154 2234 2428 2274 converso
2461 2216 2665 2272 ordine
2695 2220 2751 2271 et
2808 2233 2973 2273 versa
3003 2216 3124 2272 vice
3175 2216 3553 2288 procederent

1903 2309 2022 2364 haec
2053 2307 2287 2373 rectius,
2322 2305 2542 2361 scilicet
2568 2305 2618 2360 si
2648 2322 2748 2360 vos
2785 2306 3078 2374 seductos,
3131 2306 3466 2362 seductores
3496 2308 3553 2360 et

1903 2401 2128 2454 mature
2151 2395 2506 2470 judicandos
2537 2412 2570 2450 a
2599 2394 2844 2451 Domino
2877 2395 3227 2452 diceremus.
3261 2395 3407 2460 Quia
3453 2412 3549 2452 vo-

1902 2487 2086 2545 lentes
2116 2502 2244 2543 esse
2273 2486 2560 2551 doctores,
2614 2499 2720 2539 nec
2752 2483 3143 2557 intelligentes
3196 2501 3323 2556 quae
3359 2483 3550 2556 loqui-

1905 2576 2046 2632 mini
2081 2591 2267 2646 neque
2299 2575 2368 2628 de
2399 2573 2615 2644 quibus
2649 2572 2981 2642 afﬁrmatis,
3039 2577 3378 2630 sanctorum
3409 2589 3552 2646 apo-

1903 2665 2187 2722 stolorum
2209 2667 2264 2719 et
2297 2661 2720 2718 catholicorum
2744 2679 2951 2735 puram
2983 2664 3269 2720 doctrinm
3290 2663 3553 2720 humana

1902 2753 2354 2827 praesumptione
2411 2753 2794 2819 fermentatis,
2829 2753 3026 2810 omnio
3057 2754 3412 2826 decipientes
3447 2769 3550 2810 vos

1900 2848 1956 2900 et
1987 2843 2130 2900 alios
2161 2842 2220 2897 in
2253 2841 2401 2897 istis.
2435 2841 2568 2904 Quae
2600 2846 2796 2899 autem
2828 2860 2984 2899 nunc
3007 2843 3170 2900 vobis
3201 2843 3552 2916 scripsimus

1899 2931 2166 2990 Christus
2193 2929 2412 2996 docuit,
2447 2935 2503 2986 et
2530 2930 2777 3002 apostoli
2807 2931 3034 3004 ipsius;
3068 2948 3195 3004 quas
3257 2933 3330 2990 ab
3360 2932 3444 2988 eis
3492 2933 3552 2987 et

1899 3039 1932 3077 a
1960 3020 2178 3077 sanctis
2210 3019 2478 3075 Patribus
2506 3023 2709 3076 sancta
2765 3023 2821 3076 et
2869 3020 3154 3077 catholica
3210 3021 3540 3094 suscipiens

1900 3109 2152 3168 Ecclesia
2180 3107 2449 3180 religiose
2506 3109 2774 3166 observat
2811 3109 3136 3180 hactenus;
3172 3128 3299 3184 quae
3359 3114 3416 3168 et
3443 3126 3546 3167 vos

1902 3199 2140 3257 correcti
2190 3199 2509 3264 observate,
2540 3197 2588 3253 si
2644 3214 2759 3254 non
2814 3199 2991 3256 vultis
3049 3217 3083 3257 a
3128 3200 3359 3258 Christo
3411 3217 3549 3257 ana-

142 3286 478 3361 angelicum
509 3303 821 3343 numerum
851 3286 1172 3356 imminuit,
1203 3292 1260 3344 et
1290 3287 1625 3345 felicitatem
1657 3305 1790 3361 per-
1821 3265 1864 3334 C
1902 3291 2118 3357 thema,
2151 3304 2300 3344 esse.
2334 3287 2508 3342 Porro
2540 3286 2888 3344 Benedictus
2919 3290 3346 3347 monachorum
3379 3291 3549 3347 Pater

142 3377 423 3439 turbavit.
453 3377 560 3443 Qui
592 3375 965 3434 condolentes
992 3393 1109 3434 sum
1141 3377 1542 3446 diminutioni,
1595 3382 1653 3434 et
1684 3395 1790 3451 pa-

142 3484 274 3526 rem
303 3466 835 3534 ruinamtimentes
867 3464 1002 3532 sibi,
1037 3483 1070 3522 a
1091 3468 1346 3537 perfecta
1365 3467 1537 3524 laude
1567 3469 1792 3524 Creato-

135 3556 227 3628 ris
259 3556 419 3630 i'uere
447 3554 769 3626 praepediti.
794 3553 1050 3618 Quorum
1070 3556 1493 3628 recuperationi
1515 3561 1571 3612 et
1592 3573 1795 3614 conso-

129 3645 347 3712 lationi
377 3642 687 3698 consulens
719 3641 1090 3712 omnipotens
1138 3643 1373 3701 Creator
1402 3645 1659 3717 primum
1692 3646 1792 3702 ho-

132 3734 365 3806 minem
395 3731 468 3784 de
521 3728 662 3785 limo
695 3732 859 3784 terrre
917 3730 1209 3800 formavit,
1252 3733 1353 3803 qui
1412 3735 1504 3789 sui
1563 3734 1794 3806 generis

135 3817 636 3892 multiplicatione
667 3818 882 3873 damna
933 3816 1186 3876 cmlestis
1215 3821 1416 3891 patriae
1466 3823 1792 3892 resarciret,

144 3917 328 3983 atque
358 3906 702 3980 angelorum
733 3905 950 3979 gaudia
979 3906 1296 3980 suppleret.
1332 3911 1454 3975 Qua
1486 3927 1588 3981 spe
1618 3928 1794 3984 ange-

141 4002 305 4076 licus
328 3998 544 4056 chorus
574 3997 646 4053 ad
678 3996 976 4052 modicum
1036 3995 1412 4067 exhilaratus,
1476 4015 1581 4055 nec
1610 4016 1795 4067 mora,

141 4108 214 4147 ex
244 4089 416 4162 lapsu
446 4085 604 4159 ipius
636 4083 894 4141 hominis
925 4085 1014 4142 [iit
1059 4086 1460 4143 conturbatus.
1489 4087 1653 4145 Unde
1701 4088 1798 4146 ille

141 4194 354 4244 novem
381 4175 655 4232 ordinum
687 4177 1002 4250 concentus
1032 4174 1092 4229 in
1153 4173 1325 4231 laude
1367 4175 1652 4233 Creatoris
1709 4195 1799 4235 re-

140 4265 366 4324 mansit
395 4265 792 4342 imperfectus,
825 4265 1009 4321 donec
1049 4264 1111 4319 in
1169 4264 1398 4321 Christo
1458 4271 1800 4339 resurgente

143 4354 465 4412 resurrexit
481 4353 793 4427 prolapsus
813 4352 911 4410 ille
928 4353 1344 4427 protoplastus.
1371 4353 1454 4410 Ibi
1486 4361 1800 4428 augmento

144 4444 242 4501 sui
277 4443 504 4516 collegii
533 4447 591 4499 et
612 4441 839 4499 meliori
870 4461 973 4516 spe
1030 4443 1331 4515 angelicus
1384 4444 1668 4501 exercitus
1699 4461 1800 4518 ga-

1899 3378 2168 3452 egregius
2190 3377 2250 3432 in
2282 3374 2444 3431 nullo
2466 3392 2500 3430 a
2518 3375 2681 3433 vobis
2703 3380 2792 3431 est
2814 3376 3232 3449 detrahendus,
3251 3380 3391 3453 quia
3410 3380 3542 3448 ﬁde,

1898 3468 2163 3525 doctrina
2193 3469 2251 3520 et
2279 3465 2396 3520 vita
2423 3464 2772 3536 praecipuus,
2807 3481 2912 3521 nec
2937 3466 3010 3522 ad
3042 3467 3304 3524 dextram
3332 3483 3438 3524 nec
3471 3467 3544 3522 ad

1901 3557 2203 3614 sinistram
2225 3552 2538 3625 aliquando
2575 3551 2888 3609 declinavit
2909 3570 2943 3609 a
2963 3559 3120 3610 recta
3150 3555 3261 3623 via,
3294 3571 3400 3610 nec
3431 3557 3549 3609 ter-

1901 3647 2093 3703 minos
2123 3659 2269 3715 quos
2297 3643 2496 3698 Patres
2526 3644 2849 3713 posuerunt
2878 3645 2967 3697 est
2993 3645 3422 3716 transgressus,
3442 3657 3550 3698 nec

1901 3733 2242 3806 leopardum
2267 3730 2490 3786 curavit
2507 3731 2771 3798 deﬁnire,
2795 3729 2896 3786 sed
2919 3731 3182 3802 regulam
3203 3732 3556 3789 discretione

1903 3824 2136 3898 plenam
2168 3818 2474 3876 coenobitis
2495 3819 2742 3875 tradere.
2800 3819 2864 3874 In
2892 3836 3009 3891 qua
3039 3825 3096 3876 et
3141 3821 3191 3876 si
3250 3822 3556 3880 constituit

1904 3929 2072 3970 esum
2105 3909 2372 3966 carnium
2405 3908 2740 3977 inﬁrmis,et
2761 3907 3062 3966 femoralia
3080 3909 3141 3965 in
3174 3909 3383 3966 itinere
3404 3910 3558 3982 posi-

1904 4002 1981 4059 tis
2013 4001 2166 4056 absit
2225 4003 2419 4054 tamen
2479 4002 2542 4052 ut
2601 3998 2983 4054 arbitraretur
3027 3999 3147 4055 haec
3207 4001 3322 4056 duo
3353 4000 3555 4072 pejora

1906 4107 2034 4148 esse
2056 4087 2640 4158 fornicatione,quam
2663 4082 2907 4159 quidam
2922 4088 3263 4146 vestratium
3281 4090 3422 4146 adeo
3443 4089 3559 4145 sibi

1906 4178 2246 4244 defendunt,
2279 4181 2344 4232 ut
2372 4176 2602 4248 publice
2631 4178 2892 4249 proﬁteri
2924 4195 3029 4236 nec
3079 4181 3428 4237 erubescant
3454 4195 3561 4238 nec

1908 4271 2195 4337 metuant,
2226 4265 2342 4322 tale
2400 4283 2527 4322 esse
2584 4267 2876 4337 fornicari,
2936 4269 3108 4341 quale
3165 4274 3254 4327 est
3300 4269 3562 4344 quolibet

1910 4375 2082 4431 pomo
2115 4355 2265 4413 vesci
2299 4358 2355 4410 et
2386 4355 2542 4410 reﬁci
2569 4355 2580 4409 Ι
2616 4356 2779 4413 Unde
2808 4363 2866 4414 et
2894 4359 3248 4417 fornicantes
3294 4361 3563 4418 Sarabai-

1909 4453 1999 4504 tas
2028 4448 2423 4503 venerantur:
2463 4445 2840 4502 femoralibus
2893 4463 3026 4504 vero
3085 4453 3142 4506 et
3191 4450 3468 4507 carnibus
3499 4449 3560 4507 in

141 4533 333 4600 visus,
366 4531 426 4588 in
458 4548 674 4590 novum
711 4550 734 4579 ι
765 4530 1013 4604 Alleluia
1044 4555 1074 4583 »
1106 4534 1474 4590 consurrexit
1528 4537 1713 4604 totus,
1745 4538 1804 4590 et
1909 4537 2253 4594 necessitate
2284 4537 2513 4590 utentes
2544 4533 2862 4590 ccenobitas
2902 4537 3141 4593 omnino
3171 4539 3560 4596 detestantur.

143 4622 206 4678 in
243 4636 312 4684 eo
338 4623 562 4692 perstat
590 4620 852 4676 devotus.
905 4623 1089 4688 Quem
1145 4626 1202 4678 et
1253 4639 1358 4678 nos
1412 4639 1516 4695 pro
1563 4622 1802 4680 modulo
1833 4644 1880 4708 Β
1912 4627 2024 4685 Sed
2050 4625 2190 4699 quid
2223 4624 2364 4680 dicit
2385 4623 2682 4680 Proheta‘?
2712 4646 2741 4673 ‹‹
2781 4624 2870 4681 Vae
2902 4623 2995 4680 his
3055 4626 3155 4696 qui
3207 4626 3411 4683 dicunt
3449 4627 3553 4684 bo-

146 4711 354 4768 nostro
383 4708 704 4776 imitantes,
739 4710 1266 4784 aSeptuagesima,
1326 4713 1562 4784 quando
1602 4712 1806 4785 lapsus
1916 4733 2058 4773 num
2087 4713 2334 4785 malum,
2369 4717 2427 4769 et
2487 4711 2708 4767 malum
2765 4713 2983 4768 bonum
3045 4714 3195 4784 (Isaz'.
3253 4733 3307 4783 ν,
3365 4715 3494 4786 2Ο)ῐ
3531 4737 3559 4765 ››

144 4796 500 4870 prot0plasti
532 4797 594 4851 in
626 4795 883 4854 Ecclesia
900 4798 1195 4868 recitatur,
1229 4820 1250 4847 α
1274 4799 1522 4857 Alleluia
1543 4823 1571 4851 »
1606 4817 1811 4857 novem

143 4885 619 4944 hebdomadibus
641 4885 1340 4952 intermittimus,scilicet
1363 4889 1422 4945 in
1447 4889 1686 4962 pascha,
1709 4891 1810 4946 ubi

145 4967 422 5032 Christus
471 4991 788 5047 resurgens
817 4993 852 5032 a
905 4977 1154 5033 mortuis
1212 4978 1514 5035 tristitiam
1545 4985 1809 5036 nostram

146 5063 208 5120 in
235 5064 523 5138 gaudium
544 5062 734 5134 vertit,
751 5067 807 5120 et
829 5087 856 5114 ‹‹
879 5065 1134 5122 Alleluia
1155 5089 1183 5116 »
1195 5068 1406 5124 reddit.
1425 5067 1588 5133 Quod
1611 5068 1812 5140 utique

145 5155 355 5220 sinon
386 5153 703 5224 aliquando
726 5154 932 5210 Latina
952 5155 1210 5213 Ecclesia
1228 5158 1583 5229 decantaret,
1619 5179 1810 5234 repre-

145 5242 336 5312 hendi
360 5260 394 5296 a
419 5241 583 5297 vobis
607 5259 721 5296 non
743 5243 1000 5315 deberet,
1024 5261 1159 5300 cum
1185 5247 1380 5302 tamen
1401 5248 1458 5302 in
1483 5265 1593 5304 sua
1611 5249 1814 5322 lingua

141 5331 394 5405 laudem
437 5327 673 5386 Domini
719 5335 1078 5402 personaret.
1129 5331 1294 5389 Nunc
1351 5335 1428 5391 sit
1462 5335 1574 5392 ista
1621 5343 1812 5396 vestra

148 5417 443 5495 superbia
484 5415 793 5488 miramur,
846 5437 974 5492 quae
1003 5420 1178 5484 latrat
1210 5422 1446 5481 Latinos
1474 5441 1590 5480 non
1631 5429 1811 5499 perti-

149 5527 308 5569 nere.
327 5508 402 5566 ad
451 5509 658 5577 Deum,
690 5507 740 5563 si
770 5507 1048 5566 Hebraice
1078 5513 1181 5567 aut
1210 5509 1403 5568 Graece
1441 5529 1559 5570 non
1590 5517 1811 5587 persol-

149 5603 298 5679 vant
327 5601 384 5660 et
413 5596 703 5673 hymnum
735 5600 792 5655 et
830 5598 1111 5668 debitum
1141 5600 1423 5671 ofﬁcium,
1465 5618 1602 5660 cum
1634 5605 1810 5664 etiam

151 5689 370 5752 Latina
382 5687 588 5763 lingua
604 5686 1002 5763 principaliter
1017 5691 1365 5750 conﬁteatur
1378 5690 1518 5766 quia
1527 5691 1811 5758 Dominus

485 5817 749 5885 Parant.
796 5818 1055 5887 CXLIII.

1921 4805 2200 4877 Nunquid
2231 4821 2334 4859 vas
2355 4802 2658 4859 electionis
2680 4802 2886 4858 beatus
2909 4801 3209 4873 apostolus
3232 4803 3446 4858 Paulus
3460 4803 3566 4859 ali-

1919 4897 2052 4954 cubi
2083 4894 2286 4950 deﬁnit
2318 4909 2330 4947 :
2364 4892 2563 4964 Neque
2594 4891 2870 4947 carnibus
2898 4895 3000 4947 aut
3030 4891 3348 4948 femoribus
3393 4895 3568 4948 uten-

1918 4993 2028 5054 tes,
2065 5000 2310 5056 regnum
2340 4981 2440 5037 Dei
2463 4980 2848 5053 possidebunt
2869 4981 2896 5036 ?
2917 4981 3023 5044 Qui
3045 4984 3241 5037 tamen
3274 4980 3569 5054 plerisque

1918 5076 2062 5132 locis
2091 5073 2464 5130 vehementer
2494 5070 2991 5139 inculcat,dicens
3023 5087 3037 5126 :
3083 5091 3109 5124 α
3139 5069 3327 5130 Nolite
3344 5087 3566 5141 errare;

1920 5180 2107 5235 neque
2139 5159 2408 5227 adulteri,
2442 5175 2629 5230 neque
2661 5158 2886 5226 molles,
2950 5175 3138 5231 neque
3169 5157 3568 5215 masculorum

1919 5250 2323 5309 concubitores
2342 5264 2590 5320 regnum
2613 5247 2714 5303 Dei
2729 5249 3115 5320 possidebunt
3135 5248 3181 5321 (ι
3210 5248 3566 5320 σον.νι,20).»

1919 5341 2058 5396 item
2092 5357 2105 5394 :
2141 5363 2168 5389 «
2203 5337 2603 5394 Fornicatores
2653 5340 2710 5392 et
2741 5337 3037 5395 adulteros
3078 5337 3372 5410 judicabit
3419 5339 3572 5395 Deus

1918 5431 2101 5502 (Hebr.
2134 5445 2255 5496 xm,
2282 5427 2358 5497 lu).
2395 5448 2423 5475 ››
2456 5426 2558 5482 Et:
2582 5449 2610 5475 «
2645 5426 2828 5482 Omne
2860 5431 3164 5499 peccatum
3179 5429 3572 5502 quodcunque

1922 5518 2127 5576 fecerit
2156 5517 2352 5583 homo,
2383 5518 2547 5571 extra
2578 5531 2791 5587 corpus
2823 5520 2946 5573 est:
2972 5518 3073 5588 qui
3102 5523 3300 5576 autem
3330 5516 3575 5577 fornica-

1923 5613 2041 5678 tur,
2076 5609 2137 5665 in
2169 5623 2380 5680 corpus
2411 5622 2589 5663 suum
2619 5612 2818 5680 peccat
2847 5611 2897 5681 (Ι
2917 5612 3042 5668 (ἴον.
3073 5629 3150 5683 v1,
3180 5615 3259 5684 8).
3295 5638 3326 5666 »

1991 5697 2127 5758 LXI.
2161 5713 2894 5761 consrmrmoromrmus.
2928 5703 3178 5778 Azymas
3219 5721 3357 5764 vero
3388 5707 3447 5762 et
3472 5719 3572 5762 cu-

3177 5831 3251 5899 3i
