  <div class='ocr_page' id='page_1' title='image "/cluster/home/n/w/nwhite01/storage/ocr_20150623/143/uva.x000829790/509.png"; bbox 0 0 3966 6212; ppageno 0'>
   <div class='ocr_carea' id='block_1_1' title="bbox 440 333 549 393">
    <p class='ocr_par' dir='ltr' id='par_1_1' title="bbox 440 333 549 393">
     <span class='ocr_line' id='line_1_1' title="bbox 440 333 549 393; baseline 0.018 -2"><span class='ocrx_word' id='word_1_1' title='bbox 440 333 549 393; x_wconf 82' lang='grc'>971</span> 
     </span>
    </p>
   </div>
   <div class='ocr_carea' id='block_1_2' title="bbox 1119 334 3156 410">
    <p class='ocr_par' dir='ltr' id='par_1_2' title="bbox 1119 334 3156 410">
     <span class='ocr_line' id='line_1_2' title="bbox 1119 334 3156 410; baseline 0.004 -15"><span class='ocrx_word' id='word_1_2' title='bbox 1119 334 1600 399; x_wconf 76' lang='lat' dir='ltr'>HUMBERTUS</span> <span class='ocrx_word' id='word_1_3' title='bbox 1645 338 1708 398; x_wconf 92' lang='lat' dir='ltr'>S.</span> <span class='ocrx_word' id='word_1_4' title='bbox 1758 337 1830 399; x_wconf 82' lang='lat' dir='ltr'>R.</span> <span class='ocrx_word' id='word_1_5' title='bbox 1878 337 1949 399; x_wconf 90' lang='lat' dir='ltr'>E.</span> <span class='ocrx_word' id='word_1_6' title='bbox 1995 339 2490 404; x_wconf 82' lang='lat' dir='ltr'>CARDINALIS.</span> <span class='ocrx_word' id='word_1_7' title='bbox 2524 341 2779 407; x_wconf 89' lang='lat' dir='ltr'>—LlB.</span> <span class='ocrx_word' id='word_1_8' title='bbox 2822 342 3156 410; x_wconf 72' lang='lat' dir='ltr'>NICETE.</span> 
     </span>
    </p>
   </div>
   <div class='ocr_carea' id='block_1_3' title="bbox 3727 343 3852 411">
    <p class='ocr_par' dir='ltr' id='par_1_3' title="bbox 3727 343 3852 411">
     <span class='ocr_line' id='line_1_3' title="bbox 3727 343 3852 411; baseline 0 -5"><span class='ocrx_word' id='word_1_9' title='bbox 3727 343 3852 411; x_wconf 59' lang='lat'>912</span> 
     </span>
    </p>
   </div>
   <div class='ocr_carea' id='block_1_4' title="bbox 438 465 3849 549">
    <p class='ocr_par' dir='ltr' id='par_1_4' title="bbox 438 465 3849 549">
     <span class='ocr_line' id='line_1_4' title="bbox 438 465 3849 549; baseline 0.004 -28"><span class='ocrx_word' id='word_1_10' title='bbox 438 466 661 521; x_wconf 88' lang='lat' dir='ltr'>stodias</span> <span class='ocrx_word' id='word_1_11' title='bbox 692 465 1077 522; x_wconf 88' lang='lat' dir='ltr'>Sabbatorum</span> <span class='ocrx_word' id='word_1_12' title='bbox 1109 469 1374 539; x_wconf 88' lang='lat' dir='ltr'>projicite</span> <span class='ocrx_word' id='word_1_13' title='bbox 1406 470 1636 526; x_wconf 81' lang='lat' dir='ltr'>miseris</span> <span class='ocrx_word' id='word_1_14' title='bbox 1663 472 2076 528; x_wconf 71' lang='lat' dir='ltr'>Judzeis.Simi-</span> <span class='ocrx_word' id='word_1_15' title='bbox 2104 476 2160 541; x_wconf 80' lang='grc' dir='ltr'><strong>Α</strong></span> <span class='ocrx_word' id='word_1_16' title='bbox 2189 476 2363 530; x_wconf 91' lang='lat' dir='ltr'>corda</span> <span class='ocrx_word' id='word_1_17' title='bbox 2395 476 2793 533; x_wconf 84' lang='lat' dir='ltr'>innocentum.</span> <span class='ocrx_word' id='word_1_18' title='bbox 2831 479 2969 533; x_wconf 89' lang='lat' dir='ltr'>Ecce</span> <span class='ocrx_word' id='word_1_19' title='bbox 3001 478 3094 533; x_wconf 91' lang='lat' dir='ltr'>his</span> <span class='ocrx_word' id='word_1_20' title='bbox 3120 475 3451 549; x_wconf 83' lang='lat' dir='ltr'>specialiter</span> <span class='ocrx_word' id='word_1_21' title='bbox 3478 475 3849 533; x_wconf 85' lang='lat' dir='ltr'>Tranensem</span> 
     </span>
    </p>
   </div>
   <div class='ocr_carea' id='block_1_5' title="bbox 440 555 2082 633">
    <p class='ocr_par' dir='ltr' id='par_1_5' title="bbox 440 555 2082 633">
     <span class='ocr_line' id='line_1_5' title="bbox 440 555 2082 633; baseline 0.005 -25"><span class='ocrx_word' id='word_1_22' title='bbox 440 555 577 611; x_wconf 84' lang='lat' dir='ltr'>liter</span> <span class='ocrx_word' id='word_1_23' title='bbox 605 558 662 610; x_wconf 92' lang='lat' dir='ltr'>et</span> <span class='ocrx_word' id='word_1_24' title='bbox 690 556 974 611; x_wconf 80' lang='lat' dir='ltr'>suffocata</span> <span class='ocrx_word' id='word_1_25' title='bbox 1003 556 1270 623; x_wconf 82' lang='lat' dir='ltr'>barbaris</span> <span class='ocrx_word' id='word_1_26' title='bbox 1302 560 1669 631; x_wconf 86' lang='lat' dir='ltr'>gentibus,ut</span> <span class='ocrx_word' id='word_1_27' title='bbox 1712 561 1924 617; x_wconf 85' lang='lat' dir='ltr'>fiamus</span> <span class='ocrx_word' id='word_1_28' title='bbox 1951 562 2082 633; x_wconf 92' lang='lat' dir='ltr'>puri</span> 
     </span>
    </p>
   </div>
   <div class='ocr_carea' id='block_1_6' title="bbox 440 643 2085 722">
    <p class='ocr_par' dir='ltr' id='par_1_6' title="bbox 440 643 2085 722">
     <span class='ocr_line' id='line_1_6' title="bbox 440 643 2085 722; baseline 0.004 -24"><span class='ocrx_word' id='word_1_29' title='bbox 440 659 644 699; x_wconf 89' lang='lat' dir='ltr'>omnes</span> <span class='ocrx_word' id='word_1_30' title='bbox 673 643 733 699; x_wconf 92' lang='lat' dir='ltr'>in</span> <span class='ocrx_word' id='word_1_31' title='bbox 764 644 1152 700; x_wconf 88' lang='lat' dir='ltr'>immaculuta</span> <span class='ocrx_word' id='word_1_32' title='bbox 1179 652 1237 700; x_wconf 92' lang='lat' dir='ltr'>et</span> <span class='ocrx_word' id='word_1_33' title='bbox 1269 646 1327 701; x_wconf 91' lang='lat' dir='ltr'>in</span> <span class='ocrx_word' id='word_1_34' title='bbox 1352 652 1506 702; x_wconf 91' lang='lat' dir='ltr'>recta</span> <span class='ocrx_word' id='word_1_35' title='bbox 1536 650 1669 717; x_wconf 87' lang='lat' dir='ltr'>tide,</span> <span class='ocrx_word' id='word_1_36' title='bbox 1688 653 1742 703; x_wconf 88' lang='lat' dir='ltr'>et</span> <span class='ocrx_word' id='word_1_37' title='bbox 1774 668 1926 707; x_wconf 88' lang='lat' dir='ltr'>unus</span> <span class='ocrx_word' id='word_1_38' title='bbox 1947 668 2085 722; x_wconf 79' lang='lat' dir='ltr'>grex</span> 
     </span>
    </p>
   </div>
   <div class='ocr_carea' id='block_1_7' title="bbox 441 733 2084 806">
    <p class='ocr_par' dir='ltr' id='par_1_7' title="bbox 441 733 2084 806">
     <span class='ocr_line' id='line_1_7' title="bbox 441 733 2084 806; baseline 0.004 -19"><span class='ocrx_word' id='word_1_39' title='bbox 441 733 618 789; x_wconf 92' lang='lat' dir='ltr'>unius</span> <span class='ocrx_word' id='word_1_40' title='bbox 648 734 900 806; x_wconf 83' lang='lat' dir='ltr'>pastoris</span> <span class='ocrx_word' id='word_1_41' title='bbox 930 734 1164 791; x_wconf 91' lang='lat' dir='ltr'>Christi.</span> <span class='ocrx_word' id='word_1_42' title='bbox 1200 736 1380 806; x_wconf 86' lang='lat' dir='ltr'>Cujus</span> <span class='ocrx_word' id='word_1_43' title='bbox 1409 737 1468 791; x_wconf 90' lang='lat' dir='ltr'>in</span> <span class='ocrx_word' id='word_1_44' title='bbox 1502 754 1673 793; x_wconf 84' lang='lat' dir='ltr'>cruce</span> <span class='ocrx_word' id='word_1_45' title='bbox 1713 739 1909 794; x_wconf 83' lang='lat' dir='ltr'>divino</span> <span class='ocrx_word' id='word_1_46' title='bbox 1942 757 2084 795; x_wconf 92' lang='lat' dir='ltr'>san-</span> 
     </span>
    </p>
   </div>
   <div class='ocr_carea' id='block_1_8' title="bbox 439 821 2085 897">
    <p class='ocr_par' dir='ltr' id='par_1_8' title="bbox 439 821 2085 897">
     <span class='ocr_line' id='line_1_8' title="bbox 439 821 2085 897; baseline 0.003 -21"><span class='ocrx_word' id='word_1_47' title='bbox 439 821 618 894; x_wconf 87' lang='lat' dir='ltr'>guine</span> <span class='ocrx_word' id='word_1_48' title='bbox 647 822 939 891; x_wconf 90' lang='lat' dir='ltr'>inebriati,</span> <span class='ocrx_word' id='word_1_49' title='bbox 972 823 1283 879; x_wconf 81' lang='lat' dir='ltr'>laudamus</span> <span class='ocrx_word' id='word_1_50' title='bbox 1315 825 1444 897; x_wconf 90' lang='lat' dir='ltr'>puri</span> <span class='ocrx_word' id='word_1_51' title='bbox 1479 842 1621 896; x_wconf 91' lang='lat' dir='ltr'>pure</span> <span class='ocrx_word' id='word_1_52' title='bbox 1652 827 1874 883; x_wconf 89' lang='lat' dir='ltr'>Petrem</span> <span class='ocrx_word' id='word_1_53' title='bbox 1910 833 1967 883; x_wconf 93' lang='lat' dir='ltr'>et</span> <span class='ocrx_word' id='word_1_54' title='bbox 1998 828 2085 882; x_wconf 84' lang='lat' dir='ltr'>Fi-</span> 
     </span>
    </p>
   </div>
   <div class='ocr_carea' id='block_1_9' title="bbox 443 910 2085 988">
    <p class='ocr_par' dir='ltr' id='par_1_9' title="bbox 443 910 2085 988">
     <span class='ocr_line' id='line_1_9' title="bbox 443 910 2085 988; baseline 0.004 -23"><span class='ocrx_word' id='word_1_55' title='bbox 443 910 587 965; x_wconf 91' lang='lat' dir='ltr'>lium</span> <span class='ocrx_word' id='word_1_56' title='bbox 619 915 675 966; x_wconf 89' lang='lat' dir='ltr'>et</span> <span class='ocrx_word' id='word_1_57' title='bbox 698 910 983 983; x_wconf 79' lang='lat' dir='ltr'><strong>Spiritum</strong></span> <span class='ocrx_word' id='word_1_58' title='bbox 1002 917 1271 969; x_wconf 90' lang='lat' dir='ltr'>sanctum</span> <span class='ocrx_word' id='word_1_59' title='bbox 1308 931 1321 968; x_wconf 85' lang='lat' dir='ltr'><em>z</em></span> <span class='ocrx_word' id='word_1_60' title='bbox 1355 914 1627 970; x_wconf 88' lang='lat' dir='ltr'>universa</span> <span class='ocrx_word' id='word_1_61' title='bbox 1646 915 1908 971; x_wconf 75' lang='lat' dir='ltr'>Mosaicae</span> <span class='ocrx_word' id='word_1_62' title='bbox 1940 915 2085 988; x_wconf 80' lang='lat' dir='ltr'>legis</span> 
     </span>
    </p>
   </div>
   <div class='ocr_carea' id='block_1_10' title="bbox 440 999 2081 1071">
    <p class='ocr_par' dir='ltr' id='par_1_10' title="bbox 440 999 2081 1071">
     <span class='ocr_line' id='line_1_10' title="bbox 440 999 2081 1071; baseline 0.003 -18"><span class='ocrx_word' id='word_1_63' title='bbox 440 1003 497 1054; x_wconf 88' lang='lat' dir='ltr'>et</span> <span class='ocrx_word' id='word_1_64' title='bbox 526 999 599 1054; x_wconf 90' lang='lat' dir='ltr'>ab</span> <span class='ocrx_word' id='word_1_65' title='bbox 624 1015 691 1055; x_wconf 92' lang='lat' dir='ltr'>eo</span> <span class='ocrx_word' id='word_1_66' title='bbox 721 1002 1012 1056; x_wconf 86' lang='lat' dir='ltr'>custodita</span> <span class='ocrx_word' id='word_1_67' title='bbox 1041 1000 1511 1071; x_wconf 87' lang='lat' dir='ltr'>derelinquentcs</span> <span class='ocrx_word' id='word_1_68' title='bbox 1536 1003 1663 1058; x_wconf 87' lang='lat' dir='ltr'>sine</span> <span class='ocrx_word' id='word_1_69' title='bbox 1694 1004 1809 1058; x_wconf 84' lang='lat' dir='ltr'>Deo</span> <span class='ocrx_word' id='word_1_70' title='bbox 1840 1004 2081 1059; x_wconf 75' lang='lat' dir='ltr'>Judaeis.</span> 
     </span>
    </p>
   </div>
   <div class='ocr_carea' id='block_1_11' title="bbox 442 1088 2083 1159">
    <p class='ocr_par' dir='ltr' id='par_1_11' title="bbox 442 1088 2083 1159">
     <span class='ocr_line' id='line_1_11' title="bbox 442 1088 2083 1159; baseline 0.002 -17"><span class='ocrx_word' id='word_1_71' title='bbox 442 1088 549 1151; x_wconf 89' lang='lat' dir='ltr'>Qui</span> <span class='ocrx_word' id='word_1_72' title='bbox 578 1088 739 1143; x_wconf 90' lang='lat' dir='ltr'>velut</span> <span class='ocrx_word' id='word_1_73' title='bbox 768 1089 899 1143; x_wconf 67' lang='lat' dir='ltr'>caeci</span> <span class='ocrx_word' id='word_1_74' title='bbox 933 1088 1333 1159; x_wconf 86' lang='lat' dir='ltr'>perquirentes</span> <span class='ocrx_word' id='word_1_75' title='bbox 1357 1090 1675 1157; x_wconf 83' lang='lat' dir='ltr'>Christum,</span> <span class='ocrx_word' id='word_1_76' title='bbox 1710 1091 1906 1147; x_wconf 90' lang='lat' dir='ltr'>lumen</span> <span class='ocrx_word' id='word_1_77' title='bbox 1939 1092 2083 1147; x_wconf 88' lang='lat' dir='ltr'>ami-</span> 
     </span>
    </p>
   </div>
   <div class='ocr_carea' id='block_1_12' title="bbox 443 1177 2086 1251">
    <p class='ocr_par' dir='ltr' id='par_1_12' title="bbox 443 1177 2086 1251">
     <span class='ocr_line' id='line_1_12' title="bbox 443 1177 2086 1251; baseline 0.002 -20"><span class='ocrx_word' id='word_1_78' title='bbox 443 1180 666 1241; x_wconf 90' lang='lat' dir='ltr'>serunt,</span> <span class='ocrx_word' id='word_1_79' title='bbox 699 1182 1103 1247; x_wconf 90' lang='lat' dir='ltr'>permanentes</span> <span class='ocrx_word' id='word_1_80' title='bbox 1164 1177 1222 1231; x_wconf 92' lang='lat' dir='ltr'>in</span> <span class='ocrx_word' id='word_1_81' title='bbox 1282 1178 1492 1234; x_wconf 92' lang='lat' dir='ltr'>umbra</span> <span class='ocrx_word' id='word_1_82' title='bbox 1549 1180 1702 1234; x_wconf 84' lang='lat' dir='ltr'>sicut</span> <span class='ocrx_word' id='word_1_83' title='bbox 1740 1180 2086 1251; x_wconf 86' lang='lat' dir='ltr'>insipientes</span> 
     </span>
    </p>
   </div>
   <div class='ocr_carea' id='block_1_13' title="bbox 444 1270 1733 1336">
    <p class='ocr_par' dir='ltr' id='par_1_13' title="bbox 444 1270 1733 1336">
     <span class='ocr_line' id='line_1_13' title="bbox 444 1270 1733 1336; baseline 0 -16"><span class='ocrx_word' id='word_1_84' title='bbox 444 1271 744 1336; x_wconf 89' lang='lat' dir='ltr'>perpetuo.</span> <span class='ocrx_word' id='word_1_85' title='bbox 1725 1270 1733 1279; x_wconf 88' lang='lat'><em>‘</em></span> 
     </span>
    </p>
   </div>
   <div class='ocr_carea' id='block_1_14' title="bbox 516 1352 2083 1429">
    <p class='ocr_par' dir='ltr' id='par_1_14' title="bbox 516 1352 2083 1429">
     <span class='ocr_line' id='line_1_14' title="bbox 516 1352 2083 1429; baseline 0.003 -22"><span class='ocrx_word' id='word_1_86' title='bbox 516 1352 677 1407; x_wconf 85' lang='lat' dir='ltr'>LXII.</span> <span class='ocrx_word' id='word_1_87' title='bbox 714 1354 1315 1426; x_wconf 54' lang='lat' dir='ltr'>Romanusﬁuperius</span> <span class='ocrx_word' id='word_1_88' title='bbox 1338 1357 1797 1412; x_wconf 84' lang='lat' dir='ltr'>monstravimus</span> <span class='ocrx_word' id='word_1_89' title='bbox 1829 1357 2083 1429; x_wconf 87' lang='lat' dir='ltr'>copiose,</span> 
     </span>
    </p>
   </div>
   <div class='ocr_carea' id='block_1_15' title="bbox 447 1441 2085 1515">
    <p class='ocr_par' dir='ltr' id='par_1_15' title="bbox 447 1441 2085 1515">
     <span class='ocr_line' id='line_1_15' title="bbox 447 1441 2085 1515; baseline 0.002 -19"><span class='ocrx_word' id='word_1_90' title='bbox 447 1457 552 1496; x_wconf 87' lang='lat' dir='ltr'>nec</span> <span class='ocrx_word' id='word_1_91' title='bbox 582 1441 840 1497; x_wconf 90' lang='lat' dir='ltr'>Sabbata</span> <span class='ocrx_word' id='word_1_92' title='bbox 868 1442 956 1496; x_wconf 86' lang='lat' dir='ltr'>vel</span> <span class='ocrx_word' id='word_1_93' title='bbox 989 1459 1189 1514; x_wconf 83' lang='lat' dir='ltr'>azyma</span> <span class='ocrx_word' id='word_1_94' title='bbox 1220 1461 1326 1499; x_wconf 90' lang='lat' dir='ltr'>nos</span> <span class='ocrx_word' id='word_1_95' title='bbox 1356 1446 1591 1515; x_wconf 87' lang='lat' dir='ltr'>judaice</span> <span class='ocrx_word' id='word_1_96' title='bbox 1624 1447 1947 1511; x_wconf 91' lang='lat' dir='ltr'>observare,</span> <span class='ocrx_word' id='word_1_97' title='bbox 1982 1462 2085 1499; x_wconf 91' lang='lat' dir='ltr'>nec</span> 
     </span>
    </p>
   </div>
   <div class='ocr_carea' id='block_1_16' title="bbox 445 1529 2085 1606">
    <p class='ocr_par' dir='ltr' id='par_1_16' title="bbox 445 1529 2085 1606">
     <span class='ocr_line' id='line_1_16' title="bbox 445 1529 2085 1606; baseline 0.002 -23"><span class='ocrx_word' id='word_1_98' title='bbox 445 1529 727 1584; x_wconf 85' lang='lat' dir='ltr'>sutfocata</span> <span class='ocrx_word' id='word_1_99' title='bbox 773 1530 1064 1602; x_wconf 90' lang='lat' dir='ltr'>gentiliter</span> <span class='ocrx_word' id='word_1_100' title='bbox 1119 1534 1492 1597; x_wconf 90' lang='lat' dir='ltr'>manducare,</span> <span class='ocrx_word' id='word_1_101' title='bbox 1555 1535 1656 1589; x_wconf 90' lang='lat' dir='ltr'>sed</span> <span class='ocrx_word' id='word_1_102' title='bbox 1704 1535 2085 1606; x_wconf 79' lang='lat' dir='ltr'>apostolicam</span> 
     </span>
    </p>
   </div>
   <div class='ocr_carea' id='block_1_17' title="bbox 445 1616 2085 1694">
    <p class='ocr_par' dir='ltr' id='par_1_17' title="bbox 445 1616 2085 1694">
     <span class='ocr_line' id='line_1_17' title="bbox 445 1616 2085 1694; baseline 0.002 -22"><span class='ocrx_word' id='word_1_103' title='bbox 445 1616 908 1689; x_wconf 90' lang='lat' dir='ltr'>catholicamque</span> <span class='ocrx_word' id='word_1_104' title='bbox 974 1620 1148 1675; x_wconf 84' lang='lat' dir='ltr'>ﬁdem</span> <span class='ocrx_word' id='word_1_105' title='bbox 1208 1622 1605 1694; x_wconf 87' lang='lat' dir='ltr'>principaliter</span> <span class='ocrx_word' id='word_1_106' title='bbox 1652 1623 1918 1688; x_wconf 90' lang='lat' dir='ltr'>retinere,</span> <span class='ocrx_word' id='word_1_107' title='bbox 1981 1638 2085 1676; x_wconf 93' lang='lat' dir='ltr'>nec</span> 
     </span>
    </p>
   </div>
   <div class='ocr_carea' id='block_1_18' title="bbox 447 1703 2084 1782">
    <p class='ocr_par' dir='ltr' id='par_1_18' title="bbox 447 1703 2084 1782">
     <span class='ocr_line' id='line_1_18' title="bbox 447 1703 2084 1782; baseline 0.003 -23"><span class='ocrx_word' id='word_1_108' title='bbox 447 1703 767 1776; x_wconf 89' lang='lat' dir='ltr'>procaciter</span> <span class='ocrx_word' id='word_1_109' title='bbox 797 1708 1060 1779; x_wconf 86' lang='lat' dir='ltr'>refugere</span> <span class='ocrx_word' id='word_1_110' title='bbox 1090 1711 1189 1764; x_wconf 93' lang='lat' dir='ltr'>sed</span> <span class='ocrx_word' id='word_1_111' title='bbox 1239 1710 1544 1766; x_wconf 86' lang='lat' dir='ltr'>humiliter</span> <span class='ocrx_word' id='word_1_112' title='bbox 1574 1712 1770 1782; x_wconf 82' lang='lat' dir='ltr'>fugere</span> <span class='ocrx_word' id='word_1_113' title='bbox 1797 1711 1867 1764; x_wconf 89' lang='lat' dir='ltr'>ad</span> <span class='ocrx_word' id='word_1_114' title='bbox 1902 1726 2084 1765; x_wconf 92' lang='lat' dir='ltr'>unum</span> 
     </span>
    </p>
   </div>
   <div class='ocr_carea' id='block_1_19' title="bbox 445 1795 2086 1871">
    <p class='ocr_par' dir='ltr' id='par_1_19' title="bbox 445 1795 2086 1871">
     <span class='ocr_line' id='line_1_19' title="bbox 445 1795 2086 1871; baseline 0.002 -22"><span class='ocrx_word' id='word_1_115' title='bbox 445 1795 624 1850; x_wconf 90' lang='lat' dir='ltr'>unius</span> <span class='ocrx_word' id='word_1_116' title='bbox 655 1795 872 1851; x_wconf 92' lang='lat' dir='ltr'>summi</span> <span class='ocrx_word' id='word_1_117' title='bbox 904 1797 1041 1851; x_wconf 90' lang='lat' dir='ltr'>boni</span> <span class='ocrx_word' id='word_1_118' title='bbox 1074 1798 1326 1854; x_wconf 90' lang='lat' dir='ltr'>Pastoris</span> <span class='ocrx_word' id='word_1_119' title='bbox 1358 1799 1524 1865; x_wconf 90' lang='lat' dir='ltr'>ovile,</span> <span class='ocrx_word' id='word_1_120' title='bbox 1559 1800 1657 1870; x_wconf 88' lang='lat' dir='ltr'>qui</span> <span class='ocrx_word' id='word_1_121' title='bbox 1716 1799 1910 1871; x_wconf 85' lang='lat' dir='ltr'>posuit</span> <span class='ocrx_word' id='word_1_122' title='bbox 1957 1798 2086 1853; x_wconf 91' lang='lat' dir='ltr'>ani-</span> 
     </span>
    </p>
   </div>
   <div class='ocr_carea' id='block_1_20' title="bbox 446 1886 2087 1957">
    <p class='ocr_par' dir='ltr' id='par_1_20' title="bbox 446 1886 2087 1957">
     <span class='ocr_line' id='line_1_20' title="bbox 446 1886 2087 1957; baseline 0.002 -19"><span class='ocrx_word' id='word_1_123' title='bbox 446 1900 605 1939; x_wconf 89' lang='lat' dir='ltr'>mam</span> <span class='ocrx_word' id='word_1_124' title='bbox 635 1900 804 1939; x_wconf 92' lang='lat' dir='ltr'>suam</span> <span class='ocrx_word' id='word_1_125' title='bbox 831 1901 934 1956; x_wconf 90' lang='lat' dir='ltr'>pro</span> <span class='ocrx_word' id='word_1_126' title='bbox 966 1886 1169 1940; x_wconf 90' lang='lat' dir='ltr'>ovibus</span> <span class='ocrx_word' id='word_1_127' title='bbox 1204 1887 1525 1957; x_wconf 77' lang='lat' dir='ltr'>suiszquas</span> <span class='ocrx_word' id='word_1_128' title='bbox 1544 1903 1739 1942; x_wconf 90' lang='lat' dir='ltr'>vocem</span> <span class='ocrx_word' id='word_1_129' title='bbox 1774 1903 2087 1953; x_wconf 87' lang='lat' dir='ltr'>suam,non</span> 
     </span>
    </p>
   </div>
   <div class='ocr_carea' id='block_1_21' title="bbox 445 1971 2091 2046">
    <p class='ocr_par' dir='ltr' id='par_1_21' title="bbox 445 1971 2091 2046">
     <span class='ocr_line' id='line_1_21' title="bbox 445 1971 2091 2046; baseline 0.002 -20"><span class='ocrx_word' id='word_1_130' title='bbox 445 1971 793 2043; x_wconf 90' lang='lat' dir='ltr'>alienorum,</span> <span class='ocrx_word' id='word_1_131' title='bbox 826 1979 1305 2045; x_wconf 84' lang='lat' dir='ltr'>recognoscentes</span> <span class='ocrx_word' id='word_1_132' title='bbox 1336 1980 1391 2030; x_wconf 90' lang='lat' dir='ltr'>et</span> <span class='ocrx_word' id='word_1_133' title='bbox 1420 1980 1731 2046; x_wconf 88' lang='lat' dir='ltr'>sequentes</span> <span class='ocrx_word' id='word_1_134' title='bbox 1763 1992 1934 2030; x_wconf 88' lang='lat' dir='ltr'>carne</span> <span class='ocrx_word' id='word_1_135' title='bbox 1983 1992 2091 2031; x_wconf 93' lang='lat' dir='ltr'>sua</span> 
     </span>
    </p>
   </div>
   <div class='ocr_carea' id='block_1_22' title="bbox 443 2060 2089 2136">
    <p class='ocr_par' dir='ltr' id='par_1_22' title="bbox 443 2060 2089 2136">
     <span class='ocr_line' id='line_1_22' title="bbox 443 2060 2089 2136; baseline 0.003 -23"><span class='ocrx_word' id='word_1_136' title='bbox 443 2060 732 2116; x_wconf 84' lang='lat' dir='ltr'>instanter</span> <span class='ocrx_word' id='word_1_137' title='bbox 761 2061 917 2116; x_wconf 88' lang='lat' dir='ltr'>cibat</span> <span class='ocrx_word' id='word_1_138' title='bbox 948 2066 1005 2116; x_wconf 92' lang='lat' dir='ltr'>et</span> <span class='ocrx_word' id='word_1_139' title='bbox 1035 2064 1320 2135; x_wconf 87' lang='lat' dir='ltr'>sanguine</span> <span class='ocrx_word' id='word_1_140' title='bbox 1378 2069 1557 2136; x_wconf 82' lang='lat' dir='ltr'>potat,</span> <span class='ocrx_word' id='word_1_141' title='bbox 1618 2068 1682 2118; x_wconf 88' lang='lat' dir='ltr'>ut</span> <span class='ocrx_word' id='word_1_142' title='bbox 1712 2065 1881 2118; x_wconf 84' lang='lat' dir='ltr'>corde</span> <span class='ocrx_word' id='word_1_143' title='bbox 1903 2081 2000 2118; x_wconf 88' lang='lat' dir='ltr'>ore</span> <span class='ocrx_word' id='word_1_144' title='bbox 2032 2067 2089 2118; x_wconf 90' lang='lat' dir='ltr'>et</span> 
     </span>
    </p>
   </div>
   <div class='ocr_carea' id='block_1_23' title="bbox 445 2148 2087 2220">
    <p class='ocr_par' dir='ltr' id='par_1_23' title="bbox 445 2148 2087 2220">
     <span class='ocr_line' id='line_1_23' title="bbox 445 2148 2087 2220; baseline 0.001 -17"><span class='ocrx_word' id='word_1_145' title='bbox 445 2164 619 2220; x_wconf 91' lang='lat' dir='ltr'>opere</span> <span class='ocrx_word' id='word_1_146' title='bbox 648 2148 984 2205; x_wconf 88' lang='lat' dir='ltr'>collaudent</span> <span class='ocrx_word' id='word_1_147' title='bbox 1040 2158 1304 2207; x_wconf 89' lang='lat' dir='ltr'>sanctam</span> <span class='ocrx_word' id='word_1_148' title='bbox 1362 2159 1417 2207; x_wconf 92' lang='lat' dir='ltr'>et</span> <span class='ocrx_word' id='word_1_149' title='bbox 1450 2153 1807 2207; x_wconf 86' lang='lat' dir='ltr'>individuam</span> <span class='ocrx_word' id='word_1_150' title='bbox 1838 2153 2087 2206; x_wconf 84' lang='lat' dir='ltr'>Trinita—</span> 
     </span>
    </p>
   </div>
   <div class='ocr_carea' id='block_1_24' title="bbox 446 2238 2087 2311">
    <p class='ocr_par' dir='ltr' id='par_1_24' title="bbox 446 2238 2087 2311">
     <span class='ocr_line' id='line_1_24' title="bbox 446 2238 2087 2311; baseline 0.001 -18"><span class='ocrx_word' id='word_1_151' title='bbox 446 2241 587 2293; x_wconf 86' lang='lat' dir='ltr'>tem.</span> <span class='ocrx_word' id='word_1_152' title='bbox 642 2238 803 2294; x_wconf 92' lang='lat' dir='ltr'>Unde</span> <span class='ocrx_word' id='word_1_153' title='bbox 860 2255 1037 2311; x_wconf 91' lang='lat' dir='ltr'>super</span> <span class='ocrx_word' id='word_1_154' title='bbox 1088 2241 1287 2296; x_wconf 89' lang='lat' dir='ltr'>omnia</span> <span class='ocrx_word' id='word_1_155' title='bbox 1343 2242 1611 2297; x_wconf 90' lang='lat' dir='ltr'>dolemus</span> <span class='ocrx_word' id='word_1_156' title='bbox 1669 2247 1892 2297; x_wconf 90' lang='lat' dir='ltr'>vetercs</span> <span class='ocrx_word' id='word_1_157' title='bbox 1923 2239 2087 2295; x_wconf 87' lang='lat' dir='ltr'>anias</span> 
     </span>
    </p>
   </div>
   <div class='ocr_carea' id='block_1_25' title="bbox 445 2326 2081 2400">
    <p class='ocr_par' dir='ltr' id='par_1_25' title="bbox 445 2326 2081 2400">
     <span class='ocr_line' id='line_1_25' title="bbox 445 2326 2081 2400; baseline 0.001 -18"><span class='ocrx_word' id='word_1_158' title='bbox 445 2330 638 2383; x_wconf 87' lang='lat' dir='ltr'>vestro</span> <span class='ocrx_word' id='word_1_159' title='bbox 672 2327 743 2381; x_wconf 92' lang='lat' dir='ltr'>de</span> <span class='ocrx_word' id='word_1_160' title='bbox 775 2326 1051 2398; x_wconf 90' lang='lat' dir='ltr'>pulmone</span> <span class='ocrx_word' id='word_1_161' title='bbox 1081 2327 1363 2384; x_wconf 85' lang='lat' dir='ltr'>hactenus</span> <span class='ocrx_word' id='word_1_162' title='bbox 1414 2346 1528 2384; x_wconf 88' lang='lat' dir='ltr'>non</span> <span class='ocrx_word' id='word_1_163' title='bbox 1576 2330 1838 2400; x_wconf 90' lang='lat' dir='ltr'>potuisse</span> <span class='ocrx_word' id='word_1_164' title='bbox 1868 2327 2081 2384; x_wconf 89' lang='lat' dir='ltr'>revelli.</span> 
     </span>
    </p>
   </div>
   <div class='ocr_carea' id='block_1_26' title="bbox 449 2414 2087 2488">
    <p class='ocr_par' dir='ltr' id='par_1_26' title="bbox 449 2414 2087 2488">
     <span class='ocr_line' id='line_1_26' title="bbox 449 2414 2087 2488; baseline 0.001 -19"><span class='ocrx_word' id='word_1_165' title='bbox 449 2414 530 2470; x_wconf 93' lang='lat' dir='ltr'>De</span> <span class='ocrx_word' id='word_1_166' title='bbox 559 2415 775 2485; x_wconf 91' lang='lat' dir='ltr'>quibus</span> <span class='ocrx_word' id='word_1_167' title='bbox 797 2415 856 2469; x_wconf 91' lang='lat' dir='ltr'>in</span> <span class='ocrx_word' id='word_1_168' title='bbox 886 2416 1128 2471; x_wconf 88' lang='lat' dir='ltr'>Actibus</span> <span class='ocrx_word' id='word_1_169' title='bbox 1150 2416 1545 2488; x_wconf 88' lang='lat' dir='ltr'>apostolorum</span> <span class='ocrx_word' id='word_1_170' title='bbox 1567 2418 1782 2472; x_wconf 91' lang='lat' dir='ltr'>dicitur</span> <span class='ocrx_word' id='word_1_171' title='bbox 1816 2433 1828 2472; x_wconf 93' lang='lat'>:</span> <span class='ocrx_word' id='word_1_172' title='bbox 1864 2440 1891 2466; x_wconf 93' lang='grc'>‹‹</span> <span class='ocrx_word' id='word_1_173' title='bbox 1919 2417 2087 2472; x_wconf 86' lang='lat' dir='ltr'>Athe-</span> 
     </span>
    </p>
   </div>
   <div class='ocr_carea' id='block_1_27' title="bbox 444 2502 2087 2567">
    <p class='ocr_par' dir='ltr' id='par_1_27' title="bbox 444 2502 2087 2567">
     <span class='ocr_line' id='line_1_27' title="bbox 444 2502 2087 2567; baseline 0.002 -10"><span class='ocrx_word' id='word_1_174' title='bbox 444 2502 679 2558; x_wconf 89' lang='lat' dir='ltr'>nienses</span> <span class='ocrx_word' id='word_1_175' title='bbox 708 2504 781 2558; x_wconf 93' lang='lat' dir='ltr'>ad</span> <span class='ocrx_word' id='word_1_176' title='bbox 813 2502 959 2558; x_wconf 87' lang='lat' dir='ltr'>nihil</span> <span class='ocrx_word' id='word_1_177' title='bbox 982 2504 1141 2559; x_wconf 87' lang='lat' dir='ltr'>aliud</span> <span class='ocrx_word' id='word_1_178' title='bbox 1172 2506 1474 2567; x_wconf 91' lang='lat' dir='ltr'>vacabant,</span> <span class='ocrx_word' id='word_1_179' title='bbox 1509 2507 1621 2561; x_wconf 89' lang='lat' dir='ltr'>nisi</span> <span class='ocrx_word' id='word_1_180' title='bbox 1653 2506 1953 2561; x_wconf 87' lang='lat' dir='ltr'>addiscere</span> <span class='ocrx_word' id='word_1_181' title='bbox 1984 2509 2087 2560; x_wconf 93' lang='lat' dir='ltr'>ant</span> 
     </span>
    </p>
   </div>
   <div class='ocr_carea' id='block_1_28' title="bbox 441 2590 2084 2665">
    <p class='ocr_par' dir='ltr' id='par_1_28' title="bbox 441 2590 2084 2665">
     <span class='ocr_line' id='line_1_28' title="bbox 441 2590 2084 2665; baseline 0.002 -20"><span class='ocrx_word' id='word_1_182' title='bbox 441 2590 644 2646; x_wconf 91' lang='lat' dir='ltr'>audire</span> <span class='ocrx_word' id='word_1_183' title='bbox 672 2590 894 2662; x_wconf 89' lang='lat' dir='ltr'>aliquid</span> <span class='ocrx_word' id='word_1_184' title='bbox 928 2594 1057 2648; x_wconf 91' lang='lat' dir='ltr'>novi</span> <span class='ocrx_word' id='word_1_185' title='bbox 1089 2595 1223 2661; x_wconf 78' lang='lat' dir='ltr'>(Act.</span> <span class='ocrx_word' id='word_1_186' title='bbox 1252 2611 1388 2661; x_wconf 82' lang='lat' dir='ltr'>xvu,</span> <span class='ocrx_word' id='word_1_187' title='bbox 1419 2596 1532 2663; x_wconf 80' lang='grc'>21).</span> <span class='ocrx_word' id='word_1_188' title='bbox 1556 2617 1582 2643; x_wconf 85' lang='grc'><strong>››</strong></span> <span class='ocrx_word' id='word_1_189' title='bbox 1606 2596 1715 2650; x_wconf 90' lang='lat' dir='ltr'>Sed</span> <span class='ocrx_word' id='word_1_190' title='bbox 1739 2595 1867 2665; x_wconf 91' lang='lat' dir='ltr'>jam</span> <span class='ocrx_word' id='word_1_191' title='bbox 1898 2595 2084 2665; x_wconf 88' lang='lat' dir='ltr'>profa-</span> 
     </span>
    </p>
   </div>
   <div class='ocr_carea' id='block_1_29' title="bbox 440 2682 2083 2755">
    <p class='ocr_par' dir='ltr' id='par_1_29' title="bbox 440 2682 2083 2755">
     <span class='ocr_line' id='line_1_29' title="bbox 440 2682 2083 2755; baseline 0.001 -20"><span class='ocrx_word' id='word_1_192' title='bbox 440 2696 548 2736; x_wconf 89' lang='lat' dir='ltr'>nas</span> <span class='ocrx_word' id='word_1_193' title='bbox 575 2696 784 2736; x_wconf 89' lang='lat' dir='ltr'>vocum</span> <span class='ocrx_word' id='word_1_194' title='bbox 814 2682 1101 2737; x_wconf 81' lang='lat' dir='ltr'>novitates</span> <span class='ocrx_word' id='word_1_195' title='bbox 1122 2682 1717 2749; x_wconf 85' lang='lat' dir='ltr'>devitando,veterem</span> <span class='ocrx_word' id='word_1_196' title='bbox 1751 2682 2083 2755; x_wconf 91' lang='lat' dir='ltr'>pelliculam</span> 
     </span>
    </p>
   </div>
   <div class='ocr_carea' id='block_1_30' title="bbox 438 2769 2084 2843">
    <p class='ocr_par' dir='ltr' id='par_1_30' title="bbox 438 2769 2084 2843">
     <span class='ocr_line' id='line_1_30' title="bbox 438 2769 2084 2843; baseline 0.002 -19"><span class='ocrx_word' id='word_1_197' title='bbox 438 2769 788 2840; x_wconf 89' lang='lat' dir='ltr'>quantocius</span> <span class='ocrx_word' id='word_1_198' title='bbox 818 2770 1071 2841; x_wconf 81' lang='lat' dir='ltr'>abjicite,</span> <span class='ocrx_word' id='word_1_199' title='bbox 1104 2788 1197 2838; x_wconf 91' lang='lat' dir='ltr'>ne,</span> <span class='ocrx_word' id='word_1_200' title='bbox 1229 2772 1384 2843; x_wconf 92' lang='lat' dir='ltr'>quod</span> <span class='ocrx_word' id='word_1_201' title='bbox 1438 2772 1592 2827; x_wconf 90' lang='lat' dir='ltr'>absit</span> <span class='ocrx_word' id='word_1_202' title='bbox 1623 2771 1635 2826; x_wconf 73' lang='grc' dir='ltr'><strong>Ι</strong></span> <span class='ocrx_word' id='word_1_203' title='bbox 1667 2773 1895 2827; x_wconf 86' lang='lat' dir='ltr'>dicatur</span> <span class='ocrx_word' id='word_1_204' title='bbox 1922 2770 2084 2827; x_wconf 92' lang='lat' dir='ltr'>vobis</span> 
     </span>
    </p>
   </div>
   <div class='ocr_carea' id='block_1_31' title="bbox 437 2858 2085 2932">
    <p class='ocr_par' dir='ltr' id='par_1_31' title="bbox 437 2858 2085 2932">
     <span class='ocr_line' id='line_1_31' title="bbox 437 2858 2085 2932; baseline 0.001 -19"><span class='ocrx_word' id='word_1_205' title='bbox 437 2858 649 2929; x_wconf 91' lang='lat' dir='ltr'>Sponsi</span> <span class='ocrx_word' id='word_1_206' title='bbox 677 2874 815 2913; x_wconf 91' lang='lat' dir='ltr'>voce</span> <span class='ocrx_word' id='word_1_207' title='bbox 848 2875 860 2913; x_wconf 88' lang='lat'>:</span> <span class='ocrx_word' id='word_1_208' title='bbox 897 2882 925 2909; x_wconf 85' lang='lat'>«</span> <span class='ocrx_word' id='word_1_209' title='bbox 960 2858 1016 2914; x_wconf 93' lang='lat' dir='ltr'>Si</span> <span class='ocrx_word' id='word_1_210' title='bbox 1046 2860 1279 2932; x_wconf 89' lang='lat' dir='ltr'>ignoras</span> <span class='ocrx_word' id='word_1_211' title='bbox 1307 2865 1384 2923; x_wconf 88' lang='lat' dir='ltr'>te,</span> <span class='ocrx_word' id='word_1_212' title='bbox 1417 2862 1686 2929; x_wconf 72' lang='lat' dir='ltr'>egredere</span> <span class='ocrx_word' id='word_1_213' title='bbox 1717 2865 1773 2916; x_wconf 92' lang='lat' dir='ltr'>et</span> <span class='ocrx_word' id='word_1_214' title='bbox 1805 2860 1898 2915; x_wconf 91' lang='lat' dir='ltr'>abi</span> <span class='ocrx_word' id='word_1_215' title='bbox 1952 2863 2085 2932; x_wconf 88' lang='lat' dir='ltr'>post</span> 
     </span>
    </p>
   </div>
   <div class='ocr_carea' id='block_1_32' title="bbox 433 2947 2079 3020">
    <p class='ocr_par' dir='ltr' id='par_1_32' title="bbox 433 2947 2079 3020">
     <span class='ocr_line' id='line_1_32' title="bbox 433 2947 2079 3020; baseline 0 -19"><span class='ocrx_word' id='word_1_216' title='bbox 433 2947 680 3018; x_wconf 83' lang='lat' dir='ltr'>vestigia</span> <span class='ocrx_word' id='word_1_217' title='bbox 708 2952 1037 3019; x_wconf 88' lang='lat' dir='ltr'>gregum,et</span> <span class='ocrx_word' id='word_1_218' title='bbox 1055 2964 1226 3020; x_wconf 91' lang='lat' dir='ltr'>pasce</span> <span class='ocrx_word' id='word_1_219' title='bbox 1251 2949 1448 3005; x_wconf 70' lang='lat' dir='ltr'>haedos</span> <span class='ocrx_word' id='word_1_220' title='bbox 1478 2955 1613 3005; x_wconf 92' lang='lat' dir='ltr'>tuos</span> <span class='ocrx_word' id='word_1_221' title='bbox 1644 2950 1824 3020; x_wconf 85' lang='lat' dir='ltr'>(Cant.</span> <span class='ocrx_word' id='word_1_222' title='bbox 1858 2966 1897 3016; x_wconf 83' lang='lat'>1,</span> <span class='ocrx_word' id='word_1_223' title='bbox 1928 2949 1985 3019; x_wconf 89' lang='grc'>7)</span> <span class='ocrx_word' id='word_1_224' title='bbox 2010 2964 2023 3002; x_wconf 88' lang='lat'><strong>:</strong></span> <span class='ocrx_word' id='word_1_225' title='bbox 2051 2968 2079 2996; x_wconf 85' lang='lat'><strong>»</strong></span> 
     </span>
    </p>
   </div>
   <div class='ocr_carea' id='block_1_33' title="bbox 436 3034 2080 3110">
    <p class='ocr_par' dir='ltr' id='par_1_33' title="bbox 436 3034 2080 3110">
     <span class='ocr_line' id='line_1_33' title="bbox 436 3034 2080 3110; baseline 0 -20"><span class='ocrx_word' id='word_1_226' title='bbox 436 3034 568 3091; x_wconf 93' lang='lat' dir='ltr'>illos</span> <span class='ocrx_word' id='word_1_227' title='bbox 620 3035 844 3091; x_wconf 93' lang='lat' dir='ltr'>scilicet</span> <span class='ocrx_word' id='word_1_228' title='bbox 900 3053 1047 3108; x_wconf 91' lang='lat' dir='ltr'>quos</span> <span class='ocrx_word' id='word_1_229' title='bbox 1098 3038 1222 3109; x_wconf 90' lang='lat' dir='ltr'>ipse</span> <span class='ocrx_word' id='word_1_230' title='bbox 1289 3044 1488 3110; x_wconf 89' lang='lat' dir='ltr'>pastor</span> <span class='ocrx_word' id='word_1_231' title='bbox 1543 3039 1601 3093; x_wconf 92' lang='lat' dir='ltr'>in</span> <span class='ocrx_word' id='word_1_232' title='bbox 1662 3040 1776 3093; x_wconf 81' lang='lat' dir='ltr'>fine</span> <span class='ocrx_word' id='word_1_233' title='bbox 1832 3054 1866 3093; x_wconf 93' lang='lat' dir='ltr'>a</span> <span class='ocrx_word' id='word_1_234' title='bbox 1923 3040 2080 3091; x_wconf 90' lang='lat' dir='ltr'>sorte</span> 
     </span>
    </p>
   </div>
   <div class='ocr_carea' id='block_1_34' title="bbox 433 3123 2079 3199">
    <p class='ocr_par' dir='ltr' id='par_1_34' title="bbox 433 3123 2079 3199">
     <span class='ocr_line' id='line_1_34' title="bbox 433 3123 2079 3199; baseline -0.001 -20"><span class='ocrx_word' id='word_1_235' title='bbox 433 3124 748 3180; x_wconf 88' lang='lat' dir='ltr'>humilium</span> <span class='ocrx_word' id='word_1_236' title='bbox 782 3126 976 3181; x_wconf 89' lang='lat' dir='ltr'>ovium</span> <span class='ocrx_word' id='word_1_237' title='bbox 1008 3131 1277 3198; x_wconf 87' lang='lat' dir='ltr'>separat;</span> <span class='ocrx_word' id='word_1_238' title='bbox 1311 3126 1470 3199; x_wconf 88' lang='lat' dir='ltr'>quia,</span> <span class='ocrx_word' id='word_1_239' title='bbox 1523 3127 1719 3182; x_wconf 87' lang='lat' dir='ltr'>lascivi</span> <span class='ocrx_word' id='word_1_240' title='bbox 1752 3131 1809 3181; x_wconf 90' lang='lat' dir='ltr'>et</span> <span class='ocrx_word' id='word_1_241' title='bbox 1865 3123 2079 3196; x_wconf 88' lang='lat' dir='ltr'>petulci</span> 
     </span>
    </p>
   </div>
   <div class='ocr_carea' id='block_1_35' title="bbox 435 3212 1726 3285">
    <p class='ocr_par' dir='ltr' id='par_1_35' title="bbox 435 3212 1726 3285">
     <span class='ocr_line' id='line_1_35' title="bbox 435 3212 1726 3285; baseline 0 -18"><span class='ocrx_word' id='word_1_242' title='bbox 435 3212 529 3268; x_wconf 92' lang='lat' dir='ltr'>hic</span> <span class='ocrx_word' id='word_1_243' title='bbox 559 3231 621 3270; x_wconf 91' lang='lat' dir='ltr'>se</span> <span class='ocrx_word' id='word_1_244' title='bbox 648 3214 701 3270; x_wconf 89' lang='lat' dir='ltr'>vi</span> <span class='ocrx_word' id='word_1_245' title='bbox 734 3214 1017 3285; x_wconf 69' lang='lat' dir='ltr'>superbiae</span> <span class='ocrx_word' id='word_1_246' title='bbox 1047 3215 1297 3271; x_wconf 86' lang='lat' dir='ltr'>exaltare</span> <span class='ocrx_word' id='word_1_247' title='bbox 1326 3233 1443 3271; x_wconf 91' lang='lat' dir='ltr'>non</span> <span class='ocrx_word' id='word_1_248' title='bbox 1476 3219 1726 3271; x_wconf 87' lang='lat' dir='ltr'>cessant.</span> 
     </span>
    </p>
   </div>
   <div class='ocr_carea' id='block_1_36' title="bbox 504 3299 2072 3372">
    <p class='ocr_par' dir='ltr' id='par_1_36' title="bbox 504 3299 2072 3372">
     <span class='ocr_line' id='line_1_36' title="bbox 504 3299 2072 3372; baseline -0.001 -15"><span class='ocrx_word' id='word_1_249' title='bbox 504 3302 694 3357; x_wconf 89' lang='lat' dir='ltr'>LXIII.</span> <span class='ocrx_word' id='word_1_250' title='bbox 726 3302 944 3357; x_wconf 88' lang='lat' dir='ltr'>Deinde</span> <span class='ocrx_word' id='word_1_251' title='bbox 964 3301 1014 3357; x_wconf 91' lang='lat' dir='ltr'>si</span> <span class='ocrx_word' id='word_1_252' title='bbox 1034 3303 1302 3359; x_wconf 88' lang='lat' dir='ltr'>universa</span> <span class='ocrx_word' id='word_1_253' title='bbox 1332 3302 1593 3357; x_wconf 78' lang='lat' dir='ltr'>Mosaicze</span> <span class='ocrx_word' id='word_1_254' title='bbox 1616 3301 1761 3372; x_wconf 82' lang='lat' dir='ltr'>legis</span> <span class='ocrx_word' id='word_1_255' title='bbox 1792 3299 2072 3372; x_wconf 85' lang='lat' dir='ltr'>relinqui-</span> 
     </span>
    </p>
   </div>
   <div class='ocr_carea' id='block_1_37' title="bbox 432 3390 2070 3456">
    <p class='ocr_par' dir='ltr' id='par_1_37' title="bbox 432 3390 2070 3456">
     <span class='ocr_line' id='line_1_37' title="bbox 432 3390 2070 3456; baseline -0.002 -9"><span class='ocrx_word' id='word_1_256' title='bbox 432 3408 567 3447; x_wconf 89' lang='lat' dir='ltr'>mus</span> <span class='ocrx_word' id='word_1_257' title='bbox 595 3390 833 3456; x_wconf 63' lang='lat' dir='ltr'>Judaeis,</span> <span class='ocrx_word' id='word_1_258' title='bbox 866 3390 1026 3447; x_wconf 92' lang='lat' dir='ltr'>nulla</span> <span class='ocrx_word' id='word_1_259' title='bbox 1058 3392 1335 3447; x_wconf 88' lang='lat' dir='ltr'>honestas</span> <span class='ocrx_word' id='word_1_260' title='bbox 1367 3395 1468 3446; x_wconf 89' lang='lat' dir='ltr'>aut</span> <span class='ocrx_word' id='word_1_261' title='bbox 1499 3390 1777 3445; x_wconf 89' lang='lat' dir='ltr'>sanctitas</span> <span class='ocrx_word' id='word_1_262' title='bbox 1807 3405 2070 3444; x_wconf 90' lang='lat' dir='ltr'>remane-</span> 
     </span>
    </p>
   </div>
   <div class='ocr_carea' id='block_1_38' title="bbox 431 3477 2067 3552">
    <p class='ocr_par' dir='ltr' id='par_1_38' title="bbox 431 3477 2067 3552">
     <span class='ocr_line' id='line_1_38' title="bbox 431 3477 2067 3552; baseline -0.003 -16"><span class='ocrx_word' id='word_1_263' title='bbox 431 3480 516 3536; x_wconf 92' lang='lat' dir='ltr'>bit</span> <span class='ocrx_word' id='word_1_264' title='bbox 545 3480 735 3547; x_wconf 92' lang='lat' dir='ltr'>nobis,</span> <span class='ocrx_word' id='word_1_265' title='bbox 768 3496 873 3536; x_wconf 90' lang='lat' dir='ltr'>ceu</span> <span class='ocrx_word' id='word_1_266' title='bbox 905 3496 973 3535; x_wconf 86' lang='lat' dir='ltr'>ex</span> <span class='ocrx_word' id='word_1_267' title='bbox 1002 3478 1403 3552; x_wconf 89' lang='lat' dir='ltr'>superioribus</span> <span class='ocrx_word' id='word_1_268' title='bbox 1435 3477 1769 3549; x_wconf 88' lang='lat' dir='ltr'>recolligere</span> <span class='ocrx_word' id='word_1_269' title='bbox 1803 3478 2067 3549; x_wconf 91' lang='lat' dir='ltr'>potestis.</span> 
     </span>
    </p>
   </div>
   <div class='ocr_carea' id='block_1_39' title="bbox 427 3567 2068 3642">
    <p class='ocr_par' dir='ltr' id='par_1_39' title="bbox 427 3567 2068 3642">
     <span class='ocr_line' id='line_1_39' title="bbox 427 3567 2068 3642; baseline -0.002 -17"><span class='ocrx_word' id='word_1_270' title='bbox 427 3569 855 3642; x_wconf 82' lang='lat' dir='ltr'>Relinquantur</span> <span class='ocrx_word' id='word_1_271' title='bbox 910 3584 1046 3641; x_wconf 92' lang='lat' dir='ltr'>ergo</span> <span class='ocrx_word' id='word_1_272' title='bbox 1076 3568 1161 3624; x_wconf 92' lang='lat' dir='ltr'>eis</span> <span class='ocrx_word' id='word_1_273' title='bbox 1204 3567 1328 3623; x_wconf 92' lang='lat' dir='ltr'>sola</span> <span class='ocrx_word' id='word_1_274' title='bbox 1356 3567 1616 3622; x_wconf 89' lang='lat' dir='ltr'>carnalia</span> <span class='ocrx_word' id='word_1_275' title='bbox 1664 3567 1960 3635; x_wconf 91' lang='lat' dir='ltr'>mandata,</span> <span class='ocrx_word' id='word_1_276' title='bbox 2012 3569 2068 3621; x_wconf 92' lang='lat' dir='ltr'>et</span> 
     </span>
    </p>
   </div>
   <div class='ocr_carea' id='block_1_40' title="bbox 424 3654 2067 3727">
    <p class='ocr_par' dir='ltr' id='par_1_40' title="bbox 424 3654 2067 3727">
     <span class='ocr_line' id='line_1_40' title="bbox 424 3654 2067 3727; baseline -0.004 -12"><span class='ocrx_word' id='word_1_277' title='bbox 424 3662 696 3715; x_wconf 91' lang='lat' dir='ltr'>sanctum</span> <span class='ocrx_word' id='word_1_278' title='bbox 727 3656 1021 3723; x_wconf 67' lang='lat' dir='ltr'>saeculare,</span> <span class='ocrx_word' id='word_1_279' title='bbox 1068 3656 1129 3711; x_wconf 91' lang='lat' dir='ltr'>in</span> <span class='ocrx_word' id='word_1_280' title='bbox 1189 3656 1405 3727; x_wconf 86' lang='lat' dir='ltr'>quibus</span> <span class='ocrx_word' id='word_1_281' title='bbox 1465 3656 1599 3712; x_wconf 83' lang='lat' dir='ltr'>caeci</span> <span class='ocrx_word' id='word_1_282' title='bbox 1630 3660 1898 3727; x_wconf 60' lang='lat' dir='ltr'>quaerunt</span> <span class='ocrx_word' id='word_1_283' title='bbox 1927 3654 2067 3727; x_wconf 89' lang='lat' dir='ltr'>quid</span> 
     </span>
    </p>
   </div>
   <div class='ocr_carea' id='block_1_41' title="bbox 423 3742 2065 3819">
    <p class='ocr_par' dir='ltr' id='par_1_41' title="bbox 423 3742 2065 3819">
     <span class='ocr_line' id='line_1_41' title="bbox 423 3742 2065 3819; baseline -0.002 -18"><span class='ocrx_word' id='word_1_284' title='bbox 423 3748 703 3819; x_wconf 87' lang='lat' dir='ltr'>invenire,</span> <span class='ocrx_word' id='word_1_285' title='bbox 735 3747 880 3802; x_wconf 91' lang='lat' dir='ltr'>dum</span> <span class='ocrx_word' id='word_1_286' title='bbox 912 3746 1184 3800; x_wconf 86' lang='lat' dir='ltr'>umbram</span> <span class='ocrx_word' id='word_1_287' title='bbox 1216 3747 1508 3800; x_wconf 89' lang='lat' dir='ltr'>sectantes</span> <span class='ocrx_word' id='word_1_288' title='bbox 1555 3743 1825 3800; x_wconf 84' lang='lat' dir='ltr'>exsulant</span> <span class='ocrx_word' id='word_1_289' title='bbox 1856 3760 1890 3798; x_wconf 89' lang='lat' dir='ltr'>a</span> <span class='ocrx_word' id='word_1_290' title='bbox 1918 3742 2065 3798; x_wconf 91' lang='lat' dir='ltr'>luce.</span> 
     </span>
    </p>
   </div>
   <div class='ocr_carea' id='block_1_42' title="bbox 425 3834 2064 3910">
    <p class='ocr_par' dir='ltr' id='par_1_42' title="bbox 425 3834 2064 3910">
     <span class='ocr_line' id='line_1_42' title="bbox 425 3834 2064 3910; baseline -0.003 -19"><span class='ocrx_word' id='word_1_291' title='bbox 425 3837 489 3892; x_wconf 92' lang='lat' dir='ltr'>In</span> <span class='ocrx_word' id='word_1_292' title='bbox 520 3854 638 3910; x_wconf 90' lang='lat' dir='ltr'>qua</span> <span class='ocrx_word' id='word_1_293' title='bbox 670 3836 885 3892; x_wconf 89' lang='lat' dir='ltr'>umbra</span> <span class='ocrx_word' id='word_1_294' title='bbox 923 3838 1270 3890; x_wconf 87' lang='lat' dir='ltr'>numeratur</span> <span class='ocrx_word' id='word_1_295' title='bbox 1316 3838 1374 3889; x_wconf 88' lang='lat' dir='ltr'>et</span> <span class='ocrx_word' id='word_1_296' title='bbox 1405 3834 1725 3889; x_wconf 89' lang='lat' dir='ltr'>Sabbatum</span> <span class='ocrx_word' id='word_1_297' title='bbox 1781 3836 2064 3900; x_wconf 87' lang='lat' dir='ltr'>vestrum,</span> 
     </span>
    </p>
   </div>
   <div class='ocr_carea' id='block_1_43' title="bbox 423 3920 2069 3998">
    <p class='ocr_par' dir='ltr' id='par_1_43' title="bbox 423 3920 2069 3998">
     <span class='ocr_line' id='line_1_43' title="bbox 423 3920 2069 3998; baseline -0.004 -17"><span class='ocrx_word' id='word_1_298' title='bbox 423 3925 696 3998; x_wconf 86' lang='lat' dir='ltr'>Apostolo</span> <span class='ocrx_word' id='word_1_299' title='bbox 726 3924 955 3979; x_wconf 89' lang='lat' dir='ltr'>dicente</span> <span class='ocrx_word' id='word_1_300' title='bbox 989 3940 1002 3977; x_wconf 92' lang='lat'><strong>:</strong></span> <span class='ocrx_word' id='word_1_301' title='bbox 1041 3945 1062 3973; x_wconf 76' lang='grc' dir='ltr'>α</span> <span class='ocrx_word' id='word_1_302' title='bbox 1098 3924 1278 3978; x_wconf 90' lang='lat' dir='ltr'>Nemo</span> <span class='ocrx_word' id='word_1_303' title='bbox 1306 3939 1409 3978; x_wconf 93' lang='lat' dir='ltr'>vos</span> <span class='ocrx_word' id='word_1_304' title='bbox 1457 3922 1687 3992; x_wconf 91' lang='lat' dir='ltr'>judicet</span> <span class='ocrx_word' id='word_1_305' title='bbox 1717 3920 1775 3975; x_wconf 93' lang='lat' dir='ltr'>in</span> <span class='ocrx_word' id='word_1_306' title='bbox 1806 3920 1935 3975; x_wconf 90' lang='lat' dir='ltr'>cibo</span> <span class='ocrx_word' id='word_1_307' title='bbox 1967 3923 2069 3975; x_wconf 90' lang='lat' dir='ltr'>aut</span> 
     </span>
    </p>
   </div>
   <div class='ocr_carea' id='block_1_44' title="bbox 425 4009 2068 4087">
    <p class='ocr_par' dir='ltr' id='par_1_44' title="bbox 425 4009 2068 4087">
     <span class='ocr_line' id='line_1_44' title="bbox 425 4009 2068 4087; baseline -0.005 -15"><span class='ocrx_word' id='word_1_308' title='bbox 425 4021 564 4087; x_wconf 91' lang='lat' dir='ltr'>potu</span> <span class='ocrx_word' id='word_1_309' title='bbox 597 4019 698 4071; x_wconf 90' lang='lat' dir='ltr'>aut</span> <span class='ocrx_word' id='word_1_310' title='bbox 726 4014 785 4069; x_wconf 93' lang='lat' dir='ltr'>in</span> <span class='ocrx_word' id='word_1_311' title='bbox 818 4017 980 4084; x_wconf 89' lang='lat' dir='ltr'>parte</span> <span class='ocrx_word' id='word_1_312' title='bbox 1009 4011 1125 4068; x_wconf 91' lang='lat' dir='ltr'>diei</span> <span class='ocrx_word' id='word_1_313' title='bbox 1146 4012 1300 4081; x_wconf 91' lang='lat' dir='ltr'>festi,</span> <span class='ocrx_word' id='word_1_314' title='bbox 1324 4016 1425 4065; x_wconf 91' lang='lat' dir='ltr'>aut</span> <span class='ocrx_word' id='word_1_315' title='bbox 1455 4010 1772 4065; x_wconf 67' lang='lat' dir='ltr'>neomeniaa</span> <span class='ocrx_word' id='word_1_316' title='bbox 1793 4013 1894 4063; x_wconf 89' lang='lat' dir='ltr'>aut</span> <span class='ocrx_word' id='word_1_317' title='bbox 1923 4009 2068 4064; x_wconf 91' lang='lat' dir='ltr'>Sab-</span> 
     </span>
    </p>
   </div>
   <div class='ocr_carea' id='block_1_45' title="bbox 427 4097 2063 4173">
    <p class='ocr_par' dir='ltr' id='par_1_45' title="bbox 427 4097 2063 4173">
     <span class='ocr_line' id='line_1_45' title="bbox 427 4097 2063 4173; baseline -0.006 -12"><span class='ocrx_word' id='word_1_318' title='bbox 427 4104 719 4172; x_wconf 88' lang='lat' dir='ltr'>batorum,</span> <span class='ocrx_word' id='word_1_319' title='bbox 779 4118 908 4173; x_wconf 62' lang='lat' dir='ltr'>qua:</span> <span class='ocrx_word' id='word_1_320' title='bbox 978 4104 1121 4155; x_wconf 90' lang='lat' dir='ltr'>sunt</span> <span class='ocrx_word' id='word_1_321' title='bbox 1176 4100 1387 4154; x_wconf 83' lang='lat' dir='ltr'>umbra</span> <span class='ocrx_word' id='word_1_322' title='bbox 1454 4099 1784 4153; x_wconf 90' lang='lat' dir='ltr'>futurorum</span> <span class='ocrx_word' id='word_1_323' title='bbox 1841 4097 2063 4169; x_wconf 76' lang='lat' dir='ltr'>(Coloss.</span> 
     </span>
    </p>
   </div>
   <div class='ocr_carea' id='block_1_46' title="bbox 424 4187 2069 4262">
    <p class='ocr_par' dir='ltr' id='par_1_46' title="bbox 424 4187 2069 4262">
     <span class='ocr_line' id='line_1_46' title="bbox 424 4187 2069 4262; baseline -0.004 -13"><span class='ocrx_word' id='word_1_324' title='bbox 424 4211 485 4259; x_wconf 85' lang='lat' dir='ltr'>II,</span> <span class='ocrx_word' id='word_1_325' title='bbox 519 4193 629 4262; x_wconf 84' lang='grc'>16).</span> <span class='ocrx_word' id='word_1_326' title='bbox 663 4213 692 4241; x_wconf 81' lang='grc'><strong>››</strong></span> <span class='ocrx_word' id='word_1_327' title='bbox 723 4190 897 4245; x_wconf 92' lang='lat' dir='ltr'>Porro</span> <span class='ocrx_word' id='word_1_328' title='bbox 927 4188 1079 4244; x_wconf 90' lang='lat' dir='ltr'>sicut</span> <span class='ocrx_word' id='word_1_329' title='bbox 1107 4188 1233 4243; x_wconf 89' lang='lat' dir='ltr'>sine</span> <span class='ocrx_word' id='word_1_330' title='bbox 1265 4190 1377 4243; x_wconf 92' lang='lat' dir='ltr'>Deo</span> <span class='ocrx_word' id='word_1_331' title='bbox 1424 4191 1563 4242; x_wconf 88' lang='lat' dir='ltr'>sunt</span> <span class='ocrx_word' id='word_1_332' title='bbox 1619 4187 1827 4252; x_wconf 71' lang='lat' dir='ltr'>Judazi,</span> <span class='ocrx_word' id='word_1_333' title='bbox 1887 4188 1972 4243; x_wconf 90' lang='lat' dir='ltr'>sic</span> <span class='ocrx_word' id='word_1_334' title='bbox 2011 4192 2069 4245; x_wconf 90' lang='lat' dir='ltr'>et</span> 
     </span>
    </p>
   </div>
   <div class='ocr_carea' id='block_1_47' title="bbox 423 4275 2066 4348">
    <p class='ocr_par' dir='ltr' id='par_1_47' title="bbox 423 4275 2066 4348">
     <span class='ocr_line' id='line_1_47' title="bbox 423 4275 2066 4348; baseline -0.002 -12"><span class='ocrx_word' id='word_1_335' title='bbox 423 4295 628 4335; x_wconf 88' lang='lat' dir='ltr'>omnes</span> <span class='ocrx_word' id='word_1_336' title='bbox 658 4277 932 4335; x_wconf 71' lang='lat' dir='ltr'>haaretici.</span> <span class='ocrx_word' id='word_1_337' title='bbox 965 4276 1181 4331; x_wconf 89' lang='lat' dir='ltr'>Verum</span> <span class='ocrx_word' id='word_1_338' title='bbox 1237 4292 1309 4331; x_wconf 90' lang='lat' dir='ltr'>ne</span> <span class='ocrx_word' id='word_1_339' title='bbox 1339 4275 1477 4346; x_wconf 93' lang='lat' dir='ltr'>quid</span> <span class='ocrx_word' id='word_1_340' title='bbox 1527 4276 1604 4331; x_wconf 90' lang='lat' dir='ltr'>sit</span> <span class='ocrx_word' id='word_1_341' title='bbox 1633 4276 1851 4343; x_wconf 89' lang='lat' dir='ltr'>minus,</span> <span class='ocrx_word' id='word_1_342' title='bbox 1910 4277 2066 4348; x_wconf 91' lang='lat' dir='ltr'>quod</span> 
     </span>
    </p>
   </div>
   <div class='ocr_carea' id='block_1_48' title="bbox 422 4366 1115 4440">
    <p class='ocr_par' dir='ltr' id='par_1_48' title="bbox 422 4366 1115 4440">
     <span class='ocr_line' id='line_1_48' title="bbox 422 4366 1115 4440; baseline -0.009 -15"><span class='ocrx_word' id='word_1_343' title='bbox 422 4368 690 4440; x_wconf 88' lang='lat' dir='ltr'>sequitur</span> <span class='ocrx_word' id='word_1_344' title='bbox 718 4366 1115 4421; x_wconf 89' lang='lat' dir='ltr'>attendamus.</span> 
     </span>
    </p>
   </div>
   <div class='ocr_carea' id='block_1_49' title="bbox 492 4454 2063 4525">
    <p class='ocr_par' dir='ltr' id='par_1_49' title="bbox 492 4454 2063 4525">
     <span class='ocr_line' id='line_1_49' title="bbox 492 4454 2063 4525; baseline -0.001 -13"><span class='ocrx_word' id='word_1_345' title='bbox 492 4456 674 4513; x_wconf 86' lang='lat' dir='ltr'>LXIV.</span> <span class='ocrx_word' id='word_1_346' title='bbox 702 4454 1437 4510; x_wconf 80' lang='lat' dir='ltr'>CONSTANTINOPOLITANUS.</span> <span class='ocrx_word' id='word_1_347' title='bbox 1475 4456 1600 4509; x_wconf 69' lang='lat' dir='ltr'>Ilaec</span> <span class='ocrx_word' id='word_1_348' title='bbox 1629 4458 1823 4510; x_wconf 92' lang='lat' dir='ltr'>autem</span> <span class='ocrx_word' id='word_1_349' title='bbox 1851 4454 2063 4525; x_wconf 85' lang='lat' dir='ltr'>hujus-</span> 
     </span>
    </p>
   </div>
   <div class='ocr_carea' id='block_1_50' title="bbox 2192 561 3854 635">
    <p class='ocr_par' dir='ltr' id='par_1_50' title="bbox 2192 561 3854 635">
     <span class='ocr_line' id='line_1_50' title="bbox 2192 561 3854 635; baseline 0.004 -20"><span class='ocrx_word' id='word_1_350' title='bbox 2192 562 2533 633; x_wconf 91' lang='lat' dir='ltr'>episcopum</span> <span class='ocrx_word' id='word_1_351' title='bbox 2563 564 2869 630; x_wconf 87' lang='lat' dir='ltr'>Joannem,</span> <span class='ocrx_word' id='word_1_352' title='bbox 2895 565 2987 619; x_wconf 91' lang='lat' dir='ltr'>cui</span> <span class='ocrx_word' id='word_1_353' title='bbox 3011 563 3151 620; x_wconf 92' lang='lat' dir='ltr'>talia</span> <span class='ocrx_word' id='word_1_354' title='bbox 3182 562 3522 634; x_wconf 87' lang='lat' dir='ltr'>scripsistis,</span> <span class='ocrx_word' id='word_1_355' title='bbox 3548 561 3854 635; x_wconf 87' lang='lat' dir='ltr'>alloquen-</span> 
     </span>
    </p>
   </div>
   <div class='ocr_carea' id='block_1_51' title="bbox 2193 650 3847 725">
    <p class='ocr_par' dir='ltr' id='par_1_51' title="bbox 2193 650 3847 725">
     <span class='ocr_line' id='line_1_51' title="bbox 2193 650 3847 725; baseline 0.003 -20"><span class='ocrx_word' id='word_1_356' title='bbox 2193 654 2280 705; x_wconf 90' lang='lat' dir='ltr'>tes</span> <span class='ocrx_word' id='word_1_357' title='bbox 2309 650 2434 706; x_wconf 87' lang='lat' dir='ltr'>oleo</span> <span class='ocrx_word' id='word_1_358' title='bbox 2456 652 2775 723; x_wconf 88' lang='lat' dir='ltr'>peccatoris</span> <span class='ocrx_word' id='word_1_359' title='bbox 2798 658 2973 725; x_wconf 85' lang='lat' dir='ltr'>caput</span> <span class='ocrx_word' id='word_1_360' title='bbox 3002 653 3130 724; x_wconf 90' lang='lat' dir='ltr'>ejus</span> <span class='ocrx_word' id='word_1_361' title='bbox 3153 652 3523 724; x_wconf 88' lang='lat' dir='ltr'>impinguare</span> <span class='ocrx_word' id='word_1_362' title='bbox 3546 654 3847 725; x_wconf 88' lang='lat' dir='ltr'>satagitis,</span> 
     </span>
    </p>
   </div>
   <div class='ocr_carea' id='block_1_52' title="bbox 2193 739 3851 812">
    <p class='ocr_par' dir='ltr' id='par_1_52' title="bbox 2193 739 3851 812">
     <span class='ocr_line' id='line_1_52' title="bbox 2193 739 3851 812; baseline 0.004 -20"><span class='ocrx_word' id='word_1_363' title='bbox 2193 739 2490 795; x_wconf 89' lang='lat' dir='ltr'>dicentes:</span> <span class='ocrx_word' id='word_1_364' title='bbox 2525 763 2554 789; x_wconf 89' lang='lat'><strong>«</strong></span> <span class='ocrx_word' id='word_1_365' title='bbox 2583 744 2714 796; x_wconf 66' lang='lat' dir='ltr'>Haec</span> <span class='ocrx_word' id='word_1_366' title='bbox 2746 747 2944 797; x_wconf 92' lang='lat' dir='ltr'>autem</span> <span class='ocrx_word' id='word_1_367' title='bbox 2976 740 3318 812; x_wconf 87' lang='lat' dir='ltr'>hujusmodi</span> <span class='ocrx_word' id='word_1_368' title='bbox 3352 739 3656 797; x_wconf 89' lang='lat' dir='ltr'>multoties</span> <span class='ocrx_word' id='word_1_369' title='bbox 3714 759 3851 799; x_wconf 90' lang='lat' dir='ltr'>cum</span> 
     </span>
    </p>
   </div>
   <div class='ocr_carea' id='block_1_53' title="bbox 2194 828 3855 900">
    <p class='ocr_par' dir='ltr' id='par_1_53' title="bbox 2194 828 3855 900">
     <span class='ocr_line' id='line_1_53' title="bbox 2194 828 3855 900; baseline 0.003 -19"><span class='ocrx_word' id='word_1_370' title='bbox 2194 828 2406 897; x_wconf 90' lang='lat' dir='ltr'>populo</span> <span class='ocrx_word' id='word_1_371' title='bbox 2438 844 2761 900; x_wconf 89' lang='lat' dir='ltr'>agnoscens</span> <span class='ocrx_word' id='word_1_372' title='bbox 2806 830 3056 885; x_wconf 90' lang='lat' dir='ltr'>docuisti</span> <span class='ocrx_word' id='word_1_373' title='bbox 3112 847 3231 897; x_wconf 88' lang='lat' dir='ltr'>eos,</span> <span class='ocrx_word' id='word_1_374' title='bbox 3282 833 3340 884; x_wconf 90' lang='lat' dir='ltr'>et</span> <span class='ocrx_word' id='word_1_375' title='bbox 3370 832 3674 885; x_wconf 90' lang='lat' dir='ltr'>correctus</span> <span class='ocrx_word' id='word_1_376' title='bbox 3707 831 3855 886; x_wconf 86' lang='lat' dir='ltr'>scri-</span> 
     </span>
    </p>
   </div>
   <div class='ocr_carea' id='block_1_54' title="bbox 2194 916 3851 988">
    <p class='ocr_par' dir='ltr' id='par_1_54' title="bbox 2194 916 3851 988">
     <span class='ocr_line' id='line_1_54' title="bbox 2194 916 3851 988; baseline -0.001 -18"><span class='ocrx_word' id='word_1_377' title='bbox 2194 916 2361 988; x_wconf 90' lang='lat' dir='ltr'>psisti</span> <span class='ocrx_word' id='word_1_378' title='bbox 2386 918 2590 973; x_wconf 90' lang='lat' dir='ltr'>multis</span> <span class='ocrx_word' id='word_1_379' title='bbox 2612 918 2865 974; x_wconf 91' lang='lat' dir='ltr'>similem</span> <span class='ocrx_word' id='word_1_380' title='bbox 2892 917 3377 974; x_wconf 90' lang='lat' dir='ltr'>consuetudinem</span> <span class='ocrx_word' id='word_1_381' title='bbox 3401 917 3788 975; x_wconf 83' lang='lat' dir='ltr'>habentibus.</span> <span class='ocrx_word' id='word_1_382' title='bbox 3824 943 3851 969; x_wconf 76' lang='grc' dir='ltr'>»ι</span> 
     </span>
    </p>
   </div>
   <div class='ocr_carea' id='block_1_55' title="bbox 2196 1005 3850 1079">
    <p class='ocr_par' dir='ltr' id='par_1_55' title="bbox 2196 1005 3850 1079">
     <span class='ocr_line' id='line_1_55' title="bbox 2196 1005 3850 1079; baseline 0.002 -20"><span class='ocrx_word' id='word_1_383' title='bbox 2196 1006 2305 1060; x_wconf 83' lang='lat' dir='ltr'>Sed</span> <span class='ocrx_word' id='word_1_384' title='bbox 2339 1023 2445 1060; x_wconf 90' lang='lat' dir='ltr'>nos</span> <span class='ocrx_word' id='word_1_385' title='bbox 2476 1023 2506 1060; x_wconf 92' lang='lat' dir='ltr'>e</span> <span class='ocrx_word' id='word_1_386' title='bbox 2528 1007 2816 1062; x_wconf 90' lang='lat' dir='ltr'>contrario</span> <span class='ocrx_word' id='word_1_387' title='bbox 2849 1023 2951 1079; x_wconf 89' lang='lat' dir='ltr'>per</span> <span class='ocrx_word' id='word_1_388' title='bbox 2976 1008 3347 1063; x_wconf 90' lang='lat' dir='ltr'>Salomonem</span> <span class='ocrx_word' id='word_1_389' title='bbox 3372 1005 3627 1062; x_wconf 88' lang='lat' dir='ltr'>dicimus</span> <span class='ocrx_word' id='word_1_390' title='bbox 3657 1008 3850 1064; x_wconf 87' lang='lat' dir='ltr'>vobis.</span> 
     </span>
    </p>
   </div>
   <div class='ocr_carea' id='block_1_56' title="bbox 2201 1094 3851 1166">
    <p class='ocr_par' dir='ltr' id='par_1_56' title="bbox 2201 1094 3851 1166">
     <span class='ocr_line' id='line_1_56' title="bbox 2201 1094 3851 1166; baseline 0.002 -18"><span class='ocrx_word' id='word_1_391' title='bbox 2201 1113 2223 1141; x_wconf 77' lang='grc' dir='ltr'>ι</span> <span class='ocrx_word' id='word_1_392' title='bbox 2256 1094 2332 1149; x_wconf 89' lang='lat' dir='ltr'>Os</span> <span class='ocrx_word' id='word_1_393' title='bbox 2366 1096 2521 1165; x_wconf 89' lang='lat' dir='ltr'>quod</span> <span class='ocrx_word' id='word_1_394' title='bbox 2552 1096 2853 1160; x_wconf 88' lang='lat' dir='ltr'>mentitur,</span> <span class='ocrx_word' id='word_1_395' title='bbox 2886 1096 3099 1151; x_wconf 89' lang='lat' dir='ltr'>occidit</span> <span class='ocrx_word' id='word_1_396' title='bbox 3128 1095 3387 1150; x_wconf 90' lang='lat' dir='ltr'>animam</span> <span class='ocrx_word' id='word_1_397' title='bbox 3418 1094 3568 1166; x_wconf 86' lang='lat' dir='ltr'>(Sap.</span> <span class='ocrx_word' id='word_1_398' title='bbox 3601 1113 3643 1164; x_wconf 81' lang='grc' dir='ltr'>ι,</span> <span class='ocrx_word' id='word_1_399' title='bbox 3679 1097 3795 1166; x_wconf 85' lang='grc'>11).</span> <span class='ocrx_word' id='word_1_400' title='bbox 3822 1118 3851 1145; x_wconf 81' lang='lat'><strong>»</strong></span> 
     </span>
    </p>
   </div>
   <div class='ocr_carea' id='block_1_57' title="bbox 2195 1182 3851 1255">
    <p class='ocr_par' dir='ltr' id='par_1_57' title="bbox 2195 1182 3851 1255">
     <span class='ocr_line' id='line_1_57' title="bbox 2195 1182 3851 1255; baseline 0.003 -19"><span class='ocrx_word' id='word_1_401' title='bbox 2195 1182 2392 1253; x_wconf 89' lang='lat' dir='ltr'>Neque</span> <span class='ocrx_word' id='word_1_402' title='bbox 2420 1184 2575 1237; x_wconf 90' lang='lat' dir='ltr'>enim</span> <span class='ocrx_word' id='word_1_403' title='bbox 2608 1185 2882 1255; x_wconf 67' lang='lat' dir='ltr'>praefatus</span> <span class='ocrx_word' id='word_1_404' title='bbox 2912 1185 3220 1255; x_wconf 91' lang='lat' dir='ltr'>episcopus</span> <span class='ocrx_word' id='word_1_405' title='bbox 3269 1188 3564 1240; x_wconf 89' lang='lat' dir='ltr'>correctus</span> <span class='ocrx_word' id='word_1_406' title='bbox 3618 1201 3654 1239; x_wconf 88' lang='lat' dir='ltr'>a</span> <span class='ocrx_word' id='word_1_407' title='bbox 3681 1185 3851 1241; x_wconf 85' lang='lat' dir='ltr'>vobis</span> 
     </span>
    </p>
   </div>
   <div class='ocr_carea' id='block_1_58' title="bbox 2196 1270 3851 1344">
    <p class='ocr_par' dir='ltr' id='par_1_58' title="bbox 2196 1270 3851 1344">
     <span class='ocr_line' id='line_1_58' title="bbox 2196 1270 3851 1344; baseline 0 -18"><span class='ocrx_word' id='word_1_408' title='bbox 2196 1271 2508 1342; x_wconf 87' lang='lat' dir='ltr'>aliquando</span> <span class='ocrx_word' id='word_1_409' title='bbox 2539 1270 2680 1326; x_wconf 90' lang='lat' dir='ltr'>talia</span> <span class='ocrx_word' id='word_1_410' title='bbox 2711 1271 2991 1343; x_wconf 92' lang='lat' dir='ltr'>populum</span> <span class='ocrx_word' id='word_1_411' title='bbox 3015 1272 3209 1325; x_wconf 89' lang='lat' dir='ltr'>docuit</span> <span class='ocrx_word' id='word_1_412' title='bbox 3241 1273 3344 1326; x_wconf 91' lang='lat' dir='ltr'>aut</span> <span class='ocrx_word' id='word_1_413' title='bbox 3364 1270 3646 1342; x_wconf 89' lang='lat' dir='ltr'>cuiquam</span> <span class='ocrx_word' id='word_1_414' title='bbox 3670 1289 3851 1344; x_wconf 92' lang='lat' dir='ltr'>super</span> 
     </span>
    </p>
   </div>
   <div class='ocr_carea' id='block_1_59' title="bbox 2196 1359 3846 1431">
    <p class='ocr_par' dir='ltr' id='par_1_59' title="bbox 2196 1359 3846 1431">
     <span class='ocr_line' id='line_1_59' title="bbox 2196 1359 3846 1431; baseline 0.001 -18"><span class='ocrx_word' id='word_1_415' title='bbox 2196 1359 2289 1414; x_wconf 85' lang='lat' dir='ltr'>his</span> <span class='ocrx_word' id='word_1_416' title='bbox 2319 1359 2572 1431; x_wconf 90' lang='lat' dir='ltr'>scripsit.</span> <span class='ocrx_word' id='word_1_417' title='bbox 2606 1361 2768 1425; x_wconf 88' lang='lat' dir='ltr'>Quod</span> <span class='ocrx_word' id='word_1_418' title='bbox 2830 1359 2879 1415; x_wconf 91' lang='lat' dir='ltr'>si</span> <span class='ocrx_word' id='word_1_419' title='bbox 2910 1359 3163 1426; x_wconf 88' lang='lat' dir='ltr'>fecisset,</span> <span class='ocrx_word' id='word_1_420' title='bbox 3226 1364 3522 1414; x_wconf 91' lang='lat' dir='ltr'>correctus</span> <span class='ocrx_word' id='word_1_421' title='bbox 3581 1377 3616 1414; x_wconf 90' lang='lat' dir='ltr'>a</span> <span class='ocrx_word' id='word_1_422' title='bbox 3671 1360 3846 1416; x_wconf 85' lang='lat' dir='ltr'>nobis</span> 
     </span>
    </p>
   </div>
   <div class='ocr_carea' id='block_1_60' title="bbox 2196 1448 3845 1520">
    <p class='ocr_par' dir='ltr' id='par_1_60' title="bbox 2196 1448 3845 1520">
     <span class='ocr_line' id='line_1_60' title="bbox 2196 1448 3845 1520; baseline 0.002 -19"><span class='ocrx_word' id='word_1_423' title='bbox 2196 1448 2421 1514; x_wconf 85' lang='lat' dir='ltr'>fuisset,</span> <span class='ocrx_word' id='word_1_424' title='bbox 2456 1465 2559 1502; x_wconf 92' lang='lat' dir='ltr'>cur</span> <span class='ocrx_word' id='word_1_425' title='bbox 2580 1453 2881 1520; x_wconf 90' lang='lat' dir='ltr'>correptus</span> <span class='ocrx_word' id='word_1_426' title='bbox 2908 1465 3019 1503; x_wconf 93' lang='lat' dir='ltr'>non</span> <span class='ocrx_word' id='word_1_427' title='bbox 3046 1453 3242 1502; x_wconf 92' lang='lat' dir='ltr'>autem</span> <span class='ocrx_word' id='word_1_428' title='bbox 3275 1452 3568 1504; x_wconf 88' lang='lat' dir='ltr'>correctus</span> <span class='ocrx_word' id='word_1_429' title='bbox 3594 1466 3628 1503; x_wconf 93' lang='lat' dir='ltr'>a</span> <span class='ocrx_word' id='word_1_430' title='bbox 3654 1448 3845 1516; x_wconf 87' lang='lat' dir='ltr'>vobis,</span> 
     </span>
    </p>
   </div>
   <div class='ocr_carea' id='block_1_61' title="bbox 2196 1535 3847 1609">
    <p class='ocr_par' dir='ltr' id='par_1_61' title="bbox 2196 1535 3847 1609">
     <span class='ocr_line' id='line_1_61' title="bbox 2196 1535 3847 1609; baseline 0.002 -19"><span class='ocrx_word' id='word_1_431' title='bbox 2196 1535 2336 1590; x_wconf 89' lang='lat' dir='ltr'>talia</span> <span class='ocrx_word' id='word_1_432' title='bbox 2367 1537 2839 1608; x_wconf 69' lang='lat' dir='ltr'>przcsumpsisset</span> <span class='ocrx_word' id='word_1_433' title='bbox 2870 1537 2897 1591; x_wconf 69' lang='lat'>‘2</span> <span class='ocrx_word' id='word_1_434' title='bbox 2928 1538 3037 1591; x_wconf 86' lang='lat' dir='ltr'>Sed</span> <span class='ocrx_word' id='word_1_435' title='bbox 3073 1535 3171 1591; x_wconf 93' lang='lat' dir='ltr'>ille</span> <span class='ocrx_word' id='word_1_436' title='bbox 3202 1536 3621 1609; x_wconf 86' lang='lat' dir='ltr'>qualiscunque</span> <span class='ocrx_word' id='word_1_437' title='bbox 3667 1537 3748 1593; x_wconf 90' lang='lat' dir='ltr'>sit</span> <span class='ocrx_word' id='word_1_438' title='bbox 3778 1536 3847 1593; x_wconf 89' lang='lat' dir='ltr'>in</span> 
     </span>
    </p>
   </div>
   <div class='ocr_carea' id='block_1_62' title="bbox 2196 1625 3849 1694">
    <p class='ocr_par' dir='ltr' id='par_1_62' title="bbox 2196 1625 3849 1694">
     <span class='ocr_line' id='line_1_62' title="bbox 2196 1625 3849 1694; baseline 0 -15"><span class='ocrx_word' id='word_1_439' title='bbox 2196 1641 2386 1694; x_wconf 81' lang='lat' dir='ltr'>Opere,</span> <span class='ocrx_word' id='word_1_440' title='bbox 2419 1642 2601 1680; x_wconf 84' lang='lat' dir='ltr'>sanus</span> <span class='ocrx_word' id='word_1_441' title='bbox 2630 1631 2826 1679; x_wconf 88' lang='lat' dir='ltr'>tamen</span> <span class='ocrx_word' id='word_1_442' title='bbox 2858 1625 3143 1681; x_wconf 90' lang='lat' dir='ltr'>hactenus</span> <span class='ocrx_word' id='word_1_443' title='bbox 3172 1625 3393 1681; x_wconf 85' lang='lat' dir='ltr'>exstitit</span> <span class='ocrx_word' id='word_1_444' title='bbox 3434 1626 3493 1681; x_wconf 90' lang='lat' dir='ltr'>in</span> <span class='ocrx_word' id='word_1_445' title='bbox 3521 1625 3849 1681; x_wconf 79' lang='lat' dir='ltr'>orthodoxa</span> 
     </span>
    </p>
   </div>
   <div class='ocr_carea' id='block_1_63' title="bbox 2198 1711 3847 1786">
    <p class='ocr_par' dir='ltr' id='par_1_63' title="bbox 2198 1711 3847 1786">
     <span class='ocr_line' id='line_1_63' title="bbox 2198 1711 3847 1786; baseline 0.002 -21"><span class='ocrx_word' id='word_1_446' title='bbox 2198 1713 2310 1767; x_wconf 82' lang='lat' dir='ltr'>fide</span> <span class='ocrx_word' id='word_1_447' title='bbox 2314 1714 2482 1782; x_wconf 82' lang='lat' dir='ltr'>juxta</span> <span class='ocrx_word' id='word_1_448' title='bbox 2503 1714 2884 1783; x_wconf 85' lang='lat' dir='ltr'>capacitatem</span> <span class='ocrx_word' id='word_1_449' title='bbox 2906 1731 3025 1769; x_wconf 74' lang='lat' dir='ltr'>susa</span> <span class='ocrx_word' id='word_1_450' title='bbox 3044 1711 3847 1786; x_wconf 64' lang='lat' dir='ltr'>intelligentiae.Unde,nullis</span> 
     </span>
    </p>
   </div>
   <div class='ocr_carea' id='block_1_64' title="bbox 2192 1800 3845 1875">
    <p class='ocr_par' dir='ltr' id='par_1_64' title="bbox 2192 1800 3845 1875">
     <span class='ocr_line' id='line_1_64' title="bbox 2192 1800 3845 1875; baseline 0.001 -20"><span class='ocrx_word' id='word_1_451' title='bbox 2192 1801 2403 1856; x_wconf 89' lang='lat' dir='ltr'>vestris</span> <span class='ocrx_word' id='word_1_452' title='bbox 2431 1800 2935 1857; x_wconf 87' lang='lat' dir='ltr'>susurrationibus</span> <span class='ocrx_word' id='word_1_453' title='bbox 2966 1802 3571 1873; x_wconf 86' lang='lat' dir='ltr'>acquiescens,adhuc</span> <span class='ocrx_word' id='word_1_454' title='bbox 3602 1817 3845 1875; x_wconf 86' lang='lat' dir='ltr'>persua-</span> 
     </span>
    </p>
   </div>
   <div class='ocr_carea' id='block_1_65' title="bbox 2195 1890 3848 1960">
    <p class='ocr_par' dir='ltr' id='par_1_65' title="bbox 2195 1890 3848 1960">
     <span class='ocr_line' id='line_1_65' title="bbox 2195 1890 3848 1960; baseline -0.001 -16"><span class='ocrx_word' id='word_1_455' title='bbox 2195 1890 2317 1944; x_wconf 91' lang='lat' dir='ltr'>deri</span> <span class='ocrx_word' id='word_1_456' title='bbox 2352 1906 2466 1944; x_wconf 91' lang='lat' dir='ltr'>non</span> <span class='ocrx_word' id='word_1_457' title='bbox 2500 1891 2687 1960; x_wconf 88' lang='lat' dir='ltr'>potuit</span> <span class='ocrx_word' id='word_1_458' title='bbox 2716 1896 2782 1945; x_wconf 93' lang='lat' dir='ltr'>ut</span> <span class='ocrx_word' id='word_1_459' title='bbox 2813 1891 2989 1946; x_wconf 88' lang='lat' dir='ltr'>alicui</span> <span class='ocrx_word' id='word_1_460' title='bbox 3022 1892 3388 1946; x_wconf 84' lang='lat' dir='ltr'>sacerdotum</span> <span class='ocrx_word' id='word_1_461' title='bbox 3451 1891 3558 1946; x_wconf 92' lang='lat' dir='ltr'>has</span> <span class='ocrx_word' id='word_1_462' title='bbox 3615 1894 3848 1945; x_wconf 88' lang='lat' dir='ltr'>vestras</span> 
     </span>
    </p>
   </div>
   <div class='ocr_carea' id='block_1_66' title="bbox 2198 1977 3849 2050">
    <p class='ocr_par' dir='ltr' id='par_1_66' title="bbox 2198 1977 3849 2050">
     <span class='ocr_line' id='line_1_66' title="bbox 2198 1977 3849 2050; baseline 0 -19"><span class='ocrx_word' id='word_1_463' title='bbox 2198 1977 2418 2033; x_wconf 69' lang='lat' dir='ltr'>naenias</span> <span class='ocrx_word' id='word_1_464' title='bbox 2448 1995 2551 2050; x_wconf 87' lang='lat' dir='ltr'>pro</span> <span class='ocrx_word' id='word_1_465' title='bbox 2582 1979 2932 2034; x_wconf 89' lang='lat' dir='ltr'>correctione</span> <span class='ocrx_word' id='word_1_466' title='bbox 2959 1979 3187 2034; x_wconf 91' lang='lat' dir='ltr'>illorum</span> <span class='ocrx_word' id='word_1_467' title='bbox 3210 1983 3266 2032; x_wconf 92' lang='lat' dir='ltr'>et</span> <span class='ocrx_word' id='word_1_468' title='bbox 3287 1977 3484 2049; x_wconf 86' lang='lat' dir='ltr'>pepuli</span> <span class='ocrx_word' id='word_1_469' title='bbox 3512 1994 3649 2033; x_wconf 92' lang='lat' dir='ltr'>cum</span> <span class='ocrx_word' id='word_1_470' title='bbox 3677 1977 3849 2046; x_wconf 84' lang='lat' dir='ltr'>adju-</span> 
     </span>
    </p>
   </div>
   <div class='ocr_carea' id='block_1_67' title="bbox 2198 2064 3852 2137">
    <p class='ocr_par' dir='ltr' id='par_1_67' title="bbox 2198 2064 3852 2137">
     <span class='ocr_line' id='line_1_67' title="bbox 2198 2064 3852 2137; baseline 0 -17"><span class='ocrx_word' id='word_1_471' title='bbox 2198 2067 2423 2121; x_wconf 85' lang='lat' dir='ltr'>toribus</span> <span class='ocrx_word' id='word_1_472' title='bbox 2453 2068 2728 2121; x_wconf 83' lang='lat' dir='ltr'>mitteret.</span> <span class='ocrx_word' id='word_1_473' title='bbox 2763 2067 2827 2119; x_wconf 84' lang='lat' dir='ltr'>Et</span> <span class='ocrx_word' id='word_1_474' title='bbox 2858 2068 2979 2137; x_wconf 91' lang='lat' dir='ltr'>ipse</span> <span class='ocrx_word' id='word_1_475' title='bbox 3010 2083 3125 2120; x_wconf 94' lang='lat' dir='ltr'>non</span> <span class='ocrx_word' id='word_1_476' title='bbox 3158 2064 3348 2119; x_wconf 91' lang='lat' dir='ltr'>solum</span> <span class='ocrx_word' id='word_1_477' title='bbox 3370 2064 3594 2119; x_wconf 90' lang='lat' dir='ltr'>nullam</span> <span class='ocrx_word' id='word_1_478' title='bbox 3615 2080 3852 2120; x_wconf 85' lang='lat' dir='ltr'>merce-</span> 
     </span>
    </p>
   </div>
   <div class='ocr_carea' id='block_1_68' title="bbox 2197 2151 3855 2223">
    <p class='ocr_par' dir='ltr' id='par_1_68' title="bbox 2197 2151 3855 2223">
     <span class='ocr_line' id='line_1_68' title="bbox 2197 2151 3855 2223; baseline -0.002 -13"><span class='ocrx_word' id='word_1_479' title='bbox 2197 2156 2327 2209; x_wconf 91' lang='lat' dir='ltr'>dem</span> <span class='ocrx_word' id='word_1_480' title='bbox 2367 2157 2421 2209; x_wconf 91' lang='lat' dir='ltr'>in</span> <span class='ocrx_word' id='word_1_481' title='bbox 2452 2155 2545 2209; x_wconf 89' lang='lat' dir='ltr'>his</span> <span class='ocrx_word' id='word_1_482' title='bbox 2584 2157 2822 2209; x_wconf 88' lang='lat' dir='ltr'>haberet</span> <span class='ocrx_word' id='word_1_483' title='bbox 2850 2154 2949 2208; x_wconf 92' lang='lat' dir='ltr'>sed</span> <span class='ocrx_word' id='word_1_484' title='bbox 2982 2154 3221 2223; x_wconf 90' lang='lat' dir='ltr'>insuper</span> <span class='ocrx_word' id='word_1_485' title='bbox 3239 2152 3457 2223; x_wconf 88' lang='lat' dir='ltr'>gradus</span> <span class='ocrx_word' id='word_1_486' title='bbox 3489 2151 3578 2206; x_wconf 93' lang='lat' dir='ltr'>sui</span> <span class='ocrx_word' id='word_1_487' title='bbox 3614 2153 3855 2223; x_wconf 86' lang='lat' dir='ltr'>pericu-</span> 
     </span>
    </p>
   </div>
   <div class='ocr_carea' id='block_1_69' title="bbox 2196 2239 3848 2313">
    <p class='ocr_par' dir='ltr' id='par_1_69' title="bbox 2196 2239 3848 2313">
     <span class='ocr_line' id='line_1_69' title="bbox 2196 2239 3848 2313; baseline -0.001 -15"><span class='ocrx_word' id='word_1_488' title='bbox 2196 2243 2319 2298; x_wconf 92' lang='lat' dir='ltr'>lum</span> <span class='ocrx_word' id='word_1_489' title='bbox 2352 2244 2684 2297; x_wconf 89' lang='lat' dir='ltr'>incurreret.</span> <span class='ocrx_word' id='word_1_490' title='bbox 2717 2241 2819 2296; x_wconf 89' lang='lat' dir='ltr'>Cui</span> <span class='ocrx_word' id='word_1_491' title='bbox 2849 2242 3050 2304; x_wconf 91' lang='lat' dir='ltr'>etiam,</span> <span class='ocrx_word' id='word_1_492' title='bbox 3082 2241 3130 2295; x_wconf 91' lang='lat' dir='ltr'>si</span> <span class='ocrx_word' id='word_1_493' title='bbox 3160 2240 3324 2295; x_wconf 90' lang='lat' dir='ltr'>vobis</span> <span class='ocrx_word' id='word_1_494' title='bbox 3345 2239 3407 2294; x_wconf 90' lang='lat' dir='ltr'>in</span> <span class='ocrx_word' id='word_1_495' title='bbox 3428 2240 3642 2294; x_wconf 85' lang='lat' dir='ltr'>vestris</span> <span class='ocrx_word' id='word_1_496' title='bbox 3665 2240 3848 2313; x_wconf 85' lang='lat' dir='ltr'>nugis</span> 
     </span>
    </p>
   </div>
   <div class='ocr_carea' id='block_1_70' title="bbox 2195 2325 3845 2399">
    <p class='ocr_par' dir='ltr' id='par_1_70' title="bbox 2195 2325 3845 2399">
     <span class='ocr_line' id='line_1_70' title="bbox 2195 2325 3845 2399; baseline -0.001 -13"><span class='ocrx_word' id='word_1_497' title='bbox 2195 2331 2445 2398; x_wconf 90' lang='lat' dir='ltr'>obediat,</span> <span class='ocrx_word' id='word_1_498' title='bbox 2496 2330 2651 2385; x_wconf 92' lang='lat' dir='ltr'>aliud</span> <span class='ocrx_word' id='word_1_499' title='bbox 2702 2329 2988 2384; x_wconf 89' lang='lat' dir='ltr'>mercedis</span> <span class='ocrx_word' id='word_1_500' title='bbox 3019 2327 3378 2399; x_wconf 89' lang='lat' dir='ltr'>repromittis</span> <span class='ocrx_word' id='word_1_501' title='bbox 3421 2344 3433 2382; x_wconf 95' lang='lat'>:</span> <span class='ocrx_word' id='word_1_502' title='bbox 3486 2325 3711 2383; x_wconf 88' lang='lat' dir='ltr'>scilicet</span> <span class='ocrx_word' id='word_1_503' title='bbox 3738 2345 3845 2384; x_wconf 90' lang='lat' dir='ltr'>vos</span> 
     </span>
    </p>
   </div>
   <div class='ocr_carea' id='block_1_71' title="bbox 2193 2414 3841 2489">
    <p class='ocr_par' dir='ltr' id='par_1_71' title="bbox 2193 2414 3841 2489">
     <span class='ocr_line' id='line_1_71' title="bbox 2193 2414 3841 2489; baseline -0.001 -16"><span class='ocrx_word' id='word_1_504' title='bbox 2193 2419 2447 2474; x_wconf 89' lang='lat' dir='ltr'>secundo</span> <span class='ocrx_word' id='word_1_505' title='bbox 2479 2417 2529 2473; x_wconf 92' lang='lat' dir='ltr'>ei</span> <span class='ocrx_word' id='word_1_506' title='bbox 2560 2416 2845 2489; x_wconf 90' lang='lat' dir='ltr'>scriptum</span> <span class='ocrx_word' id='word_1_507' title='bbox 2877 2417 2960 2472; x_wconf 92' lang='lat' dir='ltr'>ire</span> <span class='ocrx_word' id='word_1_508' title='bbox 2992 2417 3217 2487; x_wconf 89' lang='lat' dir='ltr'>majora</span> <span class='ocrx_word' id='word_1_509' title='bbox 3246 2418 3304 2471; x_wconf 88' lang='lat' dir='ltr'>et</span> <span class='ocrx_word' id='word_1_510' title='bbox 3345 2414 3692 2486; x_wconf 83' lang='lat' dir='ltr'>perfectiora</span> <span class='ocrx_word' id='word_1_511' title='bbox 3723 2415 3841 2484; x_wconf 90' lang='lat' dir='ltr'>his,</span> 
     </span>
    </p>
   </div>
   <div class='ocr_carea' id='block_1_72' title="bbox 2189 2503 3841 2576">
    <p class='ocr_par' dir='ltr' id='par_1_72' title="bbox 2189 2503 3841 2576">
     <span class='ocr_line' id='line_1_72' title="bbox 2189 2503 3841 2576; baseline -0.001 -15"><span class='ocrx_word' id='word_1_512' title='bbox 2189 2523 2324 2561; x_wconf 86' lang='lat' dir='ltr'>vera</span> <span class='ocrx_word' id='word_1_513' title='bbox 2351 2506 2485 2560; x_wconf 80' lang='lat' dir='ltr'>fidei</span> <span class='ocrx_word' id='word_1_514' title='bbox 2506 2507 2858 2572; x_wconf 90' lang='lat' dir='ltr'>ostensione,</span> <span class='ocrx_word' id='word_1_515' title='bbox 2884 2521 2949 2560; x_wconf 94' lang='lat' dir='ltr'>ac</span> <span class='ocrx_word' id='word_1_516' title='bbox 2975 2506 3345 2559; x_wconf 87' lang='lat' dir='ltr'>firmamento</span> <span class='ocrx_word' id='word_1_517' title='bbox 3372 2503 3841 2576; x_wconf 88' lang='lat' dir='ltr'>animarum,pro</span> 
     </span>
    </p>
   </div>
   <div class='ocr_carea' id='block_1_73' title="bbox 2190 2591 3840 2666">
    <p class='ocr_par' dir='ltr' id='par_1_73' title="bbox 2190 2591 3840 2666">
     <span class='ocr_line' id='line_1_73' title="bbox 2190 2591 3840 2666; baseline -0.001 -17"><span class='ocrx_word' id='word_1_518' title='bbox 2190 2595 2408 2666; x_wconf 91' lang='lat' dir='ltr'>quibus</span> <span class='ocrx_word' id='word_1_519' title='bbox 2438 2593 2707 2648; x_wconf 90' lang='lat' dir='ltr'>Christus</span> <span class='ocrx_word' id='word_1_520' title='bbox 2734 2599 2930 2665; x_wconf 80' lang='lat' dir='ltr'>posuit</span> <span class='ocrx_word' id='word_1_521' title='bbox 2977 2592 3235 2648; x_wconf 88' lang='lat' dir='ltr'>animam</span> <span class='ocrx_word' id='word_1_522' title='bbox 3288 2608 3480 2648; x_wconf 84' lang='lat' dir='ltr'>suam.</span> <span class='ocrx_word' id='word_1_523' title='bbox 3527 2591 3589 2648; x_wconf 93' lang='lat' dir='ltr'>In</span> <span class='ocrx_word' id='word_1_524' title='bbox 3622 2592 3840 2665; x_wconf 90' lang='lat' dir='ltr'>quibus</span> 
     </span>
    </p>
   </div>
   <div class='ocr_carea' id='block_1_74' title="bbox 2190 2680 3842 2756">
    <p class='ocr_par' dir='ltr' id='par_1_74' title="bbox 2190 2680 3842 2756">
     <span class='ocr_line' id='line_1_74' title="bbox 2190 2680 3842 2756; baseline 0 -19"><span class='ocrx_word' id='word_1_525' title='bbox 2190 2684 2359 2756; x_wconf 83' lang='lat' dir='ltr'>plane</span> <span class='ocrx_word' id='word_1_526' title='bbox 2391 2681 2698 2754; x_wconf 78' lang='lat' dir='ltr'>promissis</span> <span class='ocrx_word' id='word_1_527' title='bbox 2726 2681 3035 2753; x_wconf 88' lang='lat' dir='ltr'>antiquum</span> <span class='ocrx_word' id='word_1_528' title='bbox 3058 2681 3237 2736; x_wconf 90' lang='lat' dir='ltr'>ritum</span> <span class='ocrx_word' id='word_1_529' title='bbox 3267 2680 3674 2737; x_wconf 61' lang='lat' dir='ltr'>hereticorum</span> <span class='ocrx_word' id='word_1_530' title='bbox 3708 2681 3842 2737; x_wconf 88' lang='lat' dir='ltr'>reti-</span> 
     </span>
    </p>
   </div>
   <div class='ocr_carea' id='block_1_75' title="bbox 2190 2768 3838 2842">
    <p class='ocr_par' dir='ltr' id='par_1_75' title="bbox 2190 2768 3838 2842">
     <span class='ocr_line' id='line_1_75' title="bbox 2190 2768 3838 2842; baseline -0.002 -14"><span class='ocrx_word' id='word_1_531' title='bbox 2190 2773 2361 2839; x_wconf 92' lang='lat' dir='ltr'>netis,</span> <span class='ocrx_word' id='word_1_532' title='bbox 2395 2788 2644 2841; x_wconf 90' lang='lat' dir='ltr'>quorum</span> <span class='ocrx_word' id='word_1_533' title='bbox 2675 2787 2866 2826; x_wconf 92' lang='lat' dir='ltr'>sermo</span> <span class='ocrx_word' id='word_1_534' title='bbox 2913 2771 3065 2827; x_wconf 92' lang='lat' dir='ltr'>sicut</span> <span class='ocrx_word' id='word_1_535' title='bbox 3090 2786 3298 2825; x_wconf 89' lang='lat' dir='ltr'>cancer</span> <span class='ocrx_word' id='word_1_536' title='bbox 3346 2770 3548 2841; x_wconf 91' lang='lat' dir='ltr'>serpit,</span> <span class='ocrx_word' id='word_1_537' title='bbox 3581 2775 3637 2825; x_wconf 89' lang='lat' dir='ltr'>et</span> <span class='ocrx_word' id='word_1_538' title='bbox 3665 2768 3838 2842; x_wconf 90' lang='lat' dir='ltr'>polli-</span> 
     </span>
    </p>
   </div>
   <div class='ocr_carea' id='block_1_76' title="bbox 2190 2858 3837 2931">
    <p class='ocr_par' dir='ltr' id='par_1_76' title="bbox 2190 2858 3837 2931">
     <span class='ocr_line' id='line_1_76' title="bbox 2190 2858 3837 2931; baseline -0.002 -14"><span class='ocrx_word' id='word_1_539' title='bbox 2190 2867 2353 2917; x_wconf 90' lang='lat' dir='ltr'>cetur</span> <span class='ocrx_word' id='word_1_540' title='bbox 2380 2860 2628 2915; x_wconf 90' lang='lat' dir='ltr'>curiosis</span> <span class='ocrx_word' id='word_1_541' title='bbox 2658 2860 2960 2930; x_wconf 85' lang='lat' dir='ltr'>fastigium</span> <span class='ocrx_word' id='word_1_542' title='bbox 3000 2860 3265 2931; x_wconf 64' lang='lat' dir='ltr'>perfecta:</span> <span class='ocrx_word' id='word_1_543' title='bbox 3296 2858 3573 2927; x_wconf 65' lang='lat' dir='ltr'>scientiae,</span> <span class='ocrx_word' id='word_1_544' title='bbox 3607 2864 3676 2914; x_wconf 94' lang='lat' dir='ltr'>ut</span> <span class='ocrx_word' id='word_1_545' title='bbox 3706 2875 3837 2931; x_wconf 91' lang='lat' dir='ltr'>per-</span> 
     </span>
    </p>
   </div>
   <div class='ocr_carea' id='block_1_77' title="bbox 2189 2945 3839 3010">
    <p class='ocr_par' dir='ltr' id='par_1_77' title="bbox 2189 2945 3839 3010">
     <span class='ocr_line' id='line_1_77' title="bbox 2189 2945 3839 3010; baseline 0 -7"><span class='ocrx_word' id='word_1_546' title='bbox 2189 2949 2382 3004; x_wconf 88' lang='lat' dir='ltr'>trahat</span> <span class='ocrx_word' id='word_1_547' title='bbox 2412 2948 2482 3002; x_wconf 89' lang='lat' dir='ltr'>ad</span> <span class='ocrx_word' id='word_1_548' title='bbox 2527 2947 2868 3003; x_wconf 84' lang='lat' dir='ltr'>barathrum</span> <span class='ocrx_word' id='word_1_549' title='bbox 2921 2951 3190 3003; x_wconf 67' lang='lat' dir='ltr'>extermis</span> <span class='ocrx_word' id='word_1_550' title='bbox 3240 2945 3523 3002; x_wconf 66' lang='lat' dir='ltr'>stultitiae.</span> <span class='ocrx_word' id='word_1_551' title='bbox 3574 2948 3839 3010; x_wconf 88' lang='lat' dir='ltr'>Quorum</span> 
     </span>
    </p>
   </div>
   <div class='ocr_carea' id='block_1_78' title="bbox 2187 3034 3839 3109">
    <p class='ocr_par' dir='ltr' id='par_1_78' title="bbox 2187 3034 3839 3109">
     <span class='ocr_line' id='line_1_78' title="bbox 2187 3034 3839 3109; baseline 0 -17"><span class='ocrx_word' id='word_1_552' title='bbox 2187 3038 2506 3093; x_wconf 90' lang='lat' dir='ltr'>vanitatem</span> <span class='ocrx_word' id='word_1_553' title='bbox 2556 3036 2856 3107; x_wconf 90' lang='lat' dir='ltr'>Sapientia</span> <span class='ocrx_word' id='word_1_554' title='bbox 2885 3035 2982 3091; x_wconf 88' lang='lat' dir='ltr'>Dei</span> <span class='ocrx_word' id='word_1_555' title='bbox 3017 3052 3122 3108; x_wconf 85' lang='lat' dir='ltr'>per</span> <span class='ocrx_word' id='word_1_556' title='bbox 3175 3034 3544 3091; x_wconf 89' lang='lat' dir='ltr'>Salomonem</span> <span class='ocrx_word' id='word_1_557' title='bbox 3602 3036 3839 3109; x_wconf 88' lang='lat' dir='ltr'>proprie</span> 
     </span>
    </p>
   </div>
   <div class='ocr_carea' id='block_1_79' title="bbox 2188 3123 3839 3197">
    <p class='ocr_par' dir='ltr' id='par_1_79' title="bbox 2188 3123 3839 3197">
     <span class='ocr_line' id='line_1_79' title="bbox 2188 3123 3839 3197; baseline 0.001 -17"><span class='ocrx_word' id='word_1_558' title='bbox 2188 3125 2597 3181; x_wconf 88' lang='lat' dir='ltr'>demonstrans</span> <span class='ocrx_word' id='word_1_559' title='bbox 2629 3127 2746 3179; x_wconf 89' lang='lat' dir='ltr'>ait:</span> <span class='ocrx_word' id='word_1_560' title='bbox 2781 3146 2809 3173; x_wconf 89' lang='grc'>‹‹</span> <span class='ocrx_word' id='word_1_561' title='bbox 2840 3123 3047 3180; x_wconf 86' lang='lat' dir='ltr'>Mulier</span> <span class='ocrx_word' id='word_1_562' title='bbox 3072 3124 3254 3180; x_wconf 90' lang='lat' dir='ltr'>stulta</span> <span class='ocrx_word' id='word_1_563' title='bbox 3269 3128 3326 3180; x_wconf 91' lang='lat' dir='ltr'>et</span> <span class='ocrx_word' id='word_1_564' title='bbox 3351 3124 3839 3197; x_wconf 87' lang='lat' dir='ltr'>clamosa,plena-</span> 
     </span>
    </p>
   </div>
   <div class='ocr_carea' id='block_1_80' title="bbox 2105 3198 3837 3284">
    <p class='ocr_par' dir='ltr' id='par_1_80' title="bbox 2105 3198 3837 3284">
     <span class='ocr_line' id='line_1_80' title="bbox 2105 3198 3837 3284; baseline 0.003 -20"><span class='ocrx_word' id='word_1_565' title='bbox 2105 3198 2148 3264; x_wconf 88' lang='lat' dir='ltr'>C</span> <span class='ocrx_word' id='word_1_566' title='bbox 2187 3229 2301 3284; x_wconf 88' lang='lat' dir='ltr'>que</span> <span class='ocrx_word' id='word_1_567' title='bbox 2331 3211 2641 3276; x_wconf 90' lang='lat' dir='ltr'>illecebris,</span> <span class='ocrx_word' id='word_1_568' title='bbox 2674 3217 2731 3267; x_wconf 92' lang='lat' dir='ltr'>et</span> <span class='ocrx_word' id='word_1_569' title='bbox 2759 3211 2907 3266; x_wconf 91' lang='lat' dir='ltr'>nihil</span> <span class='ocrx_word' id='word_1_570' title='bbox 2940 3213 3181 3268; x_wconf 91' lang='lat' dir='ltr'>omnino</span> <span class='ocrx_word' id='word_1_571' title='bbox 3222 3211 3433 3279; x_wconf 88' lang='lat' dir='ltr'>sciens,</span> <span class='ocrx_word' id='word_1_572' title='bbox 3467 3213 3630 3269; x_wconf 89' lang='lat' dir='ltr'>sedet</span> <span class='ocrx_word' id='word_1_573' title='bbox 3661 3214 3721 3269; x_wconf 92' lang='lat' dir='ltr'>in</span> <span class='ocrx_word' id='word_1_574' title='bbox 3755 3214 3837 3269; x_wconf 87' lang='lat' dir='ltr'>fo-</span> 
     </span>
    </p>
   </div>
   <div class='ocr_carea' id='block_1_81' title="bbox 2183 3299 3836 3367">
    <p class='ocr_par' dir='ltr' id='par_1_81' title="bbox 2183 3299 3836 3367">
     <span class='ocr_line' id='line_1_81' title="bbox 2183 3299 3836 3367; baseline 0.001 -11"><span class='ocrx_word' id='word_1_575' title='bbox 2183 3301 2346 3356; x_wconf 90' lang='lat' dir='ltr'>ribus</span> <span class='ocrx_word' id='word_1_576' title='bbox 2376 3301 2589 3355; x_wconf 91' lang='lat' dir='ltr'>domus</span> <span class='ocrx_word' id='word_1_577' title='bbox 2621 3317 2760 3367; x_wconf 71' lang='lat' dir='ltr'>sum,</span> <span class='ocrx_word' id='word_1_578' title='bbox 2788 3300 2849 3355; x_wconf 92' lang='lat' dir='ltr'>in</span> <span class='ocrx_word' id='word_1_579' title='bbox 2890 3299 3117 3357; x_wconf 89' lang='lat' dir='ltr'>excelso</span> <span class='ocrx_word' id='word_1_580' title='bbox 3173 3301 3338 3356; x_wconf 92' lang='lat' dir='ltr'>urbis</span> <span class='ocrx_word' id='word_1_581' title='bbox 3393 3300 3541 3366; x_wconf 87' lang='lat' dir='ltr'>loco,</span> <span class='ocrx_word' id='word_1_582' title='bbox 3573 3306 3641 3356; x_wconf 93' lang='lat' dir='ltr'>ut</span> <span class='ocrx_word' id='word_1_583' title='bbox 3669 3307 3836 3357; x_wconf 88' lang='lat' dir='ltr'>vocet</span> 
     </span>
    </p>
   </div>
   <div class='ocr_carea' id='block_1_82' title="bbox 2179 3389 3833 3463">
    <p class='ocr_par' dir='ltr' id='par_1_82' title="bbox 2179 3389 3833 3463">
     <span class='ocr_line' id='line_1_82' title="bbox 2179 3389 3833 3463; baseline 0.001 -18"><span class='ocrx_word' id='word_1_584' title='bbox 2179 3394 2550 3446; x_wconf 89' lang='lat' dir='ltr'>transeuntes</span> <span class='ocrx_word' id='word_1_585' title='bbox 2584 3407 2686 3461; x_wconf 92' lang='lat' dir='ltr'>per</span> <span class='ocrx_word' id='word_1_586' title='bbox 2703 3389 2951 3457; x_wconf 90' lang='lat' dir='ltr'>viam,et</span> <span class='ocrx_word' id='word_1_587' title='bbox 2980 3393 3287 3463; x_wconf 88' lang='lat' dir='ltr'>pergentes</span> <span class='ocrx_word' id='word_1_588' title='bbox 3312 3389 3520 3445; x_wconf 89' lang='lat' dir='ltr'>itinere</span> <span class='ocrx_word' id='word_1_589' title='bbox 3550 3392 3833 3456; x_wconf 87' lang='lat' dir='ltr'>suo.Quis</span> 
     </span>
    </p>
   </div>
   <div class='ocr_carea' id='block_1_83' title="bbox 2179 3476 3832 3550">
    <p class='ocr_par' dir='ltr' id='par_1_83' title="bbox 2179 3476 3832 3550">
     <span class='ocr_line' id='line_1_83' title="bbox 2179 3476 3832 3550; baseline -0.001 -15"><span class='ocrx_word' id='word_1_590' title='bbox 2179 3484 2267 3535; x_wconf 91' lang='lat' dir='ltr'>est</span> <span class='ocrx_word' id='word_1_591' title='bbox 2297 3476 2613 3550; x_wconf 84' lang='lat' dir='ltr'>parvulus?</span> <span class='ocrx_word' id='word_1_592' title='bbox 2630 3477 2883 3533; x_wconf 91' lang='lat' dir='ltr'>declinet</span> <span class='ocrx_word' id='word_1_593' title='bbox 2910 3478 2982 3533; x_wconf 91' lang='lat' dir='ltr'>ad</span> <span class='ocrx_word' id='word_1_594' title='bbox 3016 3479 3203 3533; x_wconf 88' lang='lat' dir='ltr'>me.Et</span> <span class='ocrx_word' id='word_1_595' title='bbox 3232 3479 3457 3534; x_wconf 89' lang='lat' dir='ltr'>vecordi</span> <span class='ocrx_word' id='word_1_596' title='bbox 3492 3478 3690 3536; x_wconf 87' lang='lat' dir='ltr'>locuta</span> <span class='ocrx_word' id='word_1_597' title='bbox 3707 3485 3832 3536; x_wconf 87' lang='lat' dir='ltr'>est:</span> 
     </span>
    </p>
   </div>
   <div class='ocr_carea' id='block_1_84' title="bbox 2176 3566 3831 3639">
    <p class='ocr_par' dir='ltr' id='par_1_84' title="bbox 2176 3566 3831 3639">
     <span class='ocr_line' id='line_1_84' title="bbox 2176 3566 3831 3639; baseline 0 -16"><span class='ocrx_word' id='word_1_598' title='bbox 2176 3570 2353 3639; x_wconf 78' lang='lat' dir='ltr'>Aquae</span> <span class='ocrx_word' id='word_1_599' title='bbox 2383 3566 2605 3621; x_wconf 66' lang='lat' dir='ltr'>furtiva:</span> <span class='ocrx_word' id='word_1_600' title='bbox 2636 3566 2926 3621; x_wconf 90' lang='lat' dir='ltr'>dulciores</span> <span class='ocrx_word' id='word_1_601' title='bbox 2957 3570 3117 3631; x_wconf 88' lang='lat' dir='ltr'>sunt,</span> <span class='ocrx_word' id='word_1_602' title='bbox 3148 3572 3206 3621; x_wconf 91' lang='lat' dir='ltr'>et</span> <span class='ocrx_word' id='word_1_603' title='bbox 3236 3566 3406 3638; x_wconf 90' lang='lat' dir='ltr'>panis</span> <span class='ocrx_word' id='word_1_604' title='bbox 3447 3567 3831 3623; x_wconf 89' lang='lat' dir='ltr'>absconditus</span> 
     </span>
    </p>
   </div>
   <div class='ocr_carea' id='block_1_85' title="bbox 2178 3654 3832 3727">
    <p class='ocr_par' dir='ltr' id='par_1_85' title="bbox 2178 3654 3832 3727">
     <span class='ocr_line' id='line_1_85' title="bbox 2178 3654 3832 3727; baseline -0.001 -16"><span class='ocrx_word' id='word_1_605' title='bbox 2178 3656 2431 3711; x_wconf 91' lang='lat' dir='ltr'>suavior.</span> <span class='ocrx_word' id='word_1_606' title='bbox 2465 3656 2537 3710; x_wconf 88' lang='lat' dir='ltr'>Et</span> <span class='ocrx_word' id='word_1_607' title='bbox 2568 3654 2860 3727; x_wconf 91' lang='lat' dir='ltr'>ignoravit</span> <span class='ocrx_word' id='word_1_608' title='bbox 2889 3655 3043 3726; x_wconf 90' lang='lat' dir='ltr'>quod</span> <span class='ocrx_word' id='word_1_609' title='bbox 3080 3655 3346 3727; x_wconf 89' lang='lat' dir='ltr'>gigantes</span> <span class='ocrx_word' id='word_1_610' title='bbox 3376 3655 3455 3711; x_wconf 90' lang='lat' dir='ltr'>ibi</span> <span class='ocrx_word' id='word_1_611' title='bbox 3490 3659 3652 3723; x_wconf 87' lang='lat' dir='ltr'>sunt,</span> <span class='ocrx_word' id='word_1_612' title='bbox 3684 3661 3744 3712; x_wconf 89' lang='lat' dir='ltr'>et</span> <span class='ocrx_word' id='word_1_613' title='bbox 3773 3656 3832 3711; x_wconf 91' lang='lat' dir='ltr'>in</span> 
     </span>
    </p>
   </div>
   <div class='ocr_carea' id='block_1_86' title="bbox 2180 3743 3831 3817">
    <p class='ocr_par' dir='ltr' id='par_1_86' title="bbox 2180 3743 3831 3817">
     <span class='ocr_line' id='line_1_86' title="bbox 2180 3743 3831 3817; baseline -0.002 -18"><span class='ocrx_word' id='word_1_614' title='bbox 2180 3743 2504 3817; x_wconf 89' lang='lat' dir='ltr'>profundis,</span> <span class='ocrx_word' id='word_1_615' title='bbox 2532 3743 2746 3798; x_wconf 90' lang='lat' dir='ltr'>inferni</span> <span class='ocrx_word' id='word_1_616' title='bbox 2777 3744 3027 3798; x_wconf 69' lang='lat' dir='ltr'>conviva:</span> <span class='ocrx_word' id='word_1_617' title='bbox 3062 3744 3191 3814; x_wconf 91' lang='lat' dir='ltr'>ejus</span> <span class='ocrx_word' id='word_1_618' title='bbox 3221 3744 3405 3813; x_wconf 88' lang='lat' dir='ltr'>(Prov.</span> <span class='ocrx_word' id='word_1_619' title='bbox 3441 3761 3515 3803; x_wconf 82' lang='lat' dir='ltr'>ix.</span> <span class='ocrx_word' id='word_1_620' title='bbox 3550 3744 3768 3814; x_wconf 76' lang='grc'>43-18).</span> <span class='ocrx_word' id='word_1_621' title='bbox 3803 3766 3831 3794; x_wconf 85' lang='grc'><strong>››</strong></span> 
     </span>
    </p>
   </div>
   <div class='ocr_carea' id='block_1_87' title="bbox 2177 3832 3829 3905">
    <p class='ocr_par' dir='ltr' id='par_1_87' title="bbox 2177 3832 3829 3905">
     <span class='ocr_line' id='line_1_87' title="bbox 2177 3832 3829 3905; baseline 0.001 -17"><span class='ocrx_word' id='word_1_622' title='bbox 2177 3835 2281 3888; x_wconf 86' lang='lat' dir='ltr'>Hic</span> <span class='ocrx_word' id='word_1_623' title='bbox 2312 3832 2482 3905; x_wconf 91' lang='lat' dir='ltr'>plane</span> <span class='ocrx_word' id='word_1_624' title='bbox 2504 3832 2598 3887; x_wconf 89' lang='lat' dir='ltr'>hic</span> <span class='ocrx_word' id='word_1_625' title='bbox 2619 3832 2797 3888; x_wconf 89' lang='lat' dir='ltr'>vestri</span> <span class='ocrx_word' id='word_1_626' title='bbox 2818 3833 3022 3887; x_wconf 82' lang='lat' dir='ltr'>efﬁcax</span> <span class='ocrx_word' id='word_1_627' title='bbox 3044 3833 3305 3904; x_wconf 90' lang='lat' dir='ltr'>depictor</span> <span class='ocrx_word' id='word_1_628' title='bbox 3332 3837 3441 3898; x_wconf 89' lang='lat' dir='ltr'>est,</span> <span class='ocrx_word' id='word_1_629' title='bbox 3466 3832 3568 3905; x_wconf 93' lang='lat' dir='ltr'>qui</span> <span class='ocrx_word' id='word_1_630' title='bbox 3600 3835 3829 3905; x_wconf 86' lang='lat' dir='ltr'>majora</span> 
     </span>
    </p>
   </div>
   <div class='ocr_carea' id='block_1_88' title="bbox 2175 3921 3830 3993">
    <p class='ocr_par' dir='ltr' id='par_1_88' title="bbox 2175 3921 3830 3993">
     <span class='ocr_line' id='line_1_88' title="bbox 2175 3921 3830 3993; baseline -0.001 -15"><span class='ocrx_word' id='word_1_631' title='bbox 2175 3928 2232 3978; x_wconf 91' lang='lat' dir='ltr'>et</span> <span class='ocrx_word' id='word_1_632' title='bbox 2261 3922 2605 3993; x_wconf 90' lang='lat' dir='ltr'>perfectiora</span> <span class='ocrx_word' id='word_1_633' title='bbox 2624 3921 2694 3975; x_wconf 88' lang='lat' dir='ltr'>ad</span> <span class='ocrx_word' id='word_1_634' title='bbox 2726 3921 3117 3977; x_wconf 87' lang='lat' dir='ltr'>ostensienem</span> <span class='ocrx_word' id='word_1_635' title='bbox 3141 3921 3277 3975; x_wconf 83' lang='lat' dir='ltr'>fidei</span> <span class='ocrx_word' id='word_1_636' title='bbox 3297 3925 3357 3976; x_wconf 90' lang='lat' dir='ltr'>et</span> <span class='ocrx_word' id='word_1_637' title='bbox 3386 3922 3830 3978; x_wconf 84' lang='lat' dir='ltr'>ﬁrmamentum</span> 
     </span>
    </p>
   </div>
   <div class='ocr_carea' id='block_1_89' title="bbox 2176 4009 3834 4082">
    <p class='ocr_par' dir='ltr' id='par_1_89' title="bbox 2176 4009 3834 4082">
     <span class='ocr_line' id='line_1_89' title="bbox 2176 4009 3834 4082; baseline 0.001 -16"><span class='ocrx_word' id='word_1_638' title='bbox 2176 4011 2508 4066; x_wconf 89' lang='lat' dir='ltr'>animarum</span> <span class='ocrx_word' id='word_1_639' title='bbox 2523 4009 2877 4082; x_wconf 91' lang='lat' dir='ltr'>pollicemini</span> <span class='ocrx_word' id='word_1_640' title='bbox 2892 4010 3187 4065; x_wconf 90' lang='lat' dir='ltr'>invitando</span> <span class='ocrx_word' id='word_1_641' title='bbox 3200 4010 3475 4082; x_wconf 88' lang='lat' dir='ltr'>parvulos</span> <span class='ocrx_word' id='word_1_642' title='bbox 3487 4015 3546 4066; x_wconf 90' lang='lat' dir='ltr'>et</span> <span class='ocrx_word' id='word_1_643' title='bbox 3556 4013 3834 4067; x_wconf 88' lang='lat' dir='ltr'>vecordes</span> 
     </span>
    </p>
   </div>
   <div class='ocr_carea' id='block_1_90' title="bbox 2176 4097 3832 4171">
    <p class='ocr_par' dir='ltr' id='par_1_90' title="bbox 2176 4097 3832 4171">
     <span class='ocr_line' id='line_1_90' title="bbox 2176 4097 3832 4171; baseline -0.001 -16"><span class='ocrx_word' id='word_1_644' title='bbox 2176 4100 2248 4155; x_wconf 90' lang='lat' dir='ltr'>ad</span> <span class='ocrx_word' id='word_1_645' title='bbox 2280 4116 2445 4171; x_wconf 64' lang='lat' dir='ltr'>aqua;</span> <span class='ocrx_word' id='word_1_646' title='bbox 2479 4099 2701 4153; x_wconf 67' lang='lat' dir='ltr'>furtivas</span> <span class='ocrx_word' id='word_1_647' title='bbox 2731 4097 3127 4164; x_wconf 91' lang='lat' dir='ltr'>dulcedinem,</span> <span class='ocrx_word' id='word_1_648' title='bbox 3160 4105 3219 4154; x_wconf 89' lang='lat' dir='ltr'>et</span> <span class='ocrx_word' id='word_1_649' title='bbox 3275 4101 3448 4171; x_wconf 90' lang='lat' dir='ltr'>panis</span> <span class='ocrx_word' id='word_1_650' title='bbox 3497 4100 3832 4156; x_wconf 82' lang='lat' dir='ltr'>absconditi</span> 
     </span>
    </p>
   </div>
   <div class='ocr_carea' id='block_1_91' title="bbox 2175 4187 3833 4261">
    <p class='ocr_par' dir='ltr' id='par_1_91' title="bbox 2175 4187 3833 4261">
     <span class='ocr_line' id='line_1_91' title="bbox 2175 4187 3833 4261; baseline 0 -16"><span class='ocrx_word' id='word_1_651' title='bbox 2175 4190 2545 4245; x_wconf 90' lang='lat' dir='ltr'>suavitatem.</span> <span class='ocrx_word' id='word_1_652' title='bbox 2578 4187 2725 4243; x_wconf 89' lang='lat' dir='ltr'>Vere</span> <span class='ocrx_word' id='word_1_653' title='bbox 2755 4188 2996 4243; x_wconf 88' lang='lat' dir='ltr'>omnino</span> <span class='ocrx_word' id='word_1_654' title='bbox 3027 4204 3181 4259; x_wconf 90' lang='lat' dir='ltr'>aqua</span> <span class='ocrx_word' id='word_1_655' title='bbox 3212 4187 3427 4244; x_wconf 89' lang='lat' dir='ltr'>furtiva</span> <span class='ocrx_word' id='word_1_656' title='bbox 3475 4193 3587 4255; x_wconf 88' lang='lat' dir='ltr'>est,</span> <span class='ocrx_word' id='word_1_657' title='bbox 3620 4190 3682 4244; x_wconf 91' lang='lat' dir='ltr'>in</span> <span class='ocrx_word' id='word_1_658' title='bbox 3713 4206 3833 4261; x_wconf 87' lang='lat' dir='ltr'>qua</span> 
     </span>
    </p>
   </div>
   <div class='ocr_carea' id='block_1_92' title="bbox 2174 4274 3833 4349">
    <p class='ocr_par' dir='ltr' id='par_1_92' title="bbox 2174 4274 3833 4349">
     <span class='ocr_line' id='line_1_92' title="bbox 2174 4274 3833 4349; baseline 0 -16"><span class='ocrx_word' id='word_1_659' title='bbox 2174 4275 2544 4349; x_wconf 90' lang='lat' dir='ltr'>rebaptizatis</span> <span class='ocrx_word' id='word_1_660' title='bbox 2575 4274 2809 4331; x_wconf 86' lang='lat' dir='ltr'>Latinos</span> <span class='ocrx_word' id='word_1_661' title='bbox 2839 4275 3119 4332; x_wconf 90' lang='lat' dir='ltr'>catholice</span> <span class='ocrx_word' id='word_1_662' title='bbox 3140 4276 3489 4349; x_wconf 86' lang='lat' dir='ltr'>baptizatos,</span> <span class='ocrx_word' id='word_1_663' title='bbox 3523 4278 3683 4349; x_wconf 90' lang='lat' dir='ltr'>quod</span> <span class='ocrx_word' id='word_1_664' title='bbox 3708 4277 3833 4333; x_wconf 85' lang='lat' dir='ltr'>nul-</span> 
     </span>
    </p>
   </div>
   <div class='ocr_carea' id='block_1_93' title="bbox 2174 4364 3833 4440">
    <p class='ocr_par' dir='ltr' id='par_1_93' title="bbox 2174 4364 3833 4440">
     <span class='ocr_line' id='line_1_93' title="bbox 2174 4364 3833 4440; baseline 0.002 -20"><span class='ocrx_word' id='word_1_665' title='bbox 2174 4366 2268 4423; x_wconf 90' lang='lat' dir='ltr'>lus</span> <span class='ocrx_word' id='word_1_666' title='bbox 2297 4364 2619 4421; x_wconf 90' lang='lat' dir='ltr'>catholicus</span> <span class='ocrx_word' id='word_1_667' title='bbox 2641 4365 2834 4421; x_wconf 88' lang='lat' dir='ltr'>adhuc</span> <span class='ocrx_word' id='word_1_668' title='bbox 2852 4365 3227 4437; x_wconf 64' lang='lat' dir='ltr'>praesumpsit</span> <span class='ocrx_word' id='word_1_669' title='bbox 3257 4365 3480 4422; x_wconf 90' lang='lat' dir='ltr'>scilicet</span> <span class='ocrx_word' id='word_1_670' title='bbox 3495 4371 3561 4422; x_wconf 92' lang='lat' dir='ltr'>ut</span> <span class='ocrx_word' id='word_1_671' title='bbox 3582 4367 3833 4440; x_wconf 85' lang='lat' dir='ltr'>rebapti-</span> 
     </span>
    </p>
   </div>
   <div class='ocr_carea' id='block_1_94' title="bbox 2173 4452 3827 4528">
    <p class='ocr_par' dir='ltr' id='par_1_94' title="bbox 2173 4452 3827 4528">
     <span class='ocr_line' id='line_1_94' title="bbox 2173 4452 3827 4528; baseline 0.001 -18"><span class='ocrx_word' id='word_1_672' title='bbox 2173 4458 2330 4511; x_wconf 88' lang='lat' dir='ltr'>zaret</span> <span class='ocrx_word' id='word_1_673' title='bbox 2360 4452 2609 4525; x_wconf 91' lang='lat' dir='ltr'>aliquos,</span> <span class='ocrx_word' id='word_1_674' title='bbox 2641 4452 2701 4509; x_wconf 93' lang='lat' dir='ltr'>in</span> <span class='ocrx_word' id='word_1_675' title='bbox 2734 4453 2971 4509; x_wconf 91' lang='lat' dir='ltr'>nomine</span> <span class='ocrx_word' id='word_1_676' title='bbox 2992 4457 3205 4510; x_wconf 61' lang='lat' dir='ltr'>sancta;</span> <span class='ocrx_word' id='word_1_677' title='bbox 3238 4453 3545 4510; x_wconf 86' lang='lat' dir='ltr'>Trinitatis</span> <span class='ocrx_word' id='word_1_678' title='bbox 3577 4455 3651 4511; x_wconf 90' lang='lat' dir='ltr'>ab</span> <span class='ocrx_word' id='word_1_679' title='bbox 3680 4455 3827 4528; x_wconf 84' lang='lat' dir='ltr'>ipsis</span> 
     </span>
    </p>
   </div>
   <div class='ocr_carea' id='block_1_95' title="bbox 415 4542 3825 4630">
    <p class='ocr_par' dir='ltr' id='par_1_95' title="bbox 415 4542 3825 4630">
     <span class='ocr_line' id='line_1_95' title="bbox 415 4542 3825 4630; baseline -0.002 -24"><span class='ocrx_word' id='word_1_680' title='bbox 415 4544 575 4607; x_wconf 86' lang='lat' dir='ltr'>modi</span> <span class='ocrx_word' id='word_1_681' title='bbox 609 4543 909 4601; x_wconf 90' lang='lat' dir='ltr'>multoties</span> <span class='ocrx_word' id='word_1_682' title='bbox 933 4547 990 4599; x_wconf 92' lang='lat' dir='ltr'>et</span> <span class='ocrx_word' id='word_1_683' title='bbox 1018 4544 1143 4616; x_wconf 90' lang='lat' dir='ltr'>ipse</span> <span class='ocrx_word' id='word_1_684' title='bbox 1171 4560 1306 4599; x_wconf 93' lang='lat' dir='ltr'>cum</span> <span class='ocrx_word' id='word_1_685' title='bbox 1338 4543 1555 4616; x_wconf 92' lang='lat' dir='ltr'>populo</span> <span class='ocrx_word' id='word_1_686' title='bbox 1585 4560 1910 4615; x_wconf 84' lang='lat' dir='ltr'>agnoscens</span> <span class='ocrx_word' id='word_1_687' title='bbox 1960 4544 2062 4599; x_wconf 91' lang='lat' dir='ltr'>do-</span> <span class='ocrx_word' id='word_1_688' title='bbox 2095 4564 2143 4630; x_wconf 85' lang='lat' dir='ltr'><strong>D</strong></span> <span class='ocrx_word' id='word_1_689' title='bbox 2173 4543 2349 4600; x_wconf 91' lang='lat' dir='ltr'>etiam</span> <span class='ocrx_word' id='word_1_690' title='bbox 2378 4542 2666 4599; x_wconf 66' lang='lat' dir='ltr'>haereticis</span> <span class='ocrx_word' id='word_1_691' title='bbox 2697 4542 3043 4614; x_wconf 87' lang='lat' dir='ltr'>baptizatos.</span> <span class='ocrx_word' id='word_1_692' title='bbox 3069 4547 3217 4599; x_wconf 90' lang='lat' dir='ltr'>Vere</span> <span class='ocrx_word' id='word_1_693' title='bbox 3246 4543 3488 4599; x_wconf 92' lang='lat' dir='ltr'>omnino</span> <span class='ocrx_word' id='word_1_694' title='bbox 3518 4545 3592 4599; x_wconf 92' lang='lat' dir='ltr'>ad</span> <span class='ocrx_word' id='word_1_695' title='bbox 3626 4545 3825 4601; x_wconf 92' lang='lat' dir='ltr'>nescio</span> 
     </span>
    </p>
   </div>
   <div class='ocr_carea' id='block_1_96' title="bbox 418 4631 3833 4706">
    <p class='ocr_par' dir='ltr' id='par_1_96' title="bbox 418 4631 3833 4706">
     <span class='ocr_line' id='line_1_96' title="bbox 418 4631 3833 4706; baseline -0.001 -14"><span class='ocrx_word' id='word_1_696' title='bbox 418 4634 590 4692; x_wconf 90' lang='lat' dir='ltr'>cuisti</span> <span class='ocrx_word' id='word_1_697' title='bbox 616 4651 736 4703; x_wconf 91' lang='lat' dir='ltr'>eos,</span> <span class='ocrx_word' id='word_1_698' title='bbox 770 4637 827 4689; x_wconf 91' lang='lat' dir='ltr'>et</span> <span class='ocrx_word' id='word_1_699' title='bbox 844 4638 1138 4689; x_wconf 91' lang='lat' dir='ltr'>correctus</span> <span class='ocrx_word' id='word_1_700' title='bbox 1168 4633 1452 4706; x_wconf 89' lang='lat' dir='ltr'>scripsisti</span> <span class='ocrx_word' id='word_1_701' title='bbox 1485 4633 1685 4688; x_wconf 88' lang='lat' dir='ltr'>multis</span> <span class='ocrx_word' id='word_1_702' title='bbox 1716 4632 1893 4688; x_wconf 92' lang='lat' dir='ltr'>talem</span> <span class='ocrx_word' id='word_1_703' title='bbox 1926 4649 2067 4690; x_wconf 92' lang='lat' dir='ltr'>con-</span> <span class='ocrx_word' id='word_1_704' title='bbox 2175 4649 2351 4705; x_wconf 91' lang='lat' dir='ltr'>quem</span> <span class='ocrx_word' id='word_1_705' title='bbox 2382 4648 2593 4704; x_wconf 92' lang='lat' dir='ltr'>panem</span> <span class='ocrx_word' id='word_1_706' title='bbox 2624 4631 3033 4687; x_wconf 91' lang='lat' dir='ltr'>absconditum</span> <span class='ocrx_word' id='word_1_707' title='bbox 3058 4631 3580 4704; x_wconf 87' lang='lat' dir='ltr'>invitatis,quando</span> <span class='ocrx_word' id='word_1_708' title='bbox 3598 4633 3833 4690; x_wconf 80' lang='lat' dir='ltr'>vivifica</span> 
     </span>
    </p>
   </div>
   <div class='ocr_carea' id='block_1_97' title="bbox 417 4720 2061 4783">
    <p class='ocr_par' dir='ltr' id='par_1_97' title="bbox 417 4720 2061 4783">
     <span class='ocr_line' id='line_1_97' title="bbox 417 4720 2061 4783; baseline -0.004 -1"><span class='ocrx_word' id='word_1_709' title='bbox 417 4725 793 4782; x_wconf 88' lang='lat' dir='ltr'>suetudinem</span> <span class='ocrx_word' id='word_1_710' title='bbox 824 4722 1198 4783; x_wconf 89' lang='lat' dir='ltr'>habentibus.</span> <span class='ocrx_word' id='word_1_711' title='bbox 1222 4724 1289 4777; x_wconf 90' lang='lat' dir='ltr'>Et</span> <span class='ocrx_word' id='word_1_712' title='bbox 1322 4728 1387 4777; x_wconf 93' lang='lat' dir='ltr'>ut</span> <span class='ocrx_word' id='word_1_713' title='bbox 1412 4722 1627 4777; x_wconf 89' lang='lat' dir='ltr'>habeas</span> <span class='ocrx_word' id='word_1_714' title='bbox 1659 4720 1909 4777; x_wconf 88' lang='lat' dir='ltr'>salutem</span> <span class='ocrx_word' id='word_1_715' title='bbox 1940 4722 2061 4777; x_wconf 88' lang='lat' dir='ltr'>ani-</span> 
     </span>
    </p>
   </div>
   <div class='ocr_carea' id='block_1_98' title="bbox 420 4810 2062 4884">
    <p class='ocr_par' dir='ltr' id='par_1_98' title="bbox 420 4810 2062 4884">
     <span class='ocr_line' id='line_1_98' title="bbox 420 4810 2062 4884; baseline -0.003 -13"><span class='ocrx_word' id='word_1_716' title='bbox 420 4832 531 4871; x_wconf 74' lang='lat' dir='ltr'>mm</span> <span class='ocrx_word' id='word_1_717' title='bbox 560 4818 692 4879; x_wconf 62' lang='lat' dir='ltr'>tuae,</span> <span class='ocrx_word' id='word_1_718' title='bbox 730 4811 895 4867; x_wconf 88' lang='lat' dir='ltr'>mitte</span> <span class='ocrx_word' id='word_1_719' title='bbox 926 4810 1289 4884; x_wconf 89' lang='lat' dir='ltr'>principibus</span> <span class='ocrx_word' id='word_1_720' title='bbox 1321 4812 1759 4867; x_wconf 84' lang='lat' dir='ltr'>sacerdotumet</span> <span class='ocrx_word' id='word_1_721' title='bbox 1790 4811 2062 4866; x_wconf 89' lang='lat' dir='ltr'>sacerdo-</span> 
     </span>
    </p>
   </div>
   <div class='ocr_carea' id='block_1_99' title="bbox 420 4900 2065 4973">
    <p class='ocr_par' dir='ltr' id='par_1_99' title="bbox 420 4900 2065 4973">
     <span class='ocr_line' id='line_1_99' title="bbox 420 4900 2065 4973; baseline -0.004 -12"><span class='ocrx_word' id='word_1_722' title='bbox 420 4905 605 4970; x_wconf 87' lang='lat' dir='ltr'>tibus,</span> <span class='ocrx_word' id='word_1_723' title='bbox 636 4907 694 4958; x_wconf 90' lang='lat' dir='ltr'>et</span> <span class='ocrx_word' id='word_1_724' title='bbox 722 4902 931 4973; x_wconf 91' lang='lat' dir='ltr'>adjura</span> <span class='ocrx_word' id='word_1_725' title='bbox 962 4906 1025 4956; x_wconf 92' lang='lat' dir='ltr'>ut</span> <span class='ocrx_word' id='word_1_726' title='bbox 1080 4918 1181 4973; x_wconf 90' lang='lat' dir='ltr'>per</span> <span class='ocrx_word' id='word_1_727' title='bbox 1212 4901 1333 4957; x_wconf 74' lang='lat' dir='ltr'>haec</span> <span class='ocrx_word' id='word_1_728' title='bbox 1380 4900 1604 4970; x_wconf 89' lang='lat' dir='ltr'>seipsos</span> <span class='ocrx_word' id='word_1_729' title='bbox 1664 4900 1958 4971; x_wconf 88' lang='lat' dir='ltr'>corrigant</span> <span class='ocrx_word' id='word_1_730' title='bbox 2007 4904 2065 4955; x_wconf 91' lang='lat' dir='ltr'>et</span> 
     </span>
    </p>
   </div>
   <div class='ocr_carea' id='block_1_100' title="bbox 420 4988 2063 5067">
    <p class='ocr_par' dir='ltr' id='par_1_100' title="bbox 420 4988 2063 5067">
     <span class='ocr_line' id='line_1_100' title="bbox 420 4988 2063 5067; baseline -0.005 -17"><span class='ocrx_word' id='word_1_731' title='bbox 420 4990 704 5067; x_wconf 92' lang='lat' dir='ltr'>populum</span> <span class='ocrx_word' id='word_1_732' title='bbox 737 4994 804 5045; x_wconf 87' lang='lat' dir='ltr'>ut</span> <span class='ocrx_word' id='word_1_733' title='bbox 857 4990 1183 5045; x_wconf 88' lang='lat' dir='ltr'>mercedem</span> <span class='ocrx_word' id='word_1_734' title='bbox 1214 4993 1270 5045; x_wconf 90' lang='lat' dir='ltr'>et</span> <span class='ocrx_word' id='word_1_735' title='bbox 1298 4991 1359 5043; x_wconf 89' lang='lat' dir='ltr'>in</span> <span class='ocrx_word' id='word_1_736' title='bbox 1390 4989 1521 5043; x_wconf 87' lang='lat' dir='ltr'>istis</span> <span class='ocrx_word' id='word_1_737' title='bbox 1579 4988 1848 5043; x_wconf 85' lang='lat' dir='ltr'>habeant.</span> <span class='ocrx_word' id='word_1_738' title='bbox 1908 4989 1975 5042; x_wconf 83' lang='lat' dir='ltr'>Et</span> <span class='ocrx_word' id='word_1_739' title='bbox 2013 4988 2063 5043; x_wconf 90' lang='lat' dir='ltr'>si</span> 
     </span>
    </p>
   </div>
   <div class='ocr_carea' id='block_1_101' title="bbox 420 5076 2062 5150">
    <p class='ocr_par' dir='ltr' id='par_1_101' title="bbox 420 5076 2062 5150">
     <span class='ocr_line' id='line_1_101' title="bbox 420 5076 2062 5150; baseline -0.005 -12"><span class='ocrx_word' id='word_1_740' title='bbox 420 5082 530 5139; x_wconf 91' lang='lat' dir='ltr'>hoc</span> <span class='ocrx_word' id='word_1_741' title='bbox 556 5079 831 5144; x_wconf 89' lang='lat' dir='ltr'>feceritis,</span> <span class='ocrx_word' id='word_1_742' title='bbox 855 5095 1115 5150; x_wconf 91' lang='lat' dir='ltr'>propono</span> <span class='ocrx_word' id='word_1_743' title='bbox 1137 5081 1194 5133; x_wconf 91' lang='lat' dir='ltr'>et</span> <span class='ocrx_word' id='word_1_744' title='bbox 1214 5095 1317 5149; x_wconf 89' lang='lat' dir='ltr'>per</span> <span class='ocrx_word' id='word_1_745' title='bbox 1338 5078 1657 5133; x_wconf 89' lang='lat' dir='ltr'>secundam</span> <span class='ocrx_word' id='word_1_746' title='bbox 1687 5076 2062 5147; x_wconf 91' lang='lat' dir='ltr'>scriptionem</span> 
     </span>
    </p>
   </div>
   <div class='ocr_carea' id='block_1_102' title="bbox 420 5164 2063 5243">
    <p class='ocr_par' dir='ltr' id='par_1_102' title="bbox 420 5164 2063 5243">
     <span class='ocr_line' id='line_1_102' title="bbox 420 5164 2063 5243; baseline -0.005 -15"><span class='ocrx_word' id='word_1_747' title='bbox 420 5172 646 5243; x_wconf 87' lang='lat' dir='ltr'>majora</span> <span class='ocrx_word' id='word_1_748' title='bbox 695 5174 751 5224; x_wconf 89' lang='lat' dir='ltr'>et</span> <span class='ocrx_word' id='word_1_749' title='bbox 807 5167 1150 5240; x_wconf 88' lang='lat' dir='ltr'>perfectiora</span> <span class='ocrx_word' id='word_1_750' title='bbox 1179 5166 1271 5221; x_wconf 90' lang='lat' dir='ltr'>his</span> <span class='ocrx_word' id='word_1_751' title='bbox 1302 5166 1554 5223; x_wconf 85' lang='lat' dir='ltr'>scribere</span> <span class='ocrx_word' id='word_1_752' title='bbox 1587 5164 1691 5220; x_wconf 89' lang='lat' dir='ltr'>tibi</span> <span class='ocrx_word' id='word_1_753' title='bbox 1742 5166 1874 5220; x_wconf 81' lang='lat' dir='ltr'>fidei</span> <span class='ocrx_word' id='word_1_754' title='bbox 1928 5182 2063 5220; x_wconf 91' lang='lat' dir='ltr'>vera</span> 
     </span>
    </p>
   </div>
   <div class='ocr_carea' id='block_1_103' title="bbox 414 5254 2062 5325">
    <p class='ocr_par' dir='ltr' id='par_1_103' title="bbox 414 5254 2062 5325">
     <span class='ocr_line' id='line_1_103' title="bbox 414 5254 2062 5325; baseline -0.004 -9"><span class='ocrx_word' id='word_1_755' title='bbox 414 5260 749 5317; x_wconf 89' lang='lat' dir='ltr'>ostensione</span> <span class='ocrx_word' id='word_1_756' title='bbox 777 5260 834 5312; x_wconf 92' lang='lat' dir='ltr'>et</span> <span class='ocrx_word' id='word_1_757' title='bbox 863 5256 1231 5311; x_wconf 80' lang='lat' dir='ltr'>firmamento</span> <span class='ocrx_word' id='word_1_758' title='bbox 1287 5255 1642 5319; x_wconf 88' lang='lat' dir='ltr'>animarum,</span> <span class='ocrx_word' id='word_1_759' title='bbox 1684 5271 1786 5325; x_wconf 92' lang='lat' dir='ltr'>pro</span> <span class='ocrx_word' id='word_1_760' title='bbox 1845 5254 2062 5324; x_wconf 90' lang='lat' dir='ltr'>quibus</span> 
     </span>
    </p>
   </div>
   <div class='ocr_carea' id='block_1_104' title="bbox 415 5344 1420 5417">
    <p class='ocr_par' dir='ltr' id='par_1_104' title="bbox 415 5344 1420 5417">
     <span class='ocr_line' id='line_1_104' title="bbox 415 5344 1420 5417; baseline -0.005 -14"><span class='ocrx_word' id='word_1_761' title='bbox 415 5347 686 5403; x_wconf 88' lang='lat' dir='ltr'>Christus</span> <span class='ocrx_word' id='word_1_762' title='bbox 716 5344 914 5417; x_wconf 87' lang='lat' dir='ltr'>posuit</span> <span class='ocrx_word' id='word_1_763' title='bbox 937 5344 1198 5401; x_wconf 88' lang='lat' dir='ltr'>animam</span> <span class='ocrx_word' id='word_1_764' title='bbox 1231 5360 1420 5400; x_wconf 87' lang='lat' dir='ltr'>suam.</span> 
     </span>
    </p>
   </div>
   <div class='ocr_carea' id='block_1_105' title="bbox 486 5431 2059 5504">
    <p class='ocr_par' dir='ltr' id='par_1_105' title="bbox 486 5431 2059 5504">
     <span class='ocr_line' id='line_1_105' title="bbox 486 5431 2059 5504; baseline -0.003 -13"><span class='ocrx_word' id='word_1_765' title='bbox 486 5435 645 5491; x_wconf 88' lang='lat' dir='ltr'>LXV.</span> <span class='ocrx_word' id='word_1_766' title='bbox 681 5435 983 5502; x_wconf 60' lang='lat' dir='ltr'>Romanus.</span> <span class='ocrx_word' id='word_1_767' title='bbox 1021 5434 1065 5488; x_wconf 87' lang='grc' dir='ltr'><strong>Ο</strong></span> <span class='ocrx_word' id='word_1_768' title='bbox 1121 5433 1229 5489; x_wconf 90' lang='lat' dir='ltr'>viri</span> <span class='ocrx_word' id='word_1_769' title='bbox 1270 5432 1510 5499; x_wconf 80' lang='lat' dir='ltr'>cordati,</span> <span class='ocrx_word' id='word_1_770' title='bbox 1573 5431 1909 5504; x_wconf 88' lang='lat' dir='ltr'>perpendite</span> <span class='ocrx_word' id='word_1_771' title='bbox 1964 5431 2059 5486; x_wconf 92' lang='lat' dir='ltr'>hic</span> 
     </span>
    </p>
   </div>
   <div class='ocr_carea' id='block_1_106' title="bbox 420 5521 2058 5593">
    <p class='ocr_par' dir='ltr' id='par_1_106' title="bbox 420 5521 2058 5593">
     <span class='ocr_line' id='line_1_106' title="bbox 420 5521 2058 5593; baseline -0.003 -13"><span class='ocrx_word' id='word_1_772' title='bbox 420 5530 479 5581; x_wconf 92' lang='lat' dir='ltr'>et</span> <span class='ocrx_word' id='word_1_773' title='bbox 508 5528 702 5580; x_wconf 87' lang='lat' dir='ltr'>cavete</span> <span class='ocrx_word' id='word_1_774' title='bbox 733 5522 1133 5581; x_wconf 69' lang='lat' dir='ltr'>hazreticorum</span> <span class='ocrx_word' id='word_1_775' title='bbox 1162 5522 1432 5578; x_wconf 87' lang='lat' dir='ltr'>callidam</span> <span class='ocrx_word' id='word_1_776' title='bbox 1464 5522 1932 5593; x_wconf 88' lang='lat' dir='ltr'>subreptionem;</span> <span class='ocrx_word' id='word_1_777' title='bbox 1957 5521 2058 5591; x_wconf 90' lang='lat' dir='ltr'>qui</span> 
     </span>
    </p>
   </div>
   <div class='ocr_carea' id='block_1_107' title="bbox 411 5608 2060 5701">
    <p class='ocr_par' dir='ltr' id='par_1_107' title="bbox 411 5608 2060 5701">
     <span class='ocr_line' id='line_1_107' title="bbox 411 5608 2060 5701; baseline 0.001 -32"><span class='ocrx_word' id='word_1_778' title='bbox 411 5627 520 5701; x_wconf 73' lang='lat' dir='ltr'>per</span> <span class='ocrx_word' id='word_1_779' title='bbox 575 5611 1011 5680; x_wconf 79' lang='lat' dir='ltr'>benedictiones</span> <span class='ocrx_word' id='word_1_780' title='bbox 1066 5615 1123 5669; x_wconf 85' lang='lat' dir='ltr'>et.</span> <span class='ocrx_word' id='word_1_781' title='bbox 1158 5611 1361 5674; x_wconf 82' lang='lat' dir='ltr'>dulces</span> <span class='ocrx_word' id='word_1_782' title='bbox 1405 5626 1704 5670; x_wconf 83' lang='lat' dir='ltr'>sermones</span> <span class='ocrx_word' id='word_1_783' title='bbox 1770 5608 2060 5670; x_wconf 88' lang='lat' dir='ltr'>seducunt</span> 
     </span>
    </p>
   </div>
   <div class='ocr_carea' id='block_1_108' title="bbox 2175 4720 3828 4794">
    <p class='ocr_par' dir='ltr' id='par_1_108' title="bbox 2175 4720 3828 4794">
     <span class='ocr_line' id='line_1_108' title="bbox 2175 4720 3828 4794; baseline -0.001 -15"><span class='ocrx_word' id='word_1_784' title='bbox 2175 4727 2233 4779; x_wconf 92' lang='lat' dir='ltr'>et</span> <span class='ocrx_word' id='word_1_785' title='bbox 2261 4720 2545 4777; x_wconf 88' lang='lat' dir='ltr'>terribilia</span> <span class='ocrx_word' id='word_1_786' title='bbox 2564 4724 2931 4776; x_wconf 89' lang='lat' dir='ltr'>sacramenta</span> <span class='ocrx_word' id='word_1_787' title='bbox 2959 4722 3220 4794; x_wconf 88' lang='lat' dir='ltr'>corporis</span> <span class='ocrx_word' id='word_1_788' title='bbox 3251 4727 3310 4778; x_wconf 92' lang='lat' dir='ltr'>et</span> <span class='ocrx_word' id='word_1_789' title='bbox 3341 4720 3646 4793; x_wconf 86' lang='lat' dir='ltr'>sanguinis</span> <span class='ocrx_word' id='word_1_790' title='bbox 3678 4722 3828 4778; x_wconf 86' lang='lat' dir='ltr'>Jesu</span> 
     </span>
    </p>
   </div>
   <div class='ocr_carea' id='block_1_109' title="bbox 2174 4809 3351 4881">
    <p class='ocr_par' dir='ltr' id='par_1_109' title="bbox 2174 4809 3351 4881">
     <span class='ocr_line' id='line_1_109' title="bbox 2174 4809 3351 4881; baseline -0.001 -15"><span class='ocrx_word' id='word_1_791' title='bbox 2174 4809 2383 4866; x_wconf 89' lang='lat' dir='ltr'>Christi</span> <span class='ocrx_word' id='word_1_792' title='bbox 2410 4810 2669 4881; x_wconf 86' lang='lat' dir='ltr'>profanis</span> <span class='ocrx_word' id='word_1_793' title='bbox 2700 4809 2947 4879; x_wconf 88' lang='lat' dir='ltr'>pedibus</span> <span class='ocrx_word' id='word_1_794' title='bbox 2976 4810 3351 4867; x_wconf 87' lang='lat' dir='ltr'>conculcatis.</span> 
     </span>
    </p>
   </div>
   <div class='ocr_carea' id='block_1_110' title="bbox 2250 4895 3825 4971">
    <p class='ocr_par' dir='ltr' id='par_1_110' title="bbox 2250 4895 3825 4971">
     <span class='ocr_line' id='line_1_110' title="bbox 2250 4895 3825 4971; baseline 0.001 -17"><span class='ocrx_word' id='word_1_795' title='bbox 2250 4898 2430 4954; x_wconf 85' lang='lat' dir='ltr'>LXVI.</span> <span class='ocrx_word' id='word_1_796' title='bbox 2468 4898 2727 4953; x_wconf 71' lang='lat' dir='ltr'>Haeccine</span> <span class='ocrx_word' id='word_1_797' title='bbox 2758 4903 2898 4954; x_wconf 91' lang='lat' dir='ltr'>sunt</span> <span class='ocrx_word' id='word_1_798' title='bbox 2927 4898 3027 4954; x_wconf 90' lang='lat' dir='ltr'>illa</span> <span class='ocrx_word' id='word_1_799' title='bbox 3086 4900 3303 4971; x_wconf 90' lang='lat' dir='ltr'>majora</span> <span class='ocrx_word' id='word_1_800' title='bbox 3331 4901 3386 4953; x_wconf 92' lang='lat' dir='ltr'>et</span> <span class='ocrx_word' id='word_1_801' title='bbox 3440 4895 3825 4969; x_wconf 88' lang='lat' dir='ltr'>perfectiora,</span> 
     </span>
    </p>
   </div>
   <div class='ocr_carea' id='block_1_111' title="bbox 2172 4987 3831 5060">
    <p class='ocr_par' dir='ltr' id='par_1_111' title="bbox 2172 4987 3831 5060">
     <span class='ocr_line' id='line_1_111' title="bbox 2172 4987 3831 5060; baseline 0.001 -16"><span class='ocrx_word' id='word_1_802' title='bbox 2172 4995 2237 5044; x_wconf 93' lang='lat' dir='ltr'>ut</span> <span class='ocrx_word' id='word_1_803' title='bbox 2266 4994 2430 5043; x_wconf 85' lang='lat' dir='ltr'>tanta</span> <span class='ocrx_word' id='word_1_804' title='bbox 2450 4987 2663 5043; x_wconf 90' lang='lat' dir='ltr'>oblatio</span> <span class='ocrx_word' id='word_1_805' title='bbox 2722 4987 3060 5059; x_wconf 90' lang='lat' dir='ltr'>imponatur</span> <span class='ocrx_word' id='word_1_806' title='bbox 3090 4987 3275 5053; x_wconf 90' lang='lat' dir='ltr'>altari,</span> <span class='ocrx_word' id='word_1_807' title='bbox 3306 4991 3525 5059; x_wconf 85' lang='lat' dir='ltr'>quanta</span> <span class='ocrx_word' id='word_1_808' title='bbox 3563 4994 3831 5060; x_wconf 88' lang='lat' dir='ltr'>nequeat</span> 
     </span>
    </p>
   </div>
   <div class='ocr_carea' id='block_1_112' title="bbox 2172 5075 3829 5147">
    <p class='ocr_par' dir='ltr' id='par_1_112' title="bbox 2172 5075 3829 5147">
     <span class='ocr_line' id='line_1_112' title="bbox 2172 5075 3829 5147; baseline 0.001 -15"><span class='ocrx_word' id='word_1_809' title='bbox 2172 5096 2206 5132; x_wconf 88' lang='lat' dir='ltr'>a</span> <span class='ocrx_word' id='word_1_810' title='bbox 2235 5076 2522 5132; x_wconf 90' lang='lat' dir='ltr'>ministris</span> <span class='ocrx_word' id='word_1_811' title='bbox 2552 5076 2639 5132; x_wconf 87' lang='lat' dir='ltr'>vel</span> <span class='ocrx_word' id='word_1_812' title='bbox 2671 5092 2704 5130; x_wconf 91' lang='lat' dir='ltr'>a</span> <span class='ocrx_word' id='word_1_813' title='bbox 2733 5075 2945 5147; x_wconf 92' lang='lat' dir='ltr'>populo</span> <span class='ocrx_word' id='word_1_814' title='bbox 2986 5077 3165 5144; x_wconf 90' lang='lat' dir='ltr'>sumi,</span> <span class='ocrx_word' id='word_1_815' title='bbox 3228 5080 3283 5133; x_wconf 90' lang='lat' dir='ltr'>et</span> <span class='ocrx_word' id='word_1_816' title='bbox 3337 5075 3552 5130; x_wconf 86' lang='lat' dir='ltr'>idcirco</span> <span class='ocrx_word' id='word_1_817' title='bbox 3611 5075 3829 5134; x_wconf 83' lang='lat' dir='ltr'>debeat</span> 
     </span>
    </p>
   </div>
   <div class='ocr_carea' id='block_1_113' title="bbox 2171 5165 3826 5239">
    <p class='ocr_par' dir='ltr' id='par_1_113' title="bbox 2171 5165 3826 5239">
     <span class='ocr_line' id='line_1_113' title="bbox 2171 5165 3826 5239; baseline -0.001 -15"><span class='ocrx_word' id='word_1_818' title='bbox 2171 5166 2616 5233; x_wconf 85' lang='lat' dir='ltr'>subterrari,aul</span> <span class='ocrx_word' id='word_1_819' title='bbox 2647 5165 2705 5220; x_wconf 93' lang='lat' dir='ltr'>in</span> <span class='ocrx_word' id='word_1_820' title='bbox 2740 5170 2981 5237; x_wconf 88' lang='lat' dir='ltr'>puteum</span> <span class='ocrx_word' id='word_1_821' title='bbox 3012 5167 3087 5221; x_wconf 89' lang='lat' dir='ltr'>ad</span> <span class='ocrx_word' id='word_1_822' title='bbox 3118 5166 3227 5221; x_wconf 90' lang='lat' dir='ltr'>hoc</span> <span class='ocrx_word' id='word_1_823' title='bbox 3260 5169 3656 5239; x_wconf 66' lang='lat' dir='ltr'>praeparatum</span> <span class='ocrx_word' id='word_1_824' title='bbox 3689 5183 3826 5238; x_wconf 85' lang='lat' dir='ltr'>pro-</span> 
     </span>
    </p>
   </div>
   <div class='ocr_carea' id='block_1_114' title="bbox 2161 5253 3830 5327">
    <p class='ocr_par' dir='ltr' id='par_1_114' title="bbox 2161 5253 3830 5327">
     <span class='ocr_line' id='line_1_114' title="bbox 2161 5253 3830 5327; baseline 0.002 -17"><span class='ocrx_word' id='word_1_825' title='bbox 2161 5255 2265 5327; x_wconf 91' lang='lat' dir='ltr'>jici</span> <span class='ocrx_word' id='word_1_826' title='bbox 2294 5254 2322 5309; x_wconf 84' lang='lat'><strong>?</strong></span> <span class='ocrx_word' id='word_1_827' title='bbox 2354 5254 2610 5309; x_wconf 68' lang='lat' dir='ltr'>[laeccine</span> <span class='ocrx_word' id='word_1_828' title='bbox 2640 5269 2872 5325; x_wconf 90' lang='lat' dir='ltr'>quoque</span> <span class='ocrx_word' id='word_1_829' title='bbox 2903 5259 3044 5309; x_wconf 92' lang='lat' dir='ltr'>sunt</span> <span class='ocrx_word' id='word_1_830' title='bbox 3072 5253 3175 5309; x_wconf 91' lang='lat' dir='ltr'>illa</span> <span class='ocrx_word' id='word_1_831' title='bbox 3230 5255 3459 5325; x_wconf 79' lang='lat' dir='ltr'>majora</span> <span class='ocrx_word' id='word_1_832' title='bbox 3500 5258 3560 5311; x_wconf 81' lang='lat' dir='ltr'>et</span> <span class='ocrx_word' id='word_1_833' title='bbox 3598 5255 3830 5327; x_wconf 84' lang='lat' dir='ltr'>perfec-</span> 
     </span>
    </p>
   </div>
   <div class='ocr_carea' id='block_1_115' title="bbox 2168 5342 3824 5417">
    <p class='ocr_par' dir='ltr' id='par_1_115' title="bbox 2168 5342 3824 5417">
     <span class='ocr_line' id='line_1_115' title="bbox 2168 5342 3824 5417; baseline 0.001 -19"><span class='ocrx_word' id='word_1_834' title='bbox 2168 5343 2337 5410; x_wconf 91' lang='lat' dir='ltr'>tiora,</span> <span class='ocrx_word' id='word_1_835' title='bbox 2371 5347 2438 5395; x_wconf 91' lang='lat' dir='ltr'>ut</span> <span class='ocrx_word' id='word_1_836' title='bbox 2467 5357 2651 5397; x_wconf 91' lang='lat' dir='ltr'>novus</span> <span class='ocrx_word' id='word_1_837' title='bbox 2682 5342 2929 5398; x_wconf 89' lang='lat' dir='ltr'>maritus</span> <span class='ocrx_word' id='word_1_838' title='bbox 2958 5346 3017 5397; x_wconf 91' lang='lat' dir='ltr'>et</span> <span class='ocrx_word' id='word_1_839' title='bbox 3043 5343 3265 5398; x_wconf 89' lang='lat' dir='ltr'>recenti</span> <span class='ocrx_word' id='word_1_840' title='bbox 3295 5342 3498 5399; x_wconf 91' lang='lat' dir='ltr'>carnis</span> <span class='ocrx_word' id='word_1_841' title='bbox 3530 5342 3824 5417; x_wconf 83' lang='lat' dir='ltr'>voluptate</span> 
     </span>
    </p>
   </div>
   <div class='ocr_carea' id='block_1_116' title="bbox 2169 5428 3825 5489">
    <p class='ocr_par' dir='ltr' id='par_1_116' title="bbox 2169 5428 3825 5489">
     <span class='ocr_line' id='line_1_116' title="bbox 2169 5428 3825 5489; baseline 0.002 -3"><span class='ocrx_word' id='word_1_842' title='bbox 2169 5428 2461 5486; x_wconf 90' lang='lat' dir='ltr'>resolutus</span> <span class='ocrx_word' id='word_1_843' title='bbox 2493 5436 2550 5485; x_wconf 91' lang='lat' dir='ltr'>et</span> <span class='ocrx_word' id='word_1_844' title='bbox 2580 5434 2737 5486; x_wconf 90' lang='lat' dir='ltr'>totus</span> <span class='ocrx_word' id='word_1_845' title='bbox 2758 5430 3059 5487; x_wconf 84' lang='lat' dir='ltr'>marcidus</span> <span class='ocrx_word' id='word_1_846' title='bbox 3089 5430 3307 5487; x_wconf 90' lang='lat' dir='ltr'>Christi</span> <span class='ocrx_word' id='word_1_847' title='bbox 3356 5431 3661 5488; x_wconf 89' lang='lat' dir='ltr'>ministret</span> <span class='ocrx_word' id='word_1_848' title='bbox 3689 5431 3825 5489; x_wconf 83' lang='lat' dir='ltr'>alta-</span> 
     </span>
    </p>
   </div>
   <div class='ocr_carea' id='block_1_117' title="bbox 2169 5518 3825 5592">
    <p class='ocr_par' dir='ltr' id='par_1_117' title="bbox 2169 5518 3825 5592">
     <span class='ocr_line' id='line_1_117' title="bbox 2169 5518 3825 5592; baseline 0.002 -17"><span class='ocrx_word' id='word_1_849' title='bbox 2169 5520 2355 5585; x_wconf 92' lang='lat' dir='ltr'>ribus,</span> <span class='ocrx_word' id='word_1_850' title='bbox 2387 5521 2443 5573; x_wconf 91' lang='lat' dir='ltr'>et</span> <span class='ocrx_word' id='word_1_851' title='bbox 2470 5520 2542 5574; x_wconf 89' lang='lat' dir='ltr'>ab</span> <span class='ocrx_word' id='word_1_852' title='bbox 2573 5519 2701 5589; x_wconf 91' lang='lat' dir='ltr'>ejus</span> <span class='ocrx_word' id='word_1_853' title='bbox 2733 5518 3109 5575; x_wconf 90' lang='lat' dir='ltr'>immaculato</span> <span class='ocrx_word' id='word_1_854' title='bbox 3140 5536 3384 5592; x_wconf 83' lang='lat' dir='ltr'>corpore</span> <span class='ocrx_word' id='word_1_855' title='bbox 3424 5522 3825 5578; x_wconf 80' lang='lat' dir='ltr'>sanctificatas</span> 
     </span>
    </p>
   </div>
   <div class='ocr_carea' id='block_1_118' title="bbox 2168 5607 3825 5686">
    <p class='ocr_par' dir='ltr' id='par_1_118' title="bbox 2168 5607 3825 5686">
     <span class='ocr_line' id='line_1_118' title="bbox 2168 5607 3825 5686; baseline 0.002 -19"><span class='ocrx_word' id='word_1_856' title='bbox 2168 5623 2380 5667; x_wconf 85' lang='lat' dir='ltr'>manus</span> <span class='ocrx_word' id='word_1_857' title='bbox 2400 5607 2705 5668; x_wconf 83' lang='lat' dir='ltr'>confestim</span> <span class='ocrx_word' id='word_1_858' title='bbox 2718 5607 2789 5666; x_wconf 85' lang='lat' dir='ltr'>ad</span> <span class='ocrx_word' id='word_1_859' title='bbox 2813 5607 3131 5669; x_wconf 85' lang='lat' dir='ltr'>muliebres</span> <span class='ocrx_word' id='word_1_860' title='bbox 3151 5609 3469 5671; x_wconf 80' lang='lat' dir='ltr'>transferat</span> <span class='ocrx_word' id='word_1_861' title='bbox 3479 5610 3825 5686; x_wconf 81' lang='lat' dir='ltr'>amplexus?</span> 
     </span>
    </p>
   </div>
  </div>
