3966 6212
104 369 206 430 973

1443 368 1760 428 CONTRA
1805 365 2162 428 LATINOS.

3382 365 3500 425 974

103 497 358 558 Haecine
388 498 530 552 sunt
559 494 661 550 illa
687 496 1050 568 perfectiora,
1086 499 1150 552 ut
1181 498 1525 554 mulieribus
1582 499 1746 555 Chri-
1774 501 1828 568 Α
1859 501 2027 570 peius
2059 500 2136 555 sit
2169 499 2486 555 monachos
2522 499 2899 556 femoralibus
2939 475 3102 552 indui
3151 501 3207 552 et
3227 498 3500 553 carnibus

103 587 305 646 stianis
334 585 396 641 in
428 589 599 658 partu
651 583 743 639 vel
801 585 862 640 in
922 590 1226 642 menstruo
1286 587 1752 659 periclitantibus

108 675 432 733 communio
456 673 822 745 degenetur?
852 679 953 728 aut
983 676 1228 746 paganis
1277 676 1613 748 baptismus
1664 676 1751 731 in-

104 767 533 822 terdicaturi’et
564 762 831 834 parvulis
887 763 1191 818 morituris
1247 770 1384 820 ante
1442 770 1570 821 octo
1629 765 1752 822 dies

105 851 450 926 regeneratio
481 868 589 923 per
618 867 835 923 aquam
867 854 925 907 et
954 851 1240 923 Spiritum
1286 858 1556 909 sanctum
1616 856 1753 909 sub-

102 941 393 996 trahatur?
426 941 492 997 In
524 956 641 1012 quo
672 941 880 1012 utique
921 939 1276 996 crudeliores
1333 942 1577 1005 Herode,
1635 960 1750 997 non

103 1029 418 1086 tantumin
452 1045 694 1100 corpore
726 1029 827 1084 sed
860 1031 918 1084 et
955 1027 1015 1082 in
1075 1029 1274 1084 anima
1327 1029 1587 1100 quotidie
1632 1034 1753 1084 tru-

101 1118 300 1174 cidatis
345 1116 727 1189 parvulorum
785 1116 1278 1172 innumerabilem
1329 1117 1635 1188 populum,
1695 1121 1751 1172 et

101 1205 396 1263 destinatis
429 1206 499 1261 ad
533 1205 730 1278 ignem
764 1209 1068 1260 aeternum.
1095 1204 1371 1276 Nunquid
1391 1205 1569 1260 etiam
1612 1205 1748 1260 inde

99 1297 180 1349 est
208 1295 360 1365 quod
391 1293 650 1350 hominis
679 1293 948 1350 morituri
981 1293 1294 1365 imaginem
1329 1293 1592 1365 affligitis
1614 1311 1744 1348 cru-

98 1383 266 1437 cifixaa
298 1382 540 1454 imagini
567 1381 807 1449 Christi,
841 1382 923 1436 ita
956 1385 1020 1437 ut
1049 1383 1292 1453 quidam
1349 1381 1747 1437 Antichristus

98 1471 151 1524 in
181 1487 351 1526 cruce
379 1471 596 1527 Christi
629 1471 832 1526 sedeat
884 1472 1201 1526 ostendens
1261 1488 1322 1525 se
1381 1471 1745 1528 adorandum

94 1562 368 1632 tanquam
400 1559 477 1616 sit
501 1559 703 1616 Deus?
733 1558 1011 1630 Nunquid
1046 1563 1102 1614 et
1124 1558 1270 1615 illud
1305 1558 1441 1615 inde
1469 1563 1559 1616 est
1588 1559 1742 1630 quod

1861 589 2036 656 vesci,
2072 605 2248 660 quam
2281 589 2601 643 fornicari?
2628 589 2836 644 Ideone
2885 585 3159 642 clauditis
3217 585 3505 642 Ecclesias

1861 679 2196 732 Latinorum
2229 681 2284 732 et
2311 677 2562 749 dirigitis
2605 678 2822 749 scripta
2851 693 2953 748 per
2973 679 3163 732 totum
3188 675 3416 740 urbem,
3439 680 3506 730 ut

1862 767 1933 819 ad
1968 766 2089 820 haac
2121 767 2341 836 majora
2371 772 2430 820 et
2459 767 2802 837 perfectiora
2861 765 3208 836 pertrahatis
3268 780 3506 818 omnem

1861 853 2257 908 Christianum
2291 854 2617 925 populum?
2640 855 2764 908 Non
2788 859 2926 909 sunt
2950 854 3069 908 haec
3088 852 3230 908 talia
3242 851 3502 908 ostensio

1860 959 2005 997 verae
2038 943 2194 1008 fidei,
2228 943 2328 997 sed
2364 943 2693 998 adinventio
2720 943 2956 997 diaboli.
2984 943 3098 998 Nec
3139 946 3277 998 sunt
3307 941 3503 996 firma-

1862 1035 2150 1094 mentum,
2185 1030 2285 1085 sed
2333 1030 2651 1086 destructio
2709 1030 3061 1085 animarum.
3119 1030 3225 1085 Pro
3286 1030 3501 1102 quibus

1860 1119 2134 1172 omnibus
2158 1118 2374 1185 etaliis,
2398 1120 2553 1189 quod
2583 1119 2828 1189 longum
2848 1123 2935 1174 est
2966 1119 3181 1190 scripto
3205 1119 3499 1190 prosequi,

1859 1207 2179 1275 erroribus,
2216 1207 2328 1261 nisi
2355 1206 2717 1278 resipueritis
2749 1211 2805 1261 et
2847 1207 3023 1278 digne
3077 1207 3500 1275 satisfeceritis,

1857 1294 2231 1349 irrevocabile
2263 1295 2576 1349 anathema
2607 1295 2698 1349 hic
2731 1299 2786 1350 et
2817 1295 2874 1349 in
2909 1296 3102 1349 l'uturo
3123 1295 3285 1351 eritis
3309 1295 3501 1361 aDeo,

1859 1390 1915 1438 et
1947 1385 2017 1436 ab
2050 1383 2325 1437 omnibus
2355 1382 2688 1453 Catholicis,
2714 1400 2815 1454 pro
2835 1383 3049 1454 quibus
3081 1382 3347 1440 Christus
3379 1382 3503 1441 ani-

1859 1488 2015 1526 mam
2049 1489 2216 1527 suam
2241 1473 2452 1543 posuit.

1474 1728 1731 1768 EXPLICIT
1784 1728 2106 1769 RESPONSIO.

95 1862 2111 1893 2mm

2118 1860 3500 1891 m

1646 1990 1936 2051 INCIPIT

969 2163 1876 2269 αυσυευΑΜ
1960 2167 2637 2268 NICETIS

1066 2387 1444 2432 PRESBYTEBI
1487 2387 1560 2431 ΕΤ
1599 2385 1879 2432 MONACHI
1924 2386 2296 2430 MONASTERII
2337 2386 2542 2429 STUDII

695 2535 1453 2628 LIBELLUS

1554 2534 2143 2628 CONTRA
2240 2531 2881 2626 LATINOS

770 2741 862 2802 Et
888 2740 964 2803 ab
993 2739 1403 2822 apocrisiariz's
1429 2738 1766 2820 apostolica
1800 2739 1950 2800 sedi:
1983 2737 2494 2820 Constantinopoli
2525 2747 2811 2820 repertus.

147 3071 195 3122 Ι.
230 3066 447 3122 Niceta
477 3064 778 3138 presbyter
806 3066 862 3119 et
890 3061 1218 3118 monachus
1249 3060 1592 3117 monasterii
1615 3061 1746 3116 Stu-
1774 3062 1820 3127 B
1851 3059 2020 3116 nobis
2048 3062 2137 3116 est
2167 3057 2724 3116 consubstantialis?
2753 3058 2911 3115 Alter
2935 3063 3131 3116 autem
3163 3059 3365 3118 nullus
3400 3065 3492 3118 est

76 3157 341 3221 diorum,
374 3153 480 3224 qui
509 3153 898 3224 praenominor
915 3152 1280 3208 Pectoratus:
1313 3150 1614 3217 Romanis,
1667 3150 1736 3204 de

74 3243 306 3317 azymis
332 3247 393 3300 et
422 3241 798 3299 sabbatorum
823 3242 901 3313 jej
915 3242 1068 3297 uniis
1100 3245 1157 3297 et
1215 3240 1416 3312 nuptis
1465 3239 1736 3295 sacerdo-

73 3339 227 3389 tum.
258 3333 427 3389 Bona
447 3335 537 3388 est
566 3331 795 3388 dilectio
809 3330 879 3386 ad
894 3331 1297 3402 proximum,o
1324 3329 1587 3384 omnium
1602 3343 1738 3400 gen-

74 3422 224 3477 tium
259 3420 698 3494 sapientissimi
729 3423 785 3476 et
815 3419 1165 3474 nobilissimi
1190 3418 1457 3474 Romani.
1483 3418 1562 3472 Ex
1580 3415 1741 3472 habi-

74 3511 282 3566 tudine
304 3510 472 3566 enim
503 3506 833 3564 dilectionis
862 3509 934 3562 ad
968 3507 1323 3580 proximum,
1344 3511 1402 3562 et
1432 3505 1737 3561 humilitas

71 3600 345 3656 abundat
373 3597 448 3652 ad
479 3613 613 3652 eum
637 3595 738 3666 qui
769 3594 943 3650 habet
972 3595 1154 3650 illam.
1185 3595 1316 3666 Ipsa
1337 3599 1528 3650 autem
1552 3594 1738 3649 abun-

69 3691 223 3746 dans
244 3684 442 3741 efficit
471 3682 813 3753 participem
846 3682 938 3737 sui
970 3683 1168 3738 omnia
1223 3683 1484 3755 diligere,
1542 3681 1740 3737 omnia

75 3774 409 3841 sustinere,
443 3774 510 3825 ut
541 3769 621 3825 ait
650 3769 882 3824 divinus
905 3770 1238 3842 Apostolus,
1271 3776 1329 3825 et
1383 3788 1498 3824 non
1549 3768 1739 3823 inflari

69 3867 368 3920 adversus
401 3859 738 3932 proximum
760 3875 936 3914 suum
951 3858 1288 3930 aliquando,
1311 3875 1498 3930 neque
1523 3875 1590 3913 ea
1615 3875 1738 3929 qua

67 3954 258 4025 ipsius
294 3949 492 4006 solius
524 3952 958 4018 suntquaerere,
981 3951 1083 4003 aut
1111 3946 1739 4002 zelumhabereadver-

68 4060 170 4099 sus
201 4058 347 4098 eum
393 4042 454 4094 et
485 4035 926 4094 altercationem
957 4041 1014 4091 et
1043 4035 1496 4091 aamulationem.
1535 4035 1744 4092 Omnia

69 4131 226 4186 enim
255 4131 388 4185 haec
405 4125 781 4184 dilectionem
812 4129 1243 4197 persequuntur
1259 4124 1741 4193 ethumilitatem,

69 4225 125 4276 et
147 4220 383 4276 faciunt
401 4215 704 4272 hominem
729 4230 844 4269 non
868 4215 1196 4269 secundum
1215 4213 1402 4269 Deum
1420 4213 1741 4280 ambulare,

70 4310 168 4365 sed
201 4305 551 4365 secundum
583 4302 891 4358 hominum
953 4301 1211 4358 libitum.
1247 4303 1409 4367 Quod
1440 4307 1497 4358 et
1524 4301 1744 4358 Paulus

69 4398 285 4472 arguit,
321 4395 568 4452 dicens:
610 4416 630 4442 α
666 4393 810 4447 Cum
842 4391 921 4448 sit
950 4393 1101 4448 inter
1121 4409 1221 4448 vos
1243 4391 1400 4448 zelus
1421 4395 1478 4447 et
1502 4395 1740 4448 conten-

1858 3148 2027 3204 nobis
2041 3147 2561 3204 consubstantialis
2575 3147 2870 3220 panis,sed
2885 3149 3498 3222 corpusChristi,quod

1852 3237 2158 3293 consimile
2185 3239 2353 3294 nobis
2384 3243 2474 3293 est
2505 3238 2828 3292 secundum
2852 3254 3088 3294 carnem
3108 3239 3499 3297 humanitatis

1846 3327 2055 3398 ipsius.
2082 3326 2138 3380 Si
2170 3331 2365 3383 autem
2385 3327 2643 3382 animata
2663 3330 2751 3381 est
2768 3331 2978 3381 nostris
3005 3344 3210 3384 massa:
3224 3331 3497 3385 substan-

1846 3415 1928 3470 tia
1959 3433 2074 3487 qua
2102 3415 2358 3471 Verbum
2403 3415 2594 3470 induit
2625 3431 2706 3481 se,
2740 3430 2875 3486 ergo
2907 3431 3023 3469 non
3047 3416 3493 3472 substantialem

1847 3505 2018 3559 nobis
2050 3521 2260 3576 panem
2291 3505 2618 3574 comeditis,
2650 3502 2789 3574 quia
2819 3519 3154 3573 azymorum
3178 3504 3492 3575 participa-

1849 3593 2015 3647 mini.
2048 3596 2263 3664 Azyma
2289 3593 2445 3648 enim
2469 3591 3126 3658 inanimatasunt,sicut
3151 3591 3279 3661 ipsa
3295 3607 3492 3646 rerum

1849 3685 2062 3736 natura
2081 3680 2338 3736 declarat
2357 3686 2532 3753 atque
2553 3678 2835 3751 liquidius
2855 3679 3072 3735 edocet.
3093 3679 3493 3736 Intermistum

1850 3767 2006 3823 enim
2034 3770 2329 3824 modicum
2361 3769 2712 3825 fermentum
2746 3768 2804 3822 in
2859 3767 3048 3822 farina
3099 3772 3156 3823 et
3185 3769 3496 3826 commista

1851 3857 1986 3923 sibi,
2019 3858 2147 3929 ipsa
2167 3874 2343 3912 unam
2367 3858 2546 3914 efﬁcit
2575 3857 2828 3929 seipsam
2859 3860 3096 3930 propter
3116 3857 3492 3928 fermentum,

1849 3946 2074 4002 vivifica
2107 3946 2360 4017 quadam
2391 3947 2624 4014 virtute,
2657 3951 2712 4001 et
2737 3944 3003 4001 calefacit
3054 3962 3206 4018 eam,
3258 3951 3315 4002 et
3373 3951 3492 4002 tam

1852 4033 2128 4090 mobilem
2163 4051 2338 4106 quam
2365 4036 2550 4091 vivam
2574 4038 2864 4107 operatur.
2898 4035 3058 4098 Quod
3080 4035 3138 4091 in
3163 4052 3366 4108 azymo
3391 4037 3497 4092 fer-

1852 4129 2048 4179 mento
2083 4123 2528 4192 Pharisaeorum,
2563 4125 2718 4196 quod
2751 4125 3003 4198 effugere
3035 4142 3142 4182 nos
3168 4142 3359 4182 sermo
3389 4126 3496 4182 ad-

1853 4218 2072 4282 monet,
2106 4229 2294 4285 neque
2325 4214 2594 4269 effectum
2625 4219 2714 4270 est
2752 4213 3090 4286 aliquando,
3149 4231 3339 4288 neque
3398 4216 3498 4273 fiet

1854 4303 2113 4360 omnino.
2146 4303 2364 4359 Divina:
2397 4302 2552 4357 enim
2580 4304 2765 4359 effecti
2791 4321 3000 4361 sumus
3029 4305 3353 4378 particepes
3391 4323 3496 4362 na-

1853 4397 2018 4461 turae,
2033 4393 2204 4464 cujus
2225 4396 2281 4449 et
2300 4392 2720 4465 participamur
2742 4393 3023 4464 quotidie,
3047 4394 3147 4466 qui
3169 4395 3498 4451 communi-

67 4488 145 4543 tio
177 4492 236 4544 et
258 4483 592 4551 discordia,
613 4497 806 4536 nonne
837 4481 1104 4538 carnales
1134 4482 1296 4547 estis,
1332 4485 1389 4536 et
1419 4481 1743 4537 secundum
1775 4481 1816 4548 C
1854 4485 2034 4536 tatem
2067 4481 2355 4537 habemus
2385 4497 2520 4536 cum
2554 4479 2806 4549 Christo,
2839 4482 2994 4539 sicut
3021 4482 3164 4539 dicit
3210 4489 3266 4539 et
3293 4485 3498 4542 Petrus

65 4575 383 4632 hominem
448 4569 871 4628 ambulatis‘?»
947 4570 994 4641 (I
1051 4570 1171 4626 Cor.
1234 4587 1319 4639 III,
1371 4570 1446 4641 3).
1505 4573 1749 4641 Propter

66 4666 223 4737 quod
247 4679 398 4736 rogo
421 4666 688 4716 vestrum
711 4656 1383 4727 charitatem,humiliari
1397 4675 1496 4714 vos
1509 4661 1745 4730 propter

63 4754 161 4811 Dei
197 4754 604 4829 praeceptum,
638 4751 696 4802 et
726 4748 931 4804 audire
965 4765 998 4804 a
1028 4748 1198 4804 nobis
1231 4747 1488 4820 indignis
1519 4756 1575 4804 et
1629 4748 1743 4803 mi-

66 4845 272 4901 nimis.

137 4935 210 4991 II.
244 4929 653 5004 Requirentes
711 4925 868 4981 enim
891 4927 964 4981 ab
993 4924 1110 4982 illis
1130 4926 1228 4998 qui
1248 4943 1317 4982 ex
1337 4926 1580 4983 diversis
1612 4943 1743 4998 pro-

65 5024 282 5080 vinciis
320 5023 736 5077 Romanorum
780 5015 1225 5087 peregrinantur
1257 5016 1350 5070 hic
1390 5017 1460 5070 de
1505 5015 1747 5087 azymis,

66 5113 209 5186 quid
247 5113 537 5168 dicemus
565 5105 637 5159 de
658 5104 751 5158 his
783 5104 842 5158 in
883 5104 1193 5159 dilectione
1249 5104 1462 5160 Christi
1494 5106 1566 5160 ad
1600 5122 1699 5160 vos

63 5203 169 5266 Qui
205 5210 576 5273 azymorum
611 5191 802 5247 adhuc
822 5192 1195 5264 participant,
1228 5195 1337 5248 sub
1369 5195 1580 5249 umbra
1603 5193 1749 5265 legis

62 5293 228 5362 sunt,
249 5293 314 5343 et
346 5284 740 5340 Hebraaorum
767 5297 1032 5336 mensam
1053 5282 1386 5352 comedunt,
1411 5301 1526 5338 non
1554 5289 1749 5338 autem

63 5375 433 5438 rationalem
483 5373 544 5423 et
599 5368 789 5424 vivam
821 5370 922 5425 Dei
985 5386 1275 5438 mensam,
1309 5376 1365 5426 et
1421 5373 1592 5428 nobis
1649 5372 1751 5443 qui

62 5467 452 5530 credidimus
469 5457 1637 5531 supersubstantialem,quemadmodum
1652 5478 1748 5517 su-

61 5563 270 5635 perius
304 5553 554 5625 exigere
588 5546 1223 5624 supersubstantialem
1257 5549 1407 5605 docti
1434 5567 1642 5606 sumus
1658 5568 1753 5622 pa-

59 5667 221 5711 nem.
258 5643 424 5718 Quid
461 5636 627 5698 enim
663 5639 752 5693 est
799 5636 1410 5712 supersubstantialis,
1471 5639 1583 5699 nisi
1617 5639 1756 5718 quia

1855 4575 2083 4626 vertex:
2121 4592 2147 4621 ‹‹
2207 4571 2407 4627 Gratia
2462 4570 2625 4626 vobis
2683 4574 2738 4624 et
2783 4587 2895 4641 pax
2952 4571 3378 4643 multiplicetur
3431 4574 3493 4630 in

1853 4659 2181 4732 cognitione
2201 4659 2385 4730 Dei,et
2401 4661 2542 4716 Jesu
2565 4659 2791 4715 Domini
2823 4660 3006 4714 nostri
3039 4661 3086 4730 (1
3101 4665 3253 4716 Petr.
3290 4679 3329 4730 ι,
3360 4661 3438 4732 2).
3472 4684 3498 4710 ››

1852 4749 1924 4803 Et
1962 4754 2094 4821 post
2128 4766 2351 4821 pauca:
2382 4772 2408 4800 ‹‹
2443 4749 2514 4805 Ut
2568 4766 2672 4821 per
2717 4764 2845 4804 eam
2905 4748 3245 4804 efﬁciamini
3292 4749 3500 4806 divinae

1853 4837 2164 4910 participes
2212 4842 2430 4894 natura:
2471 4837 2546 4910 (II
2571 4839 2722 4893 I’ctr.
2749 4855 2788 4906 1,
2821 4839 2898 4908 4),
2927 4860 2955 4887 ››
2991 4854 3105 4892 non
3137 4840 3333 4893 autem
3390 4837 3501 4894 fer-

1855 4931 2052 4983 mento
2085 4927 2272 5000 azymi
2312 4927 2748 4983 interfectorum
2807 4926 2928 4983 Dei.
2989 4925 3254 4983 Divinam
3305 4930 3502 4983 autem

1856 5021 2149 5084 naturam,
2184 5016 2454 5088 quisquis
2486 5016 2728 5071 rationis
2760 5020 2848 5071 est
2876 5015 3174 5083 dominus,
3215 5015 3368 5073 dicet
3397 5015 3503 5072 ali-

1857 5105 2091 5175 quando
2126 5123 2391 5178 azymum
2423 5111 2477 5159 et
2509 5111 2805 5160 mortuum
2856 5105 3211 5161 fermentum
3268 5105 3502 5162 Judan-

1859 5211 2012 5260 rum,
2045 5196 2198 5265 quod
2231 5195 2287 5248 in
2316 5194 2598 5250 sacrificio
2630 5211 2730 5250 vos
2763 5195 2874 5250 Deo
2920 5194 3161 5261 offertis,
3225 5194 3380 5266 quod
3441 5195 3502 5250 in

1859 5287 2049 5355 figura
2077 5300 2220 5338 verae
2250 5287 2305 5338 et
2324 5283 2460 5338 viva:
2481 5284 2674 5339 carnis
2700 5284 2927 5339 Domini
2953 5283 3302 5339 comeditis?
3351 5285 3501 5350 Quo-

1861 5373 2034 5428 modo
2066 5372 2346 5428 unitalem
2378 5372 2670 5429 habebitis
2688 5390 2822 5428 cum
2840 5373 3090 5442 Christo,
3116 5374 3340 5430 vivente
3362 5373 3500 5444 Deo,

1863 5465 2182 5529 mortuum,
2203 5467 2267 5516 ut
2287 5460 2508 5516 dictum
2533 5466 2640 5529 est,
2674 5467 2729 5517 ct
2751 5463 3229 5519 infermentatum
3251 5462 3503 5519 fermen-

1863 5554 1989 5606 tum
2021 5553 2414 5620 comedentes,
2440 5550 2608 5624 legis,
2643 5551 2884 5618 umbrae,
2956 5569 3070 5607 non
3101 5552 3242 5608 Novi
3298 5553 3501 5609 Testa-

1863 5639 2070 5700 menti!
2105 5639 2164 5700 Si
2182 5641 2340 5700 enim
2371 5645 2427 5700 et
2457 5640 2564 5702 hoc
2586 5640 2980 5714 dixeritie,sed
3011 5658 3126 5700 non
3177 5641 3260 5701 sic
3305 5659 3368 5703 se
3399 5641 3502 5712 ha-
