1983 3106
194 171 253 202 975

535 170 775 202 HUMBERTUS
799 172 830 200 S.
857 172 891 200 ll.
916 171 951 201 Ε.
974 171 1015 201 ΟΔ

1085 170 1219 201 [NALIS.
1236 187 1275 194 —-
1290 171 1363 203 LIB.
1386 172 1551 203 NlCETzE.

1835 170 1902 201 976

194 237 253 264 bet.
271 236 368 273 Inquit
383 235 460 264 enim
477 237 600 265 dilectus
618 237 725 265 (Hiristi
754 235 933 272 discipulus:
953 247 967 261 (ι
982 236 1012 264 Si
1027 237 1054 270 Α
1069 245 1121 265 nos
1136 240 1164 265 et
1179 237 1329 266 immolato
1345 238 1458 267 Christo
1474 237 1662 274 incorporati,
1678 238 1706 265 et
1719 237 1800 265 velut
1826 244 1895 266 caro

194 281 353 310 dixerimus
369 282 438 317 quia
448 282 689 310 communitatem
704 282 846 316 habemus
860 290 926 309 cum
940 284 1015 313 eo,et

193 326 360 355 intenebris
375 327 573 362 ambulamus,
591 327 760 362 mentimur,
777 329 805 353 et
817 335 873 353 non
891 326 1014 353 facimus

192 371 353 399 veritatem.
370 371 399 399 Si
409 374 507 400 autem
516 372 545 399 in
553 371 664 400 lumine
672 371 859 399 ambulamus
868 371 1015 406 sicutipse

193 418 237 444 est
252 415 282 443 in
294 415 416 449 lumine,
426 417 665 445 communitatem
676 416 820 444 habemus
833 416 867 443 ad
880 415 1014 449 invicem,

192 463 220 488 et
235 461 356 498 sanguis
368 460 437 489 Jesu
453 461 560 490 Christi
575 461 709 496 puriticat
725 469 777 488 nos
794 461 828 488 ab
853 460 932 488 omni
949 468 1013 496 pec-

193 507 256 534 cato
272 506 294 542 (I
308 507 386 534 Joan.
404 515 423 539 ι,
438 507 465 540 6,
481 506 518 541 7).
537 517 550 529 ››
564 506 617 537 Qui
633 514 700 541 ergo
717 514 817 541 azyma
832 505 967 537 comedit,
984 504 1013 531 in

191 550 319 578 tenebris
342 550 415 586 legis
429 549 569 578 ambulat.
586 551 620 577 Et
636 550 781 585 quomodo
797 550 878 585 [non]
896 549 1014 577 habebit

194 595 437 623 societatemcum
447 594 571 628 Christo,
589 594 638 630 qui
655 598 698 622 est
716 595 744 621 in
763 594 872 621 lumine
884 594 951 621 Novi
968 594 1013 621 sui

193 638 372 667 Testamenti
387 641 415 666 et
431 639 629 674 gratiee‘!Nani
645 638 695 674 qui
708 638 1014 665 inluniineainbulant

191 683 300 718 gratiae,
318 691 422 719 panem
438 684 594 710 comedunt
605 683 653 718 qui
666 686 709 710 est
724 692 829 718 corpus
848 683 965 715 Christi,
987 685 1015 709 et

193 727 297 754 bibunt
313 727 485 763 sanguinem
497 727 717 755 immaculatum
734 729 807 762 ejus,
822 730 849 754 ct
860 727 897 754 ita
907 727 1014 754 habent

194 771 230 798 ad
246 771 380 806 invicem,
397 774 500 799 etcum
517 772 631 799 Christo
647 772 824 805 societatem,
857 771 1012 807 pnriticati,

194 816 270 843 sicut
285 816 395 844 dictum
411 819 464 851 est,
482 817 516 844 ab
532 817 611 844 omni
628 817 861 852 inquinamento.
873 818 1013 852 Azymum

195 862 292 888 autem
302 869 359 888 non
376 863 419 888 est
430 862 522 897 panis.
536 861 634 896 Neque
642 861 718 889 enim
726 861 1013 897 compositus,ncqne

194 913 245 940 per
253 913 283 932 se
292 905 388 941 ipsum
398 907 542 941 perfectus
549 906 656 939 est,sed
668 905 803 940 indigens
813 905 945 941 semiquc
953 913 1014 941 per-

194 949 297 983 fectus,
315 949 448 985 indigens
465 950 644 985 plenitudine
657 949 801 977 fermenti.
818 950 905 977 Panis
917 953 1015 977 autem

194 994 387 1029 compositus,
399 1003 449 1029 per
460 994 590 1030 seipsum
610 994 756 1030 perfectus
772 996 815 1021 est
831 996 858 1020 et
881 994 1016 1029 plenissi-

193 1046 270 1072 mus,
281 1039 356 1066 sicut
371 1038 419 1066 ille
433 1039 483 1075 qui
504 1041 598 1067 totum
614 1039 701 1066 habet
718 1039 746 1065 in
764 1038 861 1074 seipso
892 1038 1017 1074 plenitu-

195 1083 284 1110 dinis.

231 1127 278 1155 Ill.
296 1128 524 1156 Animadvertite
539 1130 568 1156 ct
596 1128 737 1156 attendite
762 1128 831 1163 quia
855 1128 884 1154 in
908 1127 1017 1163 azymis

198 1171 279 1200 nulla
293 1175 338 1200 est
350 1173 448 1200 vivens
458 1173 561 1207 virtus,
574 1175 689 1200 mortua
705 1172 782 1200 enim
799 1174 881 1206 sunt;
899 1172 928 1199 in
945 1180 1019 1208 pane

198 1218 296 1244 autem
308 1217 363 1244 hoc
379 1219 434 1251 est,
450 1225 568 1252 corpore
583 1217 700 1251 Christi,
730 1217 785 1244 tria
802 1219 870 1244 sunt
894 1216 1020 1244 viventia

199 1263 228 1289 et
241 1261 332 1289 vitam
357 1261 515 1297 praebentia
536 1262 577 1289 eis
607 1262 656 1297 qui
676 1270 709 1289 ca
746 1262 833 1297 digne
862 1261 1020 1289 comedunt

200 1305 336 1341 Spiritus,
354 1314 431 1341 aqua
445 1308 473 1333 et
488 1306 619 1342 sanguis,
631 1315 682 1333 ccu
698 1310 725 1333 ct
750 1306 821 1341 ipse,
852 1305 902 1341 qui
932 1314 1020 1341 super

199 1350 414 1386 pectusChristi
429 1350 458 1377 in
473 1358 554 1377 cmna
569 1350 710 1384 recubuit,
726 1351 854 1378 Joannes
863 1350 1021 1377 contestiti-

200 1396 284 1421 catur
297 1394 326 1421 in
353 1402 386 1422 eo
401 1394 502 1422 verbo:
520 1407 533 1419 ‹‹
550 1395 621 1423 Tres
640 1397 710 1422 sunt
743 1395 793 1430 qui
818 1394 1019 1422 testimonium

200 1439 280 1473 dant,
294 1438 430 1475 Spiritus,
445 1448 520 1475 aqua
536 1441 564 1466 et
576 1440 705 1475 sanguis,
723 1442 751 1467 et
767 1440 795 1467 hi
820 1442 879 1467 tres
906 1439 934 1466 in
963 1448 1020 1467 uno

200 1485 269 1511 sunt
283 1484 308 1518 (Ι
321 1484 398 1512 Joan.
412 1493 438 1518 ν,
465 1487 503 1519 ὅ),
532 1484 666 1512 videlicet
689 1485 719 1511 in
753 1493 872 1520 corpore
901 1484 1018 1511 Christi.

199 1528 280 1560 Quod
294 1530 322 1556 et
337 1529 499 1556 secundum
515 1531 632 1565 tempus
652 1529 808 1557 Dominicze
824 1528 1021 1556 crucilixionis

200 1572 378 1601 declaratum
394 1575 447 1607 est,
456 1576 640 1610 cumaquaet
650 1574 772 1610 sanguis
782 1582 815 1600 ex
831 1573 1020 1601 immaculata

198 1620 278 1646 costa
293 1618 386 1654 ipsius
400 1618 525 1646 efﬂuxit:
541 1619 641 1646 lancea
652 1627 790 1654 percussa
808 1626 894 1645 carne
915 1617 1018 1653 ipsius,

197 1664 316 1691 sanctus
331 1663 457 1699 Spiritus
468 1663 657 1699 viviﬂcusque
668 1663 697 1690 in
708 1663 842 1690 deiﬁcata
852 1670 940 1689 carne
955 1662 1018 1697 ejus

195 1708 463 1743 permansit.Quam
469 1708 653 1736 comedentes
661 1707 690 1734 in
700 1707 836 1743 pane,qui
845 1706 1018 1734 immutatus

196 1754 240 1780 est
255 1760 307 1788 per
320 1752 460 1788 Spiritum
473 1755 501 1781 et
513 1753 632 1780 effectus
647 1754 692 1779 est
702 1760 808 1787 corpus
817 1751 933 1783 Christi,
946 1751 1017 1778 vivi-

195 1805 262 1825 mus
276 1797 306 1825 in
322 1798 396 1833 ipso,
413 1799 555 1833 tanquam
570 1797 664 1824 vivam
675 1798 703 1824 et
718 1796 885 1824 deificatam
897 1804 1016 1824 carnem

194 1842 374 1870 edentes.Sio
390 1845 488 1870 autem
504 1844 532 1869 et
543 1841 716 1877 sanguinem
725 1841 821 1868 vivum
833 1843 861 1868 et
871 1840 1017 1869 calidissi-

194 1894 276 1914 mum
291 1887 357 1922 ejus
372 1887 504 1915 bibentes
516 1894 582 1913 cum
591 1886 726 1914 et'ﬂucnte
742 1894 818 1922 aqua
828 1894 862 1913 ex
872 1885 1015 1914 immacu-

193 1930 252 1960 lata
263 1933 343 1960 costa
351 1931 609 1967 ejus,mundamur
618 1932 654 1959 ab
666 1931 745 1958 omni
757 1930 871 1966 delicto,
894 1930 1015 1958 ferventi

193 1975 341 2012 replemur
355 1975 614 2011 Spiritu.Calidum
627 1976 752 2010 enim,ut
767 1975 961 2010 videtis,velut
980 1984 1015 2003 ex

191 2019 281 2048 latere
290 2020 416 2054 Domini,
432 2020 551 2048 calicem
568 2021 708 2054 bibimus,
721 2020 790 2055 quia
801 2029 832 2047 cx
849 2020 912 2047 viva
927 2028 1014 2048 carne

191 2067 220 2092 et
235 2065 329 2093 calida
343 2065 448 2100 spiritu
464 2065 570 2093 Christi
583 2064 781 2092 calidissimus
798 2065 882 2092 nobis
892 2065 1013 2100 sanguis

191 2111 219 2136 et
234 2118 310 2144 aqua
325 2109 481 2137 emanavit.
497 2109 578 2141 Quod
594 2109 623 2136 in
644 2109 686 2137 eis
712 2110 762 2145 qui
792 2118 892 2145 azyma
917 2118 1013 2137 eome-

191 2153 274 2188 dunt,
292 2153 394 2188 nequit
408 2153 479 2181 fieri.

226 2197 272 2225 IV.
291 2197 320 2225 Si
336 2199 433 2225 autem
449 2199 599 2225 mortuum
615 2198 791 2226 fermentum
807 2198 970 2232 comeditis,
995 2207 1011 2226 ο

189 2242 410 2278 sapientissimi,
427 2245 457 2270 ut
472 2252 567 2271 sermo
581 2243 747 2277 declaravit,
764 2244 848 2278 cujus
857 2243 896 2270 rei
917 2243 1011 2279 gratia

188 2286 366 2323 gloriamini,
380 2287 529 2316 dicentes:
550 2299 560 2313 α
577 2288 649 2321 Quia
664 2297 721 2316 non
731 2287 806 2316 sicut
821 2296 871 2315 vos
889 2288 949 2315 sale
980 2291 1008 2316 et

187 2332 329 2360 fermento
345 2334 431 2369 atque
447 2342 523 2369 aqua
538 2334 662 2361 farinam
675 2335 883 2368 temperamus,
914 2335 943 2360 et
967 2332 1008 2360 sic

187 2376 312 2405 facimus
323 2377 500 2406 oblationem
512 2387 646 2414 uzymoru
652 2386 679 2405 m
692 2377 922 2410 nostrorum,sed
933 2386 1010 2413 aqua

187 2421 249 2450 sola
259 2424 287 2450 et
298 2422 391 2451 farina
400 2426 428 2451 et
436 2423 496 2459 igni
506 2431 640 2459 nzymum
653 2422 866 2454 conficimus,et
879 2422 907 2449 in
915 2422 1009 2449 tribus

186 2466 233 2494 his
241 2476 346 2503 puram
357 2468 482 2495 facimus
493 2470 623 2495 nostram
635 2467 810 2495 oblationem
824 2476 849 2500 ;››
863 2469 1011 2502 perconta-

185 2520 252 2539 mur
267 2512 357 2548 igitur
366 2513 492 2546 vos,hzec
503 2512 676 2548 tria,aquam
689 2514 717 2539 et
728 2512 851 2539 farinam
863 2514 891 2539 et
900 2512 1007 2547 ignem,

185 2557 221 2584 ad
237 2556 307 2592 quid
325 2557 477 2593 accipitis;
493 2560 522 2586 et
532 2557 577 2585 cui
592 2557 718 2593 eliigiem
734 2565 798 2584 esse
809 2557 869 2584 lucc
884 2557 1009 2584 aestima-

184 2601 223 2629 tis
233 2601 246 2629 ?
255 2601 357 2631 Carnis
368 2603 480 2630 Domini
492 2604 505 2630 ‘I
518 2603 573 2631 Sed
586 2611 642 2630 non
653 2602 750 2637 inquit
760 2601 883 2630 dilectus
895 2601 1008 2629 Christo

182 2645 324 2674 Joannes:
338 2647 435 2675 «Tres
455 2649 526 2675 sunt
550 2648 600 2682 qui
624 2646 825 2674 testimonium
856 2646 1010 2681 perhibent

184 2690 208 2725 (I
226 2690 305 2718 Joan.
322 2699 348 2724 v,
367 2692 404 2726 8),
418 2703 432 2715 ›ι
448 2700 524 2727 aqua
538 2694 566 2718 et
578 2691 670 2718 farina
686 2693 714 2717 et
728 2690 815 2726 ignis.
840 2689 894 2716 Sed
921 2689 1010 2724 quid?

184 2744 198 2758 ι(
213 2734 340 2770 Spiritus
359 2738 387 2762 et
397 2744 474 2770 aqua
489 2738 517 2763 et
532 2735 663 2771 sanguis,
675 2737 703 2763 ct
718 2735 747 2762 hi
759 2737 818 2762 tres
831 2734 859 2761 in
872 2742 929 2761 uno
941 2736 1010 2762 sunt

183 2778 297 2813 (Ibid.,),
315 2790 329 2803 υ
341 2779 473 2807 videlicet
495 2780 524 2807 in
555 2788 674 2816 corpore
702 2778 818 2809 Christi.
850 2780 882 2806 ut
897 2778 1008 2806 dictum

183 2824 236 2857 est,
253 2823 332 2859 quod
349 2832 402 2852 nos
411 2826 595 2854 comedentes
604 2825 723 2853 unimur
733 2824 884 2852 incarnato
891 2826 1010 2860 propter

1068 282 1141 316 ejus,
1159 282 1235 310 sicut
1250 283 1392 318 scriptum
1408 285 1461 311 est.
1478 283 1507 310 Si
1523 285 1623 310 autem
1638 282 1674 310 ad
1689 282 1853 310 increatam
1866 283 1896 310 et

1070 326 1269 363 incorporeum
1288 330 1423 355 naturam
1436 330 1542 356 sanctae
1558 327 1710 355 Trinitatis
1722 326 1892 361 assumitis,

1068 371 1171 399 erratis
1188 372 1325 400 cadentes
1339 373 1367 399 in
1385 372 1519 400 haeresim
1548 380 1649 399 eorum
1678 371 1729 407 qui
1755 374 1897 399 asserunt

1069 415 1160 443 Deum
1169 417 1353 453 passum,qui
1360 417 1462 445 dicunt
1470 424 1658 452 compassum
1665 416 1795 444 Verbum
1803 416 1898 450 carni,

1069 462 1096 487 et
1110 460 1242 488 eamdem
1260 461 1354 497 ipsam
1370 462 1508 490 deitatem
1524 461 1702 489 sustinuisse
1712 460 1896 496 passionem.

1068 504 1130 532 Non
1147 505 1224 532 enim
1236 506 1344 541 pariter
1359 506 1487 534 Trinitas
1502 506 1654 534 incarnata
1668 508 1721 540 est,
1752 507 1841 533 Pater
1867 507 1898 533 et

1069 549 1158 576 Filius
1174 551 1201 576 et
1215 550 1341 585 Spiritus
1356 553 1486 585 sanctus,
1505 553 1536 578 ut
1553 549 1773 586 conspiciantur
1800 550 1831 577 in
1862 558 1898 577 ea

1069 592 1128 620 hare
1139 594 1202 626 tria,
1221 603 1297 629 aqua
1314 598 1344 622 ut
1360 595 1475 628 dicitur,
1492 595 1587 623 farina
1602 597 1631 623 et
1646 594 1733 630 ignis,
1764 596 1792 622 et
1808 596 1840 622 ut
1864 594 1895 621 in

1067 638 1160 673 ﬁgura
1175 639 1268 673 ipsius
1281 639 1392 666 faciatis
1409 648 1548 675 azymum
1564 641 1593 667 et
1601 639 1778 667 sacrificium
1789 640 1896 667 oll‘era-

1069 683 1124 709 tis:
1144 683 1192 710 sed
1210 692 1286 710 unus
1302 692 1335 711 ex
1351 685 1492 711 Trinitate
1503 684 1636 717 Filius,et
1652 683 1780 711 Verbum
1792 684 1840 711 Dei
1854 684 1899 711 in-

1068 730 1219 755 carnatum
1229 730 1318 761 est,e.\:
1329 729 1503 756 castissimis
1511 728 1897 764 sancthirginiscarnibus

1069 772 1156 799 homo
1166 773 1284 800 etfectus
1297 775 1334 806 ;ct
1345 773 1444 800 omnia
1454 773 1648 801 ordinationis
1658 782 1716 801 suae
1728 772 1895 809 perliciens,

1070 817 1225 844 crucifixus
1241 819 1285 844 est
1300 826 1395 851 carne,
1414 827 1470 845 non
1496 826 1584 853 passa
1613 818 1764 845 divinitate
1786 817 1897 852 ipsius.

1069 861 1160 888 Carne
1173 861 1261 896 igitur
1276 862 1442 895 cruciﬁxus,
1471 862 1592 890 tradidit
1621 862 1706 890 nobis
1731 862 1815 890 edere
1843 869 1895 897 per

1070 913 1175 940 panem
1193 914 1308 933 carnem
1325 915 1421 940 suam,
1440 915 1528 942 quam
1542 907 1571 934 in
1596 907 1706 942 Spiritu
1729 908 1831 935 sancto
1857 905 1900 933 ita

1071 949 1164 977 vivam
1181 950 1312 978 dicimus
1324 961 1332 977 :
1351 963 1361 975 α
1379 951 1504 987 Accipite
1520 954 1548 979 et
1576 951 1729 985 comedite,
1762 951 1819 978 hoc
1851 952 1897 977 est

1071 1002 1177 1030 corpus
1194 1003 1302 1029 meum,
1320 996 1395 1030 quod
1407 1004 1459 1031 pro
1474 995 1554 1023 vobis
1571 995 1695 1022 fractum
1710 997 1767 1028 est,
1793 995 1824 1022 in
1850 1002 1903 1022 re-

1072 1039 1242 1067 mismonem
1259 1043 1441 1075 peccatorum
1460 1040 1561 1075 (Matth.
1579 1047 1653 1073 xxvi,
1669 1038 1773 1072 26-28).
1792 1050 1806 1062 η

1108 1083 1141 1112 V.
1159 1084 1231 1115 Quid
1248 1092 1315 1119 ergo
1330 1084 1421 1117 vobis,
1436 1083 1466 1110 in
1480 1083 1593 1110 Christo
1610 1082 1750 1110 fratribus
1776 1081 1902 1114 nostris,

1073 1130 1101 1155 et
1111 1127 1166 1163 legi
1179 1137 1242 1164 quze
1254 1128 1404 1155 mult-dicta
1415 1129 1458 1155 est
1467 1127 1496 1154 in
1503 1127 1639 1155 Christo?
1651 1126 1790 1162 quoniam
1802 1125 1902 1153 adhuc

1075 1181 1209 1208 azymum
1225 1173 1401 1199 fermentum
1412 1173 1476 1207 ejus
1488 1171 1660 1199 comeditis?
1671 1171 1750 1199 Nova
1765 1172 1900 1198 creatura

1074 1225 1177 1244 sumus
1188 1216 1217 1243 in
1228 1216 1342 1244 Christo
1353 1226 1358 1243 2
1369 1218 1467 1244 vetera
1475 1215 1793 1244 transierunt.Paulum
1801 1215 1902 1243 audito

1075 1261 1235 1288 dicentem:
1251 1273 1264 1286 «
1279 1262 1351 1288 Ecce
1368 1261 1443 1289 facta
1459 1263 1528 1288 sunt
1545 1260 1644 1288 omnia
1673 1269 1748 1288 nova
1777 1260 1818 1295 (II
1835 1260 1900 1288 Cor.

1075 1315 1101 1340 v,
1122 1306 1175 1341 l7).
1196 1317 1208 1330 ››
1218 1306 1247 1333 Si
1260 1308 1359 1333 autem
1372 1305 1588 1333 hmccomedere
1600 1304 1899 1340 decernitisjustum:

1075 1360 1127 1379 cur
1142 1359 1200 1378 non
1216 1353 1245 1378 et
1259 1349 1529 1378 circumcidimini?
1545 1350 1678 1378 Christus
1704 1349 1898 1378 circumcisus

1075 1398 1129 1423 est.
1147 1395 1204 1423 Cur
1219 1404 1274 1422 non
1287 1397 1313 1422 et
1329 1394 1547 1430 purificaniini?
1564 1394 1671 1422 Paulus
1686 1394 1775 1422 etiam
1799 1396 1828 1422 et
1843 1393 1898 1422 hoc

1076 1440 1156 1468 fecit:
1173 1443 1200 1467 ct
1215 1439 1273 1467 alia
1288 1440 1376 1466 etiam
1392 1440 1491 1466 omnia
1520 1438 1657 1466 similiter
1685 1447 1798 1466 servare
1822 1440 1902 1466 vete-

1077 1493 1152 1519 rum,
1168 1484 1244 1512 sicut
1255 1486 1282 1511 et
1295 1483 1324 1510 hi
1341 1493 1374 1511 ea
1389 1493 1451 1519 qua:
1463 1483 1535 1519 legis
1548 1485 1617 1511 sunt
1628 1483 1748 1517 faciunt,
1761 1491 1810 1518 per
1821 1491 1897 1519 quos

1075 1537 1180 1557 nomen
1197 1528 1246 1556 Dei
1258 1528 1286 1555 in
1298 1528 1434 1564 gentibus
1445 1528 1674 1564 blasphematur,
1685 1527 1761 1556 sicut
1771 1527 1899 1556 cstscri~

1075 1576 1158 1610 ptum
1173 1582 1179 1600 :
1196 1584 1209 1597 ‹‹
1226 1573 1288 1600 Non
1306 1573 1381 1600 bona
1396 1575 1440 1600 est
1455 1572 1588 1608 gloriatio
1601 1575 1696 1600 vestra
1711 1573 1734 1608 (ι
1745 1572 1805 1600 Cor.
1824 1572 1898 1608 v,6),

1036 1610 1057 1643 Ο
1076 1620 1108 1645 ut
1122 1620 1210 1653 etego
1222 1626 1284 1653 quae
1297 1617 1378 1645 Pauli
1393 1617 1573 1653 suntloquar
1584 1618 1620 1645 ad
1630 1626 1695 1645 vos:
1707 1629 1720 1643 (ι
1734 1617 1870 1652 Nescitis,
1884 1627 1900 1641 ››

1073 1663 1178 1698 inquit,
1196 1674 1209 1687 ‹‹
1227 1662 1296 1697 quia
1310 1662 1458 1690 modicum
1471 1663 1647 1690 fermentum
1662 1664 1753 1690 totam
1767 1670 1900 1690 massam

1073 1707 1256 1743 corrumpit?
1286 1718 1299 1731 ν
1324 1707 1428 1743 (lbi’d.,)
1471 1709 1504 1734 Et
1542 1707 1626 1743 panis
1669 1707 1798 1742 tandem,
1839 1716 1899 1735 non

1073 1760 1207 1788 azymum
1231 1751 1367 1778 efficitur.
1384 1752 1439 1779 Sed
1463 1751 1533 1787 quid
1551 1752 1597 1779 hic
1623 1752 1719 1780 dictus
1738 1751 1897 1788 Apostolus

1071 1796 1173 1824 scribit
1188 1797 1224 1824 ad
1240 1796 1423 1824 Corinthios?
1435 1796 1584 1831 Nunquid,
1602 1799 1634 1824 ut
1648 1805 1699 1824 vos
1728 1796 1896 1832 zrstimatis,

1071 1842 1106 1868 de
1121 1840 1314 1868 celebratione
1330 1849 1418 1876 quam
1434 1849 1485 1868 vos
1497 1841 1526 1868 in
1538 1841 1647 1877 azymis
1658 1841 1813 1869 celebratis
1823 1841 1838 1869 Ἰ
1848 1842 1903 1869 Ne-

1071 1894 1229 1922 quaquam.
1248 1885 1304 1913 Sed
1321 1886 1460 1921 quoniam
1476 1885 1517 1913 illi
1534 1885 1589 1913 hoc
1606 1885 1806 1922 despiciebant
1817 1887 1899 1922 quod

1070 1930 1177 1966 aliquis
1193 1938 1345 1958 novercam
1362 1932 1521 1966 acceperat,
1538 1932 1566 1958 et
1582 1930 1611 1957 in
1627 1930 1757 1966 antiquis
1773 1939 1898 1958 consue-

1069 1975 1221 2002 tudinibus
1237 1974 1316 2003 fuisse
1333 1974 1461 2002 scientiae
1478 1983 1537 2002 sua:
1553 1974 1770 2010 gloriabantur;
1796 1975 1899 2003 volens

1069 2022 1166 2047 autem
1183 2028 1232 2047 eos
1248 2019 1376 2047 converti
1391 2019 1501 2047 Paulus
1517 2021 1545 2047 et
1565 2028 1599 2047 ex
1627 2022 1721 2048 vetere
1749 2028 1899 2048 removere

1068 2064 1189 2098 malitia,
1201 2064 1280 2091 venit
1294 2072 1345 2100 per
1356 2063 1580 2092 similitudinem
1591 2064 1677 2099 hanc,
1690 2064 1898 2092 fermentidico

1067 2111 1095 2137 et
1110 2117 1223 2141 massze,
1240 2109 1368 2136 ostendit
1382 2108 1424 2136 eis
1441 2109 1581 2144 quoniam
1594 2117 1685 2137 unum
1699 2108 1821 2143 malum,
1834 2112 1899 2137 tan-

1067 2162 1155 2190 quam
1163 2153 1666 2190 modicumcontemptum,magnam
1674 2154 1703 2181 in
1710 2155 1769 2182 toto
1777 2162 1898 2190 corpore

1065 2198 1197 2226 Ecclesiae
1205 2198 1617 2234 facietlznsionem.Propterea
1627 2197 1724 2234 inquit
1735 2198 1896 2234 adjiciens:

1065 2254 1078 2267 ί(
1095 2243 1129 2270 Et
1140 2251 1196 2270 non
1211 2243 1323 2270 luctum
1339 2242 1494 2277 habuistis,
1514 2245 1546 2270 ut
1561 2242 1712 2271 auferatur
1725 2243 1760 2271 dc
1792 2243 1892 2271 medio

1025 2298 1048 2331 D
1064 2287 1151 2315 vestri
1176 2287 1226 2323 qui
1243 2287 1296 2315 hoc
1325 2296 1401 2323 opus
1431 2289 1567 2323 operatus
1599 2287 1666 2315 est?
1682 2288 1706 2323 (Ι
1720 2288 1779 2315 Cor.
1796 2296 1823 2320 v,
1855 2287 1897 2322 2.)

1065 2333 1162 2360 Potest
1174 2332 1262 2366 enim,
1279 2331 1386 2368 inquit,
1398 2331 1540 2367 iniquitas
1551 2331 1610 2359 ista
1618 2332 1653 2360 ad
1668 2339 1768 2359 omnes
1781 2333 1897 2359 vestras

1066 2377 1153 2404 urbes
1164 2376 1298 2410 transire,
1315 2378 1352 2410 et,
1369 2378 1511 2412 tanquam
1535 2376 1682 2404 modicum
1712 2376 1895 2403 fermentum

1064 2424 1155 2449 totam
1173 2430 1302 2449 massam
1319 2421 1483 2454 fermentat,
1501 2421 1542 2449 sic
1558 2429 1658 2449 omnes
1669 2419 1846 2456 apprehendi
1860 2422 1892 2447 et

1066 2466 1246 2501 fermentari,
1254 2467 1281 2493 et
1290 2474 1377 2493 unam
1385 2474 1514 2493 massam
1523 2465 1641 2501 majoris
1652 2462 1816 2499 iniquitatis
1823 2471 1895 2499 ope-

1066 2511 1142 2538 rari:
1164 2522 1177 2535 ‹‹
1204 2511 1377 2546 Expurgate,
1397 2522 1410 2535 ››
1438 2511 1542 2546 inquit,
1563 2521 1576 2537 ε
1604 2512 1686 2537 vetus
1712 2509 1894 2537 fermentum

1065 2556 1212 2591 (Ihz’d.,7),
1230 2555 1348 2591 peccati.
1365 2555 1467 2583 Tollite
1485 2555 1563 2583 hunc
1579 2564 1595 2583 a
1612 2554 1717 2589 medio,
1739 2556 1768 2582 et
1783 2553 1894 2582 efficia-

1065 2601 1136 2628 mini
1152 2600 1268 2628 Christo
1283 2608 1355 2628 nova
1370 2600 1548 2636 conspersio,
1567 2600 1645 2628 sicut
1661 2599 1725 2627 istis
1737 2598 1888 2635 baptizati,

1064 2645 1093 2672 id
1105 2647 1149 2673 est
1163 2644 1205 2672 vel
1222 2643 1315 2679 azymi
1327 2644 1370 2671 vel
1387 2644 1463 2680 puri,
1477 2644 1644 2672 mortificati
1658 2644 1768 2672 mundo
1779 2645 1808 2671 et
1819 2643 1896 2671 desi-

1065 2690 1153 2717 dcriis
1169 2688 1275 2716 carnis.
1293 2688 1406 2716 Etenim
1423 2689 1534 2724 pascha
1549 2691 1685 2716 nostrum
1696 2689 1752 2717 hoc
1764 2690 1895 2724 est,quo-

1064 2733 1154 2767 niam,
1172 2734 1204 2760 ut
1214 2732 1339 2768 eriperet
1352 2741 1405 2761 nos
1421 2742 1454 2761 ex
1471 2733 1627 2769 iniquitate
1639 2742 1671 2762 ac
1684 2733 1898 2766 morte,immo-

1064 2778 1141 2806 latus
1157 2778 1199 2805 est
1209 2776 1351 2805 Christus.
1369 2778 1431 2811 Qua
1446 2778 1481 2805 de
1498 2786 1529 2806 re
1553 2778 1595 2806 sic
1625 2778 1684 2807 ait:
1702 2790 1716 2804 «
1732 2777 1897 2814 Epulemur

1064 2831 1121 2852 non
1134 2823 1164 2851 in
1181 2822 1323 2851 fermento
1338 2822 1439 2857 veteri,
1457 2831 1551 2862 neque
1565 2823 1595 2852 in
1611 2823 1757 2853 fermento
1772 2821 1897 2852 malitia:
