3966 6212
176 342 290 429 93-2

1542 337 1856 402 CONTRA
1893 331 2253 402 LATINOS.

3452 327 3572 396 918

174 485 228 540 et
255 478 548 555 nequitiae,
580 474 681 536 sed
714 474 774 534 in
819 474 1039 551 azymis
1084 474 1439 536 sinceritatis
1469 482 1526 535 et
1552 474 1812 534 veritatis
1838 468 1896 536 A
1923 468 1985 529 in
2017 490 2133 547 quo
2164 474 2449 549 contingit
2477 474 2704 533 evenire
2735 472 2865 533 1531
2911 490 3095 533 annos
3129 488 3144 532 :
3176 470 3370 548 cyclus
3408 471 3567 530 enim

175 570 332 647 (Ibid.
364 571 442 644 8),
474 592 502 622 ››
534 568 646 626 hoc
676 569 766 624 est
795 584 952 640 purae
979 566 1107 623 vita;
1138 572 1195 624 et
1222 567 1377 638 fidei,
1412 584 1528 639 qua
1554 567 1615 623 in
1640 571 1820 623 Deum

177 662 487 729 credimus,
519 660 574 715 et
613 674 847 715 veraces
893 660 1153 714 oratores
1201 658 1330 729 ejus
1371 657 1677 714 efﬁcimur.
1725 655 1821 713 Sic

173 754 417 824 Magnus
438 748 755 821 Gregorius
776 745 1087 818 theologus
1108 746 1216 802 hoc
1236 747 1477 803 verbum
1503 745 1740 818 accepit.
1775 745 1819 800 Ο

172 838 696 914 sapientissimi,ea
727 854 854 909 qua:
885 836 1102 892 mentis
1132 834 1463 907 apostolicae
1490 839 1628 892 sunt
1648 833 1819 890 intel—

169 930 413 1007 ligite,et
443 926 1096 1000 non,quemadmodum
1127 925 1237 981 hoc
1264 942 1367 981 vos
1389 924 1716 997 accepistis,
1750 924 1821 978 de

174 1035 509 1093 azymorum
539 1016 853 1074 festivitate
883 1019 940 1071 et
969 1014 1430 1087 participatione.
1464 1014 1523 1068 Si
1550 1013 1705 1069 enim
1728 1013 1821 1093 ide

173 1092 386 1173 azymis
436 1101 495 1155 et
544 1095 934 1154 celebratione
980 1110 1181 1151 eorum
1233 1094 1549 1150 Corinthiis
1604 1092 1820 1149 Paulus

172 1188 627 1271 praecepisset,et
654 1202 753 1241 eos
784 1184 844 1240 in
879 1184 1097 1257 azymis
1118 1183 1341 1256 epulari
1370 1183 1671 1255 jussisset,
1706 1198 1821 1237 non

176 1278 607 1355 promulgasset
637 1291 771 1331 cum
814 1273 1108 1341 undecim,
1153 1276 1209 1329 ct
1259 1289 1491 1329 omnem
1539 1273 1823 1327 reducens

176 1366 491 1425 Ecclesiam
524 1363 786 1421 fidelium
811 1363 866 1419 in
894 1362 1247 1431 ordinem,in
1270 1362 1701 1434 septuagesimo
1733 1377 1823 1416 ca-

179 1472 486 1525 none,cum
507 1452 1109 1512 excommunicatione
1137 1451 1507 1524 praecepisset
1525 1450 1821 1517 omnibus,

176 1544 520 1618 hujusmodi
553 1560 791 1600 causam
823 1560 857 1598 a
884 1542 1103 1599 Judaeis
1135 1541 1470 1598 nullatenus
1501 1540 1823 1613 accipi:«8i

180 1636 314 1710 quis
366 1634 694 1708 episcopus,
726 1635 830 1690 aut
876 1632 1197 1705 presbyter,
1232 1635 1333 1689 aut
1379 1630 1681 1698 diaconus,
1724 1632 1827 1686 aut

181 1723 421 1802 omnino
449 1740 519 1778 ex
543 1738 788 1777 numero
819 1720 1159 1778 clericorum
1183 1719 1539 1793 jejunaverit
1558 1735 1692 1775 cum
1716 1719 1825 1775 He-

1929 564 2069 622 solis
2115 569 2239 624 erat
2260 567 2326 624 18
2347 571 2403 623 et
2420 568 2474 634 5,
2500 569 2690 623 utnon
2713 566 2908 623 adhuc
2928 565 3179 623 traditus
3196 564 3571 638 praevenisset

1929 657 2228 729 proprium
2261 657 2478 729 pascha
2509 656 2814 730 discipulis
2844 658 3092 724 tradere,
3126 655 3476 734 recumbens
3507 654 3567 711 in

1928 762 2092 803 omna
2121 748 2444 803 secundum
2486 763 2795 821 vesperum
2825 747 3016 819 quinti
3045 746 3157 801 diei
3186 763 3200 801 :
3256 747 3569 817 postquam

1928 834 2197 902 coenavit,
2226 835 2449 906 accepit
2479 851 2709 905 panem,
2761 835 2951 905 fregit,
2998 831 3243 889 tradidit
3290 831 3572 911 apostolis

1927 922 2271 996 mysterium
2300 924 2441 979 Novi
2460 923 2816 978 Testamenti
2848 923 2905 977 in
2939 926 3107 977 nocte
3129 922 3336 993 quinta
3364 922 3424 976 in
3455 938 3573 993 qua

1927 1011 2177 1067 traditus
2206 1016 2295 1068 est
2342 1030 2376 1068 a
2404 1012 2557 1068 Juda
2591 1029 2602 1067 :
2638 1012 2790 1068 sicut
2817 1011 3100 1084 scriptum
3133 1014 3239 1067 est.
3282 1012 3395 1067 Sed
3426 1009 3569 1085 quid

1928 1100 2070 1156 dicit
2100 1102 2286 1157 Lucas
2316 1100 2615 1171 apostolus
2636 1102 2665 1156 ‘?
2696 1125 2717 1153 ι
2754 1100 2989 1172 Accepit
3009 1117 3240 1171 panem,
3266 1103 3322 1156 et
3339 1099 3573 1156 benedi-

1928 1205 2067 1245 cens
2096 1190 2269 1261 fregit
2301 1191 2448 1260 (Luc.
2482 1207 2634 1255 xxrv,
2664 1190 2773 1259 30).
2800 1213 2825 1239 »
2848 1191 2991 1245 Ecce
3021 1193 3078 1245 et
3106 1190 3289 1245 Lucas
3312 1189 3573 1262 accipere

1930 1295 2139 1351 panem
2172 1279 2469 1334 Christum
2503 1279 2668 1345 dixit,
2700 1282 2756 1335 et
2787 1297 2901 1333 non
2933 1295 3223 1350 azymum.
3258 1280 3383 1334 Non
3414 1278 3572 1335 enim

1930 1369 2119 1424 adhuc
2140 1372 2262 1423 erat
2286 1372 2457 1424 sextae
2480 1368 2632 1423 feriae
2654 1368 2799 1423 dies.
2824 1368 3020 1423 Tertia
3040 1366 3267 1423 decima
3287 1372 3410 1423 erat
3434 1369 3575 1423 luna

1930 1457 1990 1513 in
2042 1455 2141 1514 illa
2170 1457 2375 1529 quinta
2423 1457 2584 1525 feria,
2636 1461 2692 1513 et
2721 1474 2838 1514 non
2878 1459 3001 1512 erat
3043 1473 3335 1529 azymum,
3386 1472 3576 1528 neque

1932 1547 2127 1604 adhuc
2156 1546 2369 1604 oblatio
2401 1546 2754 1603 fermentati.

2004 1637 2151 1692 VIII.
2183 1644 2401 1710 Azyma
2420 1638 2575 1693 enim
2596 1637 2655 1693 in
2681 1635 3119 1708 quintadecima
3146 1634 3288 1691 luna
3314 1633 3578 1711 promul-

1931 1730 2068 1799 gata
2096 1730 2263 1783 erant
2292 1727 2351 1781 in
2381 1727 2526 1800 lege,
2560 1730 2626 1782 ut
2662 1726 2723 1780 in
2783 1724 3224 1797 quartadecima
3253 1724 3346 1781 die
3385 1724 3457 1780 ad
3488 1740 3580 1781 ve-

181 1814 486 1881 braais,aut
514 1810 782 1884 epulatus
814 1811 985 1868 fuerit
1004 1827 1138 1867 cum
1167 1810 1338 1879 eis,et
1365 1809 1653 1882 acceperit
1672 1808 1829 1865 festi-
1855 1843 1906 1909 B
1934 1831 2165 1887 sper-am
2188 1832 2376 1888 agnus
2396 1815 2817 1880 immolaretur,
2851 1818 2908 1870 et
2933 1814 2993 1869 in
3015 1813 3457 1886 quartadecima
3485 1813 3579 1870 die

177 1903 429 1962 vitatum
461 1918 663 1958 eorum
693 1917 957 1968 munera,
990 1904 1056 1957 ut
1081 1904 1220 1957 sunt
1242 1916 1444 1973 azyma
1473 1902 1575 1956 aut
1602 1898 1826 1971 aliquid

158 1982 544 2071 “hujusmodi,
576 1990 902 2063 deponatur
933 2009 946 2046 :
981 1991 1031 2047 si
1061 1993 1256 2047 autem
1285 1989 1827 2062 laicus,sequestre-

177 2085 294 2139 tur.
335 2103 365 2132 υ

250 2172 342 2227 VI.
376 2170 437 2229 Si
467 2175 664 2228 autem
695 2170 887 2227 dicitis
922 2187 934 2225 :
969 2169 1116 2234 Quia
1141 2170 1214 2225 ab
1244 2168 1504 2225 Hebraeis
1536 2184 1651 2224 non
1675 2166 1828 2223 acci-

182 2262 444 2330 mus,sed
477 2262 637 2317 domi
685 2260 873 2316 facere
925 2259 1365 2327 consuevimus;
1400 2276 1505 2315 cur
1532 2256 1682 2313 hoc?
1711 2256 1831 2313 sive

181 2352 256 2426 ab
286 2350 403 2407 illis
434 2349 756 2420 accipiatis,
780 2349 900 2406 sive
930 2349 1088 2405 domi
1121 2348 1578 2421 faciatis,azyma
1597 2347 1832 2417 sunt.Et

172 2442 344 2515 juxta
388 2440 499 2496 hoc
546 2438 870 2513 graviorem
914 2454 1146 2510 poenam
1194 2437 1504 2505 habebitis,
1552 2434 1829 2508 quoniam

181 2529 514 2602 relinquitis
544 2544 716 2602 agere
743 2544 873 2599 quas
896 2528 1068 2598 jussa
1098 2530 1237 2583 sunt
1265 2526 1429 2582 vobis
1459 2544 1494 2582 a
1518 2525 1746 2582 Christo
1775 2526 1832 2579 et

182 2618 472 2693 Apostolis
494 2617 704 2691 ipsius,
721 2616 999 2674 facientes
1016 2614 1176 2672 velut
1197 2614 1279 2671 illi
1304 2616 1404 2687 qui
1422 2616 1532 2672 sub
1557 2613 1831 2670 servitute

177 2708 327 2784 legis
349 2705 713 2780 sunt,qualia
729 2705 915 2763 Judaei
940 2705 1245 2774 faciunt,in
1270 2706 1479 2761 umbra
1499 2709 1555 2760 et
1574 2702 1832 2759 tenebris

177 2797 326 2872 legis
357 2794 987 2865 sedentes,nullatenus
1025 2794 1240 2851 dicenti
1270 2793 1450 2850 Paulo
1480 2793 1781 2849 credentes
1814 2808 1827 2845 :

179 2911 211 2941 ‹‹
244 2884 912 2957 Fratres,unusquisque
930 2885 990 2940 in
1012 2901 1078 2940 eo
1100 2885 1303 2941 ordine
1325 2900 1440 2955 quo
1463 2886 1700 2938 vocatus
1721 2883 1829 2952 est,

179 2979 244 3034 in
276 2976 404 3049 ipso
435 2976 776 3049 permaneat
804 2974 851 3045 (I
881 2973 1000 3029 Cor.
1030 2990 1130 3041 v11,
1163 2974 1233 3027 2O
1261 2972 1443 3043 8124).
1471 2994 1498 3021 ››
1520 2972 1646 3026 Non
1675 2969 1830 3026 enim

179 3063 489 3122 invenietis
504 3063 742 3120 omnino
763 3062 821 3117 in
850 3062 1050 3118 divina
1078 3061 1379 3134 Scriptura
1407 3060 1684 3132 quoniam
1706 3076 1834 3131 azy-

1941 1903 2093 1960 lunze
2111 1905 2285 1977 primi
2312 1904 2532 1961 mensis
2555 1904 2778 1960 Pascha
2799 1902 3117 1976 appellaret
3142 1903 3252 1969 lex,
3278 1902 3577 1973 quintam-

1934 1993 2222 2049 decimam
2254 1993 2406 2049 diem
2431 1994 2687 2065 primum
2706 2008 3042 2066 azymorum
3064 1995 3122 2047 et
3138 1992 3458 2047 Sabbatum
3481 2008 3582 2047 no-

1936 2082 2207 2138 minaret.
2240 2083 2390 2139 Proh
2422 2082 2586 2139 dolor
2614 2081 3012 2154 insipientiam
3048 2080 3494 2137 illiteratoruml
3523 2084 3582 2136 et

1936 2188 2051 2227 non
2082 2176 2206 2227 erat
2234 2189 2436 2244 azyma
2454 2172 2513 2226 in
2542 2171 2746 2243 quinta
2775 2170 2936 2239 feria,
2968 2186 3100 2226 cum
3123 2172 3277 2227 esset
3304 2167 3448 2225 luna
3477 2176 3582 2238 ter-

1936 2260 2460 2327 tiadecima,etnon
2475 2259 3272 2332 quartadecima.Seeundum
3291 2259 3582 2332 quintam-

1939 2350 2444 2407 decimamlunam
2459 2348 2997 2405 fueratinstitutum
3029 2364 3232 2419 azyma
3251 2348 3397 2414 ﬁeri,
3431 2347 3583 2405 sicut

1939 2442 1996 2495 et
2026 2456 2213 2510 agnus
2243 2439 2311 2494 ad
2347 2455 2648 2511 vesperam
2693 2437 3154 2508 quartaedecimae
3203 2435 3315 2491 diei
3340 2436 3582 2507 jussum

1937 2543 2065 2584 esse
2080 2527 2398 2596 immolari,
2413 2529 2736 2584 secundum
2756 2544 2934 2600 quam
2958 2524 3298 2582 immolatus
3310 2530 3398 2581 est
3417 2526 3580 2582 Chri-

1938 2621 2085 2684 stus,
2114 2618 2310 2691 Agnus
2331 2618 2453 2683 Dei,
2486 2617 2587 2689 qui
2608 2616 2757 2673 tollit
2782 2620 3017 2689 peccata
3045 2614 3272 2670 mundi.
3298 2614 3357 2671 Si
3387 2619 3582 2683 autem

1938 2705 2206 2762 Christus
2254 2706 2596 2762 immolatus
2643 2710 2731 2762 est
2776 2711 2833 2762 et
2886 2705 3198 2762 cruciﬁxus
3251 2703 3311 2759 in
3360 2704 3586 2762 decima

1939 2800 2151 2867 quarta
2208 2796 2303 2850 die
2352 2795 2524 2862 lunm,
2571 2796 2722 2855 feriae
2771 2799 2963 2863 sextae,
3000 2791 3063 2849 in
3103 2794 3358 2851 Sabbato
3389 2798 3584 2851 autem

1937 2887 2062 2940 erat
2111 2884 2324 2939 festum
2365 2901 2723 2957 azymorum.
2775 2885 3015 2950 Quando
3046 2901 3251 2956 azyma
3290 2883 3587 2959 comedit?

1938 2974 2116 3029 etiam
2150 2972 2435 3045 apostolis
2467 2973 2549 3028 sic
2582 2974 2767 3030 facere
2794 2973 2855 3027 in
2884 2974 3039 3029 Novo
3068 2974 3441 3050 Testamento
3468 2977 3586 3029 tra-

1938 3063 2087 3119 didit
2111 3066 2134 3118 Ρ
2160 3063 2458 3129 Quomodo
2479 3062 2670 3118 dicitis
2688 3063 2759 3119 ab
2776 3062 3054 3134 apostolis
3073 3063 3366 3137 accepisse
3385 3080 3488 3120 vos
3510 3061 3591 3118 fa-

182 3169 351 3211 mum
374 3151 595 3208 dictum
632 3151 707 3207 sit
744 3169 779 3207 a
818 3150 1049 3209 Christo
1083 3154 1183 3206 aut
1216 3147 1496 3223 apostolis
1516 3149 1663 3218 ejus,
1697 3164 1830 3204 cum
1878 3219 1908 3225 _
1940 3168 2070 3208 cere
2103 3169 2306 3225 azyma
2328 3152 2454 3223 jam
2497 3154 2630 3223 post
2679 3151 3165 3208 resurrectionem
3218 3169 3252 3208 a
3299 3151 3587 3208 mortuis?

184 3240 702 3316 administraretur
719 3237 907 3295 abillo
928 3219 1443 3296 NoviTestainenti
1466 3237 1832 3309 mysterium.
1866 3219 1910 3289 C
1943 3242 2068 3298 Non
2110 3219 2518 3313 videtis'quia
2550 3238 2857 3294 manifeste
2896 3256 2964 3295 ex
3019 3241 3194 3295 rebus
3244 3239 3583 3312 arguimini,

185 3329 403 3388 Paulus
432 3327 589 3386 enim
613 3327 923 3385 Corinthiis
942 3329 1205 3386 scribens
1239 3327 1380 3384 dicit
1402 3344 1416 3383 :
1446 3347 1473 3377 «
1494 3326 1834 3383 Discernere

184 3436 287 3477 vos
301 3421 529 3494 oportet
539 3416 777 3474 calicem
789 3416 1210 3475 benedictionis
1223 3434 1396 3490 quem
1411 3414 1832 3483 benedicimus;

186 3525 382 3579 nonne
411 3506 864 3565 communicatio
896 3506 1201 3580 sanguinis
1230 3506 1444 3562 Christi
1464 3506 1596 3562 est?
1620 3504 1837 3560 Panem

186 3613 367 3672 quem
381 3594 926 3666 frangimus,nonne
937 3595 1387 3652 communicatio
1407 3594 1668 3667 corporis
1681 3592 1840 3650 Chri-

188 3684 266 3745 sti
298 3683 425 3740 est?
470 3680 755 3747 Quoniam
787 3698 942 3738 unus
972 3683 1162 3755 panis,
1196 3701 1380 3741 unum
1403 3702 1634 3757 corpus,
1669 3683 1838 3740 multi

187 3787 423 3832 sumus.
458 3769 689 3825 Etenim
721 3785 925 3826 omnes
978 3788 1048 3826 ex
1094 3788 1210 3827 uno
1241 3790 1389 3844 pane
1418 3774 1839 3846 participamus

186 3865 239 3937 (Ι
271 3862 394 3918 Cor.
420 3877 478 3931 x,
513 3858 749 3930 16).Ego
780 3857 937 3913 enim
982 3858 1177 3931 accepi
1210 3877 1243 3915 a
1272 3862 1538 3929 Domino,
1586 3864 1739 3934 quod
1787 3866 1844 3918 et

186 3950 407 4022 tradidi
431 3948 601 4006 vobis
620 3965 633 4003 ε
651 3946 929 4019 quoniam
960 3946 1243 4004 Dominus
1264 3949 1435 4005 Jesus
1462 3951 1520 4004 in
1545 3968 1661 4021 qua
1679 3955 1844 4007 nocte

191 4040 558 4106 tradebatur,
592 4035 818 4109 accepit
847 4051 1080 4108 panem,
1114 4057 1142 4084 ››
1174 4039 1232 4091 et
1263 4052 1377 4092 non
1406 4054 1694 4109 azymum,
1730 4062 1755 4088 «
1791 4045 1847 4095 et

192 4129 551 4199 benedicens
604 4126 796 4198 fregit,
830 4128 886 4180 et
917 4123 1377 4196 dixit:Accipite
1410 4130 1467 4181 et
1507 4127 1790 4183 comedite
1830 4144 1843 4182 :

126 4250 129 4251 ν
192 4220 311 4279 hoc
333 4220 424 4274 est
453 4232 669 4289 corpus
691 4214 1074 4286 meum,quod
1093 4229 1199 4286 pro
1222 4212 1385 4270 vobis
1407 4214 1849 4285 frangetur.Hoc

197 4307 375 4365 facite
422 4307 481 4361 in
535 4322 728 4362 meam
784 4302 1398 4361 commemorationem
1427 4303 1474 4375 (Ι
1498 4304 1618 4359 Cor.
1650 4320 1726 4371 xu,
1759 4306 1849 4373 23,

199 4398 317 4468 24).
359 4418 381 4445 ιο
415 4396 483 4451 Et
513 4412 626 4451 non
660 4394 841 4452 semel
873 4394 1019 4450 dixit
1047 4409 1278 4466 panem,
1312 4393 1413 4449 sed
1461 4392 1640 4450 etiam
1681 4409 1850 4465 saepe.

202 4487 335 4544 Non
376 4483 472 4540 hic
502 4484 662 4540 solus
695 4483 858 4553 dixit,
892 4484 993 4541 sed
1025 4487 1082 4540 et
1112 4483 1303 4539 centeri
1344 4482 1765 4555 apostolorum,
1798 4486 1856 4538 et

198 4572 519 4632 Mattheus
549 4572 786 4644 quidem
838 4572 917 4628 ait
968 4590 1041 4630 :«
1088 4571 1465 4628 Cmnantibus
1510 4575 1704 4628 autem
1739 4571 1854 4628 illis

200 4668 386 4734 atque
417 4660 861 4717 comedentibus
890 4661 1180 4733 accipiens
1203 4659 1377 4717 Jesus
1403 4678 1612 4733 panem
1646 4661 1853 4731 (Matth.

201 4767 363 4819 xxvx,
393 4750 486 4823 26)
520 4767 534 4807 :
570 4771 599 4798 ››
630 4749 883 4822 Aspicis,
911 4766 1121 4822 panem
1152 4753 1209 4806 et
1245 4749 1340 4805 hic
1369 4750 1582 4823 inquit,
1621 4771 1649 4801 «
1678 4754 1735 4807 et
1763 4752 1858 4808 be-

201 4840 485 4907 nedicens
517 4838 706 4913 fregit,
739 4842 797 4896 et
825 4837 985 4895 dedit
1012 4837 1319 4912 discipulis
1365 4840 1490 4896 suis
1537 4844 1595 4896 et
1640 4840 1786 4896 dixit
1836 4858 1849 4896 ε

1942 3331 2221 3404 quoniam
2253 3348 2368 3386 non
2401 3333 2540 3385 tunc
2562 3344 2782 3401 azyma,
2815 3344 2950 3383 cum
2982 3328 3262 3400 mysteria
3285 3329 3426 3385 Novi
3445 3328 3584 3385 Tes-

1941 3421 2188 3478 tamenti
2218 3421 2472 3476 traderet
2501 3416 2778 3491 apostolis
2817 3416 3082 3473 Christus
3101 3417 3128 3471 ?

2020 3512 2111 3566 IX.
2161 3510 2477 3566 Ostendam
2515 3507 2678 3563 vobis
2706 3506 2816 3561 hoc
2844 3523 2913 3561 ex
2959 3504 3326 3577 legislatione
3383 3505 3588 3578 Moysi.

1951 3600 2235 3673 Loquitur
2272 3598 2427 3655 enim
2457 3617 2470 3654 :
2508 3619 2535 3649 «
2568 3597 2660 3652 Hae
2691 3599 2833 3652 sunt
2872 3594 3222 3669 festivitates
3252 3593 3489 3650 Domini
3538 3599 3595 3651 et

1947 3691 2085 3764 ipsa:
2118 3694 2351 3756 sanctae,
2387 3705 2534 3760 quas
2554 3684 2834 3742 vocabitis
2865 3684 2924 3740 in
2953 3681 3318 3756 temporibus
3349 3682 3494 3738 suis.
3530 3686 3593 3741 In

1949 3781 2139 3855 primo
2171 3795 2370 3835 mense
2400 3778 2458 3832 in
2482 3775 2913 3848 quintadecima
2942 3773 3033 3829 die
3060 3772 3281 3829 mensis
3300 3772 3483 3847 hujus
3512 3773 3594 3830 fe-

1951 3875 2110 3925 stum
2142 3883 2478 3940 azymorum
2528 3864 2792 3931 Domini;
2826 3868 2883 3919 et
2911 3862 2972 3918 in
3023 3860 3462 3934 quartadecima
3504 3862 3598 3918 die

1953 3958 2175 4014 mensis
2206 3957 2361 4012 intra
2388 3953 2649 4011 medium
2678 3952 2749 4008 ad
2778 3967 3085 4025 vesperum
3108 3949 3216 4005 erit
3232 3949 3457 4005 Pascha
3485 3949 3600 4007 Do-

1954 4047 2146 4114 mino;
2180 4045 2323 4116 et_in
2343 4042 2779 4116 quintadecima
2806 4041 2899 4097 die
2923 4040 3103 4111 hujus
3133 4038 3353 4094 mensis
3384 4038 3599 4107 festum

1956 4114 2293 4207 azymorum
2316 4114 2581 4188 Domino.
2605 4133 2839 4205 Septem
2870 4129 3025 4186 enim
3048 4128 3253 4185 diebus
3283 4144 3486 4201 azyma
3505 4145 3601 4184 co-

1959 4224 2176 4279 medite
2207 4222 2399 4294 (Levii.
2432 4240 2595 4286 xxm,
2624 4222 2654 4275 4
2688 4222 2763 4293 6).
2808 4242 2837 4271 »
2869 4220 3014 4275 Ecce
3056 4217 3212 4274 enim
3249 4234 3318 4273 ex
3362 4215 3602 4290 legisla-

1958 4311 2116 4367 tione
2147 4310 2333 4383 Moysi
2374 4309 2687 4376 didicistis,
2720 4307 2999 4381 quoniam
3042 4324 3159 4362 non
3191 4310 3330 4362 tunc
3378 4322 3601 4379 azyma,

1962 4399 2196 4472 quando
2227 4402 2360 4470 post
2387 4415 2610 4453 comam
2650 4398 2974 4453 secundum
3017 4396 3172 4452 diem
3205 4394 3419 4467 quintae
3451 4395 3605 4452 feria:

1963 4486 2230 4544 Christus
2258 4486 2498 4541 tradidit
2527 4502 2630 4557 per
2660 4486 2999 4542 fractionem
3032 4484 3200 4558 panis
3229 4484 3371 4540 Novi
3402 4485 3610 4541 Testa-

1886 4594 1934 4660 ι)
1966 4574 2149 4633 menti
2182 4574 2543 4646 mysterium.
2584 4576 2729 4629 Ante
2767 4575 2982 4630 festum
3031 4578 3227 4630 autem
3271 4590 3610 4644 azymorum

1968 4666 2076 4721 hoc
2094 4661 2387 4730 fecit,cum
2402 4667 2552 4715 esset
2568 4661 3096 4719 tertiadecimadics
3109 4662 3349 4719 mensis.
3370 4661 3610 4726 Quinta-

1970 4754 2197 4811 decima
2226 4750 2383 4807 enim
2415 4749 2509 4804 die
2535 4750 2775 4817 mensis,
2812 4756 2875 4805 ut
2903 4752 3192 4823 legislatio
3223 4749 3461 4823 Moysis,
3491 4754 3617 4806 erat

1970 4846 2187 4900 festum
2218 4854 2578 4911 azymorum.
2611 4837 2682 4892 Et
2708 4838 2990 4909 Chrystus
3020 4841 3079 4896 in
3108 4840 3251 4897 feria
3289 4842 3450 4896 sexta
3480 4856 3614 4896 cru-

202 4928 436 4987 Sumite
513 4933 568 4985 et
632 4928 939 4993 comedite,
1008 4926 1116 4985 hoc
1200 4932 1289 4985 est
1363 4944 1574 5002 corpus
1656 4947 1853 4985 meum
1965 4932 2197 4997 ciﬁxus,
2231 4926 2555 4985 secundum
2588 4926 3151 4998 quartamdecimam
3182 4929 3335 4985 diem
3360 4928 3614 4999 mensis,

204 5018 420 5092 (Ibid.).
453 5040 482 5069 »
514 5017 796 5076 Similiter
824 5023 1021 5074 autem
1051 5020 1109 5073 et
1139 5016 1248 5073 hoc
1276 5018 1509 5076 Marcus
1561 5020 1769 5092 inquit,
1802 5023 1859 5075 et
1971 5021 2208 5095 quando
2230 5016 2521 5074 debebant
2542 5014 2729 5070 Judaei
2750 5013 3056 5069 immolare
3078 5033 3297 5088 agnum
3322 5037 3336 5086 ;
3362 5018 3619 5075 Sabbato

203 5107 422 5180 reliqui
456 5124 468 5163 :
502 5111 559 5163 et
588 5122 959 5179 nequaquam
986 5122 1253 5178 azymum
1288 5107 1358 5162 ab
1387 5108 1472 5164 eis
1503 5124 1857 5164 commemo-
1968 5104 2497 5167 autemsecundum
2515 5100 3476 5176 quintamdecimamdiemmensis
3490 5122 3623 5162 cum

206 5200 403 5255 mtur-
1971 5202 2127 5257 esset
2156 5198 2372 5254 festum
2406 5193 2749 5260 azimorum,
2773 5191 2831 5247 in
2855 5189 3124 5263 sepulcro
3143 5190 3331 5262 jacuit
3353 5193 3625 5265 sepultus

281 5284 407 5339 VII.
441 5283 726 5350 Quoniam
776 5284 1015 5355 quidem
1065 5284 1368 5356 Oportebat
1415 5286 1534 5357 pati
1565 5287 1861 5343 Christum
1972 5292 2185 5363 Azyma
2214 5301 2348 5359 ergo
2367 5284 2506 5340 dum
2527 5300 2642 5338 non
2666 5284 2863 5339 essent
2892 5282 3028 5336 ante
3048 5280 3263 5336 festum
3283 5296 3624 5352 azymorum

209 5371 548 5434 secundum
580 5370 734 5427 diem
763 5372 968 5445 legalis
997 5372 1321 5444 paschae,in
1351 5391 1469 5445 qua
1496 5380 1553 5431 et
1583 5393 1770 5450 agnus
1793 5379 1864 5434 ab
1976 5380 2036 5434 in
2056 5382 2178 5434 tota
2209 5392 2361 5432 anno
2384 5375 2511 5447 ipso
2537 5390 2550 5429 :
2576 5377 2800 5446 septem
2833 5371 2990 5428 enim
3014 5370 3224 5427 diebus
3239 5370 3628 5427 comedebant

211 5461 478 5524 Hebraeis
508 5459 944 5517 immolabatur.
973 5462 1239 5534 Oportuit
1267 5464 1422 5520 enim
1472 5466 1598 5521 ﬁeri
1647 5468 1870 5538 pascha
1979 5484 2179 5541 azyma
2198 5465 2404 5534 Judaei,
2430 5482 2533 5521 ceu
2556 5462 2812 5519 instituit
2832 5462 3060 5535 Moyses
3081 5461 3169 5520 :in
3187 5459 3629 5534 quintadecima

212 5556 292 5614 ab
322 5549 796 5611 interfectoribus
827 5549 926 5605 Dei
959 5550 1019 5605 in
1047 5555 1208 5607 sexta
1236 5551 1462 5619 feria,in
1485 5570 1602 5625 qua
1631 5557 1869 5613 tandem
1981 5559 2072 5613 die
2098 5555 2265 5629 primi
2300 5555 2520 5612 mensis
2541 5552 2885 5624 incipientes
2907 5552 3122 5609 festum
3154 5552 3387 5619 horum,
3414 5549 3515 5604 ubi
3538 5566 3629 5605 re-

215 5652 274 5704 et
308 5647 516 5717 quarta
542 5640 770 5700 decima
792 5638 934 5698 luna
963 5640 1270 5712 eratju‘xta
1298 5641 1555 5712 primum
1585 5661 1870 5717 mensem,
1982 5650 2146 5721 parta
2177 5648 2315 5701 sunt
2354 5662 2574 5718 azyma,
2610 5643 2845 5717 quando
2876 5658 3009 5701 cum
3041 5640 3345 5714 discipulis
3375 5639 3500 5698 suis
3520 5654 3631 5693 cae-
