3966 6212
376 405 381 414 ’
398 386 520 453 979

1080 387 1565 454 HUMBERTUS
1613 391 1676 452 S.
1725 389 1799 452 Β.
1843 386 1914 450 E.
1963 381 2742 453 CARDINALIS.—LIB.
2790 387 3122 453 NICETE.

3695 387 3818 455 980

408 538 544 578 nam
566 520 892 578 comederet
920 521 1224 579 Christus?
1267 525 1326 579 Si
1374 525 1530 579 enim
1579 523 1730 578 sicut
1771 520 1982 588 dicitis,
2015 536 2049 574 a
2079 520 2133 586 Α
2163 535 2286 574 rem
2317 521 2470 576 circa
2498 539 2632 600 eum
2663 525 2862 578 ﬂetum
2895 523 3186 580 habebant
3215 537 3392 595 quam
3424 521 3715 595 gaudium
3748 542 3816 582 ex

409 611 651 668 Domino
681 611 925 683 apostoli
956 618 1304 684 acceperunt
1352 628 1574 686 azyma,
1607 616 1664 666 et
1708 610 1789 664 illi
1838 611 2050 665 iterum

401 701 770 758 tradiderunt
798 701 962 757 vobis
993 702 1114 757 hazc
1145 703 1202 756 in
1236 703 1422 774 figura
1453 700 1706 773 corporis
1752 699 1961 754 Christi
1995 699 2051 753 in

405 791 680 864 mysterio
709 790 848 846 Novi
880 792 1237 858 testamenti,
1287 793 1426 846 dum
1469 807 1572 844 nec
1623 789 1834 844 ablatio
1884 788 2052 860 panis

404 881 565 935 ﬁeret
595 880 918 936 secundum
951 880 1428 935 constitutionem
1452 878 1858 950 Moysi,ncque
1890 881 2054 931 erant

405 973 544 1025 tunc
576 969 903 1041 azyma,ubi
938 973 1164 1040 reperta
1195 969 1378 1023 sunt?
1419 966 1717 1030 Quomodo
1762 965 2052 1020 oblivisci-

407 1076 542 1114 mur
569 1057 1002 1130 legislationnm
1035 1058 1285 1129 Moysis?
1324 1058 1554 1127 Septem
1607 1071 1861 1125 namque
1909 1054 2050 1108 solis

404 1148 612 1203 diebus
642 1148 828 1202 facere
859 1147 1098 1201 tradidit
1129 1145 1312 1200 vobis.
1347 1146 1454 1198 Sed
1506 1161 1606 1198 vos
1639 1143 1694 1196 in
1733 1147 1852 1197 toto
1897 1159 2050 1196 anno

401 1236 757 1293 conculcatis
787 1235 1056 1289 instituta
1089 1234 1326 1306 Moysis.
1362 1235 1430 1288 Et
1473 1233 1741 1287 Christus
1791 1250 1903 1286 non
1947 1248 2044 1286 ve-

401 1330 566 1382 nerat
595 1325 814 1379 solvere
845 1324 1052 1394 legem,
1085 1324 1182 1378 sed
1217 1322 1537 1394 adimplere
1568 1321 1782 1392 (Matth.
1815 1339 1871 1388 v,
1902 1322 2008 1388 17).

471 1416 535 1469 Χ.
584 1413 762 1467 Valde
808 1411 960 1466 enim
1011 1412 1313 1466 veritatem
1373 1411 1675 1476 obsistitis,
1724 1410 1948 1464 fratres.
1992 1409 2048 1463 Si

400 1503 556 1558 enim
603 1501 881 1556 traditum
933 1501 1096 1555 vobis
1145 1499 1254 1554 fuit
1299 1501 1370 1555 ab
1419 1499 1698 1571 apostolis
1747 1499 2049 1553 comedere

403 1590 925 1662 azyma,quomodo
947 1589 1213 1662 Agatbon
1238 1589 1652 1645 sanctissimus
1675 1605 1825 1660 papa
1841 1590 2046 1656 vester,

399 1695 717 1753 praesessor
746 1696 876 1733 cum
911 1682 1066 1734 esset
1097 1682 1266 1734 sextze
1300 1678 1504 1750 synodi
1531 1677 1640 1731 sub
1668 1675 2048 1730 Constantino

399 1767 774 1840 imperatore,
809 1771 866 1822 et
895 1767 1128 1822 divinus
1168 1768 1478 1839 Gregorius
1529 1766 2048 1838 Acragantinorum

399 1857 709 1929 episcopus
741 1873 854 1912 non
887 1856 1256 1922 abstinuere;
1290 1872 1444 1920 cum,
1469 1855 1619 1909 sicut
1639 1854 1816 1924 hujus
1843 1851 2049 1924 synodi

398 1945 577 1999 divini
610 1945 1148 2010 Patres,adversum
1173 1960 1374 2015 azyma
1398 1943 1581 2014 legem
1603 1942 2049 1997 constituissent

399 2051 432 2089 a
463 2034 694 2089 nemine
727 2033 989 2089 fidelium
1022 2033 1132 2087 hoc
1164 2033 1328 2087 ﬁeri?
1360 2034 1519 2099 Et,nt
1549 2031 2046 2098 ostendam,vobis

397 2121 610 2177 horum
633 2121 1061 2193 legislationem
1095 2125 1296 2178 contra
1327 2137 1549 2192 azyma,
1586 2119 1794 2190 adjicio
1836 2118 2046 2175 rationi

398 2212 456 2265 et
484 2225 768 2264 canonem
803 2209 1065 2282 ipsorum
1091 2209 1173 2265 sic
1198 2209 1507 2264 habentem
1533 2209 1588 2263 in
1615 2208 1921 2263 undecimo
1959 2224 2048 2263 ca-

396 2298 854 2371 pitulo:«Neque
887 2299 941 2352 in
974 2297 1319 2354 sacerdotali
1344 2298 1696 2353 constitutus
1719 2298 2050 2362 ordine,aut

399 2387 606 2454 laicus,
640 2405 708 2442 ea
737 2404 864 2458 qua:
897 2389 1050 2458 apud
1080 2389 1314 2442 Judzcos
1347 2391 1482 2442 sunt
1529 2404 1729 2459 azyma
1760 2386 2044 2453 comedat,

400 2482 502 2532 aut
531 2493 665 2530 cum
695 2475 780 2530 eis
810 2476 1231 2544 cohabitet,ant
1261 2475 1318 2530 in
1350 2475 1790 2531 infirmitatibus
1818 2475 2043 2544 invitet,

401 2568 502 2621 aut
533 2564 878 2619 medicinam
913 2565 984 2619 ab
1015 2563 1099 2618 eis
1130 2563 1392 2636 accipiat,
1424 2562 1511 2620 vel
1562 2564 1618 2618 in
1659 2565 1881 2619 balneis
1911 2580 2046 2619 cum

399 2654 483 2710 eis
515 2653 755 2709 lavetur.
804 2653 861 2707 Si
913 2653 1045 2724 quis
1075 2653 1182 2709 hoc
1215 2670 1382 2726 agere
1413 2653 1727 2710 initiaverit
1755 2653 2046 2725 siquidem

399 2742 644 2799 clericus
672 2741 863 2810 fuerit,
897 2742 1256 2814 deponatur;
1291 2743 1339 2797 si
1372 2748 1566 2798 autem
1597 2742 1804 2811 laicus,
1839 2757 2047 2814 seque-

403 2835 644 2889 stretur.
685 2856 712 2881 ››
746 2831 852 2898 Qui
880 2848 1151 2903 azymum
1179 2833 1410 2887 conficit
1431 2837 1487 2887 et
1509 2833 1778 2900 comedit,
1803 2832 1908 2887 etsi
1935 2848 2049 2886 non

400 2921 686 2994 acceperit
716 2921 822 2977 hoc
855 2939 888 2977 a
921 2921 1161 2991 Judzeis,
1204 2922 1304 2976 sed
1337 2921 1594 2976 imitator
1624 2921 1799 2977 fuerit
1830 2921 1888 2975 in
1921 2921 2046 2987 hoc,

399 3015 465 3067 ut
491 3011 730 3068 Judaeus
752 3010 1111 3082 intelligit,et
1131 3015 1290 3066 extra
1310 3010 1497 3083 legem
1530 3016 1636 3080 est,
1671 3011 2048 3084 quemadmo-

399 3102 541 3158 dum
571 3104 628 3156 et
656 3100 705 3156 si
736 3099 1164 3156 circumciderit
1193 3101 1326 3171 quis
1347 3101 1631 3173 seipsum,
1656 3107 1757 3156 aut
1778 3119 1810 3156 a
1830 3099 2050 3155 Judaeis

403 3189 1048 3256 circumciditur,simul
1078 3194 1134 3245 et
1164 3190 1224 3245 in
1256 3189 1498 3246 scientia
1517 3194 1604 3247 est
1632 3189 2052 3259 illis,canones-

2162 611 2445 665 memoria
2493 610 2699 666 divina;
2746 613 3118 685 operationis.
3157 635 3182 660 »
3218 611 3642 668 Verumtamen
3689 613 3813 671 haec

2160 701 2401 772 mystice
2429 719 2530 774 per
2558 703 2912 758 Clementem
2945 719 3156 775 papam
3187 703 3648 758 constituentem
3693 721 3812 761 non

2161 793 2447 846 steterunt
2478 791 2594 859 hic,
2627 792 2726 846 sed
2759 792 3010 848 scientes
3042 807 3313 864 magnam
3367 791 3813 850 damnationem

2159 895 2286 932 esse
2331 879 2600 949 jejunare
2645 881 2921 950 Sabbata,
2970 879 3574 936 excommunicatione
3621 881 3818 938 valida

2160 965 2345 1039 ligant
2377 984 2445 1023 ex
2476 969 2581 1023 hoc
2611 969 2950 1025 Ecclesiam.
2985 970 3135 1026 Dicit
3165 969 3322 1024 enim
3354 967 3413 1023 in
3447 972 3815 1042 sexagesimo

2159 1061 2366 1127 quarto
2399 1074 2619 1113 canone
2655 1075 2666 1112 :
2703 1081 2729 1105 «
2765 1059 2822 1112 Si
2855 1059 2988 1130 quis
3018 1059 3288 1113 inventus
3330 1057 3507 1112 fuerit
3552 1060 3815 1115 Domini-

2159 1161 2290 1199 cum
2336 1145 2489 1200 diem
2538 1148 2830 1216 jejunare,
2866 1153 2964 1203 aut
3008 1148 3354 1213 Sabbatum,
3388 1151 3595 1219 praeter
3624 1165 3814 1204 unum

2158 1233 2370 1302 solum,
2405 1236 2764 1306 deponatur;
2798 1238 2844 1291 si
2879 1241 3073 1292 autem
3106 1237 3316 1305 laicus,
3347 1240 3812 1308 sequestretur.»

2229 1323 2347 1378 XII.
2384 1323 2499 1378 Hoc
2531 1329 2724 1379 autem
2758 1331 3142 1398 exsequentes
3190 1329 3247 1380 et
3294 1325 3394 1396 qui
3434 1325 3492 1380 in
3524 1332 3683 1382 sexta
3714 1345 3812 1399 sy-

2160 1413 2309 1467 nodo
2334 1413 2553 1483 Patres,
2573 1414 2980 1470 convenienter
3001 1415 3136 1470 huic
3159 1415 3242 1470 sic
3269 1415 3640 1488 promulgant
3669 1434 3810 1473 san-

2157 1505 2268 1568 cte,
2302 1502 2644 1572 praesidente
2690 1505 2910 1575 synodo
2954 1503 3260 1576 Agathone
3309 1519 3461 1576 papa
3502 1505 3712 1572 Romae,
3751 1508 3815 1558 et

2158 1590 2431 1659 Gregorio
2454 1607 2586 1645 cum
2611 1591 2694 1646 eis
2718 1593 3231 1664 Agrigentinorum
3264 1593 3529 1666 episcopo
3550 1610 3812 1665 praesen-

2157 1681 2212 1732 te
2245 1695 2256 1733 :
2299 1701 2325 1726 ‹‹
2359 1679 2649 1743 Quoniam
2693 1680 2931 1752 quidem
2955 1682 3242 1738 discimus
3263 1699 3361 1737 eos
3385 1681 3483 1754 qui
3515 1681 3572 1736 in
3591 1681 3812 1736 Roma-

2158 1782 2365 1820 norum
2391 1768 2536 1823 urbe
2558 1773 2718 1836 sunt,
2749 1771 2809 1825 in
2839 1775 3050 1826 sanctae
3073 1772 3543 1844 Quadragesimae
3565 1770 3814 1843 jejuniis

2077 1890 2124 1955 Β
2155 1856 2356 1955 eadem
2378 1857 2631 1914 Sabbata
2649 1859 2922 1930 jejunare
2944 1864 3102 1916 extra
3122 1861 3399 1915 traditam
3421 1860 3532 1915 sibi
3547 1859 3817 1916 ecclesia-

2159 1943 2365 2000 sticam
2386 1948 2862 2019 consequentiam
2882 1965 2893 2002 :
2912 1949 3130 2020 placuit
3151 1953 3360 2004 sancta:
3377 1949 3602 2019 synodo
3619 1949 3819 2004 obser-

2157 2050 2290 2089 vare
2305 2034 2700 2090 Romanorum
2722 2037 3034 2092 Ecclesiam
3051 2035 3408 2090 immobilem
3426 2051 3718 2090 canonem
3740 2036 3823 2092 di-

2156 2125 2382 2178 ceutcm
2410 2141 2422 2178 :
2455 2123 2511 2178 Si
2538 2124 2668 2195 quis
2690 2123 2935 2179 clericus
2957 2123 3127 2178 fuerit
3156 2123 3448 2189 inventus,
3474 2143 3502 2171 »
3525 2126 3584 2178 et
3605 2128 3823 2180 caetera

2157 2226 2286 2282 quae
2304 2211 2511 2266 deinde
2534 2211 2754 2266 scribit.
2787 2211 2918 2267 Haec
2948 2210 3147 2283 igitur,
3178 2210 3330 2266 sicut
3363 2209 3630 2279 cernitis,
3666 2228 3821 2284 apo-

2157 2299 2378 2354 stolicis
2403 2299 2916 2356 constitutionibus
2938 2304 2994 2355 et
3015 2299 3311 2355 canonicis
3330 2297 3592 2354 ﬁdelium
3617 2299 3818 2356 Eccle-

2157 2387 2302 2442 siam
2335 2387 2476 2460 ligat
2507 2405 2638 2444 cum
2660 2405 2812 2461 papa
2833 2389 3029 2444 Romae
3060 2387 3506 2460 Agathone.Vos
3529 2388 3684 2444 unde
3705 2388 3816 2444 ali-

2154 2479 2242 2530 ter
2259 2481 2313 2530 et
2331 2493 2395 2531 ex
2420 2478 2814 2548 quojejunare
2839 2478 3094 2533 Sabbata
3115 2475 3461 2549 accepistis?
3477 2476 3812 2542 Quinetiam

2155 2565 2506 2622 oblationem
2543 2568 2805 2639 perfectae
2839 2567 3033 2622 missae
3064 2583 3167 2638 per
3186 2582 3419 2622 omnem
3446 2565 3600 2621 diem
3624 2567 3812 2622 facere

2155 2653 2215 2708 in
2234 2655 2416 2709 sacris
2438 2655 3174 2727 diebusjejuniorum,sive
3196 2654 3452 2710 Sabbata
3476 2654 3598 2710 sive
3621 2654 3816 2710 Domi-

2157 2744 2286 2797 nico
2309 2745 2401 2799 die
2433 2760 2444 2798 :
2472 2745 2626 2799 unde
2647 2744 3063 2800 assuevistis?a
3083 2760 3198 2816 quo
3221 2744 3454 2799 doctore
3476 2743 3815 2816 accepistis?

2157 2833 2238 2887 Ex
2286 2833 2609 2906 apostolis?
2659 2833 3016 2890 nullatenus.
3067 2832 3327 2906 Apostoli
3377 2832 3534 2888 enim
3585 2847 3655 2888 ex
3701 2833 3814 2888 hoc

2158 2939 2402 2994 posuere
2429 2940 2713 2979 canonem
2746 2924 2830 2979 sic
2851 2923 3186 2995 loquentem
3210 2923 3327 2978 :«Si
3347 2923 3481 2995 quis
3501 2921 3814 2994 episcopus

2159 3015 2260 3067 aut
2289 3013 2609 3084 presbyter,
2641 3013 2728 3068 vel
2781 3013 3063 3068 diaconus
3114 3015 3216 3068 aut
3242 3011 3424 3068 lector
3453 3014 3556 3067 aut
3585 3015 3812 3080 cantor,

2159 3105 2423 3155 sanctam
2453 3117 2567 3156 non
2595 3101 2946 3172 jejunaverit
2965 3100 3484 3173 Quadragesimam
3517 3103 3818 3171 quartam-

2161 3204 2273 3259 que
2303 3192 2359 3244 et
2389 3193 2611 3245 sextam
2651 3189 2875 3255 feriam,
2909 3190 3255 3260 deponatur,
3309 3187 3424 3244 nisi
3470 3188 3816 3246 infirmitate

399 3295 513 3352 que
532 3285 588 3335 et
609 3279 876 3335 instituta
905 3277 1305 3350 apostolorum
1340 3284 1792 3350 sanctorumque
1814 3278 2049 3332 Patrum
2083 3263 2124 3329 C
2163 3277 2420 3348 corporis
2452 3278 3267 3349 impediatur.»Ministrantes
3297 3293 3434 3349 ergo
3454 3281 3631 3350 atque
3651 3294 3813 3334 com-

399 3369 859 3441 transgrediens,
891 3371 948 3423 et
979 3367 1142 3423 irrita
1172 3369 1370 3423 omnia
1401 3367 1556 3435 facit,
1592 3371 1655 3421 ut
1681 3366 1829 3421 ratio
1851 3369 2051 3420 nostra

403 3457 841 3515 demonstravit.
870 3457 979 3512 Sed
1005 3457 1075 3512 de
1101 3473 1302 3529 azymo
1334 3456 1689 3512 sufficienter
1708 3455 1871 3510 vobis
1895 3455 2049 3525 quod

404 3547 763 3620 prohibitum
808 3547 884 3602 sit
925 3546 998 3602 ab
1046 3546 1205 3601 omni
1234 3545 1532 3616 Scriptura
1560 3545 1755 3599 divina
1784 3544 2052 3599 demons-

405 3637 711 3694 travimus.

473 3726 564 3782 XI.
599 3727 720 3798 Age
749 3741 904 3780 nunc
936 3723 1035 3796 qui
1065 3726 1272 3779 caetera
1301 3723 1837 3778 demonstravimus
1857 3722 2043 3792 vobis,

401 3819 458 3871 et
486 3815 679 3872 subito
711 3813 1004 3872 memoriae
1038 3817 1380 3885 suggestum
1414 3816 1501 3868 est
1529 3812 1693 3868 vobis
1728 3813 1799 3867 de
1820 3813 2049 3884 jejunio

398 3901 1138 3975 Sabbatoruum,quoniam
1168 3902 1468 3958 insultatis
1496 3903 1664 3958 nobis
1689 3919 1699 3956 :
1727 3902 2050 3972 undejeju-

399 4009 538 4049 nare
557 3993 832 4060 Sabbata,
867 4008 936 4047 ex
973 4007 1090 4062 qua
1120 3995 1323 4047 sancta
1362 3991 1662 4062 Scriptura
1703 3990 2050 4062 accepistis?

397 4083 483 4139 Ab
516 4081 838 4156 apostolis?
861 4082 1263 4151 Nequaquam.
1287 4079 1701 4150 Apostolorum
1723 4078 1966 4134 vertices
1987 4078 2046 4133 in

398 4171 604 4244 quinto
631 4170 869 4241 quidem
901 4169 1049 4222 libro
1082 4167 1536 4234 ordinationum,
1572 4167 1672 4239 qui
1720 4159 1792 4222 de
1832 4171 2048 4239 marty-

396 4259 561 4314 ribus
591 4257 952 4324 inscribitur,
977 4256 1148 4325 juxta
1177 4255 1534 4311 Clementem
1561 4273 1572 4310 :
1599 4279 1627 4304 «
1653 4258 1931 4321 Quartam
1966 4255 2046 4310 fe-

397 4347 546 4402 riam
577 4350 634 4402 et
662 4349 884 4401 sextam
916 4344 1188 4415 praecepit
1220 4343 1389 4399 nobis
1429 4344 1700 4416 jejunare
1737 4344 2044 4401 Dominus.

395 4435 583 4492 Unam
632 4433 870 4504 quidem
916 4436 1151 4504 propter
1200 4431 1596 4500 traditionem,
1626 4432 1867 4488 alteram
1914 4450 2046 4505 pro-

395 4528 526 4597 pter
554 4522 908 4595 passionem.
945 4521 1145 4593 Ipsum
1177 4525 1374 4576 autem
1406 4521 1727 4577 Sabbatum
1767 4539 1884 4578 non
1921 4527 2046 4577 tra-

397 4614 547 4670 didit
591 4612 759 4668 nobis
799 4612 1091 4683 jejunare,
1124 4611 1404 4682 quoniam
1454 4629 1567 4667 non
1619 4617 1864 4684 oportet,
1916 4629 2122 4700 pro-D

394 4708 524 4778 pter
551 4701 696 4759 illud
727 4701 1012 4768 solum,in
1047 4718 1161 4773 quo
1193 4703 1427 4757 Creator
1456 4702 1719 4757 omnium
1752 4703 1860 4758 sub
1895 4708 2045 4757 terra

393 4793 521 4850 fuit.
549 4815 577 4844 »
614 4792 791 4860 Unde,
815 4792 986 4862 juxta
1006 4789 1222 4845 calcem
1255 4790 1518 4861 ejusdem
1544 4790 1696 4857 libri,
1717 4789 1930 4846 iterum
1959 4791 2043 4846 sic

391 4882 652 4955 loquitur
685 4897 738 4936 ;‹‹
769 4880 954 4936 Omne
983 4879 1220 4950 quidem
1252 4879 1573 4935 Sabbatum
1597 4884 1652 4934 et
1673 4895 1907 4935 omnem
1939 4880 2046 4937 Do-

391 4973 676 5029 minicum
709 4969 1122 5026 celebrandum
1144 4985 1272 5024 esse
1295 4967 1566 5024 dicimus.
1603 4969 1864 5024 Gaudere
1887 4970 2044 5027 enim

389 5066 618 5136 Oportet
646 5061 704 5115 in
736 5060 828 5115 his
861 5063 916 5114 et
948 5075 1062 5113 non
1089 5057 1306 5130 lugere.
1339 5077 1364 5107 η
1401 5058 1658 5129 Septimo
1697 5056 1935 5128 quidem
1968 5058 2043 5113 li-

386 5152 492 5208 bro
505 5166 705 5208 earum
719 5147 1209 5204 constitutionum
1224 5147 1248 5216 j
1263 5151 1398 5202 uxta
1409 5146 1751 5202 vicesimum
1768 5152 2041 5218 quartum

387 5244 563 5313 caput
593 5240 702 5296 hoc
732 5238 1009 5310 inquiunt
1045 5252 1056 5290 :
1083 5260 1108 5284 «
1137 5236 1460 5290 Sabbatum
1496 5253 1748 5306 namque
1770 5241 1826 5290 et
1851 5235 2043 5292 Domi-

387 5329 588 5386 nicum
609 5328 994 5393 celebramus,
1011 5325 1149 5397 quia
1170 5322 1314 5379 illud
1340 5324 1580 5395 quidem
1603 5325 1810 5380 divinae
1834 5341 2040 5396 opera-

387 5417 565 5474 tionis
595 5421 686 5474 est
719 5414 1031 5482 memoria;
1066 5414 1159 5468 hic
1190 5429 1323 5468 vero
1358 5412 1820 5469 resurrectionis.
1847 5413 2040 5471 Unum

387 5523 519 5562 vero
535 5510 764 5562 tantum
788 5504 1111 5559 Sabbatum
1130 5501 1582 5558 custodiendum
1606 5508 1694 5558 est
1719 5503 1773 5557 in
1799 5507 1916 5557 toto
1941 5520 2039 5558 an-

389 5611 463 5647 no
495 5593 805 5663 sepulturae
827 5591 1079 5658 Domini,
1098 5591 1497 5660 quojejunare
1522 5595 1767 5662 oportet.
1794 5592 2036 5656 Quando

390 5680 547 5738 enim
569 5679 834 5734 Christus
857 5678 914 5731 in
937 5677 1206 5748 sepulcro
1228 5678 1434 5745 jacuit,
1459 5678 1727 5748 discipuli
1755 5680 2037 5749 potentio-

2163 3365 2388 3438 plentes
2410 3366 2899 3422 ministrationem
2927 3370 3138 3423 sanctae
3161 3367 3356 3422 missae
3387 3383 3556 3423 secus
3576 3367 3812 3422 tertiam

2160 3454 2363 3509 horam
2389 3454 2525 3521 diei,
2559 3454 2617 3508 in
2655 3471 2772 3526 qua
2801 3460 2860 3511 et
2886 3454 3327 3528 promulgatum
3358 3459 3448 3511 est
3478 3455 3673 3511 offerri
3717 3473 3812 3512 sa-

2160 3540 2467 3606 criﬁcium,
2500 3543 2793 3613 quomodo
2810 3543 3102 3614 jejunium
3126 3558 3317 3615 usque
3351 3543 3422 3598 ad
3460 3542 3667 3599 horam
3698 3543 3814 3598 diei

2159 3647 2376 3686 nonam
2408 3631 2770 3687 observatis?
2799 3632 3089 3688 solventes
3111 3632 3230 3687 haec
3255 3633 3313 3686 in
3335 3635 3596 3704 tempore
3635 3632 3815 3688 mini-

2160 3719 2458 3774 strationis
2489 3720 2722 3777 missae?
2753 3721 3223 3794 Nequaquam.8i
3249 3725 3446 3777 autem
3469 3721 3579 3778 hoc
3601 3721 3818 3795 impos-

2159 3807 2330 3863 sibile
2358 3814 2468 3876 est,
2498 3809 2906 3866 maledictione
2937 3810 3283 3883 plectimini.

2229 3897 2374 3953 XIII.
2408 3898 2514 3962 Qui
2547 3899 2604 3952 in
2637 3901 2944 3971 Gangreno
2972 3901 3129 3955 fuere
3161 3900 3360 3954 Patres
3392 3898 3642 3954 concilio
3681 3915 3810 3971 cap.

2162 3987 2228 4040 19
2260 3985 2400 4042 talia
2427 3989 2679 4043 effantur
2711 4005 2724 4042 :
2753 4011 2781 4038 «
2813 3988 2870 4042 Si
2902 3987 3034 4060 quis
3067 3987 3427 4043 continentia
3455 3987 3581 4043 sine
3611 4004 3814 4059 corpo-

2159 4073 2264 4129 rali
2297 4077 2645 4132 necessitate
2667 4076 2854 4132 elatus
2881 4077 3140 4144 fuerit,et
3157 4077 3479 4132 constituta
3491 4077 3722 4148 jejunia
3753 4075 3813 4131 in

2159 4179 2469 4219 commune
2494 4170 2550 4218 et
2571 4165 2870 4220 observata
2899 4166 2970 4221 ab
3003 4163 3258 4221 Ecclesia
3279 4163 3629 4233 dissolverit,
3663 4182 3814 4238 pra:-

2157 4253 2444 4307 sumendo
2475 4253 2584 4308 sibi
2615 4255 2928 4326 perfectam
2961 4254 3268 4324 rationem,
3303 4254 3616 4310 anathema
3652 4254 3746 4309 sit.
3780 4277 3812 4303 κ

2157 4339 2438 4396 Similiter
2469 4346 2668 4398 Patres
2719 4343 2819 4415 qui
2867 4344 2927 4398 in
2980 4343 3322 4400 Laodicensi
3354 4345 3515 4399 luere
3545 4341 3808 4410 concilio,

2157 4430 2481 4486 secundum
2501 4431 3059 4504 quinquagesimum
3075 4448 3356 4488 canonem
3381 4432 3460 4486 sit
3479 4431 3637 4487 eti‘ati
3651 4435 3804 4488 sunt:

2161 4539 2188 4571 α
2210 4519 2357 4585 Quia
2377 4536 2493 4574 non
2521 4525 2746 4592 oportet
2766 4521 2827 4576 in
2850 4521 3311 4593 Quadragesima
3343 4524 3671 4593 martyrum
3702 4537 3808 4576 na-

2155 4607 2343 4663 talitia
2367 4607 2677 4678 celebrare,
2693 4611 2794 4665 sed
2818 4615 3156 4666 sanctorum
3187 4608 3806 4666 commemorationem

2154 4695 2340 4752 facere
2370 4696 2430 4752 in
2461 4697 2733 4754 Sabbatis
2767 4703 2825 4754 et
2853 4697 3174 4754 Dominicis
3207 4697 3432 4754 diebus.
3469 4719 3496 4746 »
3527 4698 3597 4752 Et
3633 4697 3810 4767 juxta

2152 4786 2671 4859 quadragesimum
2697 4791 2964 4844 octavum
2989 4803 3272 4844 canonem
3299 4787 3435 4841 item
3461 4784 3624 4840 aiunt
3651 4784 3802 4854 ipsi:

2158 4898 2186 4925 ››
2219 4876 2380 4939 Quod
2413 4893 2526 4934 non
2556 4877 2719 4933 decet
2748 4877 2808 4932 in
2840 4877 3297 4951 Quadragesima
3325 4888 3534 4946 panem
3564 4872 3805 4946 offerre,

2158 4965 2270 5020 nisi
2304 4966 2360 5020 in
2393 4966 2648 5021 Sabbato
2679 4969 2736 5021 et
2765 4967 3067 5023 Dominico
3099 4966 3238 5024 solo.
3274 4986 3301 5012 ››

2226 5055 2366 5109 XIV.
2399 5055 2468 5110 Et
2496 5054 2596 5126 qui
2628 5055 2688 5110 in
2717 5061 2876 5112 sexto
2909 5055 3220 5112 universali
3251 5049 3492 5109 concilio
3525 5067 3808 5109 convene-

2154 5150 2291 5200 runt
2316 5145 2514 5201 Patres
2539 5144 2811 5200 similiter
2823 5146 2995 5216 juxta
3017 5139 3580 5217 quinquagesimum
3602 5157 3806 5198 secun-

2153 5236 2291 5289 dum
2325 5250 2608 5289 canonem
2632 5234 2903 5289 sanciunt
2933 5250 3067 5289 cum
3101 5231 3480 5290 sanctissimo
3503 5231 3804 5303 Agathone

2152 5341 2304 5396 papa
2331 5323 2557 5378 dicente
2587 5323 2672 5378 sic
2705 5340 2716 5378 :
2751 5346 2778 5372 «
2811 5322 2874 5378 In
2898 5323 3173 5378 omnibus
3213 5321 3434 5378 sanctis
3467 5320 3800 5393 Quadrage-

2149 5412 2312 5469 sima:
2333 5410 2697 5482 jejuniorum
2725 5411 2954 5480 diebus,
2990 5411 3114 5466 sine
3145 5411 3400 5468 Sabbato
3425 5413 3481 5466 et
3502 5409 3802 5465 Dominico

2150 5501 2265 5567 die,
2297 5505 2353 5554 et
2383 5498 2512 5553 sine
2544 5504 2745 5555 sancto
2775 5500 3260 5557 Annuntiationis
3293 5499 3515 5567 die,fiat
3536 5499 3721 5555 missa
3736 5516 3805 5555 ex

2149 5587 2669 5646 antesanctiﬁcatis
2697 5588 3113 5646 oblationibus.
3131 5613 3160 5639 ››
3181 5589 3272 5645 Sic
3291 5605 3428 5660 ergo
3451 5587 3804 5660 accipientes

2149 5695 2255 5736 nos
2291 5677 2540 5735 Sabbato
2596 5681 2652 5734 et
2700 5677 3004 5735 Dominica
3055 5679 3168 5747 die,
3219 5693 3388 5736 secus
3419 5676 3658 5734 tertiam
3689 5678 3805 5736 diei
