3966 6212
145 355 265 426 θαι

1504 348 1816 418 CONTRA
1861 347 2220 418 LATINOS.

3439 346 3559 416 98!

147 492 380 560 horam,
400 489 461 548 in
492 503 609 564 qua
627 488 686 546 et
714 483 969 562 Spiritus
1008 487 1247 546 sanctus
1292 485 1587 544 descendit
1610 503 1801 557 super
1831 488 1882 551 Α
1915 485 2023 541 bus
2058 487 2338 558 ipsoram,
2374 485 2473 561 qui
2505 504 2538 544 a
2568 484 2738 546 nobis
2759 484 3016 562 prmdicti
3060 485 3218 559 sunt,
3261 498 3373 544 non
3408 486 3556 559 abji-

153 581 496 656 discipulos,
528 576 925 646 immolantes,
946 576 1006 632 in
1027 575 1173 649 ipsis
1201 576 1638 633 sanctiﬁcamus
1667 590 1802 630 mu-

151 689 312 740 nera,
335 688 404 727 ex
423 670 639 743 quibus
656 665 1012 725 sufﬁcientia
1042 665 1101 720 in
1132 669 1254 721 tota
1284 665 1651 721 hebdomade
1671 681 1804 720 con-

151 776 474 819 servamus.
508 760 574 813 In
607 756 740 814 aliis
770 761 965 811 autem
997 754 1203 808 diebus
1234 752 1620 809 hebdomadis
1633 753 1803 823 juxta

148 854 384 921 tempus
407 848 564 903 horae
595 861 763 901 nonin
795 842 908 899 diei
930 841 1344 897 concludentes
1363 858 1595 896 omnem
1627 841 1802 895 mini-

149 938 494 995 strationem
510 936 568 990 in
586 931 1157 990 consummationem
1172 929 1555 1001 completorii,
1571 929 1804 1000 agimus

150 1044 255 1083 nos
282 1025 616 1082 sacerdotes
656 1039 791 1078 cum
830 1019 1174 1075 diaconibus
1220 1018 1575 1090 ingressum,
1620 1015 1804 1072 thuri-

149 1115 355 1172 bulum
386 1113 581 1169 solum
600 1112 871 1168 ferentes.
903 1111 974 1164 Et
998 1112 1131 1180 post
1161 1106 1466 1162 lectionem
1492 1106 1802 1177 propheta-

151 1220 280 1259 rum
298 1202 649 1259 constitutas
666 1199 959 1256 orationes
981 1214 1014 1252 a
1034 1212 1247 1268 magno
1272 1190 1487 1250 Basilio
1503 1194 1802 1262 facientes,

150 1297 207 1349 et
225 1307 470 1347 munera
486 1289 905 1345 transferentes
928 1284 1315 1358 appositionis
1338 1283 1546 1339 altario
1568 1288 1624 1338 et
1639 1298 1803 1337 oran-

148 1386 236 1437 tes
260 1397 393 1436 cum
434 1378 601 1451 ipsis.
642 1378 891 1448 Insuper
924 1381 1116 1430 autem
1148 1377 1206 1429 et
1247 1374 1526 1428 traditam
1572 1371 1741 1433 nobis
1772 1388 1805 1425 a

150 1469 395 1527 Domino
434 1467 758 1524 orationem
791 1464 1076 1531 dicentes,
1107 1463 1434 1517 exaltamus
1478 1459 1806 1533 praesancti-

152 1558 388 1615 ﬁcetum
435 1572 668 1629 panem,
718 1558 775 1610 et
822 1554 1035 1608 damus
1085 1550 1572 1624 przesanctificata
1602 1552 1805 1604 sancta

153 1647 394 1714 sanctis,
426 1650 484 1700 et
512 1644 664 1700 uniti
695 1641 1109 1700 communione
1132 1657 1281 1712 pane
1310 1643 1369 1695 et
1394 1638 1572 1694 calice
1594 1641 1804 1710 myste—

153 1735 382 1791 riorum
410 1733 644 1789 Christi.
675 1734 747 1787 Et
772 1731 854 1786 ita
883 1734 1122 1803 agentes
1167 1727 1385 1801 gratias
1417 1732 1554 1792 Deo,
1586 1724 1803 1798 linqui-

154 1839 290 1879 mus
306 1840 406 1879 eos
427 1826 601 1893 atque
624 1819 973 1876 dimittimus
992 1836 1060 1875 ex
1080 1816 1547 1891 congregatione,
1571 1831 1804 1871 sumen-

151 1916 242 1971 tes
273 1928 382 1969 nos
414 1925 785 1967 communem
803 1923 1068 1964 mensam
1102 1923 1204 1978 per
1233 1905 1371 1962 folia
1392 1910 1450 1961 et
1478 1905 1800 1978 legumina,

151 2006 209 2057 et
231 2000 488 2057 calidam
519 2014 734 2070 aquam
765 1997 865 2069 qui
891 1995 1200 2051 voluerint.
1225 1995 1374 2049 Sunt
1394 1997 1590 2049 autem
1621 1996 1679 2048 et
1704 1991 1804 2047 alii

155 2089 253 2163 qui
271 2088 395 2145 sola
416 2086 827 2144 communione
848 2089 905 2140 et
922 2084 1328 2140 benedictione
1352 2097 1454 2154 per
1471 2085 1654 2137 totam
1674 2097 1803 2152 per-

154 2181 419 2236 severant
466 2174 919 2232 hebdomadam.
966 2176 1084 2228 Vos
1115 2176 1310 2228 autem
1345 2170 1659 2227 referentes
1702 2185 1805 2241 per

151 2281 636 2339 unumquemque
685 2263 843 2319 diem
886 2262 1196 2335 perfectam
1246 2260 1303 2315 in
1346 2258 1806 2331 Quadragesima

152 2354 669 2418 ministrationem,
701 2369 829 2425 quas
861 2367 1120 2422 congrua
1149 2366 1217 2405 ex
1233 2350 1405 2419 juxta
1432 2349 1666 2404 tertiam
1698 2346 1804 2402 ho-

152 2463 281 2503 ram
321 2443 434 2500 diei
474 2442 688 2507 offerri,
738 2441 961 2512 positos
1025 2437 1505 2510 transgredimini
1552 2451 1805 2492 canones

149 2532 442 2591 Ecclesiae!
476 2533 546 2587 Et
565 2531 624 2586 in
647 2530 757 2585 hoc
783 2527 1177 2585 maledictioni
1202 2526 1437 2581 Patrum
1462 2524 1800 2596 subjacetis,

148 2624 308 2681 sicut
336 2622 559 2678 dictum
590 2623 700 2676 est.
1412 2678 1415 2683 λ

215 2711 338 2768 XV.
373 2709 513 2776 Quis
543 2708 642 2763 ille
671 2712 760 2762 est
790 2706 889 2779 qui
920 2705 1168 2760 tradidit
1210 2704 1376 2759 vobis
1410 2703 1718 2775 prohibere
1749 2705 1808 2757 et

151 2800 500 2858 abscindere
531 2796 767 2869 nuptias
798 2792 1211 2851 sacerdotum?
1240 2793 1349 2859 Qui
1378 2808 1446 2846 ex
1469 2790 1806 2847 doctoribus

146 2887 426 2946 Ecclesiae
471 2886 625 2942 hanc
669 2883 835 2946 vobis
883 2882 1128 2939 tradidit
1174 2879 1567 2953 pravitatem?
1610 2878 1805 2950 Siqui-

150 2980 294 3036 dem
337 2977 451 3032 nisi
483 2973 989 3047 nupserit,manus
1020 2970 1414 3042 impositionis
1444 2967 1706 3040 accipiet.
1738 2968 1809 3022 Et

150 3069 239 3124 ita
267 3066 341 3123 ad
364 3065 599 3137 nuptias
629 3063 766 3130 ruit,
801 3062 899 3134 qui
932 3060 1235 3117 ordinatus
1265 3062 1354 3114 est
1392 3058 1699 3130 innuptus,
1730 3055 1807 3111 le-

151 3156 383 3229 gitime.
417 3153 535 3208 Hoc
577 3157 634 3208 et
662 3152 985 3207 secundum
1032 3165 1284 3205 canones
1343 3147 1558 3214 facitis,
1599 3146 1806 3217 hujus-

1912 589 2039 629 cere
2068 575 2372 649 episcopos
2407 580 2463 632 et
2493 577 2860 650 presbyteros
2895 575 3197 634 occasione
3227 574 3556 649 religionis,

1910 679 2120 719 uxores
2144 670 2480 733 sanxerunt,
2526 670 2583 722 et
2612 671 2677 721 ut
2704 668 2977 723 caderent
3007 683 3098 722 res
3145 666 3556 740 episcoporum

1911 767 1980 808 ex
2020 754 2406 825 potestatibus
2458 771 2658 810 eorum
2703 760 2938 827 propter
2986 754 3138 811 filios
3175 759 3233 810 et
3278 754 3555 813 mulieres

1909 857 2195 912 ipsorum.

1984 930 2128 986 XVI.
2167 932 2225 985 Si
2256 936 2453 988 autem
2488 933 2702 1006 aliquis
2752 934 2963 989 dixerit
2994 935 3063 990 de
3106 938 3309 990 sancta
3338 938 3395 990 et
3423 935 3555 990 uni-

1909 1020 2120 1073 versali
2165 1022 2405 1091 synodo,
2456 1022 2608 1091 quod
2640 1039 2853 1095 papam
2886 1023 3079 1078 Roma:
3112 1024 3553 1081 sanctissimum

1910 1107 2297 1177 Agathonem,
2317 1113 2381 1164 ut
2402 1110 2723 1180 saepissime
2735 1111 3427 1183 diximus,praesessorem
3459 1113 3557 1168 ha-

1911 1196 2060 1259 buit,
2083 1196 2212 1268 ipsa
2233 1202 2468 1252 centum
2488 1200 2861 1270 septuaginta
2884 1202 3119 1254 Patrum
3133 1201 3267 1267 ,sub
3280 1202 3556 1257 Conslan-

1910 1284 2034 1338 tino
2065 1285 2430 1356 imperatore,
2452 1291 2657 1358 nepote
2681 1287 2925 1342 Heraclii
2943 1292 2994 1343 et
3014 1291 3177 1357 patre
3202 1289 3552 1345 Justiniani:

1912 1374 2204 1444 quomodo
2238 1392 2348 1428 non
2384 1375 2611 1429 obstitit
2641 1376 2875 1431 divinus
2914 1376 3184 1446 Agathon
3214 1382 3430 1433 sanctae
3461 1396 3554 1448 sy-

1912 1462 2063 1517 nodo
2077 1462 2359 1518 sancienti
2383 1464 2662 1519 adversus
2673 1464 2781 1520 hos
2802 1464 3017 1536 impios
3039 1482 3186 1536 quos
3200 1482 3386 1537 usque
3399 1483 3556 1521 nunc

1911 1548 2140 1606 habetis
2159 1552 2186 1605 ?
2204 1551 2261 1605 Si
2278 1568 2412 1607 vero
2434 1553 2506 1608 ab
2539 1552 2821 1625 apostolis
2840 1553 3134 1610 haberetis
3158 1554 3266 1611 has
3294 1552 3557 1609 traditio-

1911 1655 2036 1704 nes,
2077 1640 2383 1696 obsisteret
2439 1640 2705 1707 forsitan,
2748 1646 2805 1698 et
2858 1660 2976 1699 non
3035 1643 3394 1716 suscepisset
3435 1643 3556 1698 haec

1911 1743 2039 1798 quae
2087 1728 2241 1800 apud
2288 1747 2393 1784 nos
2425 1731 2497 1785 ab
2527 1747 2593 1785 ea
2624 1730 2996 1804 promulgata
3043 1734 3199 1787 sunt.
3234 1736 3391 1803 Papa
3419 1748 3552 1787 cum

1911 1819 2064 1871 esset
2080 1822 2290 1885 vester,
2323 1818 2601 1889 quoniam
2632 1819 2925 1874 adulteras
2957 1821 3343 1892 cognoscebat
3372 1820 3556 1875 tradi-

1911 1904 2101 1960 tiones
2129 1905 2290 1977 ipsas
2320 1911 2377 1961 et
2392 1911 2697 1963 extraneas
2715 1909 2786 1963 ab
2817 1908 3216 1978 apostolorum
3249 1909 3552 1964 doctrina:

1913 1997 2219 2064 propterea
2248 1995 2465 2066 pariter
2480 2012 2611 2051 cum
2636 1996 2907 2053 Patribus
2932 2014 3108 2053 sacrae
3132 2001 3302 2053 sextae
3324 1997 3554 2069 synodi,

1912 2081 2069 2137 sicut
2117 2082 2189 2137 de
2237 2083 2457 2155 azymis
2487 2087 2545 2138 et
2566 2084 2812 2156 jejuniis
2852 2085 3241 2142 Sabbatorum
3282 2090 3340 2141 et
3380 2102 3558 2141 sacrae

1913 2169 2107 2226 missa
2141 2171 2457 2243 mysteriis,
2482 2173 2565 2228 sic
2596 2178 2654 2229 et
2680 2175 2752 2229 de
2772 2174 2995 2246 nuptiis
3026 2175 3395 2231 sacerdotum
3428 2192 3560 2246 pro-

1914 2258 2198 2332 mulgavit
2228 2260 2429 2315 dicens
2459 2260 2519 2315 in
2550 2261 2777 2316 decimo
2800 2263 2973 2318 tertio
2996 2262 3185 2334 capite
3220 2280 3232 2317 :
3267 2287 3296 2313 «
3328 2263 3474 2328 Quia
3501 2264 3561 2318 in

1913 2347 2308 2404 Romanorum
2334 2349 2592 2405 Ecclesia
2612 2349 2669 2403 in
2689 2351 2892 2406 ordine
2913 2351 3153 2406 canonis
3171 2351 3323 2406 tradi
3349 2368 3561 2424 cogno-

1910 2437 2123 2501 vimus,
2161 2442 2475 2509 praesentes
2496 2437 2725 2493 diaconi
2746 2443 2848 2494 aut
2864 2440 3183 2512 presbyteri
3211 2439 3420 2513 dignas
3441 2441 3563 2497 fore

1914 2541 2195 2581 manuum
2226 2526 2633 2598 impositiones
2673 2528 2957 2595 conﬁteri,
3001 2532 3065 2582 ut
3094 2545 3209 2584 non
3242 2528 3495 2600 amplius
3525 2547 3560 2584 a

1913 2614 2038 2669 suis
2068 2615 2487 2687 disjungantur
2514 2616 2886 2687 conjugibus.
2919 2616 3035 2672 Nos
3053 2617 3361 2689 antiquum
3385 2634 3556 2673 exse-

1913 2706 2161 2774 quentes
2181 2719 2460 2758 canonem
2484 2704 2815 2776 apostolicae
2837 2704 3224 2776 diligentiaeet
3243 2705 3558 2762 ordinatio-

1914 2790 2025 2857 nis,
2062 2796 2396 2847 sanctorum
2416 2792 2676 2848 virorum
2699 2792 3094 2866 copulationes
3120 2795 3445 2850 secundum
3476 2794 3556 2851 le-

1914 2895 2045 2952 gem
2078 2880 2372 2936 etamodo
2393 2881 2583 2936 valere
2610 2881 2904 2947 volumus,
2936 2883 3270 2939 nullatenus
3301 2900 3335 2938 a
3362 2885 3562 2954 conju-

1914 2984 2054 3041 gum
2086 2968 2455 3040 copulatione
2485 2970 2875 3026 dissolventes
2903 2975 3005 3027 aut
3035 2972 3328 3044 privantes
3357 2990 3456 3029 eos
3488 2974 3560 3029 ab
3614 3028 3623 3037 ,

1914 3057 2185 3126 invicem,
2231 3060 2555 3114 secundum
2590 3063 2823 3132 tempus
2863 3077 3189 3133 congruum
3234 3060 3559 3118 locationis.

1919 3147 2068 3216 Quia
2095 3162 2229 3202 vero
2247 3148 2296 3201 si
2320 3146 2680 3218 quisdiguus
2702 3148 2975 3205 inventus
2997 3150 3422 3217 fuerit,manus
3453 3150 3563 3205 im-

150 3222 313 3301 modi
348 3241 581 3313 nuptias
602 3239 1022 3313 prohibentes?
1048 3238 1107 3294 Si
1138 3242 1335 3294 autem
1367 3240 1504 3292 ante
1533 3235 1809 3291 habuerit
1838 3222 1881 3288 C
1917 3238 2206 3311 positione
2236 3238 2517 3292 diaconus
2545 3236 2632 3291 vel
2675 3237 3070 3294 subdiaconus
3113 3242 3216 3294 aut
3242 3239 3563 3312 presbyter,

150 3348 392 3389 uxorem
416 3330 514 3387 ille
539 3330 635 3402 qui
656 3330 961 3385 ordinatus
989 3331 1079 3383 est
1098 3327 1370 3384 sacerdos
1401 3340 1801 3398 perseverave-

149 3425 345 3494 ritque
374 3420 434 3474 in
453 3419 721 3475 castitate
747 3434 1076 3490 magnaque
1097 3415 1234 3481 vita,
1267 3414 1504 3486 nuptias
1535 3414 1662 3483 ejus
1693 3412 1807 3467 sol-

146 3510 308 3575 vitis,
340 3505 841 3579 transgredimini,
860 3510 927 3559 ut
947 3522 1017 3560 ex
1037 3508 1319 3576 praecepto
1351 3502 1806 3574 apostolicorum

147 3613 447 3656 canonum
504 3594 807 3649 ostendam
862 3593 1048 3651 vobis.
1111 3593 1175 3647 In
1231 3595 1390 3646 sexto
1446 3590 1603 3645 enim
1656 3589 1806 3644 libro

146 3681 467 3745 Clementis
486 3679 921 3735 ordinationum
945 3696 1070 3750 quae
1093 3679 1166 3733 ab
1196 3695 1262 3733 eo
1280 3677 1622 3749 conscriptze
1645 3681 1806 3740 sunt,

139 3778 320 3849 juxta
359 3770 677 3842 septimum
725 3767 1017 3823 decimum
1060 3770 1236 3837 caput
1264 3764 1521 3837 Apostoli
1554 3766 1677 3821 haec
1719 3765 1807 3819 di-

151 3864 345 3921 cunt:
390 3883 418 3910 «
451 3857 805 3930 Episcopum
847 3860 904 3911 et
947 3854 1349 3927 presbyterum
1393 3858 1449 3908 et
1497 3853 1809 3909 diaconum

152 3949 434 4013 dicimus,
454 3945 554 4019 qui
577 3962 755 4001 unam
778 3944 997 3999 habent
1018 3957 1279 4007 uxorem,
1304 3941 1584 4008 ordinari,
1609 3958 1813 4013 quam-

155 4040 245 4095 vis
270 4037 470 4093 vivant
498 4050 702 4091 eorum
733 4032 1034 4104 conjuges,
1067 4029 1335 4102 quamvis
1367 4029 1468 4084 def
1469 4034 1674 4098 unctae,
1697 4048 1811 4085 non

157 4128 298 4184 licet
321 4142 420 4182 eos
451 4128 583 4197 post
625 4138 839 4178 manus
871 4119 1305 4192 impositionem
1352 4118 1632 4191 innuptos
1661 4136 1811 4186 esse,

158 4232 269 4273 nec
299 4215 539 4286 insuper
566 4213 638 4268 ad
670 4210 906 4283 nuptias
936 4210 1040 4281 ire,
1090 4212 1192 4263 aut
1223 4208 1270 4263 si
1313 4206 1642 4279 nupserint,
1675 4208 1815 4265 alte-

159 4321 259 4360 ras
281 4302 572 4375 amplecti,
588 4300 688 4357 sed
708 4299 978 4355 sufﬁcere
995 4313 1145 4369 quas
1157 4295 1375 4351 habent
1392 4312 1526 4350 cum
1556 4297 1627 4351 ad
1659 4297 1817 4352 ordi-

158 4392 460 4449 nationem
480 4393 782 4446 venerunt.
807 4410 835 4439 υ
853 4389 915 4443 In
938 4385 1142 4458 quinto
1166 4388 1501 4441 sanctorum
1525 4402 1816 4441 canonum

155 4482 244 4538 ita
265 4481 422 4535 fatur
449 4479 510 4533 in
539 4481 576 4531 2
605 4494 731 4549 cap.
768 4494 781 4530 :
822 4499 850 4528 «
883 4475 1205 4547 Episcopus
1237 4478 1341 4529 aut
1372 4473 1674 4546 presbyter
1717 4478 1820 4529 aut

1912 3325 2011 3381 hic
2040 3324 2379 3381 nullatenus
2420 3323 2798 3397 prohibeatur
2826 3326 2897 3380 ad
2930 3325 3273 3397 hujusmodi
3313 3328 3561 3400 gradum

1914 3414 2249 3478 ascendere,
2282 3411 2518 3484 conjugi
2557 3412 2997 3468 cohabitaturus
3034 3414 3330 3485 legitime;
3375 3432 3565 3487 neque

1915 3501 1976 3557 in
2007 3507 2267 3573 tempore
2285 3500 2667 3556 ordinationis
2687 3502 2952 3573 exigatur
2979 3501 3243 3557 conﬁteri
3273 3502 3345 3556 ad
3374 3501 3565 3575 legem

1917 3606 2141 3662 proprze
2184 3589 2490 3644 locationis
2538 3592 2773 3660 propter
2800 3590 3094 3661 propriam
3140 3605 3401 3645 uxorem.
3437 3612 3463 3639 ››
3495 3592 3566 3647 Et

1919 3682 2053 3750 post
2081 3694 2269 3750 pauca
2293 3695 2306 3733 :
2332 3698 2360 3727 «
2390 3676 2447 3732 Si
2473 3676 2607 3749 quis
2623 3693 2759 3748 ergo
2791 3677 3231 3750 praesumpserit
3249 3682 3411 3733 extra
3434 3695 3569 3751 apo-

1920 3766 2158 3821 stolicos
2189 3765 2424 3820 ordines
2442 3769 2638 3820 motus
2656 3766 2971 3837 quemdam
2994 3782 3293 3822 sacrorum
3326 3768 3566 3840 presby-

1920 3859 2181 3910 terorum
2215 3858 2271 3908 et
2300 3853 2679 3908 diaconorum
2715 3853 2943 3925 privare
2971 3871 3004 3911 a
3026 3854 3396 3927 copulatione
3433 3855 3571 3929 legi-

1924 3943 2201 3998 timarum
2238 3941 2573 4009 mulierum,
2621 3959 2655 3997 a
2701 3944 3113 3999 communione
3152 3946 3567 4016 sequestretur.

1925 4031 2208 4088 Similiter
2218 4030 2265 4087 si
2285 4030 2416 4102 quis
2430 4031 2729 4102 presbyter
2748 4032 3141 4089 autdiaconus
3158 4031 3572 4089 collactaneam

1928 4137 2099 4176 suam
2159 4119 2460 4175 occasione
2518 4118 2815 4190 religionis
2871 4122 3573 4195 projecerit,'separetur;

1928 4225 2315 4282 perseverans,
2335 4211 2529 4263 autem
2560 4207 2904 4279 deponatur.
2939 4232 2966 4260 »

1997 4297 2164 4353 XVII.
2191 4297 2352 4353 Unde
2372 4295 2554 4369 igitur
2573 4296 2736 4352 vobis
2761 4302 2818 4352 et
2839 4314 2907 4354 ex
2924 4300 3138 4372 quibus
3160 4300 3251 4356 hae
3266 4300 3576 4357 horribiles

1927 4386 2254 4442 inﬁrmates
2302 4389 2784 4457 supervenerunt,
2827 4403 2858 4440 ο
2888 4386 2995 4442 viri
3042 4388 3439 4445 Romanorum
3484 4406 3577 4445 sa-

1927 4475 2282 4548 pientissimi
2297 4477 2354 4530 et
2376 4473 2639 4529 omnium
2658 4473 2904 4529 aliarum
2920 4476 3181 4547 gentium
3199 4477 3583 4534 nobilissimi?

155 4570 446 4628 diaconus
478 4582 716 4621 uxorem
740 4581 910 4621 suam
932 4581 1049 4619 non
1069 4561 1306 4633 abjiciat
1329 4562 1569 4617 obtentu
1593 4561 1820 4635 religio-
1855 4587 1900 4652 D
1930 4564 2178 4619 Estimo
2202 4563 2355 4652 quod
2380 4562 2621 4635 quidam
2644 4578 2710 4652 ex
2740 4563 2953 4619 Judecis
2984 4564 3042 4652 in
3069 4568 3331 4637 tempore
3352 4570 3580 4638 aposto-

160 4659 299 4725 nis;
333 4656 382 4711 si
415 4659 610 4711 autem
640 4653 938 4724 abjecerit,
973 4654 1394 4723 sequestretur.
1438 4651 1821 4707 Perseverans

162 4751 365 4804 autem
396 4744 742 4818 deponatur.
780 4764 809 4793 ››
843 4746 906 4796 In
930 4739 1383 4813 quadragesimo
1414 4755 1549 4795 vero
1580 4757 1822 4807 canone,

160 4834 442 4907 inquiunt
473 4832 669 4905 palam
700 4849 712 4887 :
753 4850 775 4879 ι
810 4829 1061 4902 Propriae
1091 4828 1347 4900 episcopi
1382 4844 1494 4883 res.
1531 4850 1559 4877 ››
1596 4829 1660 4883 Et
1690 4833 1823 4900 post

163 4940 353 4997 pauca
386 4941 398 4978 ε
437 4945 465 4974 ‹‹
495 4923 576 4978 Ne
598 4919 902 4978 occasione
930 4916 1459 4975 ecclesiasticarum
1492 4933 1686 4972 rerum
1719 4935 1820 4972 ca-

161 5013 303 5068 dere
350 5011 690 5084 episcopum
727 5009 800 5065 ab
831 5009 916 5064 eis
946 5023 1074 5078 quae
1105 5010 1247 5062 sunt
1287 5006 1565 5079 episcopi,
1597 5008 1659 5061 in
1691 5023 1819 5062 mu-

160 5101 367 5158 lierem
395 5104 453 5155 et
481 5116 694 5171 pueros
718 5102 775 5153 et
802 5095 1186 5170 propinquos,
1221 5111 1294 5149 ne
1323 5111 1425 5166 per
1456 5094 1820 5151 occasionem

158 5205 388 5252 eorum,
410 5203 625 5258 eaquae
647 5184 917 5240 Ecclesiae
940 5187 1080 5239 sunt
1096 5182 1419 5238 subtrahat.
1440 5204 1467 5233 »
1489 5184 1558 5237 Et
1581 5183 1817 5240 deinde:

158 5300 187 5327 ‹‹
231 5274 539 5346 Siquidem
581 5279 719 5329 sunt
750 5274 852 5345 qui
885 5271 1233 5344 prohibeant
1272 5271 1600 5327 sacerdotes
1632 5272 1821 5345 legiti-

159 5365 278 5422 mis
300 5360 673 5434 coniugibus.
697 5383 724 5410 »
742 5361 869 5415 Non
882 5360 967 5415 ita
982 5359 1226 5415 vertices
1240 5359 1639 5431 apostolorum
1655 5377 1823 5433 expo-

159 5453 411 5510 suerunt
439 5447 869 5505 ecclesiasticos
891 5462 1164 5502 canones.
1200 5446 1259 5503 Si
1291 5452 1489 5503 autem
1512 5449 1658 5505 dicis
1691 5467 1820 5505 mu-

158 5542 365 5599 lierem
406 5536 730 5595 Ecclesiam
779 5535 997 5591 dixisse
1029 5535 1344 5606 apostolos,
1396 5540 1537 5592 tunc
1566 5537 1822 5596 infidelis

167 5627 476 5704 apparebit
503 5641 696 5685 sermo
707 5629 847 5683 tuus
870 5628 928 5680 et
946 5638 1191 5690 vacuus,
1224 5640 1359 5679 cum
1381 5624 1566 5681 sacris
1590 5628 1823 5682 canoni-

1934 4652 2125 4708 lorum
2157 4651 2477 4717 credentes,
2510 4667 2660 4705 vana
2688 4648 2852 4705 lucra
2882 4651 3182 4722 cupientes
3220 4657 3277 4707 et
3306 4654 3579 4724 pecunia-

1935 4757 2066 4796 rum
2098 4745 2389 4795 amatores
2412 4738 2645 4811 reperti,
2666 4738 2924 4795 volentes
2945 4739 3166 4795 multos
3197 4739 3457 4795 ﬁdelium
3490 4742 3586 4796 ab-

1935 4829 2196 4884 strahere
2218 4846 2288 4884 ex
2304 4827 2665 4898 Evangelico,
2682 4827 2789 4882 hoc
2810 4833 2995 4896 est,ex
3009 4828 3137 4884 fidei
3154 4828 3584 4900 praedicatione,

1936 4919 2228 4990 corruptis
2250 4918 2390 4972 dum
2406 4916 2808 4986 prmdixissent
2827 4918 2930 4982 eis,
2956 4917 3012 4971 in
3036 4917 3144 4971 hoc
3166 4920 3223 4972 et
3242 4915 3586 4972 Christiani-

1934 5011 2024 5062 tas
2054 5011 2111 5061 et
2137 5006 2482 5060 Judaismus
2504 5008 2778 5075 corrupta
2801 5008 2959 5059 sunt.
2988 5005 3066 5060 De
3091 5004 3309 5076 quibus
3328 5003 3587 5060 Joannes

1935 5096 2093 5151 fatus
2117 5099 2237 5149 est:
2264 5115 2293 5143 «
2325 5093 2406 5147 Ex
2436 5092 2607 5147 nobis
2635 5092 2919 5161 exierunt,
2942 5094 3042 5150 sed
3067 5110 3182 5149 non
3205 5096 3372 5149 erant
3396 5107 3467 5147 ex
3482 5109 3584 5148 no-

1936 5184 2045 5240 bis.
2079 5182 2138 5237 Si
2160 5181 2314 5237 enim
2340 5180 2592 5234 fuissent
2611 5195 2679 5235 ex
2699 5181 3358 5254 nobis,permansissent
3386 5180 3591 5253 utique

1938 5271 2249 5329 nobiscum
2279 5271 2323 5341 (1
2346 5271 2502 5325 Joan.
2539 5286 2599 5334 ιι,
2631 5270 2743 5341 l9),
2776 5291 2803 5321 »
2839 5270 2909 5325 de
2949 5270 3043 5326 his
3074 5270 3175 5343 qui
3221 5269 3375 5325 circa
3406 5269 3592 5326 Simo-

1935 5377 2069 5417 nem
2109 5364 2166 5415 et
2211 5359 2455 5423 Deman,
2517 5356 2944 5430 Nicolaumque
2991 5363 3049 5414 et
3093 5357 3395 5414 Cleobium
3451 5358 3591 5413 sub-

1938 5449 2200 5505 texendo.
2232 5445 2463 5517 Reliqui
2489 5450 2683 5500 autem
2716 5446 3000 5501 verticum
3052 5447 3112 5501 in
3149 5448 3400 5519 septimo
3443 5445 3592 5502 libro

1932 5538 2372 5595 institutionum
2396 5535 2568 5607 juxta
2616 5539 2845 5589 sextum
2889 5534 3185 5591 decimum
3217 5539 3392 5608 caput
3421 5533 3593 5607 liqui-

1932 5628 2066 5684 dius
2087 5624 2356 5681 dixerunt
2394 5641 2406 5679 :
2440 5646 2467 5673 ‹‹
2503 5621 2736 5680 Scimus
2760 5622 2940 5695 enim,
2972 5622 3166 5695 inquit
3203 5622 3344 5694 quia
3372 5622 3431 5677 hi
3462 5622 3587 5692 qui,
