  <div class='ocr_page' id='page_1' title='image "/cluster/home/n/w/nwhite01/storage/ocr_20150623/143/uva.x000829790/515.png"; bbox 0 0 3966 6212; ppageno 0'>
   <div class='ocr_carea' id='block_1_1' title="bbox 333 286 455 354">
    <p class='ocr_par' dir='ltr' id='par_1_1' title="bbox 333 286 455 354">
     <span class='ocr_line' id='line_1_1' title="bbox 333 286 455 354; baseline 0 0"><span class='ocrx_word' id='word_1_1' title='bbox 333 286 455 354; x_wconf 70' lang='lat'>988</span> 
     </span>
    </p>
   </div>
   <div class='ocr_carea' id='block_1_2' title="bbox 1348 285 2735 351">
    <p class='ocr_par' dir='ltr' id='par_1_2' title="bbox 1348 285 2735 351">
     <span class='ocr_line' id='line_1_2' title="bbox 1348 285 2735 351; baseline 0 -3"><span class='ocrx_word' id='word_1_2' title='bbox 1348 287 1834 351; x_wconf 81' lang='lat' dir='ltr'>HUMBERTUS</span> <span class='ocrx_word' id='word_1_3' title='bbox 1881 287 1946 347; x_wconf 90' lang='lat' dir='ltr'>S.</span> <span class='ocrx_word' id='word_1_4' title='bbox 1993 287 2067 348; x_wconf 75' lang='grc' dir='ltr'>Η.</span> <span class='ocrx_word' id='word_1_5' title='bbox 2113 285 2186 348; x_wconf 85' lang='grc' dir='ltr'>Ε.</span> <span class='ocrx_word' id='word_1_6' title='bbox 2233 286 2735 349; x_wconf 81' lang='lat' dir='ltr'>CARDINALIS.</span> 
     </span>
    </p>
   </div>
   <div class='ocr_carea' id='block_1_3' title="bbox 3681 358 3734 396">
    <p class='ocr_par' dir='ltr' id='par_1_3' title="bbox 3681 358 3734 396">
     <span class='ocr_line' id='line_1_3' title="bbox 3681 358 3734 396; baseline 0.038 -2"><span class='ocrx_word' id='word_1_7' title='bbox 3681 358 3734 396; x_wconf 64' lang='grc' dir='ltr'>Ι(</span> 
     </span>
    </p>
   </div>
   <div class='ocr_carea' id='block_1_4' title="bbox 334 405 3756 495">
    <p class='ocr_par' dir='ltr' id='par_1_4' title="bbox 334 405 3756 495">
     <span class='ocr_line' id='line_1_4' title="bbox 334 405 3756 495; baseline -0.001 -14"><span class='ocrx_word' id='word_1_8' title='bbox 334 405 490 482; x_wconf 83' lang='lat' dir='ltr'>circa</span> <span class='ocrx_word' id='word_1_9' title='bbox 519 423 812 479; x_wconf 87' lang='lat' dir='ltr'>Simonem</span> <span class='ocrx_word' id='word_1_10' title='bbox 844 427 900 476; x_wconf 89' lang='lat' dir='ltr'>et</span> <span class='ocrx_word' id='word_1_11' title='bbox 927 421 1226 476; x_wconf 88' lang='lat' dir='ltr'>Cleobium</span> <span class='ocrx_word' id='word_1_12' title='bbox 1257 426 1312 475; x_wconf 90' lang='lat' dir='ltr'>et</span> <span class='ocrx_word' id='word_1_13' title='bbox 1340 421 1575 484; x_wconf 88' lang='lat' dir='ltr'>Judam,</span> <span class='ocrx_word' id='word_1_14' title='bbox 1619 419 1981 490; x_wconf 82' lang='lat' dir='ltr'>conscripse-</span> <span class='ocrx_word' id='word_1_15' title='bbox 2011 421 2066 485; x_wconf 81' lang='grc' dir='ltr'>Α</span> <span class='ocrx_word' id='word_1_16' title='bbox 2096 435 2251 474; x_wconf 90' lang='lat' dir='ltr'>nunc</span> <span class='ocrx_word' id='word_1_17' title='bbox 2282 418 2438 490; x_wconf 88' lang='lat' dir='ltr'>quod</span> <span class='ocrx_word' id='word_1_18' title='bbox 2461 418 2716 491; x_wconf 90' lang='lat' dir='ltr'>primum</span> <span class='ocrx_word' id='word_1_19' title='bbox 2734 422 2820 477; x_wconf 89' lang='lat' dir='ltr'>est</span> <span class='ocrx_word' id='word_1_20' title='bbox 2838 435 3062 489; x_wconf 87' lang='lat' dir='ltr'>eorum,</span> <span class='ocrx_word' id='word_1_21' title='bbox 3086 435 3156 477; x_wconf 84' lang='lat' dir='ltr'>ex</span> <span class='ocrx_word' id='word_1_22' title='bbox 3171 416 3332 478; x_wconf 88' lang='lat' dir='ltr'>omni</span> <span class='ocrx_word' id='word_1_23' title='bbox 3365 436 3400 476; x_wconf 87' lang='lat' dir='ltr'>a</span> <span class='ocrx_word' id='word_1_24' title='bbox 3427 418 3547 477; x_wconf 88' lang='lat' dir='ltr'>Deo</span> <span class='ocrx_word' id='word_1_25' title='bbox 3565 419 3756 495; x_wconf 86' lang='lat' dir='ltr'>inspi-</span> 
     </span>
    </p>
   </div>
   <div class='ocr_carea' id='block_1_5' title="bbox 334 509 1975 581">
    <p class='ocr_par' dir='ltr' id='par_1_5' title="bbox 334 509 1975 581">
     <span class='ocr_line' id='line_1_5' title="bbox 334 509 1975 581; baseline -0.006 -10"><span class='ocrx_word' id='word_1_26' title='bbox 334 519 473 571; x_wconf 87' lang='lat' dir='ltr'>runt</span> <span class='ocrx_word' id='word_1_27' title='bbox 498 513 675 568; x_wconf 79' lang='lat' dir='ltr'>libros</span> <span class='ocrx_word' id='word_1_28' title='bbox 706 512 763 565; x_wconf 89' lang='lat' dir='ltr'>in</span> <span class='ocrx_word' id='word_1_29' title='bbox 795 511 1030 564; x_wconf 82' lang='lat' dir='ltr'>nomine</span> <span class='ocrx_word' id='word_1_30' title='bbox 1052 510 1264 564; x_wconf 83' lang='lat' dir='ltr'>Christi</span> <span class='ocrx_word' id='word_1_31' title='bbox 1298 515 1350 564; x_wconf 89' lang='lat' dir='ltr'>et</span> <span class='ocrx_word' id='word_1_32' title='bbox 1370 509 1794 581; x_wconf 80' lang='lat' dir='ltr'>discipulorum</span> <span class='ocrx_word' id='word_1_33' title='bbox 1823 510 1975 578; x_wconf 84' lang='lat' dir='ltr'>ejus,</span> 
     </span>
    </p>
   </div>
   <div class='ocr_carea' id='block_1_6' title="bbox 332 597 1973 668">
    <p class='ocr_par' dir='ltr' id='par_1_6' title="bbox 332 597 1973 668">
     <span class='ocr_line' id='line_1_6' title="bbox 332 597 1973 668; baseline -0.004 -10"><span class='ocrx_word' id='word_1_34' title='bbox 332 601 750 659; x_wconf 88' lang='lat' dir='ltr'>circumferunt</span> <span class='ocrx_word' id='word_1_35' title='bbox 772 600 840 652; x_wconf 88' lang='lat' dir='ltr'>ad</span> <span class='ocrx_word' id='word_1_36' title='bbox 864 599 1261 653; x_wconf 89' lang='lat' dir='ltr'>seductionem</span> <span class='ocrx_word' id='word_1_37' title='bbox 1280 603 1628 664; x_wconf 88' lang='lat' dir='ltr'>vestram,et</span> <span class='ocrx_word' id='word_1_38' title='bbox 1648 614 1846 652; x_wconf 88' lang='lat' dir='ltr'>eorum</span> <span class='ocrx_word' id='word_1_39' title='bbox 1871 597 1973 668; x_wconf 87' lang='lat' dir='ltr'>qui</span> 
     </span>
    </p>
   </div>
   <div class='ocr_carea' id='block_1_7' title="bbox 335 686 1978 760">
    <p class='ocr_par' dir='ltr' id='par_1_7' title="bbox 335 686 1978 760">
     <span class='ocr_line' id='line_1_7' title="bbox 335 686 1978 760; baseline -0.003 -15"><span class='ocrx_word' id='word_1_40' title='bbox 335 690 586 760; x_wconf 85' lang='lat' dir='ltr'>diligunt</span> <span class='ocrx_word' id='word_1_41' title='bbox 626 687 942 753; x_wconf 84' lang='lat' dir='ltr'>Christum,</span> <span class='ocrx_word' id='word_1_42' title='bbox 987 692 1042 741; x_wconf 88' lang='lat' dir='ltr'>et</span> <span class='ocrx_word' id='word_1_43' title='bbox 1087 704 1192 741; x_wconf 82' lang='lat' dir='ltr'>nos</span> <span class='ocrx_word' id='word_1_44' title='bbox 1241 704 1435 741; x_wconf 82' lang='lat' dir='ltr'>servos</span> <span class='ocrx_word' id='word_1_45' title='bbox 1491 687 1699 758; x_wconf 85' lang='lat' dir='ltr'>ipsius.</span> <span class='ocrx_word' id='word_1_46' title='bbox 1753 710 1781 736; x_wconf 81' lang='grc'><strong>››</strong></span> <span class='ocrx_word' id='word_1_47' title='bbox 1824 687 1891 740; x_wconf 82' lang='lat' dir='ltr'>Et</span> <span class='ocrx_word' id='word_1_48' title='bbox 1920 686 1978 740; x_wconf 89' lang='lat' dir='ltr'>in</span> 
     </span>
    </p>
   </div>
   <div class='ocr_carea' id='block_1_8' title="bbox 333 775 1982 847">
    <p class='ocr_par' dir='ltr' id='par_1_8' title="bbox 333 775 1982 847">
     <span class='ocr_line' id='line_1_8' title="bbox 333 775 1982 847; baseline -0.007 -11"><span class='ocrx_word' id='word_1_49' title='bbox 333 778 625 835; x_wconf 80' lang='lat' dir='ltr'>veteribus</span> <span class='ocrx_word' id='word_1_50' title='bbox 656 775 895 847; x_wconf 89' lang='lat' dir='ltr'>quidam</span> <span class='ocrx_word' id='word_1_51' title='bbox 919 777 1393 847; x_wconf 85' lang='lat' dir='ltr'>conscripserunt</span> <span class='ocrx_word' id='word_1_52' title='bbox 1418 776 1592 830; x_wconf 74' lang='lat' dir='ltr'>libros</span> <span class='ocrx_word' id='word_1_53' title='bbox 1619 776 1982 846; x_wconf 70' lang='lat' dir='ltr'>apocryphos</span> 
     </span>
    </p>
   </div>
   <div class='ocr_carea' id='block_1_9' title="bbox 336 866 1979 938">
    <p class='ocr_par' dir='ltr' id='par_1_9' title="bbox 336 866 1979 938">
     <span class='ocr_line' id='line_1_9' title="bbox 336 866 1979 938; baseline -0.004 -12"><span class='ocrx_word' id='word_1_54' title='bbox 336 869 520 938; x_wconf 80' lang='lat' dir='ltr'>Moysi</span> <span class='ocrx_word' id='word_1_55' title='bbox 562 872 619 921; x_wconf 90' lang='lat' dir='ltr'>et</span> <span class='ocrx_word' id='word_1_56' title='bbox 650 866 842 920; x_wconf 85' lang='lat' dir='ltr'>Enoch</span> <span class='ocrx_word' id='word_1_57' title='bbox 878 870 933 919; x_wconf 87' lang='lat' dir='ltr'>et</span> <span class='ocrx_word' id='word_1_58' title='bbox 963 867 1171 932; x_wconf 85' lang='lat' dir='ltr'>Adam,</span> <span class='ocrx_word' id='word_1_59' title='bbox 1206 866 1361 920; x_wconf 74' lang='lat' dir='ltr'>Isaim</span> <span class='ocrx_word' id='word_1_60' title='bbox 1395 871 1450 920; x_wconf 88' lang='lat' dir='ltr'>et</span> <span class='ocrx_word' id='word_1_61' title='bbox 1495 866 1695 932; x_wconf 87' lang='lat' dir='ltr'>David,</span> <span class='ocrx_word' id='word_1_62' title='bbox 1740 872 1795 921; x_wconf 91' lang='lat' dir='ltr'>et</span> <span class='ocrx_word' id='word_1_63' title='bbox 1828 866 1979 932; x_wconf 73' lang='lat' dir='ltr'>Eliae,</span> 
     </span>
    </p>
   </div>
   <div class='ocr_carea' id='block_1_10' title="bbox 337 955 1981 1028">
    <p class='ocr_par' dir='ltr' id='par_1_10' title="bbox 337 955 1981 1028">
     <span class='ocr_line' id='line_1_10' title="bbox 337 955 1981 1028; baseline -0.003 -12"><span class='ocrx_word' id='word_1_64' title='bbox 337 964 394 1016; x_wconf 91' lang='lat' dir='ltr'>et</span> <span class='ocrx_word' id='word_1_65' title='bbox 431 958 608 1014; x_wconf 88' lang='lat' dir='ltr'>trium</span> <span class='ocrx_word' id='word_1_66' title='bbox 636 955 1122 1028; x_wconf 81' lang='lat' dir='ltr'>patriarcharum,</span> <span class='ocrx_word' id='word_1_67' title='bbox 1157 956 1557 1027; x_wconf 85' lang='lat' dir='ltr'>corruptiones</span> <span class='ocrx_word' id='word_1_68' title='bbox 1589 958 1864 1010; x_wconf 82' lang='lat' dir='ltr'>facientes</span> <span class='ocrx_word' id='word_1_69' title='bbox 1897 961 1981 1011; x_wconf 88' lang='lat' dir='ltr'>at-</span> 
     </span>
    </p>
   </div>
   <div class='ocr_carea' id='block_1_11' title="bbox 335 1045 1980 1122">
    <p class='ocr_par' dir='ltr' id='par_1_11' title="bbox 335 1045 1980 1122">
     <span class='ocr_line' id='line_1_11' title="bbox 335 1045 1980 1122; baseline -0.003 -17"><span class='ocrx_word' id='word_1_70' title='bbox 335 1067 445 1122; x_wconf 90' lang='lat' dir='ltr'>que</span> <span class='ocrx_word' id='word_1_71' title='bbox 475 1046 735 1103; x_wconf 80' lang='lat' dir='ltr'>veritatis</span> <span class='ocrx_word' id='word_1_72' title='bbox 763 1045 1035 1101; x_wconf 90' lang='lat' dir='ltr'>inimicos</span> <span class='ocrx_word' id='word_1_73' title='bbox 1064 1047 1262 1101; x_wconf 90' lang='lat' dir='ltr'>libros.</span> <span class='ocrx_word' id='word_1_74' title='bbox 1292 1048 1397 1100; x_wconf 87' lang='lat' dir='ltr'>Sed</span> <span class='ocrx_word' id='word_1_75' title='bbox 1433 1052 1487 1101; x_wconf 88' lang='lat' dir='ltr'>et</span> <span class='ocrx_word' id='word_1_76' title='bbox 1512 1047 1755 1101; x_wconf 88' lang='lat' dir='ltr'>Paulum</span> <span class='ocrx_word' id='word_1_77' title='bbox 1793 1047 1980 1100; x_wconf 90' lang='lat' dir='ltr'>Domi-</span> 
     </span>
    </p>
   </div>
   <div class='ocr_carea' id='block_1_12' title="bbox 338 1136 1977 1209">
    <p class='ocr_par' dir='ltr' id='par_1_12' title="bbox 338 1136 1977 1209">
     <span class='ocr_line' id='line_1_12' title="bbox 338 1136 1977 1209; baseline -0.003 -14"><span class='ocrx_word' id='word_1_78' title='bbox 338 1140 396 1195; x_wconf 90' lang='lat' dir='ltr'>ni</span> <span class='ocrx_word' id='word_1_79' title='bbox 427 1136 757 1209; x_wconf 79' lang='lat' dir='ltr'>apostolum</span> <span class='ocrx_word' id='word_1_80' title='bbox 802 1136 921 1192; x_wconf 71' lang='grc' dir='ltr'>ιιωο</span> <span class='ocrx_word' id='word_1_81' title='bbox 953 1136 1358 1207; x_wconf 86' lang='lat' dir='ltr'>prescientem,</span> <span class='ocrx_word' id='word_1_82' title='bbox 1406 1141 1467 1190; x_wconf 90' lang='lat' dir='ltr'>ut</span> <span class='ocrx_word' id='word_1_83' title='bbox 1505 1137 1752 1203; x_wconf 66' lang='lat' dir='ltr'>aestimo,</span> <span class='ocrx_word' id='word_1_84' title='bbox 1791 1137 1874 1191; x_wconf 90' lang='lat' dir='ltr'>sic</span> <span class='ocrx_word' id='word_1_85' title='bbox 1910 1137 1977 1190; x_wconf 92' lang='lat' dir='ltr'>ad</span> 
     </span>
    </p>
   </div>
   <div class='ocr_carea' id='block_1_13' title="bbox 333 1225 1984 1294">
    <p class='ocr_par' dir='ltr' id='par_1_13' title="bbox 333 1225 1984 1294">
     <span class='ocr_line' id='line_1_13' title="bbox 333 1225 1984 1294; baseline -0.002 -10"><span class='ocrx_word' id='word_1_86' title='bbox 333 1245 436 1284; x_wconf 91' lang='lat' dir='ltr'>vos</span> <span class='ocrx_word' id='word_1_87' title='bbox 453 1226 785 1283; x_wconf 83' lang='lat' dir='ltr'>ascendisse</span> <span class='ocrx_word' id='word_1_88' title='bbox 803 1225 1143 1294; x_wconf 88' lang='lat' dir='ltr'>hujusmodi</span> <span class='ocrx_word' id='word_1_89' title='bbox 1169 1226 1523 1290; x_wconf 86' lang='lat' dir='ltr'>seductores,</span> <span class='ocrx_word' id='word_1_90' title='bbox 1549 1226 1748 1280; x_wconf 86' lang='lat' dir='ltr'>dolum</span> <span class='ocrx_word' id='word_1_91' title='bbox 1783 1231 1984 1280; x_wconf 83' lang='lat' dir='ltr'>texen-</span> 
     </span>
    </p>
   </div>
   <div class='ocr_carea' id='block_1_14' title="bbox 335 1313 1982 1386">
    <p class='ocr_par' dir='ltr' id='par_1_14' title="bbox 335 1313 1982 1386">
     <span class='ocr_line' id='line_1_14' title="bbox 335 1313 1982 1386; baseline -0.005 -11"><span class='ocrx_word' id='word_1_92' title='bbox 335 1324 424 1375; x_wconf 86' lang='lat' dir='ltr'>tes</span> <span class='ocrx_word' id='word_1_93' title='bbox 447 1317 633 1373; x_wconf 84' lang='lat' dir='ltr'>vobis.</span> <span class='ocrx_word' id='word_1_94' title='bbox 656 1315 1129 1386; x_wconf 87' lang='lat' dir='ltr'>Philippensibus</span> <span class='ocrx_word' id='word_1_95' title='bbox 1152 1315 1387 1368; x_wconf 81' lang='lat' dir='ltr'>scribit:</span> <span class='ocrx_word' id='word_1_96' title='bbox 1415 1337 1441 1360; x_wconf 77' lang='grc' dir='ltr'><strong><em>α</em></strong></span> <span class='ocrx_word' id='word_1_97' title='bbox 1476 1313 1662 1368; x_wconf 84' lang='lat' dir='ltr'>videte</span> <span class='ocrx_word' id='word_1_98' title='bbox 1679 1329 1874 1379; x_wconf 88' lang='lat' dir='ltr'>canes,</span> <span class='ocrx_word' id='word_1_99' title='bbox 1898 1313 1982 1368; x_wconf 91' lang='lat' dir='ltr'>vi-</span> 
     </span>
    </p>
   </div>
   <div class='ocr_carea' id='block_1_15' title="bbox 334 1402 1974 1475">
    <p class='ocr_par' dir='ltr' id='par_1_15' title="bbox 334 1402 1974 1475">
     <span class='ocr_line' id='line_1_15' title="bbox 334 1402 1974 1475; baseline -0.004 -12"><span class='ocrx_word' id='word_1_100' title='bbox 334 1408 463 1463; x_wconf 90' lang='lat' dir='ltr'>dete</span> <span class='ocrx_word' id='word_1_101' title='bbox 495 1404 680 1461; x_wconf 90' lang='lat' dir='ltr'>malos</span> <span class='ocrx_word' id='word_1_102' title='bbox 697 1404 1011 1475; x_wconf 85' lang='lat' dir='ltr'>operarios,</span> <span class='ocrx_word' id='word_1_103' title='bbox 1035 1404 1220 1459; x_wconf 85' lang='lat' dir='ltr'>videte</span> <span class='ocrx_word' id='word_1_104' title='bbox 1253 1402 1672 1458; x_wconf 88' lang='lat' dir='ltr'>abscissionem</span> <span class='ocrx_word' id='word_1_105' title='bbox 1704 1404 1974 1474; x_wconf 84' lang='lat' dir='ltr'>(Philipp.</span> 
     </span>
    </p>
   </div>
   <div class='ocr_carea' id='block_1_16' title="bbox 335 1491 1983 1565">
    <p class='ocr_par' dir='ltr' id='par_1_16' title="bbox 335 1491 1983 1565">
     <span class='ocr_line' id='line_1_16' title="bbox 335 1491 1983 1565; baseline -0.004 -14"><span class='ocrx_word' id='word_1_106' title='bbox 335 1514 420 1563; x_wconf 80' lang='lat' dir='ltr'>III,</span> <span class='ocrx_word' id='word_1_107' title='bbox 449 1497 526 1565; x_wconf 87' lang='lat'>2).</span> <span class='ocrx_word' id='word_1_108' title='bbox 555 1516 581 1542; x_wconf 89' lang='grc'>››</span> <span class='ocrx_word' id='word_1_109' title='bbox 613 1494 678 1547; x_wconf 86' lang='lat' dir='ltr'>Et</span> <span class='ocrx_word' id='word_1_110' title='bbox 707 1492 1006 1547; x_wconf 87' lang='lat' dir='ltr'>Timotheo</span> <span class='ocrx_word' id='word_1_111' title='bbox 1029 1492 1238 1546; x_wconf 72' lang='lat' dir='ltr'>iterum</span> <span class='ocrx_word' id='word_1_112' title='bbox 1273 1509 1284 1545; x_wconf 94' lang='lat'>:</span> <span class='ocrx_word' id='word_1_113' title='bbox 1312 1516 1336 1538; x_wconf 76' lang='grc' dir='ltr'>ιι</span> <span class='ocrx_word' id='word_1_114' title='bbox 1375 1493 1434 1546; x_wconf 92' lang='lat' dir='ltr'>In</span> <span class='ocrx_word' id='word_1_115' title='bbox 1460 1491 1689 1548; x_wconf 88' lang='lat' dir='ltr'>ulrimis</span> <span class='ocrx_word' id='word_1_116' title='bbox 1711 1493 1983 1564; x_wconf 90' lang='lat' dir='ltr'>tempori-</span> 
     </span>
    </p>
   </div>
   <div class='ocr_carea' id='block_1_17' title="bbox 333 1579 1982 1653">
    <p class='ocr_par' dir='ltr' id='par_1_17' title="bbox 333 1579 1982 1653">
     <span class='ocr_line' id='line_1_17' title="bbox 333 1579 1982 1653; baseline -0.002 -13"><span class='ocrx_word' id='word_1_117' title='bbox 333 1585 446 1640; x_wconf 85' lang='lat' dir='ltr'>bus</span> <span class='ocrx_word' id='word_1_118' title='bbox 475 1583 777 1638; x_wconf 85' lang='lat' dir='ltr'>discedent</span> <span class='ocrx_word' id='word_1_119' title='bbox 794 1580 1080 1652; x_wconf 88' lang='lat' dir='ltr'>quidama</span> <span class='ocrx_word' id='word_1_120' title='bbox 1101 1579 1235 1647; x_wconf 85' lang='lat' dir='ltr'>fide,</span> <span class='ocrx_word' id='word_1_121' title='bbox 1259 1582 1623 1636; x_wconf 81' lang='lat' dir='ltr'>attendentes</span> <span class='ocrx_word' id='word_1_122' title='bbox 1674 1580 1982 1653; x_wconf 89' lang='lat' dir='ltr'>spiritibus</span> 
     </span>
    </p>
   </div>
   <div class='ocr_carea' id='block_1_18' title="bbox 334 1669 1981 1741">
    <p class='ocr_par' dir='ltr' id='par_1_18' title="bbox 334 1669 1981 1741">
     <span class='ocr_line' id='line_1_18' title="bbox 334 1669 1981 1741; baseline -0.003 -13"><span class='ocrx_word' id='word_1_123' title='bbox 334 1676 391 1728; x_wconf 89' lang='lat' dir='ltr'>et</span> <span class='ocrx_word' id='word_1_124' title='bbox 419 1671 701 1728; x_wconf 83' lang='lat' dir='ltr'>doctrinis</span> <span class='ocrx_word' id='word_1_125' title='bbox 745 1671 1097 1736; x_wconf 68' lang='lat' dir='ltr'>daemonum,</span> <span class='ocrx_word' id='word_1_126' title='bbox 1140 1669 1198 1723; x_wconf 90' lang='lat' dir='ltr'>in</span> <span class='ocrx_word' id='word_1_127' title='bbox 1257 1669 1548 1740; x_wconf 84' lang='lat' dir='ltr'>hypocrisi</span> <span class='ocrx_word' id='word_1_128' title='bbox 1605 1669 1981 1741; x_wconf 89' lang='lat' dir='ltr'>loquentium</span> 
     </span>
    </p>
   </div>
   <div class='ocr_carea' id='block_1_19' title="bbox 336 1757 1987 1830">
    <p class='ocr_par' dir='ltr' id='par_1_19' title="bbox 336 1757 1987 1830">
     <span class='ocr_line' id='line_1_19' title="bbox 336 1757 1987 1830; baseline -0.003 -13"><span class='ocrx_word' id='word_1_129' title='bbox 336 1761 662 1827; x_wconf 90' lang='lat' dir='ltr'>mendacia,</span> <span class='ocrx_word' id='word_1_130' title='bbox 695 1763 749 1815; x_wconf 92' lang='lat' dir='ltr'>et</span> <span class='ocrx_word' id='word_1_131' title='bbox 778 1759 1172 1814; x_wconf 88' lang='lat' dir='ltr'>incedentium</span> <span class='ocrx_word' id='word_1_132' title='bbox 1204 1758 1438 1830; x_wconf 86' lang='lat' dir='ltr'>propria</span> <span class='ocrx_word' id='word_1_133' title='bbox 1468 1758 1848 1823; x_wconf 87' lang='lat' dir='ltr'>conscientia,</span> <span class='ocrx_word' id='word_1_134' title='bbox 1882 1757 1987 1812; x_wconf 88' lang='lat' dir='ltr'>im-</span> 
     </span>
    </p>
   </div>
   <div class='ocr_carea' id='block_1_20' title="bbox 336 1847 1984 1922">
    <p class='ocr_par' dir='ltr' id='par_1_20' title="bbox 336 1847 1984 1922">
     <span class='ocr_line' id='line_1_20' title="bbox 336 1847 1984 1922; baseline -0.002 -16"><span class='ocrx_word' id='word_1_135' title='bbox 336 1849 694 1922; x_wconf 88' lang='lat' dir='ltr'>pedientium</span> <span class='ocrx_word' id='word_1_136' title='bbox 726 1848 962 1914; x_wconf 88' lang='lat' dir='ltr'>nubere,</span> <span class='ocrx_word' id='word_1_137' title='bbox 997 1851 1051 1902; x_wconf 85' lang='lat' dir='ltr'>et</span> <span class='ocrx_word' id='word_1_138' title='bbox 1082 1847 1374 1903; x_wconf 87' lang='lat' dir='ltr'>abstinere</span> <span class='ocrx_word' id='word_1_139' title='bbox 1405 1865 1439 1902; x_wconf 90' lang='lat' dir='ltr'>a</span> <span class='ocrx_word' id='word_1_140' title='bbox 1468 1847 1614 1903; x_wconf 88' lang='lat' dir='ltr'>cibis</span> <span class='ocrx_word' id='word_1_141' title='bbox 1647 1864 1793 1919; x_wconf 91' lang='lat' dir='ltr'>quos</span> <span class='ocrx_word' id='word_1_142' title='bbox 1825 1847 1984 1902; x_wconf 89' lang='lat' dir='ltr'>Deus</span> 
     </span>
    </p>
   </div>
   <div class='ocr_carea' id='block_1_21' title="bbox 337 1936 1987 2009">
    <p class='ocr_par' dir='ltr' id='par_1_21' title="bbox 337 1936 1987 2009">
     <span class='ocr_line' id='line_1_21' title="bbox 337 1936 1987 2009; baseline -0.002 -15"><span class='ocrx_word' id='word_1_143' title='bbox 337 1939 550 1995; x_wconf 89' lang='lat' dir='ltr'>creavit</span> <span class='ocrx_word' id='word_1_144' title='bbox 592 1939 640 2009; x_wconf 93' lang='lat' dir='ltr'>(l</span> <span class='ocrx_word' id='word_1_145' title='bbox 680 1938 811 1991; x_wconf 92' lang='lat' dir='ltr'>Tim.</span> <span class='ocrx_word' id='word_1_146' title='bbox 849 1954 922 2002; x_wconf 78' lang='grc' dir='ltr'>ιν,</span> <span class='ocrx_word' id='word_1_147' title='bbox 954 1936 1095 2005; x_wconf 75' lang='grc'>4-3).</span> <span class='ocrx_word' id='word_1_148' title='bbox 1133 1960 1159 1985; x_wconf 88' lang='grc'>››</span> <span class='ocrx_word' id='word_1_149' title='bbox 1211 1937 1281 1992; x_wconf 88' lang='lat' dir='ltr'>Et</span> <span class='ocrx_word' id='word_1_150' title='bbox 1311 1953 1378 1992; x_wconf 88' lang='lat' dir='ltr'>ea</span> <span class='ocrx_word' id='word_1_151' title='bbox 1407 1952 1532 2008; x_wconf 73' lang='lat' dir='ltr'>quae</span> <span class='ocrx_word' id='word_1_152' title='bbox 1586 1937 1811 1992; x_wconf 86' lang='lat' dir='ltr'>exinde.</span> <span class='ocrx_word' id='word_1_153' title='bbox 1853 1936 1987 1991; x_wconf 83' lang='lat' dir='ltr'>Pro-</span> 
     </span>
    </p>
   </div>
   <div class='ocr_carea' id='block_1_22' title="bbox 337 2025 1983 2101">
    <p class='ocr_par' dir='ltr' id='par_1_22' title="bbox 337 2025 1983 2101">
     <span class='ocr_line' id='line_1_22' title="bbox 337 2025 1983 2101; baseline -0.002 -17"><span class='ocrx_word' id='word_1_154' title='bbox 337 2032 468 2101; x_wconf 85' lang='lat' dir='ltr'>pter</span> <span class='ocrx_word' id='word_1_155' title='bbox 497 2027 649 2098; x_wconf 84' lang='lat' dir='ltr'>quod</span> <span class='ocrx_word' id='word_1_156' title='bbox 683 2031 739 2081; x_wconf 86' lang='lat' dir='ltr'>et</span> <span class='ocrx_word' id='word_1_157' title='bbox 769 2026 897 2100; x_wconf 72' lang='lat' dir='ltr'>Tito</span> <span class='ocrx_word' id='word_1_158' title='bbox 928 2025 1200 2099; x_wconf 75' lang='lat' dir='ltr'>praecepit</span> <span class='ocrx_word' id='word_1_159' title='bbox 1228 2041 1241 2081; x_wconf 90' lang='lat'><strong>:</strong></span> <span class='ocrx_word' id='word_1_160' title='bbox 1277 2030 1468 2096; x_wconf 84' lang='lat' dir='ltr'>Argue</span> <span class='ocrx_word' id='word_1_161' title='bbox 1499 2025 1846 2096; x_wconf 83' lang='lat' dir='ltr'>eos,inquit,</span> <span class='ocrx_word' id='word_1_162' title='bbox 1878 2025 1983 2080; x_wconf 90' lang='lat' dir='ltr'>du-</span> 
     </span>
    </p>
   </div>
   <div class='ocr_carea' id='block_1_23' title="bbox 337 2114 1978 2183">
    <p class='ocr_par' dir='ltr' id='par_1_23' title="bbox 337 2114 1978 2183">
     <span class='ocr_line' id='line_1_23' title="bbox 337 2114 1978 2183; baseline -0.002 -10"><span class='ocrx_word' id='word_1_163' title='bbox 337 2118 493 2183; x_wconf 85' lang='lat' dir='ltr'>riter,</span> <span class='ocrx_word' id='word_1_164' title='bbox 527 2120 589 2171; x_wconf 89' lang='lat' dir='ltr'>ut</span> <span class='ocrx_word' id='word_1_165' title='bbox 619 2115 745 2172; x_wconf 87' lang='lat' dir='ltr'>sani</span> <span class='ocrx_word' id='word_1_166' title='bbox 776 2115 893 2171; x_wconf 92' lang='lat' dir='ltr'>sint</span> <span class='ocrx_word' id='word_1_167' title='bbox 924 2116 982 2170; x_wconf 90' lang='lat' dir='ltr'>in</span> <span class='ocrx_word' id='word_1_168' title='bbox 1016 2117 1148 2183; x_wconf 87' lang='lat' dir='ltr'>fide,</span> <span class='ocrx_word' id='word_1_169' title='bbox 1183 2132 1296 2170; x_wconf 93' lang='lat' dir='ltr'>non</span> <span class='ocrx_word' id='word_1_170' title='bbox 1331 2116 1695 2170; x_wconf 90' lang='lat' dir='ltr'>attendentes</span> <span class='ocrx_word' id='word_1_171' title='bbox 1710 2114 1978 2170; x_wconf 85' lang='lat' dir='ltr'>Judaicis</span> 
     </span>
    </p>
   </div>
   <div class='ocr_carea' id='block_1_24' title="bbox 338 2203 1982 2277">
    <p class='ocr_par' dir='ltr' id='par_1_24' title="bbox 338 2203 1982 2277">
     <span class='ocr_line' id='line_1_24' title="bbox 338 2203 1982 2277; baseline -0.002 -17"><span class='ocrx_word' id='word_1_172' title='bbox 338 2204 571 2269; x_wconf 87' lang='lat' dir='ltr'>fabulis,</span> <span class='ocrx_word' id='word_1_173' title='bbox 605 2210 661 2260; x_wconf 91' lang='lat' dir='ltr'>et</span> <span class='ocrx_word' id='word_1_174' title='bbox 682 2204 987 2277; x_wconf 72' lang='lat' dir='ltr'>praeceptis</span> <span class='ocrx_word' id='word_1_175' title='bbox 1012 2204 1320 2260; x_wconf 88' lang='lat' dir='ltr'>hominum</span> <span class='ocrx_word' id='word_1_176' title='bbox 1343 2203 1804 2260; x_wconf 88' lang='lat' dir='ltr'>subvertentium</span> <span class='ocrx_word' id='word_1_177' title='bbox 1836 2203 1982 2258; x_wconf 84' lang='lat' dir='ltr'>veri-</span> 
     </span>
    </p>
   </div>
   <div class='ocr_carea' id='block_1_25' title="bbox 337 2295 934 2364">
    <p class='ocr_par' dir='ltr' id='par_1_25' title="bbox 337 2295 934 2364">
     <span class='ocr_line' id='line_1_25' title="bbox 337 2295 934 2364; baseline -0.017 -12"><span class='ocrx_word' id='word_1_178' title='bbox 337 2299 514 2352; x_wconf 87' lang='lat' dir='ltr'>tatem</span> <span class='ocrx_word' id='word_1_179' title='bbox 545 2295 669 2364; x_wconf 81' lang='lat' dir='ltr'>(Tit.</span> <span class='ocrx_word' id='word_1_180' title='bbox 696 2312 735 2359; x_wconf 80' lang='grc' dir='ltr'>ι,</span> <span class='ocrx_word' id='word_1_181' title='bbox 770 2295 879 2364; x_wconf 72' lang='grc'>14).</span> <span class='ocrx_word' id='word_1_182' title='bbox 907 2315 934 2344; x_wconf 82' lang='grc'><strong>››</strong></span> 
     </span>
    </p>
   </div>
   <div class='ocr_carea' id='block_1_26' title="bbox 405 2379 1981 2452">
    <p class='ocr_par' dir='ltr' id='par_1_26' title="bbox 405 2379 1981 2452">
     <span class='ocr_line' id='line_1_26' title="bbox 405 2379 1981 2452; baseline -0.002 -13"><span class='ocrx_word' id='word_1_183' title='bbox 405 2383 598 2440; x_wconf 83' lang='lat' dir='ltr'><strong>XVIII.</strong></span> <span class='ocrx_word' id='word_1_184' title='bbox 649 2383 1038 2446; x_wconf 88' lang='lat' dir='ltr'>Quamobrem</span> <span class='ocrx_word' id='word_1_185' title='bbox 1070 2379 1516 2452; x_wconf 82' lang='lat' dir='ltr'>diligentissime</span> <span class='ocrx_word' id='word_1_186' title='bbox 1565 2380 1981 2451; x_wconf 88' lang='lat' dir='ltr'>inquisivimus</span> 
     </span>
    </p>
   </div>
   <div class='ocr_carea' id='block_1_27' title="bbox 335 2469 1980 2540">
    <p class='ocr_par' dir='ltr' id='par_1_27' title="bbox 335 2469 1980 2540">
     <span class='ocr_line' id='line_1_27' title="bbox 335 2469 1980 2540; baseline -0.002 -12"><span class='ocrx_word' id='word_1_187' title='bbox 335 2474 409 2528; x_wconf 90' lang='lat' dir='ltr'>de</span> <span class='ocrx_word' id='word_1_188' title='bbox 435 2475 638 2526; x_wconf 62' lang='lat' dir='ltr'>caetero</span> <span class='ocrx_word' id='word_1_189' title='bbox 664 2471 819 2526; x_wconf 89' lang='lat' dir='ltr'>circa</span> <span class='ocrx_word' id='word_1_190' title='bbox 848 2470 990 2537; x_wconf 69' lang='lat' dir='ltr'>haec,</span> <span class='ocrx_word' id='word_1_191' title='bbox 1018 2488 1051 2525; x_wconf 93' lang='grc' dir='ltr'>ο</span> <span class='ocrx_word' id='word_1_192' title='bbox 1084 2470 1312 2535; x_wconf 83' lang='lat' dir='ltr'>fratres,</span> <span class='ocrx_word' id='word_1_193' title='bbox 1345 2485 1415 2524; x_wconf 89' lang='lat' dir='ltr'>ne</span> <span class='ocrx_word' id='word_1_194' title='bbox 1444 2469 1758 2540; x_wconf 83' lang='lat' dir='ltr'>aliquando</span> <span class='ocrx_word' id='word_1_195' title='bbox 1789 2485 1856 2524; x_wconf 87' lang='lat' dir='ltr'>ex</span> <span class='ocrx_word' id='word_1_196' title='bbox 1888 2469 1980 2524; x_wconf 91' lang='lat' dir='ltr'>his</span> 
     </span>
    </p>
   </div>
   <div class='ocr_carea' id='block_1_28' title="bbox 337 2556 1982 2634">
    <p class='ocr_par' dir='ltr' id='par_1_28' title="bbox 337 2556 1982 2634">
     <span class='ocr_line' id='line_1_28' title="bbox 337 2556 1982 2634; baseline -0.002 -18"><span class='ocrx_word' id='word_1_197' title='bbox 337 2577 464 2634; x_wconf 64' lang='lat' dir='ltr'>qua)</span> <span class='ocrx_word' id='word_1_198' title='bbox 495 2559 650 2616; x_wconf 83' lang='lat' dir='ltr'>dicta</span> <span class='ocrx_word' id='word_1_199' title='bbox 679 2563 820 2616; x_wconf 90' lang='lat' dir='ltr'>sunt</span> <span class='ocrx_word' id='word_1_200' title='bbox 850 2563 906 2615; x_wconf 91' lang='lat' dir='ltr'>et</span> <span class='ocrx_word' id='word_1_201' title='bbox 938 2559 1251 2630; x_wconf 89' lang='lat' dir='ltr'>redarguta</span> <span class='ocrx_word' id='word_1_202' title='bbox 1279 2557 1441 2613; x_wconf 89' lang='lat' dir='ltr'>vobis</span> <span class='ocrx_word' id='word_1_203' title='bbox 1476 2556 1798 2624; x_wconf 89' lang='lat' dir='ltr'>mendacia,</span> <span class='ocrx_word' id='word_1_204' title='bbox 1852 2557 1982 2613; x_wconf 92' lang='lat' dir='ltr'>dico</span> 
     </span>
    </p>
   </div>
   <div class='ocr_carea' id='block_1_29' title="bbox 337 2646 1984 2722">
    <p class='ocr_par' dir='ltr' id='par_1_29' title="bbox 337 2646 1984 2722">
     <span class='ocr_line' id='line_1_29' title="bbox 337 2646 1984 2722; baseline -0.003 -15"><span class='ocrx_word' id='word_1_205' title='bbox 337 2667 495 2707; x_wconf 88' lang='lat' dir='ltr'>nunc</span> <span class='ocrx_word' id='word_1_206' title='bbox 525 2666 745 2722; x_wconf 81' lang='lat' dir='ltr'>azyma,</span> <span class='ocrx_word' id='word_1_207' title='bbox 771 2646 1419 2719; x_wconf 77' lang='lat' dir='ltr'>Sabbatorumjejunia,</span> <span class='ocrx_word' id='word_1_208' title='bbox 1455 2647 1688 2719; x_wconf 88' lang='lat' dir='ltr'>nuptias</span> <span class='ocrx_word' id='word_1_209' title='bbox 1715 2647 1984 2703; x_wconf 89' lang='lat' dir='ltr'>sacerdo-</span> 
     </span>
    </p>
   </div>
   <div class='ocr_carea' id='block_1_30' title="bbox 338 2735 1981 2811">
    <p class='ocr_par' dir='ltr' id='par_1_30' title="bbox 338 2735 1981 2811">
     <span class='ocr_line' id='line_1_30' title="bbox 338 2735 1981 2811; baseline -0.004 -13"><span class='ocrx_word' id='word_1_210' title='bbox 338 2744 466 2798; x_wconf 86' lang='lat' dir='ltr'>tum</span> <span class='ocrx_word' id='word_1_211' title='bbox 497 2744 553 2797; x_wconf 91' lang='lat' dir='ltr'>et</span> <span class='ocrx_word' id='word_1_212' title='bbox 573 2739 632 2796; x_wconf 91' lang='lat' dir='ltr'>in</span> <span class='ocrx_word' id='word_1_213' title='bbox 649 2738 893 2811; x_wconf 85' lang='lat' dir='ltr'>jejuniis</span> <span class='ocrx_word' id='word_1_214' title='bbox 911 2737 1230 2794; x_wconf 83' lang='lat' dir='ltr'>oblationes</span> <span class='ocrx_word' id='word_1_215' title='bbox 1254 2735 1575 2808; x_wconf 81' lang='lat' dir='ltr'>accipiatis,</span> <span class='ocrx_word' id='word_1_216' title='bbox 1597 2738 1698 2792; x_wconf 89' lang='lat' dir='ltr'>sed</span> <span class='ocrx_word' id='word_1_217' title='bbox 1730 2736 1981 2793; x_wconf 83' lang='lat' dir='ltr'>scientes</span> 
     </span>
    </p>
   </div>
   <div class='ocr_carea' id='block_1_31' title="bbox 2090 509 3754 583">
    <p class='ocr_par' dir='ltr' id='par_1_31' title="bbox 2090 509 3754 583">
     <span class='ocr_line' id='line_1_31' title="bbox 2090 509 3754 583; baseline 0.002 -19"><span class='ocrx_word' id='word_1_218' title='bbox 2090 513 2214 564; x_wconf 89' lang='lat' dir='ltr'>rata</span> <span class='ocrx_word' id='word_1_219' title='bbox 2235 511 2538 581; x_wconf 87' lang='lat' dir='ltr'>Scriptura</span> <span class='ocrx_word' id='word_1_220' title='bbox 2560 528 2572 574; x_wconf 88' lang='lat'>;</span> <span class='ocrx_word' id='word_1_221' title='bbox 2607 510 2787 582; x_wconf 85' lang='lat' dir='ltr'>fugite</span> <span class='ocrx_word' id='word_1_222' title='bbox 2809 527 2936 583; x_wconf 67' lang='lat' dir='ltr'>qua:</span> <span class='ocrx_word' id='word_1_223' title='bbox 2957 509 3298 582; x_wconf 88' lang='lat' dir='ltr'>hujusmodi</span> <span class='ocrx_word' id='word_1_224' title='bbox 3329 515 3469 566; x_wconf 88' lang='lat' dir='ltr'>sunt</span> <span class='ocrx_word' id='word_1_225' title='bbox 3490 511 3754 580; x_wconf 80' lang='lat' dir='ltr'>actitare,</span> 
     </span>
    </p>
   </div>
   <div class='ocr_carea' id='block_1_32' title="bbox 2095 597 3759 673">
    <p class='ocr_par' dir='ltr' id='par_1_32' title="bbox 2095 597 3759 673">
     <span class='ocr_line' id='line_1_32' title="bbox 2095 597 3759 673; baseline 0.002 -19"><span class='ocrx_word' id='word_1_226' title='bbox 2095 615 2228 654; x_wconf 88' lang='lat' dir='ltr'>cum</span> <span class='ocrx_word' id='word_1_227' title='bbox 2260 599 2391 654; x_wconf 90' lang='lat' dir='ltr'>sitis</span> <span class='ocrx_word' id='word_1_228' title='bbox 2424 597 2679 654; x_wconf 89' lang='lat' dir='ltr'>Ecclesia</span> <span class='ocrx_word' id='word_1_229' title='bbox 2708 600 2808 655; x_wconf 92' lang='lat' dir='ltr'>Dei</span> <span class='ocrx_word' id='word_1_230' title='bbox 2829 606 2887 656; x_wconf 87' lang='lat' dir='ltr'>et</span> <span class='ocrx_word' id='word_1_231' title='bbox 2902 601 3085 656; x_wconf 89' lang='lat' dir='ltr'>totius</span> <span class='ocrx_word' id='word_1_232' title='bbox 3114 600 3273 656; x_wconf 87' lang='lat' dir='ltr'>orbis</span> <span class='ocrx_word' id='word_1_233' title='bbox 3302 616 3537 671; x_wconf 88' lang='lat' dir='ltr'>semper</span> <span class='ocrx_word' id='word_1_234' title='bbox 3565 601 3759 673; x_wconf 81' lang='lat' dir='ltr'>splen-</span> 
     </span>
    </p>
   </div>
   <div class='ocr_carea' id='block_1_33' title="bbox 2088 686 3752 753">
    <p class='ocr_par' dir='ltr' id='par_1_33' title="bbox 2088 686 3752 753">
     <span class='ocr_line' id='line_1_33' title="bbox 2088 686 3752 753; baseline 0.003 -12"><span class='ocrx_word' id='word_1_235' title='bbox 2088 686 2262 742; x_wconf 92' lang='lat' dir='ltr'>didus</span> <span class='ocrx_word' id='word_1_236' title='bbox 2295 688 2522 753; x_wconf 82' lang='lat' dir='ltr'>oculus,</span> <span class='ocrx_word' id='word_1_237' title='bbox 2557 693 2621 743; x_wconf 94' lang='lat' dir='ltr'>ut</span> <span class='ocrx_word' id='word_1_238' title='bbox 2653 688 2802 744; x_wconf 90' lang='lat' dir='ltr'>uniti</span> <span class='ocrx_word' id='word_1_239' title='bbox 2837 689 3006 745; x_wconf 90' lang='lat' dir='ltr'>nobis</span> <span class='ocrx_word' id='word_1_240' title='bbox 3051 689 3265 744; x_wconf 86' lang='lat' dir='ltr'>vestris</span> <span class='ocrx_word' id='word_1_241' title='bbox 3305 689 3708 746; x_wconf 81' lang='lat' dir='ltr'>confratribus</span> <span class='ocrx_word' id='word_1_242' title='bbox 3737 708 3752 746; x_wconf 92' lang='lat'><strong>:</strong></span> 
     </span>
    </p>
   </div>
   <div class='ocr_carea' id='block_1_34' title="bbox 2090 777 3760 852">
    <p class='ocr_par' dir='ltr' id='par_1_34' title="bbox 2090 777 3760 852">
     <span class='ocr_line' id='line_1_34' title="bbox 2090 777 3760 852; baseline 0.001 -20"><span class='ocrx_word' id='word_1_243' title='bbox 2090 793 2237 848; x_wconf 90' lang='lat' dir='ltr'>quos</span> <span class='ocrx_word' id='word_1_244' title='bbox 2270 793 2372 849; x_wconf 90' lang='lat' dir='ltr'>per</span> <span class='ocrx_word' id='word_1_245' title='bbox 2393 779 2520 848; x_wconf 86' lang='lat' dir='ltr'>jam</span> <span class='ocrx_word' id='word_1_246' title='bbox 2553 777 2706 833; x_wconf 87' lang='lat' dir='ltr'>dicta</span> <span class='ocrx_word' id='word_1_247' title='bbox 2723 779 3002 846; x_wconf 89' lang='lat' dir='ltr'>scidistis,</span> <span class='ocrx_word' id='word_1_248' title='bbox 3036 795 3172 834; x_wconf 91' lang='lat' dir='ltr'>cum</span> <span class='ocrx_word' id='word_1_249' title='bbox 3192 778 3323 834; x_wconf 85' lang='lat' dir='ltr'>sitis</span> <span class='ocrx_word' id='word_1_250' title='bbox 3347 795 3564 852; x_wconf 90' lang='lat' dir='ltr'>corpus</span> <span class='ocrx_word' id='word_1_251' title='bbox 3595 779 3760 835; x_wconf 83' lang='lat' dir='ltr'>Chri-</span> 
     </span>
    </p>
   </div>
   <div class='ocr_carea' id='block_1_35' title="bbox 2093 865 3762 939">
    <p class='ocr_par' dir='ltr' id='par_1_35' title="bbox 2093 865 3762 939">
     <span class='ocr_line' id='line_1_35' title="bbox 2093 865 3762 939; baseline 0.002 -18"><span class='ocrx_word' id='word_1_252' title='bbox 2093 869 2199 932; x_wconf 85' lang='lat' dir='ltr'>sti;</span> <span class='ocrx_word' id='word_1_253' title='bbox 2252 866 2500 921; x_wconf 87' lang='lat' dir='ltr'>revelata</span> <span class='ocrx_word' id='word_1_254' title='bbox 2546 868 2689 921; x_wconf 88' lang='lat' dir='ltr'>facie</span> <span class='ocrx_word' id='word_1_255' title='bbox 2721 865 2968 939; x_wconf 81' lang='lat' dir='ltr'>gloriam</span> <span class='ocrx_word' id='word_1_256' title='bbox 3020 867 3250 923; x_wconf 87' lang='lat' dir='ltr'>Domini</span> <span class='ocrx_word' id='word_1_257' title='bbox 3293 868 3353 922; x_wconf 88' lang='lat' dir='ltr'>in</span> <span class='ocrx_word' id='word_1_258' title='bbox 3385 872 3673 923; x_wconf 87' lang='lat' dir='ltr'>concentu</span> <span class='ocrx_word' id='word_1_259' title='bbox 3704 873 3762 925; x_wconf 89' lang='lat' dir='ltr'>et</span> 
     </span>
    </p>
   </div>
   <div class='ocr_carea' id='block_1_36' title="bbox 2091 955 3759 1028">
    <p class='ocr_par' dir='ltr' id='par_1_36' title="bbox 2091 955 3759 1028">
     <span class='ocr_line' id='line_1_36' title="bbox 2091 955 3759 1028; baseline 0.002 -18"><span class='ocrx_word' id='word_1_260' title='bbox 2091 956 2315 1010; x_wconf 89' lang='lat' dir='ltr'>unitate</span> <span class='ocrx_word' id='word_1_261' title='bbox 2347 972 2480 1010; x_wconf 90' lang='lat' dir='ltr'>cum</span> <span class='ocrx_word' id='word_1_262' title='bbox 2511 955 2831 1011; x_wconf 88' lang='lat' dir='ltr'>orthodoxa</span> <span class='ocrx_word' id='word_1_263' title='bbox 2851 958 2963 1012; x_wconf 83' lang='lat' dir='ltr'>fide</span> <span class='ocrx_word' id='word_1_264' title='bbox 2980 957 3490 1028; x_wconf 88' lang='lat' dir='ltr'>conspeculemur,</span> <span class='ocrx_word' id='word_1_265' title='bbox 3516 960 3573 1013; x_wconf 91' lang='lat' dir='ltr'>et</span> <span class='ocrx_word' id='word_1_266' title='bbox 3603 957 3759 1014; x_wconf 86' lang='lat' dir='ltr'>ima-</span> 
     </span>
    </p>
   </div>
   <div class='ocr_carea' id='block_1_37' title="bbox 2090 1046 3757 1118">
    <p class='ocr_par' dir='ltr' id='par_1_37' title="bbox 2090 1046 3757 1118">
     <span class='ocr_line' id='line_1_37' title="bbox 2090 1046 3757 1118; baseline 0.002 -19"><span class='ocrx_word' id='word_1_267' title='bbox 2090 1046 2285 1118; x_wconf 85' lang='lat' dir='ltr'>ginem</span> <span class='ocrx_word' id='word_1_268' title='bbox 2316 1046 2444 1116; x_wconf 87' lang='lat' dir='ltr'>ejus</span> <span class='ocrx_word' id='word_1_269' title='bbox 2476 1047 2965 1102; x_wconf 85' lang='lat' dir='ltr'>transformemus</span> <span class='ocrx_word' id='word_1_270' title='bbox 2996 1047 3054 1102; x_wconf 88' lang='lat' dir='ltr'>in</span> <span class='ocrx_word' id='word_1_271' title='bbox 3087 1047 3283 1112; x_wconf 88' lang='lat' dir='ltr'>nobis,</span> <span class='ocrx_word' id='word_1_272' title='bbox 3318 1047 3450 1101; x_wconf 89' lang='lat' dir='ltr'>viva</span> <span class='ocrx_word' id='word_1_273' title='bbox 3481 1048 3757 1104; x_wconf 85' lang='lat' dir='ltr'>demons-</span> 
     </span>
    </p>
   </div>
   <div class='ocr_carea' id='block_1_38' title="bbox 2093 1133 3758 1207">
    <p class='ocr_par' dir='ltr' id='par_1_38' title="bbox 2093 1133 3758 1207">
     <span class='ocr_line' id='line_1_38' title="bbox 2093 1133 3758 1207; baseline 0.002 -19"><span class='ocrx_word' id='word_1_274' title='bbox 2093 1133 2362 1198; x_wconf 91' lang='lat' dir='ltr'>tratione,</span> <span class='ocrx_word' id='word_1_275' title='bbox 2394 1138 2449 1188; x_wconf 90' lang='lat' dir='ltr'>et</span> <span class='ocrx_word' id='word_1_276' title='bbox 2481 1133 2668 1204; x_wconf 85' lang='lat' dir='ltr'>ipsius</span> <span class='ocrx_word' id='word_1_277' title='bbox 2696 1135 2765 1189; x_wconf 89' lang='lat' dir='ltr'>ad</span> <span class='ocrx_word' id='word_1_278' title='bbox 2799 1134 3047 1205; x_wconf 87' lang='lat' dir='ltr'>gloriam</span> <span class='ocrx_word' id='word_1_279' title='bbox 3071 1136 3516 1207; x_wconf 87' lang='lat' dir='ltr'>sempiternam,</span> <span class='ocrx_word' id='word_1_280' title='bbox 3539 1136 3695 1190; x_wconf 87' lang='lat' dir='ltr'>sicut</span> <span class='ocrx_word' id='word_1_281' title='bbox 3724 1153 3758 1191; x_wconf 89' lang='lat' dir='ltr'>a</span> 
     </span>
    </p>
   </div>
   <div class='ocr_carea' id='block_1_39' title="bbox 2092 1222 3758 1296">
    <p class='ocr_par' dir='ltr' id='par_1_39' title="bbox 2092 1222 3758 1296">
     <span class='ocr_line' id='line_1_39' title="bbox 2092 1222 3758 1296; baseline 0.002 -19"><span class='ocrx_word' id='word_1_282' title='bbox 2092 1222 2321 1277; x_wconf 93' lang='lat' dir='ltr'>Domini</span> <span class='ocrx_word' id='word_1_283' title='bbox 2356 1222 2588 1293; x_wconf 87' lang='lat' dir='ltr'>spiritu,</span> <span class='ocrx_word' id='word_1_284' title='bbox 2614 1223 2893 1295; x_wconf 91' lang='lat' dir='ltr'>quoniam</span> <span class='ocrx_word' id='word_1_285' title='bbox 2925 1224 3048 1295; x_wconf 89' lang='lat' dir='ltr'>ipse</span> <span class='ocrx_word' id='word_1_286' title='bbox 3080 1228 3169 1279; x_wconf 91' lang='lat' dir='ltr'>est</span> <span class='ocrx_word' id='word_1_287' title='bbox 3199 1228 3377 1296; x_wconf 89' lang='lat' dir='ltr'>caput</span> <span class='ocrx_word' id='word_1_288' title='bbox 3408 1228 3620 1280; x_wconf 72' lang='lat' dir='ltr'>nostra:</span> <span class='ocrx_word' id='word_1_289' title='bbox 3653 1225 3758 1280; x_wconf 86' lang='lat' dir='ltr'>Ec-</span> 
     </span>
    </p>
   </div>
   <div class='ocr_carea' id='block_1_40' title="bbox 2091 1312 3752 1385">
    <p class='ocr_par' dir='ltr' id='par_1_40' title="bbox 2091 1312 3752 1385">
     <span class='ocr_line' id='line_1_40' title="bbox 2091 1312 3752 1385; baseline 0.002 -17"><span class='ocrx_word' id='word_1_290' title='bbox 2091 1313 2282 1368; x_wconf 70' lang='lat' dir='ltr'>clesiae</span> <span class='ocrx_word' id='word_1_291' title='bbox 2313 1313 2574 1382; x_wconf 90' lang='lat' dir='ltr'>corporis</span> <span class='ocrx_word' id='word_1_292' title='bbox 2600 1331 2612 1378; x_wconf 88' lang='lat'>;</span> <span class='ocrx_word' id='word_1_293' title='bbox 2644 1317 2701 1367; x_wconf 83' lang='lat' dir='ltr'>et</span> <span class='ocrx_word' id='word_1_294' title='bbox 2723 1313 2780 1366; x_wconf 92' lang='lat' dir='ltr'>in</span> <span class='ocrx_word' id='word_1_295' title='bbox 2811 1328 2877 1368; x_wconf 88' lang='lat' dir='ltr'>eo</span> <span class='ocrx_word' id='word_1_296' title='bbox 2911 1312 3061 1368; x_wconf 89' lang='lat' dir='ltr'>sicut</span> <span class='ocrx_word' id='word_1_297' title='bbox 3089 1313 3145 1367; x_wconf 91' lang='lat' dir='ltr'>in</span> <span class='ocrx_word' id='word_1_298' title='bbox 3181 1330 3298 1368; x_wconf 91' lang='lat' dir='ltr'>uno</span> <span class='ocrx_word' id='word_1_299' title='bbox 3329 1329 3592 1385; x_wconf 87' lang='lat' dir='ltr'>corpore,</span> <span class='ocrx_word' id='word_1_300' title='bbox 3625 1330 3752 1371; x_wconf 89' lang='lat' dir='ltr'>om-</span> 
     </span>
    </p>
   </div>
   <div class='ocr_carea' id='block_1_41' title="bbox 2093 1401 2805 1471">
    <p class='ocr_par' dir='ltr' id='par_1_41' title="bbox 2093 1401 2805 1471">
     <span class='ocr_line' id='line_1_41' title="bbox 2093 1401 2805 1471; baseline -0.003 -16"><span class='ocrx_word' id='word_1_301' title='bbox 2093 1417 2195 1455; x_wconf 93' lang='lat' dir='ltr'>nes</span> <span class='ocrx_word' id='word_1_302' title='bbox 2227 1417 2333 1455; x_wconf 89' lang='lat' dir='ltr'>nos</span> <span class='ocrx_word' id='word_1_303' title='bbox 2365 1401 2805 1471; x_wconf 87' lang='lat' dir='ltr'>conjungimur.</span> 
     </span>
    </p>
   </div>
   <div class='ocr_carea' id='block_1_42' title="bbox 2165 1488 3747 1562">
    <p class='ocr_par' dir='ltr' id='par_1_42' title="bbox 2165 1488 3747 1562">
     <span class='ocr_line' id='line_1_42' title="bbox 2165 1488 3747 1562; baseline 0.004 -20"><span class='ocrx_word' id='word_1_304' title='bbox 2165 1489 2307 1543; x_wconf 75' lang='grc' dir='ltr'>ΧΙΧ.</span> <span class='ocrx_word' id='word_1_305' title='bbox 2343 1489 2470 1543; x_wconf 79' lang='lat' dir='ltr'>Haec</span> <span class='ocrx_word' id='word_1_306' title='bbox 2499 1489 2662 1544; x_wconf 88' lang='lat' dir='ltr'>vobis</span> <span class='ocrx_word' id='word_1_307' title='bbox 2695 1488 2996 1545; x_wconf 79' lang='lat' dir='ltr'>Romanis.</span> <span class='ocrx_word' id='word_1_308' title='bbox 3034 1489 3092 1544; x_wconf 88' lang='lat' dir='ltr'>Si</span> <span class='ocrx_word' id='word_1_309' title='bbox 3126 1504 3263 1561; x_wconf 88' lang='lat' dir='ltr'>ergo</span> <span class='ocrx_word' id='word_1_310' title='bbox 3297 1490 3589 1562; x_wconf 87' lang='lat' dir='ltr'>possimus</span> <span class='ocrx_word' id='word_1_311' title='bbox 3619 1508 3747 1558; x_wconf 85' lang='lat' dir='ltr'>vos,</span> 
     </span>
    </p>
   </div>
   <div class='ocr_carea' id='block_1_43' title="bbox 2093 1577 3751 1644">
    <p class='ocr_par' dir='ltr' id='par_1_43' title="bbox 2093 1577 3751 1644">
     <span class='ocr_line' id='line_1_43' title="bbox 2093 1577 3751 1644; baseline 0.001 -12"><span class='ocrx_word' id='word_1_312' title='bbox 2093 1594 2228 1632; x_wconf 90' lang='lat' dir='ltr'>cum</span> <span class='ocrx_word' id='word_1_313' title='bbox 2260 1578 2389 1633; x_wconf 90' lang='lat' dir='ltr'>sitis</span> <span class='ocrx_word' id='word_1_314' title='bbox 2407 1577 2698 1644; x_wconf 91' lang='lat' dir='ltr'>homines,</span> <span class='ocrx_word' id='word_1_315' title='bbox 2722 1579 2793 1632; x_wconf 90' lang='lat' dir='ltr'>ad</span> <span class='ocrx_word' id='word_1_316' title='bbox 2818 1578 3223 1634; x_wconf 89' lang='lat' dir='ltr'>credulitatem</span> <span class='ocrx_word' id='word_1_317' title='bbox 3248 1579 3547 1635; x_wconf 87' lang='lat' dir='ltr'>nobiscum</span> <span class='ocrx_word' id='word_1_318' title='bbox 3563 1580 3751 1635; x_wconf 87' lang='lat' dir='ltr'>redu-</span> 
     </span>
    </p>
   </div>
   <div class='ocr_carea' id='block_1_44' title="bbox 2093 1666 3751 1738">
    <p class='ocr_par' dir='ltr' id='par_1_44' title="bbox 2093 1666 3751 1738">
     <span class='ocr_line' id='line_1_44' title="bbox 2093 1666 3751 1738; baseline 0 -16"><span class='ocrx_word' id='word_1_319' title='bbox 2093 1683 2220 1722; x_wconf 82' lang='lat' dir='ltr'>cere</span> <span class='ocrx_word' id='word_1_320' title='bbox 2252 1683 2354 1738; x_wconf 89' lang='lat' dir='ltr'>per</span> <span class='ocrx_word' id='word_1_321' title='bbox 2381 1683 2448 1722; x_wconf 87' lang='lat' dir='ltr'>ea</span> <span class='ocrx_word' id='word_1_322' title='bbox 2470 1683 2597 1738; x_wconf 68' lang='lat' dir='ltr'>quae</span> <span class='ocrx_word' id='word_1_323' title='bbox 2623 1667 2904 1735; x_wconf 77' lang='lat' dir='ltr'>diximus,</span> <span class='ocrx_word' id='word_1_324' title='bbox 2937 1674 2993 1723; x_wconf 91' lang='lat' dir='ltr'>et</span> <span class='ocrx_word' id='word_1_325' title='bbox 3025 1669 3284 1724; x_wconf 90' lang='lat' dir='ltr'>docendo</span> <span class='ocrx_word' id='word_1_326' title='bbox 3315 1684 3424 1724; x_wconf 83' lang='lat' dir='ltr'>vox</span> <span class='ocrx_word' id='word_1_327' title='bbox 3451 1685 3520 1724; x_wconf 82' lang='lat' dir='ltr'>ex</span> <span class='ocrx_word' id='word_1_328' title='bbox 3549 1666 3751 1723; x_wconf 80' lang='lat' dir='ltr'>divina</span> 
     </span>
    </p>
   </div>
   <div class='ocr_carea' id='block_1_45' title="bbox 2095 1755 3754 1830">
    <p class='ocr_par' dir='ltr' id='par_1_45' title="bbox 2095 1755 3754 1830">
     <span class='ocr_line' id='line_1_45' title="bbox 2095 1755 3754 1830; baseline 0.001 -19"><span class='ocrx_word' id='word_1_329' title='bbox 2095 1756 2396 1828; x_wconf 87' lang='lat' dir='ltr'>Scriptura</span> <span class='ocrx_word' id='word_1_330' title='bbox 2427 1757 2761 1828; x_wconf 90' lang='lat' dir='ltr'>arguimus;</span> <span class='ocrx_word' id='word_1_331' title='bbox 2785 1759 2978 1830; x_wconf 90' lang='lat' dir='ltr'>gratia</span> <span class='ocrx_word' id='word_1_332' title='bbox 2999 1757 3121 1825; x_wconf 88' lang='lat' dir='ltr'>Dei,</span> <span class='ocrx_word' id='word_1_333' title='bbox 3152 1762 3208 1813; x_wconf 89' lang='lat' dir='ltr'>et</span> <span class='ocrx_word' id='word_1_334' title='bbox 3233 1758 3397 1813; x_wconf 84' lang='lat' dir='ltr'>vobis</span> <span class='ocrx_word' id='word_1_335' title='bbox 3427 1755 3754 1812; x_wconf 80' lang='lat' dir='ltr'>scientibus</span> 
     </span>
    </p>
   </div>
   <div class='ocr_carea' id='block_1_46' title="bbox 2094 1845 3758 1918">
    <p class='ocr_par' dir='ltr' id='par_1_46' title="bbox 2094 1845 3758 1918">
     <span class='ocr_line' id='line_1_46' title="bbox 2094 1845 3758 1918; baseline -0.001 -17"><span class='ocrx_word' id='word_1_336' title='bbox 2094 1846 2240 1902; x_wconf 85' lang='lat' dir='ltr'>bene</span> <span class='ocrx_word' id='word_1_337' title='bbox 2270 1845 2512 1916; x_wconf 86' lang='lat' dir='ltr'>Spiritui</span> <span class='ocrx_word' id='word_1_338' title='bbox 2539 1851 2742 1902; x_wconf 89' lang='lat' dir='ltr'>sancto</span> <span class='ocrx_word' id='word_1_339' title='bbox 2775 1847 3031 1913; x_wconf 88' lang='lat' dir='ltr'>credere,</span> <span class='ocrx_word' id='word_1_340' title='bbox 3065 1850 3121 1901; x_wconf 91' lang='lat' dir='ltr'>et</span> <span class='ocrx_word' id='word_1_341' title='bbox 3151 1846 3425 1918; x_wconf 86' lang='lat' dir='ltr'>prosequi</span> <span class='ocrx_word' id='word_1_342' title='bbox 3458 1845 3758 1902; x_wconf 86' lang='lat' dir='ltr'>rationem</span> 
     </span>
    </p>
   </div>
   <div class='ocr_carea' id='block_1_47' title="bbox 2088 1933 3762 2008">
    <p class='ocr_par' dir='ltr' id='par_1_47' title="bbox 2088 1933 3762 2008">
     <span class='ocr_line' id='line_1_47' title="bbox 2088 1933 3762 2008; baseline 0.001 -20"><span class='ocrx_word' id='word_1_343' title='bbox 2088 1935 2214 2005; x_wconf 88' lang='lat' dir='ltr'>jam</span> <span class='ocrx_word' id='word_1_344' title='bbox 2244 1935 2461 1989; x_wconf 89' lang='lat' dir='ltr'>dictam</span> <span class='ocrx_word' id='word_1_345' title='bbox 2483 1951 2550 1989; x_wconf 81' lang='lat' dir='ltr'>ex</span> <span class='ocrx_word' id='word_1_346' title='bbox 2570 1935 2910 2008; x_wconf 88' lang='lat' dir='ltr'>Scripturis.</span> <span class='ocrx_word' id='word_1_347' title='bbox 2933 1935 2992 1990; x_wconf 90' lang='lat' dir='ltr'>Si</span> <span class='ocrx_word' id='word_1_348' title='bbox 3015 1951 3148 1989; x_wconf 88' lang='lat' dir='ltr'>vero</span> <span class='ocrx_word' id='word_1_349' title='bbox 3171 1934 3341 1990; x_wconf 90' lang='lat' dir='ltr'>aliter</span> <span class='ocrx_word' id='word_1_350' title='bbox 3360 1933 3592 2002; x_wconf 87' lang='lat' dir='ltr'>tenetis,</span> <span class='ocrx_word' id='word_1_351' title='bbox 3617 1935 3762 1990; x_wconf 80' lang='lat' dir='ltr'>date</span> 
     </span>
    </p>
   </div>
   <div class='ocr_carea' id='block_1_48' title="bbox 2097 2022 3760 2094">
    <p class='ocr_par' dir='ltr' id='par_1_48' title="bbox 2097 2022 3760 2094">
     <span class='ocr_line' id='line_1_48' title="bbox 2097 2022 3760 2094; baseline -0.001 -16"><span class='ocrx_word' id='word_1_352' title='bbox 2097 2023 2263 2079; x_wconf 90' lang='lat' dir='ltr'>nobis</span> <span class='ocrx_word' id='word_1_353' title='bbox 2293 2023 2630 2079; x_wconf 88' lang='lat' dir='ltr'>testimonia</span> <span class='ocrx_word' id='word_1_354' title='bbox 2657 2041 2724 2079; x_wconf 82' lang='lat' dir='ltr'>ex</span> <span class='ocrx_word' id='word_1_355' title='bbox 2757 2024 2954 2078; x_wconf 91' lang='lat' dir='ltr'>divina</span> <span class='ocrx_word' id='word_1_356' title='bbox 2984 2022 3281 2094; x_wconf 90' lang='lat' dir='ltr'>Scriptura</span> <span class='ocrx_word' id='word_1_357' title='bbox 3312 2022 3705 2077; x_wconf 86' lang='lat' dir='ltr'>consistentia</span> <span class='ocrx_word' id='word_1_358' title='bbox 3741 2039 3760 2077; x_wconf 89' lang='lat'>:</span> 
     </span>
    </p>
   </div>
   <div class='ocr_carea' id='block_1_49' title="bbox 2095 2109 3762 2184">
    <p class='ocr_par' dir='ltr' id='par_1_49' title="bbox 2095 2109 3762 2184">
     <span class='ocr_line' id='line_1_49' title="bbox 2095 2109 3762 2184; baseline -0.001 -16"><span class='ocrx_word' id='word_1_359' title='bbox 2095 2114 2151 2169; x_wconf 92' lang='lat' dir='ltr'>in</span> <span class='ocrx_word' id='word_1_360' title='bbox 2187 2114 2403 2184; x_wconf 89' lang='lat' dir='ltr'>quibus</span> <span class='ocrx_word' id='word_1_361' title='bbox 2432 2113 2558 2167; x_wconf 92' lang='lat' dir='ltr'>volo</span> <span class='ocrx_word' id='word_1_362' title='bbox 2588 2112 2896 2168; x_wconf 89' lang='lat' dir='ltr'>benevolos</span> <span class='ocrx_word' id='word_1_363' title='bbox 2929 2128 3031 2166; x_wconf 88' lang='lat' dir='ltr'>vos</span> <span class='ocrx_word' id='word_1_364' title='bbox 3062 2127 3214 2178; x_wconf 90' lang='lat' dir='ltr'>esse,</span> <span class='ocrx_word' id='word_1_365' title='bbox 3256 2114 3320 2165; x_wconf 89' lang='lat' dir='ltr'>ut</span> <span class='ocrx_word' id='word_1_366' title='bbox 3367 2127 3546 2182; x_wconf 87' lang='lat' dir='ltr'>super</span> <span class='ocrx_word' id='word_1_367' title='bbox 3576 2109 3762 2167; x_wconf 81' lang='lat' dir='ltr'>sedes</span> 
     </span>
    </p>
   </div>
   <div class='ocr_carea' id='block_1_50' title="bbox 2094 2198 3756 2274">
    <p class='ocr_par' dir='ltr' id='par_1_50' title="bbox 2094 2198 3756 2274">
     <span class='ocr_line' id='line_1_50' title="bbox 2094 2198 3756 2274; baseline -0.001 -18"><span class='ocrx_word' id='word_1_368' title='bbox 2094 2201 2489 2274; x_wconf 69' lang='lat' dir='ltr'>intelligentia:</span> <span class='ocrx_word' id='word_1_369' title='bbox 2542 2199 2942 2272; x_wconf 89' lang='lat' dir='ltr'>requiescatis,</span> <span class='ocrx_word' id='word_1_370' title='bbox 2976 2204 3033 2255; x_wconf 89' lang='lat' dir='ltr'>et</span> <span class='ocrx_word' id='word_1_371' title='bbox 3065 2216 3192 2267; x_wconf 89' lang='lat' dir='ltr'>nos,</span> <span class='ocrx_word' id='word_1_372' title='bbox 3226 2199 3482 2272; x_wconf 87' lang='lat' dir='ltr'>scientes</span> <span class='ocrx_word' id='word_1_373' title='bbox 3513 2198 3756 2255; x_wconf 87' lang='lat' dir='ltr'>obedire</span> 
     </span>
    </p>
   </div>
   <div class='ocr_carea' id='block_1_51' title="bbox 2095 2287 3752 2361">
    <p class='ocr_par' dir='ltr' id='par_1_51' title="bbox 2095 2287 3752 2361">
     <span class='ocr_line' id='line_1_51' title="bbox 2095 2287 3752 2361; baseline -0.002 -15"><span class='ocrx_word' id='word_1_374' title='bbox 2095 2289 2469 2347; x_wconf 85' lang='lat' dir='ltr'>inenarrabili</span> <span class='ocrx_word' id='word_1_375' title='bbox 2500 2290 2706 2344; x_wconf 91' lang='lat' dir='ltr'>rationi</span> <span class='ocrx_word' id='word_1_376' title='bbox 2741 2289 3007 2361; x_wconf 85' lang='lat' dir='ltr'>spiritus,</span> <span class='ocrx_word' id='word_1_377' title='bbox 3041 2289 3249 2344; x_wconf 89' lang='lat' dir='ltr'>docere</span> <span class='ocrx_word' id='word_1_378' title='bbox 3275 2287 3474 2343; x_wconf 91' lang='lat' dir='ltr'>omnia</span> <span class='ocrx_word' id='word_1_379' title='bbox 3505 2303 3634 2358; x_wconf 73' lang='lat' dir='ltr'>qua:</span> <span class='ocrx_word' id='word_1_380' title='bbox 3675 2288 3752 2342; x_wconf 90' lang='lat' dir='ltr'>ad</span> 
     </span>
    </p>
   </div>
   <div class='ocr_carea' id='block_1_52' title="bbox 2093 2376 3756 2450">
    <p class='ocr_par' dir='ltr' id='par_1_52' title="bbox 2093 2376 3756 2450">
     <span class='ocr_line' id='line_1_52' title="bbox 2093 2376 3756 2450; baseline -0.001 -16"><span class='ocrx_word' id='word_1_381' title='bbox 2093 2398 2194 2436; x_wconf 89' lang='lat' dir='ltr'>vos</span> <span class='ocrx_word' id='word_1_382' title='bbox 2227 2378 2592 2450; x_wconf 90' lang='lat' dir='ltr'>scripsimus.</span> <span class='ocrx_word' id='word_1_383' title='bbox 2617 2377 2959 2434; x_wconf 89' lang='lat' dir='ltr'>Salutamus</span> <span class='ocrx_word' id='word_1_384' title='bbox 2989 2395 3092 2434; x_wconf 91' lang='lat' dir='ltr'>vos</span> <span class='ocrx_word' id='word_1_385' title='bbox 3124 2378 3182 2432; x_wconf 91' lang='lat' dir='ltr'>in</span> <span class='ocrx_word' id='word_1_386' title='bbox 3215 2376 3444 2432; x_wconf 88' lang='lat' dir='ltr'>Christo</span> <span class='ocrx_word' id='word_1_387' title='bbox 3463 2379 3604 2432; x_wconf 90' lang='lat' dir='ltr'>Jesu</span> <span class='ocrx_word' id='word_1_388' title='bbox 3640 2377 3756 2432; x_wconf 87' lang='lat' dir='ltr'>Do-</span> 
     </span>
    </p>
   </div>
   <div class='ocr_carea' id='block_1_53' title="bbox 2095 2465 3746 2540">
    <p class='ocr_par' dir='ltr' id='par_1_53' title="bbox 2095 2465 3746 2540">
     <span class='ocr_line' id='line_1_53' title="bbox 2095 2465 3746 2540; baseline -0.002 -16"><span class='ocrx_word' id='word_1_389' title='bbox 2095 2469 2253 2525; x_wconf 92' lang='lat' dir='ltr'>mino</span> <span class='ocrx_word' id='word_1_390' title='bbox 2285 2472 2503 2538; x_wconf 89' lang='lat' dir='ltr'>nostro,</span> <span class='ocrx_word' id='word_1_391' title='bbox 2537 2467 2629 2522; x_wconf 93' lang='lat' dir='ltr'>cui</span> <span class='ocrx_word' id='word_1_392' title='bbox 2660 2470 2750 2523; x_wconf 91' lang='lat' dir='ltr'>est</span> <span class='ocrx_word' id='word_1_393' title='bbox 2770 2467 2957 2540; x_wconf 90' lang='lat' dir='ltr'>gloria</span> <span class='ocrx_word' id='word_1_394' title='bbox 2987 2472 3044 2523; x_wconf 84' lang='lat' dir='ltr'>et</span> <span class='ocrx_word' id='word_1_395' title='bbox 3073 2466 3352 2540; x_wconf 90' lang='lat' dir='ltr'>potentia,</span> <span class='ocrx_word' id='word_1_396' title='bbox 3385 2481 3521 2521; x_wconf 91' lang='lat' dir='ltr'>cum</span> <span class='ocrx_word' id='word_1_397' title='bbox 3553 2465 3746 2521; x_wconf 88' lang='lat' dir='ltr'>Patre.</span> 
     </span>
    </p>
   </div>
   <div class='ocr_carea' id='block_1_54' title="bbox 2093 2554 3749 2628">
    <p class='ocr_par' dir='ltr' id='par_1_54' title="bbox 2093 2554 3749 2628">
     <span class='ocr_line' id='line_1_54' title="bbox 2093 2554 3749 2628; baseline -0.001 -17"><span class='ocrx_word' id='word_1_398' title='bbox 2093 2561 2149 2612; x_wconf 87' lang='lat' dir='ltr'>et</span> <span class='ocrx_word' id='word_1_399' title='bbox 2172 2556 2391 2628; x_wconf 83' lang='lat' dir='ltr'>Spiritu</span> <span class='ocrx_word' id='word_1_400' title='bbox 2415 2560 2803 2623; x_wconf 89' lang='lat' dir='ltr'>sancto,nunc</span> <span class='ocrx_word' id='word_1_401' title='bbox 2826 2561 2881 2612; x_wconf 89' lang='lat' dir='ltr'>et</span> <span class='ocrx_word' id='word_1_402' title='bbox 2903 2560 3219 2627; x_wconf 86' lang='lat' dir='ltr'>semper,et</span> <span class='ocrx_word' id='word_1_403' title='bbox 3241 2554 3300 2610; x_wconf 90' lang='lat' dir='ltr'>in</span> <span class='ocrx_word' id='word_1_404' title='bbox 3324 2554 3538 2612; x_wconf 62' lang='lat' dir='ltr'>saecula</span> <span class='ocrx_word' id='word_1_405' title='bbox 3562 2571 3749 2612; x_wconf 72' lang='lat' dir='ltr'>saecu-</span> 
     </span>
    </p>
   </div>
   <div class='ocr_carea' id='block_1_55' title="bbox 2101 2645 2553 2700">
    <p class='ocr_par' dir='ltr' id='par_1_55' title="bbox 2101 2645 2553 2700">
     <span class='ocr_line' id='line_1_55' title="bbox 2101 2645 2553 2700; baseline 0 0"><span class='ocrx_word' id='word_1_406' title='bbox 2101 2645 2313 2700; x_wconf 90' lang='lat' dir='ltr'>lorum.</span> <span class='ocrx_word' id='word_1_407' title='bbox 2346 2646 2553 2700; x_wconf 88' lang='lat' dir='ltr'>Amen.</span> 
     </span>
    </p>
   </div>
   <div class='ocr_carea' id='block_1_56' title="bbox 745 2885 3323 2971">
    <p class='ocr_par' dir='ltr' id='par_1_56' title="bbox 745 2885 3323 2971">
     <span class='ocr_line' id='line_1_56' title="bbox 745 2885 3323 2971; baseline -0.002 -19"><span class='ocrx_word' id='word_1_408' title='bbox 745 2891 916 2952; x_wconf 87' lang='lat' dir='ltr'>Finis</span> <span class='ocrx_word' id='word_1_409' title='bbox 947 2889 1135 2951; x_wconf 82' lang='lat' dir='ltr'>libelli</span> <span class='ocrx_word' id='word_1_410' title='bbox 1159 2888 1404 2967; x_wconf 58' lang='lat' dir='ltr'>Nicetis,</span> <span class='ocrx_word' id='word_1_411' title='bbox 1432 2889 1775 2971; x_wconf 75' lang='lat' dir='ltr'>presbyteri</span> <span class='ocrx_word' id='word_1_412' title='bbox 1802 2898 1855 2950; x_wconf 81' lang='lat' dir='ltr'>et</span> <span class='ocrx_word' id='word_1_413' title='bbox 1887 2887 2164 2950; x_wconf 80' lang='lat' dir='ltr'>monachi</span> <span class='ocrx_word' id='word_1_414' title='bbox 2187 2887 2535 2949; x_wconf 77' lang='lat' dir='ltr'>monasterii</span> <span class='ocrx_word' id='word_1_415' title='bbox 2558 2885 2786 2962; x_wconf 85' lang='lat' dir='ltr'>Studii,</span> <span class='ocrx_word' id='word_1_416' title='bbox 2821 2896 3028 2949; x_wconf 84' lang='lat' dir='ltr'>contra</span> <span class='ocrx_word' id='word_1_417' title='bbox 3056 2887 3323 2949; x_wconf 83' lang='lat' dir='ltr'>Latinos.</span> 
     </span>
    </p>
   </div>
   <div class='ocr_carea' id='block_1_57' title="bbox 350 3067 2904 3100">
    <p class='ocr_par' dir='ltr' id='par_1_57' title="bbox 350 3067 2904 3100">
     <span class='ocr_line' id='line_1_57' title="bbox 350 3067 2904 3100; baseline -0.003 0"><span class='ocrx_word' id='word_1_418' title='bbox 350 3067 2904 3100; x_wconf 56' lang='grc' dir='ltr'>Μ</span> 
     </span>
    </p>
   </div>
   <div class='ocr_carea' id='block_1_58' title="bbox 2907 3067 3766 3096">
    <p class='ocr_par' dir='ltr' id='par_1_58' title="bbox 2907 3067 3766 3096">
     <span class='ocr_line' id='line_1_58' title="bbox 2907 3067 3766 3096; baseline 0.002 -2"><span class='ocrx_word' id='word_1_419' title='bbox 2907 3067 3766 3096; x_wconf 56' lang='grc' dir='ltr'>ΞΞ--σ-Ξ</span> 
     </span>
    </p>
   </div>
   <div class='ocr_carea' id='block_1_59' title="bbox 1906 3229 2196 3290">
    <p class='ocr_par' dir='ltr' id='par_1_59' title="bbox 1906 3229 2196 3290">
     <span class='ocr_line' id='line_1_59' title="bbox 1906 3229 2196 3290; baseline 0.003 -2"><span class='ocrx_word' id='word_1_420' title='bbox 1906 3229 2196 3290; x_wconf 88' lang='lat' dir='ltr'>INCIPIT</span> 
     </span>
    </p>
   </div>
   <div class='ocr_carea' id='block_1_60' title="bbox 890 3390 1664 3489">
    <p class='ocr_par' dir='ltr' id='par_1_60' title="bbox 890 3390 1664 3489">
     <span class='ocr_line' id='line_1_60' title="bbox 890 3390 1664 3489; baseline -0.01 0"><span class='ocrx_word' id='word_1_421' title='bbox 890 3390 1664 3489; x_wconf 86' lang='lat' dir='ltr'>RESPONSIO</span> 
     </span>
    </p>
   </div>
   <div class='ocr_carea' id='block_1_61' title="bbox 1765 3387 3206 3484">
    <p class='ocr_par' dir='ltr' id='par_1_61' title="bbox 1765 3387 3206 3484">
     <span class='ocr_line' id='line_1_61' title="bbox 1765 3387 3206 3484; baseline 0.001 -1"><span class='ocrx_word' id='word_1_422' title='bbox 1765 3387 2075 3483; x_wconf 89' lang='lat' dir='ltr'>SIVE</span> <span class='ocrx_word' id='word_1_423' title='bbox 2176 3387 3206 3484; x_wconf 84' lang='lat' dir='ltr'>CONTRADICTIO</span> 
     </span>
    </p>
   </div>
   <div class='ocr_carea' id='block_1_62' title="bbox 1602 3563 2502 3631">
    <p class='ocr_par' dir='ltr' id='par_1_62' title="bbox 1602 3563 2502 3631">
     <span class='ocr_line' id='line_1_62' title="bbox 1602 3563 2502 3631; baseline 0.001 -1"><span class='ocrx_word' id='word_1_424' title='bbox 1602 3571 1680 3630; x_wconf 89' lang='lat' dir='ltr'>IN</span> <span class='ocrx_word' id='word_1_425' title='bbox 1724 3563 2064 3630; x_wconf 85' lang='lat' dir='ltr'><strong>EUMDEM</strong></span> <span class='ocrx_word' id='word_1_426' title='bbox 2108 3569 2502 3631; x_wconf 86' lang='lat' dir='ltr'>LIBELLUM</span> 
     </span>
    </p>
   </div>
   <div class='ocr_carea' id='block_1_63' title="bbox 1075 3743 3026 3876">
    <p class='ocr_par' dir='ltr' id='par_1_63' title="bbox 1075 3743 3026 3876">
     <span class='ocr_line' id='line_1_63' title="bbox 1075 3743 3026 3876; baseline 0 -26"><span class='ocrx_word' id='word_1_427' title='bbox 1075 3751 1185 3850; x_wconf 73' lang='grc' dir='ltr'>Α</span> <span class='ocrx_word' id='word_1_428' title='bbox 1267 3745 1959 3850; x_wconf 68' lang='lat' dir='ltr'>rum-na</span> <span class='ocrx_word' id='word_1_429' title='bbox 2043 3743 3026 3876; x_wconf 64' lang='lat' dir='ltr'>Humanam-.0</span> 
     </span>
    </p>
   </div>
   <div class='ocr_carea' id='block_1_64' title="bbox 1547 3941 2540 4001">
    <p class='ocr_par' dir='ltr' id='par_1_64' title="bbox 1547 3941 2540 4001">
     <span class='ocr_line' id='line_1_64' title="bbox 1547 3941 2540 4001; baseline -0.003 -1"><span class='ocrx_word' id='word_1_430' title='bbox 1547 3941 1880 4001; x_wconf 84' lang='lat' dir='ltr'>EPISCOPO</span> <span class='ocrx_word' id='word_1_431' title='bbox 1921 3941 1985 3996; x_wconf 91' lang='lat' dir='ltr'>SI</span> <span class='ocrx_word' id='word_1_432' title='bbox 1994 3941 2152 3998; x_wconf 67' lang='lat' dir='ltr'>LVE</span> <span class='ocrx_word' id='word_1_433' title='bbox 2190 3942 2540 3999; x_wconf 71' lang='lat' dir='ltr'>CANDIDIE.</span> 
     </span>
    </p>
   </div>
   <div class='ocr_carea' id='block_1_65' title="bbox 419 4229 3761 4306">
    <p class='ocr_par' dir='ltr' id='par_1_65' title="bbox 419 4229 3761 4306">
     <span class='ocr_line' id='line_1_65' title="bbox 419 4229 3761 4306; baseline 0.002 -19"><span class='ocrx_word' id='word_1_434' title='bbox 419 4233 460 4288; x_wconf 93' lang='grc' dir='ltr'><strong>Ι.</strong></span> <span class='ocrx_word' id='word_1_435' title='bbox 517 4231 577 4288; x_wconf 89' lang='lat' dir='ltr'>Si</span> <span class='ocrx_word' id='word_1_436' title='bbox 625 4230 899 4304; x_wconf 84' lang='lat' dir='ltr'>diligente</span> <span class='ocrx_word' id='word_1_437' title='bbox 957 4235 1171 4288; x_wconf 80' lang='lat' dir='ltr'>sanctae</span> <span class='ocrx_word' id='word_1_438' title='bbox 1239 4229 1728 4288; x_wconf 88' lang='lat' dir='ltr'>Chalcedonensis</span> <span class='ocrx_word' id='word_1_439' title='bbox 1785 4232 1991 4304; x_wconf 82' lang='lat' dir='ltr'>synodi</span> <span class='ocrx_word' id='word_1_440' title='bbox 2023 4233 2065 4300; x_wconf 74' lang='grc' dir='ltr'>ί]</span> <span class='ocrx_word' id='word_1_441' title='bbox 2100 4231 2628 4301; x_wconf 87' lang='lat' dir='ltr'>leonis,etmurum</span> <span class='ocrx_word' id='word_1_442' title='bbox 2647 4231 3091 4287; x_wconf 88' lang='lat' dir='ltr'>adamantinum</span> <span class='ocrx_word' id='word_1_443' title='bbox 3116 4233 3761 4306; x_wconf 85' lang='lat' dir='ltr'>frangeretentastilln</span> 
     </span>
    </p>
   </div>
   <div class='ocr_carea' id='block_1_66' title="bbox 347 4319 1997 4394">
    <p class='ocr_par' dir='ltr' id='par_1_66' title="bbox 347 4319 1997 4394">
     <span class='ocr_line' id='line_1_66' title="bbox 347 4319 1997 4394; baseline -0.001 -16"><span class='ocrx_word' id='word_1_444' title='bbox 347 4324 623 4394; x_wconf 90' lang='lat' dir='ltr'>quartum</span> <span class='ocrx_word' id='word_1_445' title='bbox 654 4320 1117 4378; x_wconf 89' lang='lat' dir='ltr'>considerassses</span> <span class='ocrx_word' id='word_1_446' title='bbox 1147 4323 1343 4391; x_wconf 88' lang='lat' dir='ltr'>caput,</span> <span class='ocrx_word' id='word_1_447' title='bbox 1367 4320 1561 4390; x_wconf 90' lang='lat' dir='ltr'>quiete</span> <span class='ocrx_word' id='word_1_448' title='bbox 1591 4319 1915 4376; x_wconf 90' lang='lat' dir='ltr'>monastica</span> <span class='ocrx_word' id='word_1_449' title='bbox 1939 4324 1997 4376; x_wconf 89' lang='lat' dir='ltr'>et</span> 
     </span>
    </p>
   </div>
   <div class='ocr_carea' id='block_1_67' title="bbox 337 4408 1996 4484">
    <p class='ocr_par' dir='ltr' id='par_1_67' title="bbox 337 4408 1996 4484">
     <span class='ocr_line' id='line_1_67' title="bbox 337 4408 1996 4484; baseline -0.002 -17"><span class='ocrx_word' id='word_1_450' title='bbox 337 4409 583 4484; x_wconf 89' lang='lat' dir='ltr'>jejuniis</span> <span class='ocrx_word' id='word_1_451' title='bbox 599 4413 773 4482; x_wconf 88' lang='lat' dir='ltr'>atque</span> <span class='ocrx_word' id='word_1_452' title='bbox 790 4409 1153 4467; x_wconf 87' lang='lat' dir='ltr'>orationibus</span> <span class='ocrx_word' id='word_1_453' title='bbox 1172 4409 1230 4463; x_wconf 91' lang='lat' dir='ltr'>in</span> <span class='ocrx_word' id='word_1_454' title='bbox 1255 4408 1611 4464; x_wconf 86' lang='lat' dir='ltr'>monasterio</span> <span class='ocrx_word' id='word_1_455' title='bbox 1635 4412 1736 4463; x_wconf 92' lang='lat' dir='ltr'>tuo</span> <span class='ocrx_word' id='word_1_456' title='bbox 1758 4412 1996 4464; x_wconf 87' lang='lat' dir='ltr'>conten-</span> 
     </span>
    </p>
   </div>
   <div class='ocr_carea' id='block_1_68' title="bbox 344 4497 1996 4572">
    <p class='ocr_par' dir='ltr' id='par_1_68' title="bbox 344 4497 1996 4572">
     <span class='ocr_line' id='line_1_68' title="bbox 344 4497 1996 4572; baseline -0.002 -16"><span class='ocrx_word' id='word_1_457' title='bbox 344 4505 838 4572; x_wconf 85' lang='lat' dir='ltr'>tus,nequaquam</span> <span class='ocrx_word' id='word_1_458' title='bbox 854 4497 1264 4556; x_wconf 88' lang='lat' dir='ltr'>ecclesiasticis</span> <span class='ocrx_word' id='word_1_459' title='bbox 1280 4498 1454 4553; x_wconf 89' lang='lat' dir='ltr'>rebus</span> <span class='ocrx_word' id='word_1_460' title='bbox 1469 4497 1996 4566; x_wconf 83' lang='lat' dir='ltr'>communicasses,</span> 
     </span>
    </p>
   </div>
   <div class='ocr_carea' id='block_1_69' title="bbox 350 4586 1994 4662">
    <p class='ocr_par' dir='ltr' id='par_1_69' title="bbox 350 4586 1994 4662">
     <span class='ocr_line' id='line_1_69' title="bbox 350 4586 1994 4662; baseline -0.002 -17"><span class='ocrx_word' id='word_1_461' title='bbox 350 4605 458 4645; x_wconf 90' lang='lat' dir='ltr'>nec</span> <span class='ocrx_word' id='word_1_462' title='bbox 485 4587 991 4662; x_wconf 88' lang='lat' dir='ltr'>importunitatem</span> <span class='ocrx_word' id='word_1_463' title='bbox 1015 4586 1341 4643; x_wconf 91' lang='lat' dir='ltr'>intulisses.</span> <span class='ocrx_word' id='word_1_464' title='bbox 1367 4589 1730 4659; x_wconf 89' lang='lat' dir='ltr'>Quapropter</span> <span class='ocrx_word' id='word_1_465' title='bbox 1760 4603 1994 4643; x_wconf 82' lang='lat' dir='ltr'>sexcen-</span> 
     </span>
    </p>
   </div>
   <div class='ocr_carea' id='block_1_70' title="bbox 343 4676 1996 4752">
    <p class='ocr_par' dir='ltr' id='par_1_70' title="bbox 343 4676 1996 4752">
     <span class='ocr_line' id='line_1_70' title="bbox 343 4676 1996 4752; baseline -0.002 -18"><span class='ocrx_word' id='word_1_466' title='bbox 343 4682 539 4734; x_wconf 86' lang='lat' dir='ltr'>torum</span> <span class='ocrx_word' id='word_1_467' title='bbox 573 4678 814 4752; x_wconf 88' lang='lat' dir='ltr'>triginta</span> <span class='ocrx_word' id='word_1_468' title='bbox 838 4679 1075 4734; x_wconf 90' lang='lat' dir='ltr'>Patrum</span> <span class='ocrx_word' id='word_1_469' title='bbox 1103 4676 1375 4733; x_wconf 90' lang='lat' dir='ltr'>concordi</span> <span class='ocrx_word' id='word_1_470' title='bbox 1407 4676 1638 4732; x_wconf 91' lang='lat' dir='ltr'>decreto</span> <span class='ocrx_word' id='word_1_471' title='bbox 1672 4693 1706 4732; x_wconf 89' lang='lat' dir='ltr'>a</span> <span class='ocrx_word' id='word_1_472' title='bbox 1736 4692 1996 4732; x_wconf 85' lang='lat' dir='ltr'>commu-</span> 
     </span>
    </p>
   </div>
   <div class='ocr_carea' id='block_1_71' title="bbox 345 4764 1991 4840">
    <p class='ocr_par' dir='ltr' id='par_1_71' title="bbox 345 4764 1991 4840">
     <span class='ocr_line' id='line_1_71' title="bbox 345 4764 1991 4840; baseline -0.002 -16"><span class='ocrx_word' id='word_1_473' title='bbox 345 4767 518 4825; x_wconf 84' lang='lat' dir='ltr'>nione</span> <span class='ocrx_word' id='word_1_474' title='bbox 547 4784 610 4825; x_wconf 90' lang='lat' dir='ltr'>es</span> <span class='ocrx_word' id='word_1_475' title='bbox 637 4784 984 4840; x_wconf 89' lang='lat' dir='ltr'>suspensus,</span> <span class='ocrx_word' id='word_1_476' title='bbox 1017 4783 1088 4822; x_wconf 91' lang='lat' dir='ltr'>ne</span> <span class='ocrx_word' id='word_1_477' title='bbox 1119 4770 1299 4838; x_wconf 87' lang='lat' dir='ltr'>perte</span> <span class='ocrx_word' id='word_1_478' title='bbox 1334 4781 1545 4821; x_wconf 89' lang='lat' dir='ltr'>nomen</span> <span class='ocrx_word' id='word_1_479' title='bbox 1577 4765 1805 4821; x_wconf 89' lang='lat' dir='ltr'>Domini</span> <span class='ocrx_word' id='word_1_480' title='bbox 1837 4764 1991 4821; x_wconf 87' lang='lat' dir='ltr'>blas-</span> 
     </span>
    </p>
   </div>
   <div class='ocr_carea' id='block_1_72' title="bbox 341 4853 1990 4931">
    <p class='ocr_par' dir='ltr' id='par_1_72' title="bbox 341 4853 1990 4931">
     <span class='ocr_line' id='line_1_72' title="bbox 341 4853 1990 4931; baseline -0.003 -17"><span class='ocrx_word' id='word_1_481' title='bbox 341 4857 675 4931; x_wconf 89' lang='lat' dir='ltr'>phematur.</span> <span class='ocrx_word' id='word_1_482' title='bbox 693 4857 867 4912; x_wconf 89' lang='lat' dir='ltr'>Decet</span> <span class='ocrx_word' id='word_1_483' title='bbox 885 4856 1043 4912; x_wconf 91' lang='lat' dir='ltr'>enim</span> <span class='ocrx_word' id='word_1_484' title='bbox 1065 4871 1545 4927; x_wconf 90' lang='lat' dir='ltr'>unamquamque</span> <span class='ocrx_word' id='word_1_485' title='bbox 1565 4853 1990 4928; x_wconf 79' lang='lat' dir='ltr'>professionem</span> 
     </span>
    </p>
   </div>
   <div class='ocr_carea' id='block_1_73' title="bbox 343 4943 1994 5018">
    <p class='ocr_par' dir='ltr' id='par_1_73' title="bbox 343 4943 1994 5018">
     <span class='ocr_line' id='line_1_73' title="bbox 343 4943 1994 5018; baseline -0.002 -14"><span class='ocrx_word' id='word_1_486' title='bbox 343 4963 404 5004; x_wconf 88' lang='lat' dir='ltr'>se</span> <span class='ocrx_word' id='word_1_487' title='bbox 427 4947 538 5004; x_wconf 87' lang='lat' dir='ltr'>sub</span> <span class='ocrx_word' id='word_1_488' title='bbox 570 4961 850 5003; x_wconf 89' lang='lat' dir='ltr'>mensura</span> <span class='ocrx_word' id='word_1_489' title='bbox 878 4945 969 5000; x_wconf 89' lang='lat' dir='ltr'>sui</span> <span class='ocrx_word' id='word_1_490' title='bbox 1002 4944 1240 5001; x_wconf 86' lang='lat' dir='ltr'>habitus</span> <span class='ocrx_word' id='word_1_491' title='bbox 1270 4949 1327 5001; x_wconf 90' lang='lat' dir='ltr'>et</span> <span class='ocrx_word' id='word_1_492' title='bbox 1347 4946 1566 5018; x_wconf 88' lang='lat' dir='ltr'>gradus</span> <span class='ocrx_word' id='word_1_493' title='bbox 1598 4943 1888 5010; x_wconf 87' lang='lat' dir='ltr'>cohibere,</span> <span class='ocrx_word' id='word_1_494' title='bbox 1922 4961 1994 5000; x_wconf 89' lang='lat' dir='ltr'>ne</span> 
     </span>
    </p>
   </div>
   <div class='ocr_carea' id='block_1_74' title="bbox 342 5033 1990 5106">
    <p class='ocr_par' dir='ltr' id='par_1_74' title="bbox 342 5033 1990 5106">
     <span class='ocr_line' id='line_1_74' title="bbox 342 5033 1990 5106; baseline -0.004 -13"><span class='ocrx_word' id='word_1_495' title='bbox 342 5035 653 5093; x_wconf 87' lang='lat' dir='ltr'>conturbet</span> <span class='ocrx_word' id='word_1_496' title='bbox 707 5033 1085 5090; x_wconf 88' lang='lat' dir='ltr'>ecclesiastici</span> <span class='ocrx_word' id='word_1_497' title='bbox 1136 5034 1427 5106; x_wconf 88' lang='lat' dir='ltr'>dogmatis</span> <span class='ocrx_word' id='word_1_498' title='bbox 1469 5033 1732 5088; x_wconf 89' lang='lat' dir='ltr'>ordinem</span> <span class='ocrx_word' id='word_1_499' title='bbox 1781 5037 1990 5099; x_wconf 90' lang='lat' dir='ltr'>totum,</span> 
     </span>
    </p>
   </div>
   <div class='ocr_carea' id='block_1_75' title="bbox 342 5121 1996 5194">
    <p class='ocr_par' dir='ltr' id='par_1_75' title="bbox 342 5121 1996 5194">
     <span class='ocr_line' id='line_1_75' title="bbox 342 5121 1996 5194; baseline -0.004 -11"><span class='ocrx_word' id='word_1_500' title='bbox 342 5126 506 5193; x_wconf 89' lang='lat' dir='ltr'>dum,</span> <span class='ocrx_word' id='word_1_501' title='bbox 552 5141 667 5181; x_wconf 89' lang='lat' dir='ltr'>non</span> <span class='ocrx_word' id='word_1_502' title='bbox 719 5140 824 5179; x_wconf 89' lang='lat' dir='ltr'>suo</span> <span class='ocrx_word' id='word_1_503' title='bbox 853 5127 1161 5180; x_wconf 88' lang='lat' dir='ltr'>contentus</span> <span class='ocrx_word' id='word_1_504' title='bbox 1191 5123 1400 5192; x_wconf 80' lang='lat' dir='ltr'>officio,</span> <span class='ocrx_word' id='word_1_505' title='bbox 1422 5121 1730 5194; x_wconf 67' lang='lat' dir='ltr'>praeripere</span> <span class='ocrx_word' id='word_1_506' title='bbox 1789 5121 1996 5192; x_wconf 74' lang='lat' dir='ltr'>quaerit</span> 
     </span>
    </p>
   </div>
   <div class='ocr_carea' id='block_1_76' title="bbox 341 5208 1990 5283">
    <p class='ocr_par' dir='ltr' id='par_1_76' title="bbox 341 5208 1990 5283">
     <span class='ocr_line' id='line_1_76' title="bbox 341 5208 1990 5283; baseline -0.003 -12"><span class='ocrx_word' id='word_1_507' title='bbox 341 5215 620 5272; x_wconf 89' lang='lat' dir='ltr'>alienum.</span> <span class='ocrx_word' id='word_1_508' title='bbox 654 5213 763 5268; x_wconf 84' lang='lat' dir='ltr'>Sed</span> <span class='ocrx_word' id='word_1_509' title='bbox 794 5229 874 5269; x_wconf 75' lang='lat' dir='ltr'>va:</span> <span class='ocrx_word' id='word_1_510' title='bbox 897 5213 1027 5283; x_wconf 90' lang='lat' dir='ltr'>tibi,</span> <span class='ocrx_word' id='word_1_511' title='bbox 1049 5213 1368 5280; x_wconf 85' lang='lat' dir='ltr'>Sarabaita,</span> <span class='ocrx_word' id='word_1_512' title='bbox 1403 5211 1503 5283; x_wconf 90' lang='lat' dir='ltr'>qui</span> <span class='ocrx_word' id='word_1_513' title='bbox 1543 5208 1707 5265; x_wconf 87' lang='lat' dir='ltr'>nulla</span> <span class='ocrx_word' id='word_1_514' title='bbox 1735 5211 1990 5266; x_wconf 57' lang='lat' dir='ltr'>coenobi-</span> 
     </span>
    </p>
   </div>
   <div class='ocr_carea' id='block_1_77' title="bbox 341 5299 1992 5376">
    <p class='ocr_par' dir='ltr' id='par_1_77' title="bbox 341 5299 1992 5376">
     <span class='ocr_line' id='line_1_77' title="bbox 341 5299 1992 5376; baseline -0.001 -16"><span class='ocrx_word' id='word_1_515' title='bbox 341 5304 442 5360; x_wconf 84' lang='lat' dir='ltr'>tali</span> <span class='ocrx_word' id='word_1_516' title='bbox 466 5301 832 5359; x_wconf 86' lang='lat' dir='ltr'>examinatus</span> <span class='ocrx_word' id='word_1_517' title='bbox 854 5302 1186 5376; x_wconf 89' lang='lat' dir='ltr'>disciplina,</span> <span class='ocrx_word' id='word_1_518' title='bbox 1201 5302 1498 5358; x_wconf 87' lang='lat' dir='ltr'>voluntate</span> <span class='ocrx_word' id='word_1_519' title='bbox 1512 5305 1685 5371; x_wconf 89' lang='lat' dir='ltr'>atque</span> <span class='ocrx_word' id='word_1_520' title='bbox 1697 5299 1992 5372; x_wconf 88' lang='lat' dir='ltr'>voluptate</span> 
     </span>
    </p>
   </div>
   <div class='ocr_carea' id='block_1_78' title="bbox 343 5389 1992 5464">
    <p class='ocr_par' dir='ltr' id='par_1_78' title="bbox 343 5389 1992 5464">
     <span class='ocr_line' id='line_1_78' title="bbox 343 5389 1992 5464; baseline -0.001 -16"><span class='ocrx_word' id='word_1_521' title='bbox 343 5393 555 5449; x_wconf 82' lang='lat' dir='ltr'>ductus</span> <span class='ocrx_word' id='word_1_522' title='bbox 604 5391 857 5464; x_wconf 89' lang='lat' dir='ltr'>propria,</span> <span class='ocrx_word' id='word_1_523' title='bbox 905 5399 1108 5450; x_wconf 90' lang='lat' dir='ltr'>contra</span> <span class='ocrx_word' id='word_1_524' title='bbox 1162 5395 1424 5449; x_wconf 88' lang='lat' dir='ltr'>sanctam</span> <span class='ocrx_word' id='word_1_525' title='bbox 1465 5394 1522 5446; x_wconf 89' lang='lat' dir='ltr'>et</span> <span class='ocrx_word' id='word_1_526' title='bbox 1561 5389 1883 5445; x_wconf 81' lang='lat' dir='ltr'>Romanam</span> <span class='ocrx_word' id='word_1_527' title='bbox 1937 5395 1992 5446; x_wconf 91' lang='lat' dir='ltr'>et</span> 
     </span>
    </p>
   </div>
   <div class='ocr_carea' id='block_1_79' title="bbox 345 5480 1989 5563">
    <p class='ocr_par' dir='ltr' id='par_1_79' title="bbox 345 5480 1989 5563">
     <span class='ocr_line' id='line_1_79' title="bbox 345 5480 1989 5563; baseline 0 -27"><span class='ocrx_word' id='word_1_528' title='bbox 345 5480 1044 5552; x_wconf 81' lang='lat' dir='ltr'>apostolicamEcclesiam</span> <span class='ocrx_word' id='word_1_529' title='bbox 1059 5482 1392 5563; x_wconf 81' lang='lat' dir='ltr'>etomnium</span> <span class='ocrx_word' id='word_1_530' title='bbox 1407 5482 1989 5536; x_wconf 86' lang='lat' dir='ltr'>sanctorumPatrum</span> 
     </span>
    </p>
   </div>
   <div class='ocr_carea' id='block_1_80' title="bbox 344 5568 1988 5641">
    <p class='ocr_par' dir='ltr' id='par_1_80' title="bbox 344 5568 1988 5641">
     <span class='ocr_line' id='line_1_80' title="bbox 344 5568 1988 5641; baseline 0.002 -18"><span class='ocrx_word' id='word_1_531' title='bbox 344 5568 589 5626; x_wconf 83' lang='lat' dir='ltr'>concilia</span> <span class='ocrx_word' id='word_1_532' title='bbox 618 5569 974 5629; x_wconf 87' lang='lat' dir='ltr'>horribiliter</span> <span class='ocrx_word' id='word_1_533' title='bbox 996 5572 1246 5641; x_wconf 88' lang='lat' dir='ltr'>latrasti,</span> <span class='ocrx_word' id='word_1_534' title='bbox 1267 5569 1500 5628; x_wconf 90' lang='lat' dir='ltr'>stultior</span> <span class='ocrx_word' id='word_1_535' title='bbox 1521 5569 1708 5638; x_wconf 89' lang='lat' dir='ltr'>asino,</span> <span class='ocrx_word' id='word_1_536' title='bbox 1738 5569 1988 5627; x_wconf 87' lang='lat' dir='ltr'>frontem</span> 
     </span>
    </p>
   </div>
   <div class='ocr_carea' id='block_1_81' title="bbox 2107 4320 3763 4393">
    <p class='ocr_par' dir='ltr' id='par_1_81' title="bbox 2107 4320 3763 4393">
     <span class='ocr_line' id='line_1_81' title="bbox 2107 4320 3763 4393; baseline 0.005 -18"><span class='ocrx_word' id='word_1_537' title='bbox 2107 4338 2222 4392; x_wconf 93' lang='lat' dir='ltr'>quo</span> <span class='ocrx_word' id='word_1_538' title='bbox 2253 4320 2456 4390; x_wconf 90' lang='lat' dir='ltr'>utique</span> <span class='ocrx_word' id='word_1_539' title='bbox 2486 4322 2718 4386; x_wconf 91' lang='lat' dir='ltr'>conatu,</span> <span class='ocrx_word' id='word_1_540' title='bbox 2739 4336 2856 4374; x_wconf 88' lang='lat' dir='ltr'>non</span> <span class='ocrx_word' id='word_1_541' title='bbox 2887 4336 2949 4376; x_wconf 91' lang='lat' dir='ltr'>es</span> <span class='ocrx_word' id='word_1_542' title='bbox 2966 4321 3148 4376; x_wconf 89' lang='lat' dir='ltr'>victor</span> <span class='ocrx_word' id='word_1_543' title='bbox 3175 4323 3411 4393; x_wconf 88' lang='lat' dir='ltr'>erroris,</span> <span class='ocrx_word' id='word_1_544' title='bbox 3443 4326 3544 4381; x_wconf 90' lang='lat' dir='ltr'>sed</span> <span class='ocrx_word' id='word_1_545' title='bbox 3566 4326 3763 4384; x_wconf 88' lang='lat' dir='ltr'>victus</span> 
     </span>
    </p>
   </div>
   <div class='ocr_carea' id='block_1_82' title="bbox 2107 4408 3762 4481">
    <p class='ocr_par' dir='ltr' id='par_1_82' title="bbox 2107 4408 3762 4481">
     <span class='ocr_line' id='line_1_82' title="bbox 2107 4408 3762 4481; baseline 0.004 -16"><span class='ocrx_word' id='word_1_546' title='bbox 2107 4425 2338 4476; x_wconf 90' lang='lat' dir='ltr'>errore;</span> <span class='ocrx_word' id='word_1_547' title='bbox 2366 4424 2471 4464; x_wconf 88' lang='lat' dir='ltr'>nec</span> <span class='ocrx_word' id='word_1_548' title='bbox 2499 4408 2814 4481; x_wconf 81' lang='lat' dir='ltr'>presbyter,</span> <span class='ocrx_word' id='word_1_549' title='bbox 2847 4409 2947 4466; x_wconf 90' lang='lat' dir='ltr'>sed</span> <span class='ocrx_word' id='word_1_550' title='bbox 2980 4410 3333 4469; x_wconf 82' lang='lat' dir='ltr'>inveteratus</span> <span class='ocrx_word' id='word_1_551' title='bbox 3364 4413 3595 4471; x_wconf 91' lang='lat' dir='ltr'>dierum</span> <span class='ocrx_word' id='word_1_552' title='bbox 3629 4433 3762 4472; x_wconf 89' lang='lat' dir='ltr'>ma-</span> 
     </span>
    </p>
   </div>
   <div class='ocr_carea' id='block_1_83' title="bbox 2104 4497 3762 4577">
    <p class='ocr_par' dir='ltr' id='par_1_83' title="bbox 2104 4497 3762 4577">
     <span class='ocr_line' id='line_1_83' title="bbox 2104 4497 3762 4577; baseline 0.005 -24"><span class='ocrx_word' id='word_1_553' title='bbox 2104 4497 2316 4565; x_wconf 90' lang='lat' dir='ltr'>lorum,</span> <span class='ocrx_word' id='word_1_554' title='bbox 2350 4502 2406 4552; x_wconf 88' lang='lat' dir='ltr'>et</span> <span class='ocrx_word' id='word_1_555' title='bbox 2423 4513 2567 4569; x_wconf 91' lang='lat' dir='ltr'>puer</span> <span class='ocrx_word' id='word_1_556' title='bbox 2585 4502 2822 4553; x_wconf 88' lang='lat' dir='ltr'>centum</span> <span class='ocrx_word' id='word_1_557' title='bbox 2843 4514 3130 4554; x_wconf 89' lang='lat' dir='ltr'>annorum</span> <span class='ocrx_word' id='word_1_558' title='bbox 3145 4501 3528 4573; x_wconf 88' lang='lat' dir='ltr'>maledictus;</span> <span class='ocrx_word' id='word_1_559' title='bbox 3561 4505 3762 4577; x_wconf 87' lang='lat' dir='ltr'>potius</span> 
     </span>
    </p>
   </div>
   <div class='ocr_carea' id='block_1_84' title="bbox 2105 4586 3760 4659">
    <p class='ocr_par' dir='ltr' id='par_1_84' title="bbox 2105 4586 3760 4659">
     <span class='ocr_line' id='line_1_84' title="bbox 2105 4586 3760 4659; baseline 0.004 -15"><span class='ocrx_word' id='word_1_560' title='bbox 2105 4587 2388 4644; x_wconf 89' lang='lat' dir='ltr'>dicendus</span> <span class='ocrx_word' id='word_1_561' title='bbox 2410 4586 2714 4659; x_wconf 90' lang='lat' dir='ltr'>Epicurus,</span> <span class='ocrx_word' id='word_1_562' title='bbox 2729 4603 2905 4658; x_wconf 90' lang='lat' dir='ltr'>quam</span> <span class='ocrx_word' id='word_1_563' title='bbox 2922 4589 3265 4646; x_wconf 87' lang='lat' dir='ltr'>monachus.</span> <span class='ocrx_word' id='word_1_564' title='bbox 3289 4592 3404 4647; x_wconf 88' lang='lat' dir='ltr'>Nec</span> <span class='ocrx_word' id='word_1_565' title='bbox 3427 4595 3760 4652; x_wconf 88' lang='lat' dir='ltr'>credendus</span> 
     </span>
    </p>
   </div>
   <div class='ocr_carea' id='block_1_85' title="bbox 2103 4676 3759 4753">
    <p class='ocr_par' dir='ltr' id='par_1_85' title="bbox 2103 4676 3759 4753">
     <span class='ocr_line' id='line_1_85' title="bbox 2103 4676 3759 4753; baseline 0.004 -21"><span class='ocrx_word' id='word_1_566' title='bbox 2103 4694 2166 4733; x_wconf 89' lang='lat' dir='ltr'>es</span> <span class='ocrx_word' id='word_1_567' title='bbox 2195 4678 2403 4750; x_wconf 88' lang='lat' dir='ltr'>degere</span> <span class='ocrx_word' id='word_1_568' title='bbox 2423 4676 2482 4731; x_wconf 90' lang='lat' dir='ltr'>in</span> <span class='ocrx_word' id='word_1_569' title='bbox 2503 4676 2856 4732; x_wconf 90' lang='lat' dir='ltr'>monasterio</span> <span class='ocrx_word' id='word_1_570' title='bbox 2879 4677 3081 4745; x_wconf 88' lang='lat' dir='ltr'>studii,</span> <span class='ocrx_word' id='word_1_571' title='bbox 3105 4680 3206 4734; x_wconf 88' lang='lat' dir='ltr'>sed</span> <span class='ocrx_word' id='word_1_572' title='bbox 3238 4679 3296 4735; x_wconf 87' lang='lat' dir='ltr'>in</span> <span class='ocrx_word' id='word_1_573' title='bbox 3323 4681 3759 4753; x_wconf 83' lang='lat' dir='ltr'>amphitheatro</span> 
     </span>
    </p>
   </div>
   <div class='ocr_carea' id='block_1_86' title="bbox 2103 4765 3748 4840">
    <p class='ocr_par' dir='ltr' id='par_1_86' title="bbox 2103 4765 3748 4840">
     <span class='ocr_line' id='line_1_86' title="bbox 2103 4765 3748 4840; baseline 0.002 -18"><span class='ocrx_word' id='word_1_574' title='bbox 2103 4770 2205 4823; x_wconf 88' lang='lat' dir='ltr'>aut</span> <span class='ocrx_word' id='word_1_575' title='bbox 2228 4765 2518 4838; x_wconf 88' lang='lat' dir='ltr'>lupanari.</span> <span class='ocrx_word' id='word_1_576' title='bbox 2549 4765 2656 4832; x_wconf 90' lang='lat' dir='ltr'>Qui</span> <span class='ocrx_word' id='word_1_577' title='bbox 2676 4765 2851 4822; x_wconf 88' lang='lat' dir='ltr'>etiam</span> <span class='ocrx_word' id='word_1_578' title='bbox 2882 4782 3014 4823; x_wconf 90' lang='lat' dir='ltr'>vere</span> <span class='ocrx_word' id='word_1_579' title='bbox 3030 4769 3471 4840; x_wconf 77' lang='lat' dir='ltr'>pramominaris</span> <span class='ocrx_word' id='word_1_580' title='bbox 3495 4777 3748 4840; x_wconf 77' lang='lat' dir='ltr'>pectora-</span> 
     </span>
    </p>
   </div>
   <div class='ocr_carea' id='block_1_87' title="bbox 2102 4856 3748 4930">
    <p class='ocr_par' dir='ltr' id='par_1_87' title="bbox 2102 4856 3748 4930">
     <span class='ocr_line' id='line_1_87' title="bbox 2102 4856 3748 4930; baseline 0.002 -18"><span class='ocrx_word' id='word_1_581' title='bbox 2102 4863 2213 4922; x_wconf 70' lang='grc' dir='ltr'>ηις,</span> <span class='ocrx_word' id='word_1_582' title='bbox 2247 4856 2526 4927; x_wconf 87' lang='lat' dir='ltr'>quoniam</span> <span class='ocrx_word' id='word_1_583' title='bbox 2559 4871 2693 4910; x_wconf 88' lang='lat' dir='ltr'>cum</span> <span class='ocrx_word' id='word_1_584' title='bbox 2735 4860 3003 4928; x_wconf 90' lang='lat' dir='ltr'>serpente</span> <span class='ocrx_word' id='word_1_585' title='bbox 3034 4857 3272 4930; x_wconf 87' lang='lat' dir='ltr'>antiquo</span> <span class='ocrx_word' id='word_1_586' title='bbox 3319 4873 3496 4928; x_wconf 89' lang='lat' dir='ltr'>super</span> <span class='ocrx_word' id='word_1_587' title='bbox 3533 4862 3748 4930; x_wconf 89' lang='lat' dir='ltr'>pectus</span> 
     </span>
    </p>
   </div>
   <div class='ocr_carea' id='block_1_88' title="bbox 2102 4943 3746 5018">
    <p class='ocr_par' dir='ltr' id='par_1_88' title="bbox 2102 4943 3746 5018">
     <span class='ocr_line' id='line_1_88' title="bbox 2102 4943 3746 5018; baseline 0.001 -16"><span class='ocrx_word' id='word_1_588' title='bbox 2102 4952 2269 5002; x_wconf 88' lang='lat' dir='ltr'>tuum</span> <span class='ocrx_word' id='word_1_589' title='bbox 2303 4943 2585 5018; x_wconf 86' lang='lat' dir='ltr'>graderis.</span> <span class='ocrx_word' id='word_1_590' title='bbox 2616 4945 2802 5012; x_wconf 89' lang='lat' dir='ltr'>Quod,</span> <span class='ocrx_word' id='word_1_591' title='bbox 2835 4945 3244 5017; x_wconf 88' lang='lat' dir='ltr'>sicutquidam</span> <span class='ocrx_word' id='word_1_592' title='bbox 3275 4946 3510 5002; x_wconf 87' lang='lat' dir='ltr'>Patrum</span> <span class='ocrx_word' id='word_1_593' title='bbox 3545 4945 3696 5004; x_wconf 77' lang='lat' dir='ltr'>dixit</span> <span class='ocrx_word' id='word_1_594' title='bbox 3727 4965 3746 5004; x_wconf 86' lang='lat'><strong>:</strong></span> 
     </span>
    </p>
   </div>
   <div class='ocr_carea' id='block_1_89' title="bbox 2104 5033 3756 5105">
    <p class='ocr_par' dir='ltr' id='par_1_89' title="bbox 2104 5033 3756 5105">
     <span class='ocr_line' id='line_1_89' title="bbox 2104 5033 3756 5105; baseline 0.007 -21"><span class='ocrx_word' id='word_1_595' title='bbox 2104 5059 2129 5084; x_wconf 88' lang='grc'>‹‹</span> <span class='ocrx_word' id='word_1_596' title='bbox 2184 5035 2526 5105; x_wconf 89' lang='lat' dir='ltr'>Quicunque</span> <span class='ocrx_word' id='word_1_597' title='bbox 2569 5033 2708 5102; x_wconf 91' lang='lat' dir='ltr'>vult,</span> <span class='ocrx_word' id='word_1_598' title='bbox 2753 5034 2933 5088; x_wconf 88' lang='lat' dir='ltr'>intrat</span> <span class='ocrx_word' id='word_1_599' title='bbox 2979 5039 3035 5090; x_wconf 91' lang='lat' dir='ltr'>et</span> <span class='ocrx_word' id='word_1_600' title='bbox 3078 5035 3248 5091; x_wconf 88' lang='lat' dir='ltr'>solvit</span> <span class='ocrx_word' id='word_1_601' title='bbox 3287 5036 3518 5091; x_wconf 87' lang='lat' dir='ltr'>asinum</span> <span class='ocrx_word' id='word_1_602' title='bbox 3554 5053 3567 5092; x_wconf 91' lang='lat'><strong>:</strong></span> <span class='ocrx_word' id='word_1_603' title='bbox 3601 5059 3630 5087; x_wconf 83' lang='lat'><strong>»</strong></span> <span class='ocrx_word' id='word_1_604' title='bbox 3683 5053 3756 5095; x_wconf 83' lang='lat' dir='ltr'>ex</span> 
     </span>
    </p>
   </div>
   <div class='ocr_carea' id='block_1_90' title="bbox 2103 5121 3754 5197">
    <p class='ocr_par' dir='ltr' id='par_1_90' title="bbox 2103 5121 3754 5197">
     <span class='ocr_line' id='line_1_90' title="bbox 2103 5121 3754 5197; baseline 0.003 -19"><span class='ocrx_word' id='word_1_605' title='bbox 2103 5123 2464 5178; x_wconf 88' lang='lat' dir='ltr'>abundantia</span> <span class='ocrx_word' id='word_1_606' title='bbox 2493 5121 2647 5176; x_wconf 89' lang='lat' dir='ltr'>enim</span> <span class='ocrx_word' id='word_1_607' title='bbox 2668 5121 2860 5178; x_wconf 90' lang='lat' dir='ltr'>cordis</span> <span class='ocrx_word' id='word_1_608' title='bbox 2891 5139 2956 5178; x_wconf 90' lang='lat' dir='ltr'>os</span> <span class='ocrx_word' id='word_1_609' title='bbox 2984 5122 3250 5194; x_wconf 90' lang='lat' dir='ltr'>loquitur</span> <span class='ocrx_word' id='word_1_610' title='bbox 3271 5125 3481 5197; x_wconf 80' lang='lat' dir='ltr'>(Matth.</span> <span class='ocrx_word' id='word_1_611' title='bbox 3505 5142 3606 5194; x_wconf 81' lang='lat' dir='ltr'>xu,</span> <span class='ocrx_word' id='word_1_612' title='bbox 3639 5127 3754 5197; x_wconf 76' lang='grc'>34).</span> 
     </span>
    </p>
   </div>
   <div class='ocr_carea' id='block_1_91' title="bbox 2101 5209 3754 5282">
    <p class='ocr_par' dir='ltr' id='par_1_91' title="bbox 2101 5209 3754 5282">
     <span class='ocr_line' id='line_1_91' title="bbox 2101 5209 3754 5282; baseline 0.002 -14"><span class='ocrx_word' id='word_1_613' title='bbox 2101 5212 2320 5268; x_wconf 90' lang='lat' dir='ltr'>Deinde</span> <span class='ocrx_word' id='word_1_614' title='bbox 2351 5209 2751 5266; x_wconf 88' lang='lat' dir='ltr'>detestabilior</span> <span class='ocrx_word' id='word_1_615' title='bbox 2770 5212 2928 5267; x_wconf 91' lang='lat' dir='ltr'>omni</span> <span class='ocrx_word' id='word_1_616' title='bbox 2959 5214 3259 5282; x_wconf 85' lang='lat' dir='ltr'>veneficio,</span> <span class='ocrx_word' id='word_1_617' title='bbox 3280 5212 3438 5271; x_wconf 86' lang='lat' dir='ltr'>labia</span> <span class='ocrx_word' id='word_1_618' title='bbox 3469 5215 3754 5272; x_wconf 88' lang='lat' dir='ltr'>mortiferi</span> 
     </span>
    </p>
   </div>
   <div class='ocr_carea' id='block_1_92' title="bbox 2101 5298 3755 5374">
    <p class='ocr_par' dir='ltr' id='par_1_92' title="bbox 2101 5298 3755 5374">
     <span class='ocr_line' id='line_1_92' title="bbox 2101 5298 3755 5374; baseline 0.003 -17"><span class='ocrx_word' id='word_1_619' title='bbox 2101 5299 2295 5374; x_wconf 91' lang='lat' dir='ltr'>poculi</span> <span class='ocrx_word' id='word_1_620' title='bbox 2326 5298 2498 5355; x_wconf 88' lang='lat' dir='ltr'>melle</span> <span class='ocrx_word' id='word_1_621' title='bbox 2528 5298 2834 5356; x_wconf 88' lang='lat' dir='ltr'>charitatis</span> <span class='ocrx_word' id='word_1_622' title='bbox 2882 5303 2936 5356; x_wconf 87' lang='lat' dir='ltr'>et</span> <span class='ocrx_word' id='word_1_623' title='bbox 2969 5301 3120 5356; x_wconf 87' lang='lat' dir='ltr'>bono</span> <span class='ocrx_word' id='word_1_624' title='bbox 3173 5303 3350 5360; x_wconf 90' lang='lat' dir='ltr'>odore</span> <span class='ocrx_word' id='word_1_625' title='bbox 3394 5303 3755 5362; x_wconf 86' lang='lat' dir='ltr'>humilitatis</span> 
     </span>
    </p>
   </div>
   <div class='ocr_carea' id='block_1_93' title="bbox 2099 5387 3753 5459">
    <p class='ocr_par' dir='ltr' id='par_1_93' title="bbox 2099 5387 3753 5459">
     <span class='ocr_line' id='line_1_93' title="bbox 2099 5387 3753 5459; baseline 0.004 -14"><span class='ocrx_word' id='word_1_626' title='bbox 2099 5389 2392 5455; x_wconf 85' lang='lat' dir='ltr'>imbuens,</span> <span class='ocrx_word' id='word_1_627' title='bbox 2425 5403 2492 5442; x_wconf 84' lang='lat' dir='ltr'>ex</span> <span class='ocrx_word' id='word_1_628' title='bbox 2525 5387 2815 5459; x_wconf 80' lang='lat' dir='ltr'>praedictis</span> <span class='ocrx_word' id='word_1_629' title='bbox 2860 5389 3174 5447; x_wconf 88' lang='lat' dir='ltr'>virtutibus</span> <span class='ocrx_word' id='word_1_630' title='bbox 3218 5391 3562 5450; x_wconf 88' lang='lat' dir='ltr'>delectabile</span> <span class='ocrx_word' id='word_1_631' title='bbox 3594 5393 3753 5450; x_wconf 82' lang='lat' dir='ltr'>exhi-</span> 
     </span>
    </p>
   </div>
   <div class='ocr_carea' id='block_1_94' title="bbox 2099 5477 3756 5552">
    <p class='ocr_par' dir='ltr' id='par_1_94' title="bbox 2099 5477 3756 5552">
     <span class='ocr_line' id='line_1_94' title="bbox 2099 5477 3756 5552; baseline 0.003 -16"><span class='ocrx_word' id='word_1_632' title='bbox 2099 5477 2279 5536; x_wconf 91' lang='lat' dir='ltr'>buisti</span> <span class='ocrx_word' id='word_1_633' title='bbox 2313 5477 2644 5548; x_wconf 66' lang='lat' dir='ltr'>proemium,</span> <span class='ocrx_word' id='word_1_634' title='bbox 2677 5482 2742 5533; x_wconf 86' lang='lat' dir='ltr'>ut</span> <span class='ocrx_word' id='word_1_635' title='bbox 2772 5482 3124 5552; x_wconf 63' lang='lat' dir='ltr'>praegustata</span> <span class='ocrx_word' id='word_1_636' title='bbox 3152 5480 3399 5539; x_wconf 89' lang='lat' dir='ltr'>dulcedo</span> <span class='ocrx_word' id='word_1_637' title='bbox 3425 5483 3638 5540; x_wconf 80' lang='lat' dir='ltr'>faceret</span> <span class='ocrx_word' id='word_1_638' title='bbox 3669 5483 3756 5541; x_wconf 88' lang='lat' dir='ltr'>in-</span> 
     </span>
    </p>
   </div>
   <div class='ocr_carea' id='block_1_95' title="bbox 2098 5567 3751 5647">
    <p class='ocr_par' dir='ltr' id='par_1_95' title="bbox 2098 5567 3751 5647">
     <span class='ocr_line' id='line_1_95' title="bbox 2098 5567 3751 5647; baseline 0.004 -21"><span class='ocrx_word' id='word_1_639' title='bbox 2098 5570 2441 5626; x_wconf 89' lang='lat' dir='ltr'>cunctanter</span> <span class='ocrx_word' id='word_1_640' title='bbox 2487 5567 2787 5624; x_wconf 90' lang='lat' dir='ltr'>absorberi</span> <span class='ocrx_word' id='word_1_641' title='bbox 2838 5567 2914 5625; x_wconf 86' lang='lat' dir='ltr'>fel</span> <span class='ocrx_word' id='word_1_642' title='bbox 2961 5569 3283 5628; x_wconf 88' lang='lat' dir='ltr'>draconum</span> <span class='ocrx_word' id='word_1_643' title='bbox 3340 5575 3398 5630; x_wconf 90' lang='lat' dir='ltr'>et</span> <span class='ocrx_word' id='word_1_644' title='bbox 3454 5572 3751 5647; x_wconf 83' lang='lat' dir='ltr'>reliquum</span> 
     </span>
    </p>
   </div>
  </div>
