3966 6212
191 291 313 384 ἢββ

1559 287 1864 389 coNraA
1911 285 2286 396 algarum.

3489 290 3608 362 986

190 375 564 485 veneﬁcium.
614 422 726 480 Sed
776 423 827 480 ei
880 419 979 497 qui
1028 423 1190 498 potat
1236 418 1491 480 amicum
1530 438 1707 480 suum
1733 375 1840 497 po-
1871 423 1928 492 Α
1955 377 2212 482 tenebris
2244 393 2508 483 ambulat
2534 424 2587 496 (ι
2620 425 2775 484 Joan.
2833 441 2896 496 ιι,
2942 424 3018 500 9).
3071 425 3174 484 Hic
3223 427 3394 504 plane
3423 375 3610 503 liquet

191 517 356 574 tione
376 513 713 572 turbulenta
736 511 749 567 l
775 514 959 580 Quam
980 512 1110 569 ideo
1153 513 1545 570 necessariam
1570 514 1845 570 duximus

193 604 489 665 subtiliori
512 603 691 676 linteo
709 603 963 658 colatum
987 602 1088 671 ire,
1122 606 1187 658 ut
1216 601 1424 658 modus
1448 602 1846 658 concinnatic-

190 691 287 752 ni‘s
312 696 461 766 ejus,
487 695 544 748 et
563 692 822 765 potentia
851 691 1220 763 aliquatenus
1241 693 1427 762 possit
1468 691 1846 764 deprehendi,

1957 516 2111 588 quod
2136 533 2250 571 non
2275 517 2345 572 ab
2369 515 2632 589 apostolo
2655 519 2880 587 sancto,
2904 517 3002 573 sed
3027 518 3098 574 ab
3118 523 3384 590 apostata
3402 520 3605 594 angelo

1956 605 2253 678 accepisti,
2287 608 2351 660 ut
2380 605 2603 662 diceres
2638 622 2650 660 :
2704 607 2810 675 Qui
2852 623 2976 678 ergo
3018 625 3217 680 azyma
3262 611 3512 674 comedit,
3547 612 3608 667 in

1957 694 2193 750 tenebris
2219 694 2354 763 legis
2383 697 2648 763 ambulat,
2681 696 2838 767 quia
2884 699 3004 751 tota
3052 697 3299 769 epistola
3345 697 3462 762 illa,
3499 716 3604 754 nec

188 784 252 840 et
281 782 559 856 deinceps
602 781 814 849 caveri,
863 782 963 853 qui
1005 780 1333 854 ingreditur
1369 780 1604 849 blande,
1653 782 1752 836 sed
1789 781 1848 835 in
1954 783 2372 839 fermentatum
2399 800 2502 839 nec
2525 801 2794 857 azymum
2817 789 3255 857 commemorat,
3289 786 3389 842 sed
3414 787 3604 843 solum

188 871 516 929 novissimo
549 870 839 926 mordebit
886 874 952 926 ut
998 869 1253 935 coluber,
1305 873 1361 925 et
1409 869 1560 925 sicut
1609 869 1849 942 regulus

186 979 416 1020 venena
445 960 755 1016 diffundat.

264 1051 336 1110 II.
369 1051 515 1105 Ecce
543 1050 602 1105 in
634 1050 761 1122 ipso
792 1048 1071 1104 livoratus
1119 1047 1204 1103 tui
1252 1046 1542 1103 vestibulo
1573 1046 1685 1102 tria
1717 1064 1848 1119 pro-

190 1137 446 1212 posuisti
472 1154 485 1192 :
508 1138 579 1192 de
601 1153 800 1209 azymo
822 1136 1064 1203 scilicet,
1085 1135 1156 1191 de
1190 1135 1441 1192 Sabbato
1473 1139 1529 1190 et
1567 1135 1638 1191 de
1658 1151 1848 1191 sacer-

192 1229 402 1283 dctum
425 1226 673 1298 nuptiis.
701 1226 781 1281 Ex
803 1225 1020 1298 quibus
1040 1229 1128 1282 tot
1148 1228 1204 1281 et
1224 1228 1388 1281 tanta
1426 1223 1760 1292 evomuisti,
1787 1229 1850 1280 ut

195 1318 256 1372 in
277 1315 658 1387 pervertendo
681 1314 909 1370 divinas
931 1315 1249 1370 sententias
1267 1331 1382 1370 non
1400 1313 1640 1370 inferior
1660 1314 1850 1370 videa-

197 1406 280 1462 ris
301 1403 589 1478 perversis
609 1409 665 1459 et
687 1403 934 1459 rabiosis
957 1404 1198 1460 canibus
1217 1404 1453 1460 Juliano
1489 1407 1543 1459 et
1582 1403 1846 1477 Porphy-

198 1494 304 1551 rio.
339 1492 598 1564 Denique
619 1492 798 1549 divini
818 1491 1035 1564 eloquii
1067 1493 1284 1549 scalam
1322 1494 1393 1548 ad
1438 1492 1612 1550 ccelos
1644 1493 1847 1549 subre-

199 1587 378 1649 ctam,
409 1585 696 1654 quantum
727 1582 786 1636 in
817 1585 873 1638 te
905 1571 1034 1652 fuit,
1073 1581 1356 1638 retorsisti
1389 1583 1461 1637 ad
1507 1583 1744 1651 inferos,
1775 1598 1847 1636 ne

197 1677 336 1729 cum
404 1669 628 1743 angelis
689 1672 999 1727 scanderes
1053 1672 1122 1726 ad
1170 1659 1506 1738 catholicos,
1559 1672 1659 1726 sed
1709 1687 1847 1725 cum

198 1760 485 1860 apostatis
512 1759 893 1838 descenderes
924 1762 996 1815 ad
1029 1760 1348 1860 hmreticos.
1382 1761 1525 1815 Inde
1668 1759 1846 1860 quod,
1878 1795 1925 1860 Β

197 1845 414 1907 sancta
446 1849 719 1905 Romanae
750 1835 826 1905 et.
849 1848 1178 1921 apostolicae
1229 1849 1384 1904 sedis
1433 1847 1719 1904 sacriﬁcio
1751 1848 1848 1903 de-

198 1938 462 2006 trahens,
495 1937 812 1998 falsissime
840 1935 1151 1998 deﬁnivisti
1183 1955 1289 1993 nos
1320 1953 1585 1993 mensam
1614 1937 1850 1992 Judan-

200 2031 332 2086 rum
362 2027 686 2085 comedere.
721 2028 882 2092 Quod
916 2027 1058 2083 satis
1099 2027 1428 2083 ostenditur
1473 2027 1532 2081 in
1567 2025 1851 2099 superiori

201 2122 402 2174 nostra
431 2117 783 2188 narratione,
818 2116 916 2171 ubi
948 2116 1297 2172 commentis
1340 2115 1692 2186 complicum
1722 2118 1842 2169 tuo-

199 2221 357 2272 rum,
389 2192 692 2265 Michaelis
725 2204 956 2260 seiliceo
988 2203 1619 2276 Constantinopolitani
1645 2207 1699 2258 et
1722 2207 1854 2258 Leo-

199 2296 295 2351 nis
342 2279 628 2350 Acridani'
664 2293 956 2349 voluimus
1005 2293 1258 2348 obviare.
1310 2293 1425 2348 Nec
1473 2295 1563 2348 est
1617 2307 1854 2348 necesse

197 2385 404 2441 eadem
438 2373 546 2438 nos
588 2377 759 2438 toties
807 2385 1082 2456 repetere.
1135 2381 1280 2446 Quia
1329 2386 1552 2455 stuppae
1602 2381 1852 2437 collectas

197 2476 257 2530 et
287 2458 488 2546 paleae”
508 2472 779 2542 conjectae
810 2469 1164 2544 zizaniisque
1213 2469 1469 2527 collectis
1501 2487 1618 2526 una
1665 2474 1855 2543 potest

200 2561 444 2617 ﬂamma
471 2559 756 2615 sufﬁcere.
791 2558 955 2614 Unde
984 2575 1051 2614 ea
1070 2561 1301 2614 tantum
1332 2559 1696 2615 decrevimus
1718 2558 1855 2614 levi-

197 2654 290 2706 ter
333 2649 706 2717 succendere,
762 2664 889 2720 quae
942 2647 1104 2704 solus
1150 2647 1367 2703 videris
1406 2647 1538 2722 plus
1569 2647 1686 2704 illis
1716 2664 1851 2703 con-

200 2737 479 2813 gessisse.

261 2826 372 2882 III.
404 2826 605 2900 Itaque
631 2825 786 2898 quod
818 2823 1016 2881 dixisti
1065 2823 1633 2880 consubstantialem
1665 2828 1720 2881 et
1751 2843 1854 2880 su-

199 2914 760 2991 persuhstantialem
777 2914 932 2970 idem
945 2929 1092 2978 esse,
1111 2912 1348 2970 omnino
1372 2917 1462 2969 est
1485 2913 1668 2969 futile.
1710 2914 1856 2979 Quia

201 3005 490 3064 Dominus
520 3004 715 3072 Jesus,
748 3003 1016 3079 quamvis
1047 3003 1217 3060 nobis
1238 3003 1604 3059 humanitate
1626 3004 1702 3059 sit
1724 3021 1856 3060 con-

205 3091 652 3162 substantialis;
688 3093 770 3150 sic
802 3097 858 3150 et
903 3081 1172 3149 humanae
1217 3103 1432 3150 mensae
1480 3109 1680 3166 panes,
1721 3092 1856 3149 licet

1959 872 2304 927 charitatem
2317 915 2329 927 .

2027 961 2094 1016 V.
2129 961 2266 1016 Post
2294 961 2415 1016 haec
2463 979 2578 1017 non
2628 961 2840 1016 minori
2887 963 3192 1036 sacrilegio
3243 965 3461 1019 abusus
3494 963 3605 1019 alio

1959 1050 2296 1105 testimonio
2331 1051 2596 1121 ejusdem
2629 1051 2875 1122 apostoli
2909 1053 3185 1109 dicentis:
3227 1072 3248 1102 α
3300 1058 3438 1109 Tres
3471 1058 3610 1110 sunt

1959 1139 2058 1210 qui
2085 1139 2490 1194 testimonium
2527 1139 2838 1210 perhibent
2878 1140 2937 1194 in
2962 1144 3134 1204 terra,
3159 1142 3428 1213 Spiritus,
3457 1136 3609 1214 aqua

1957 1230 2015 1283 et
2045 1227 2306 1299 sanguis,
2339 1233 2394 1284 et
2423 1229 2482 1282 hi
2529 1233 2650 1283 tres
2701 1246 2886 1285 unum
2938 1235 3074 1283 sunt
3119 1234 3163 1300 (I
3190 1234 3344 1286 Jnan.
3369 1233 3540 1303 v,7);
3583 1256 3602 1279 η

1956 1333 2222 1388 perverse
2245 1318 2473 1373 conaris
2496 1319 2567 1372 ad
2591 1334 2798 1388 panem
2816 1334 3027 1373 mensae
3044 1319 3254 1374 Christi
3275 1322 3604 1385 transferre,

1958 1405 2610 1478 quodilledebaptismo
2625 1407 2751 1478 ejus
2781 1405 2964 1462 voluit
2992 1406 3352 1464 intimare.ln
3385 1410 3610 1480 baptis-

1958 1511 2054 1550 mo
2067 1495 2360 1567 siquidem
2372 1496 2494 1551 haec
2523 1497 2634 1551 tria
2651 1499 2813 1563 sunt,
2835 1500 2892 1552 et
2912 1513 3097 1551 unum
3121 1497 3415 1568 baptisma
3433 1497 3611 1552 efﬁci-

1957 1589 2084 1640 unt.
2105 1585 2174 1640 Et
2193 1585 2444 1658 Spiritus
2463 1584 2701 1658 quidem
2720 1585 3065 1652 sanctiﬁcat,
3085 1602 3239 1657 aqua
3255 1585 3462 1651 abluit,
3487 1604 3614 1642 san-

1957 1674 2089 1746 guis
2111 1673 2363 1730 redimit.
2383 1675 2438 1729 Si
2455 1675 2758 1747 quodlibet
2773 1675 2985 1730 horum
2999 1675 3267 1741 defuerit,
3284 1675 3614 1747 baptismus

1957 1781 2074 1819 non
2105 1763 2234 1829 erit,
2289 1763 2442 1818 sicut
2491 1763 2843 1820 venerabilis
2882 1767 3046 1837 pater
3092 1764 3463 1836 Augustinus
3490 1765 3610 1821 ait:

1964 1875 1992 1903 ‹‹
2025 1851 2181 1907 Tolle
2212 1869 2447 1924 aquam,
2482 1870 2597 1907 non
2631 1857 2722 1908 est
2755 1853 3107 1925 baptismus,
3164 1853 3300 1909 tolle
3347 1854 3612 1922 verbum,

1963 1959 2078 1998 non
2110 1943 2198 1996 est
2218 1941 2572 2014 baptismus.
2599 1942 2708 1997 Sed
2733 1941 2957 1997 accedit
2977 1943 3218 1998 verbum
3259 1943 3330 1997 ad
3362 1941 3614 1999 elemen-

1960 2033 2110 2096 tum,
2133 2031 2188 2086 et
2211 2030 2274 2083 ﬁt
2292 2033 2749 2085 sacramentum.
2775 2052 2795 2080 ι
2824 2032 2909 2085 Tu
2935 2035 3130 2086 autem
3151 2047 3403 2102 nequam
3424 2037 3616 2103 pecto-

1961 2122 2103 2185 rate,
2125 2118 2392 2190 nequiter
2422 2119 2856 2190 interpretando
2896 2124 2952 2174 et
2990 2121 3358 2192 depravando
3381 2124 3614 2178 senten-

1961 2206 2102 2262 tiam
2125 2207 2520 2263 recumbentis
2544 2225 2719 2278 super
2748 2211 2951 2280 peetus
2987 2209 3150 2276 Jesu,
3193 2209 3389 2264 dixisti
3415 2228 3426 2265 :
3458 2215 3526 2266 Et
3556 2210 3616 2265 hi

1963 2299 2069 2350 tres
2100 2297 2158 2350 in
2187 2313 2294 2351 uno
2325 2301 2474 2365 sunt,
2523 2295 2744 2353 scilicet
2783 2298 2838 2350 in
2887 2313 3122 2368 corpore
3171 2297 3404 2365 Christi,
3457 2299 3613 2371 quod

1963 2383 2211 2441 dilectus
2232 2385 2378 2455 ejus,
2404 2402 2509 2441 nec
2532 2386 2733 2454 sensit,
2776 2403 2879 2442 nec
2903 2386 3158 2459 scripsit,
3201 2388 3323 2452 sed,
3369 2411 3390 2436 α
3415 2387 3474 2442 hi
3498 2391 3615 2444 tres

1962 2490 2148 2529 unum
2180 2478 2319 2529 sunt
2350 2476 2397 2545 (I
2422 2476 2576 2530 Joan.
2615 2492 2709 2545 v11,
2746 2478 2821 2545 8).
2854 2499 2875 2528 ι
2905 2476 3229 2532 secundum
3253 2477 3614 2549 superiorem

1963 2562 2034 2618 de
2060 2563 2353 2636 baptismo
2395 2580 2656 2618 sensum.

2033 2651 2128 2707 VI.
2161 2655 2345 2707 Parva
2374 2652 2666 2708 sunthaec
2707 2657 2765 2709 et
2797 2669 2942 2726 pene
2989 2653 3152 2709 nulla
3201 2654 3272 2709 ad
3321 2670 3618 2727 compara-

1964 2741 2183 2797 tionem
2207 2741 2506 2813 sequentis
2523 2741 2922 2816 blasphemiae,
2947 2759 3065 2815 qua
3081 2759 3340 2799 asserere
3361 2742 3612 2812 laboras,

1964 2830 2120 2903 quod
2143 2833 2402 2902 tempore
2424 2831 2736 2888 Dominicze
2773 2831 3063 2905 passionis
3101 2836 3157 2888 et
3199 2832 3612 2890 cruciﬁxionis.

1965 2919 2200 2992 quando
2224 2920 2466 2994 sanguis
2489 2925 2549 2988 et
2564 2937 2717 2994 aqua
2737 2922 2806 2977 de
2829 2922 3006 2992 latere
3022 2925 3149 2995 eius
3171 2922 3363 2991 exivit,
3379 2926 3618 2980 sanctus

1966 3012 2024 3066 et
2042 3009 2304 3066 viviﬁcus
2326 3009 2570 3084 spiritus
2595 3010 2655 3067 in
2679 3011 2945 3069 deiﬁcata
2970 3013 3098 3084 ejus
3120 3029 3292 3070 carne
3315 3014 3616 3070 remansit.

1968 3100 2131 3166 Quod
2163 3099 2212 3157 si
2243 3101 2586 3168 constiterit,
2623 3106 2892 3159 mortuus
2924 3119 3040 3159 non
3072 3103 3204 3158 fuit.
3252 3102 3309 3158 Si
3349 3106 3618 3160 mortuus

207 3186 328 3242 sint
343 3183 871 3242 consubstantiales
885 3183 1240 3252 sibi’,mensa3
1254 3187 1452 3239 tamen
1469 3183 1674 3238 divina:
1688 3182 1857 3256 panis
1886 3166 1929 3234 Ο
1969 3206 2084 3245 non
2109 3188 2237 3257 fuit,
2263 3205 2452 3261 neque
2474 3191 2809 3247 resurrexit,
2834 3191 2892 3248 Si
2915 3209 3031 3248 non
3057 3191 3392 3259 resurrexit,
3426 3191 3620 3248 inanis

210 3271 1015 3347 supersub‘stantialisesteis.
1031 3273 1121 3340 Et,
1139 3293 1170 3330 ο
1186 3274 1425 3329 mentite
1437 3273 1576 3343 Deo,
1599 3277 1654 3328 et
1665 3276 1861 3345 aperte

211 3363 591 3438 impugnator
621 3363 807 3420 sancti
839 3363 1171 3444 Evangelii!
1206 3363 1304 3419 ubi
1356 3367 1411 3418 et
1453 3363 1685 3435 quando
1717 3362 1863 3417 dixit

209 3453 460 3520 Veritas,
490 3453 711 3510 veracis
742 3453 926 3508 Patris
958 3451 1140 3509 Filius
1167 3471 1179 3508 :
1223 3476 1251 3502 «
1285 3451 1490 3507 Cavete
1538 3452 1609 3506 ab
1660 3468 1859 3524 azymo

207 3527 493 3598 fermento
524 3539 1052 3596 Pharisaeorum?»
1081 3542 1266 3612 (Marc.
1313 3558 1417 3594 vm
1465 3541 1857 3612 45.)Nunquid

201 3645 466 3701 azymum
523 3627 783 3700 quolibet
839 3629 1011 3683 modo
1074 3631 1264 3702 potest
1335 3628 1449 3683 dici
1505 3630 1856 3698 fermentum,

203 3716 442 3790 quando
472 3731 740 3788 azymum
773 3715 1020 3786 dicatur,
1053 3733 1118 3772 eo
1150 3718 1303 3789 quod
1331 3717 1553 3789 absque
1573 3717 1858 3774 fermento

199 3804 322 3862 sit?
343 3808 400 3860 et
419 3803 753 3877 ubicunque
786 3805 1138 3860 fermentum
1169 3805 1365 3871 fuerit,
1398 3821 1636 3862 necesse
1669 3809 1758 3861 est
1794 3811 1859 3863 ut

199 3897 305 3952 aut
334 3891 688 3972 fermentum
710 3893 944 3963 efﬁciat,
968 3898 1068 3950 aut
1089 3893 1442 3950 fermentum
1474 3896 1859 3966 permaneat?

194 3987 340 4040 cum
369 3973 508 4056 orgo
541 3983 952 4039 fermentatum
1006 4001 1121 4040 non
1153 3983 1231 4039 sit
1260 3983 1387 4040 sine
1417 3983 1724 4053 fermento,
1752 4003 1857 4042 nec

199 4061 556 4128 fermentum
569 4070 886 4144 aliquando
898 4071 1222 4144 possitesse
1240 4071 1366 4127 sine
1390 4071 1538 4145 ipso,
1563 4075 1854 4146 quomodo

199 4160 409 4218 saltem
439 4161 735 4218 somniare
765 4177 946 4217 ausus
971 4179 1032 4218 es
1073 4178 1344 4234 azymum
1395 4161 1809 4220 fermentatum
1829 4165 1857 4219 ?

200 4251 314 4308 Sed
346 4250 612 4324 quamvis
645 4250 781 4306 talia
809 4251 1054 4307 dicendo
1105 4251 1248 4307 telas
1294 4267 1518 4307 aranea
1570 4253 1852 4321 texueris,

200 4356 440 4396 muscas
460 4338 740 4396 etculices
753 4357 856 4397 seu
876 4339 1229 4397 vermiculos
1241 4340 1581 4398 aberrantes
1597 4339 1690 4398 his
1715 4342 1858 4399 irre-

196 4430 312 4485 tire
333 4428 549 4502 poteris
573 4449 587 4499 ;
618 4447 734 4486 non
759 4433 957 4487 autem
988 4430 1291 4487 columbas
1313 4430 1612 4504 simplices
1642 4436 1698 4487 et
1721 4449 1853 4489 oves

196 4509 682 4592 recognoscentes
711 4536 911 4576 vocem
945 4518 1036 4576 sui
1077 4519 1353 4576 auctoris.

267 4603 382 4663 IV.
415 4607 654 4677 Deinde,
706 4626 738 4664 ο
789 4603 1068 4665 subverse
1117 4608 1446 4679 subversor,
1513 4609 1849 4668 subvertere

193 4699 442 4753 conatus
472 4691 820 4752 sententiam
853 4697 1100 4770 apostoli
1129 4697 1372 4755 Joannis
1423 4697 1670 4754 dicentis
1697 4715 1709 4753 :
1735 4722 1761 4748 ‹‹
1787 4700 1846 4755 Si

192 4785 519 4842 dixerimus
550 4786 690 4858 quia
714 4786 1051 4842 societatem
1079 4787 1367 4843 habemus
1418 4804 1552 4842 cum
1583 4805 1670 4856 eo,
1697 4791 1755 4842 et
1785 4789 1845 4843 in

191 4874 456 4932 tenebris
477 4865 886 4948 ambulamus,
921 4875 1241 4932 mentimur
1271 4880 1327 4932 et
1350 4893 1465 4932 non
1491 4876 1738 4933 facimus
1757 4895 1852 4934 ve-

191 4965 428 5021 ritatem
458 4966 509 5037 (Ι
522 4966 676 5022 Ιοαη.
721 4966 859 5035 1,6),
906 4986 928 5014 ι
978 4968 1034 5021 et
1071 4965 1292 5022 czeteris
1312 4966 1564 5038 nequius
1601 4983 1744 5022 usus
1789 4984 1851 5024 es

192 5053 306 5110 hoc
337 5054 466 5132 ejus
509 5054 865 5123 testimonio,
919 5071 1094 5126 quam
1145 5054 1374 5110 adulter
1419 5055 1586 5112 oculo
1618 5059 1673 5112 et
1701 5055 1850 5112 latro

196 5139 382 5210 ferro,
405 5159 534 5214 quae
566 5143 767 5216 utique
799 5143 950 5200 bona
974 5146 1131 5199 sunt.
1168 5142 1252 5198 Illi
1300 5143 1456 5200 enim
1485 5144 1692 5201 laedere
1722 5151 1848 5202 ten-

192 5236 326 5290 tant
357 5231 606 5306 aliquos,
641 5237 705 5288 tu
735 5233 975 5306 perdere
1006 5235 1267 5288 cunctos.
1321 5233 1481 5289 Unde
1509 5238 1566 5289 et
1597 5235 1680 5290 sic
1711 5252 1848 5292 con-

193 5321 424 5378 cludis:
460 5323 565 5392 Qui
610 5338 737 5392 ergo
777 5316 985 5394 azyma
1031 5320 1280 5390 comedit,
1331 5323 1389 5376 in
1438 5323 1673 5380 tenebris
1711 5326 1848 5397 legi:

189 5410 460 5468 ambulat.
494 5411 602 5466 Sed
631 5411 787 5466 idem
809 5409 1064 5467 Joannes
1087 5409 1470 5467 intentionem
1492 5413 1656 5469 tuam
1678 5430 1845 5471 enar-

186 5518 352 5572 rans,
384 5499 512 5557 luce
537 5499 752 5557 clarius
782 5501 1164 5578 demonstrat,
1201 5500 1300 5573 qui
1333 5499 1562 5569 dixerit,
1599 5504 1847 5576 subjun-

152 5661 157 5665 l
186 5606 332 5664 gens
358 5606 372 5648 :
408 5611 438 5644 «
459 5588 568 5664 Qui
591 5589 712 5647 'odit
732 5607 907 5671 suum
931 5592 1189 5660 fratrem,
1215 5589 1274 5646 in
1298 5589 1554 5646 tenebris
1577 5596 1685 5662 est,
1711 5598 1767 5650 et
1787 5594 1844 5651 in

1970 3282 2059 3334 est
2091 3279 2236 3334 ﬁdes
2266 3281 2323 3335 et
2352 3279 2684 3352 praedicatio
2725 3285 2943 3352 nostra,
2983 3281 3121 3354 quia
3157 3297 3262 3337 nec
3302 3297 3408 3337 nos
3432 3297 3621 3337 resur-

1968 3383 2192 3438 gemus.
2247 3368 2316 3423 Et
2365 3367 2518 3424 sicut
2559 3369 2872 3440 Apostolus
2935 3369 3055 3426 ait:
3111 3393 3132 3420 α
3168 3369 3226 3424 Si
3278 3371 3350 3426 ad
3403 3370 3621 3427 bestias

1971 3457 2223 3529 pugnavi
2254 3456 2486 3528 Ephesi,
2518 3457 2656 3528 quid
2688 3457 2835 3512 mihi
2867 3458 3122 3529 prodest,
3165 3457 3215 3513 si
3255 3459 3469 3513 mortui
3503 3475 3618 3515 non

1970 3544 2377 3616 resurgunt?«
2404 3545 2451 3615 (I
2476 3545 2594 3600 Cor.
2622 3562 2714 3614 xv,
2743 3546 2859 3613 32.)
2887 3549 2960 3600 Ut
2980 3546 3122 3616 quid
3164 3545 3320 3601 enim
3360 3546 3620 3617 quotidie

1967 3637 2132 3688 tanta
2152 3631 2410 3704 patimur
2429 3631 2457 3687 ?
2479 3631 2869 3690 Comedamus
2889 3637 2946 3688 et
2958 3632 3259 3689 bibamus:
3280 3633 3397 3688 imo
3409 3633 3622 3691 bestia-

1966 3721 2101 3776 liter
2128 3721 2414 3786 vivamus,
2438 3737 2565 3776 cras
2587 3720 2743 3776 enim
2771 3724 2836 3776 ut
2855 3721 3053 3776 bestia:
3094 3721 3434 3777 moriemur.
3475 3723 3534 3778 Si
3556 3723 3616 3780 in

1967 3810 2076 3865 hac
2105 3809 2224 3864 vita
2253 3812 2483 3864 tantum
2514 3809 2573 3864 in
2605 3808 2831 3873 Christo
2853 3814 3156 3882 sperantes
3187 3827 3417 3878 sumus,
3450 3811 3619 3869 mise-

1969 3897 2271 3954 rabiliores
2294 3897 2568 3953 omnibus
2593 3913 2802 3954 sumus
2824 3898 3164 3954 hominibus
3189 3917 3201 3966 ;
3227 3899 3328 3954 sed
3342 3898 3618 3956 absithoc

1968 3987 2040 4043 ab
2062 3986 2221 4043 omni
2245 4002 2455 4060 genere
2471 3983 2757 4042 humano!
2776 3986 2921 4041 Nam
2936 3986 3090 4042 idem
3115 3985 3428 4060 praeclarus
3442 4003 3616 4044 evan-

1965 4076 2196 4150 gelista;
2245 4076 2344 4149 qui
2393 4075 2503 4132 hoc
2550 4075 2747 4148 ipsum
2790 4092 3045 4148 przesens
3092 4076 3254 4144 vidit,
3307 4079 3618 4134 attestatur

1967 4183 2202 4223 carnem
2234 4165 2448 4221 Christi
2496 4182 2625 4221 vere
2675 4165 3067 4222 exanimatam
3114 4166 3173 4222 in
3216 4183 3387 4223 cruce
3437 4167 3619 4224 fuisse

1966 4256 2165 4313 dicens
2191 4272 2203 4310 :
2241 4276 2267 4309 α
2288 4254 2654 4311 Etinclinato
2677 4255 2865 4327 capite
2897 4255 3096 4312 emisit
3128 4255 3402 4329 spiritum
3436 4247 3614 4327 (Idan.

1964 4363 2080 4413 xxx,
2130 4345 2241 4416 30).
2310 4366 2338 4394 »
2386 4349 2562 4400 Porro
2613 4345 2845 4401 Marcus
2892 4348 2949 4400 et
3002 4350 3183 4402 Lucas
3234 4346 3436 4402 dicunt
3481 4363 3614 4405 eum

1965 4434 2260 4507 expirasse
2313 4434 2504 4506 (Marc.
2558 4452 2648 4502 xv,
2698 4434 2810 4504 39;
2863 4435 2993 4492 Luc.
3056 4454 3224 4505 xxm,
3290 4437 3403 4506 46).
3457 4435 3620 4493 Unde

1887 4541 1932 4606 D
1964 4528 2022 4580 et
2049 4523 2110 4579 in
2140 4522 2404 4596 symbolo
2425 4524 2773 4579 conﬁtemur
2796 4529 3071 4581 mortuum
3090 4530 3142 4582 et
3162 4527 3455 4598 sepultum.
3470 4526 3618 4583 Alio-

1963 4614 2064 4686 qui
2087 4612 2332 4686 sepeleri
2354 4630 2468 4669 non
2482 4612 2706 4680 debuit,
2722 4613 2823 4685 qui
2843 4618 3115 4671 mortuus
3129 4631 3244 4670 non
3261 4615 3388 4670 fuit.
3405 4616 3620 4672 Obmu-

1958 4706 2135 4770 tesce,
2161 4702 2324 4759 canis
2348 4721 2360 4759 :
2387 4702 2672 4774 linguam,
2697 4703 2858 4758 canis
2906 4703 3189 4777 improbe,
3208 4704 3617 4770 morde;Chri-

1965 4797 2091 4848 stus
2115 4792 2271 4848 enim
2293 4807 2423 4847 vere
2447 4795 2714 4846 mortuus
2754 4795 2842 4847 est
2883 4797 3117 4866 propter
3154 4791 3364 4848 delicta
3395 4796 3616 4861 nostra,

1962 4885 2019 4937 et
2057 4884 2292 4954 propter
2332 4879 2822 4952 justiﬁcationem
2874 4888 3137 4938 nostram
3186 4882 3361 4952 (Rom.
3393 4897 3468 4951 ιν,
3500 4882 3614 4952 25).

1963 4969 2279 5026 resurrexit
2310 4985 2343 5024 a
2374 4967 2621 5024 mortuis
2651 4968 2928 5039 primitiae
2975 4969 3393 5026 dormientium
3425 4969 3469 5041 (I
3492 4969 3613 5026 Cor.

1959 5077 2053 5124 xv,
2084 5060 2204 5131 20).

2031 5148 2150 5204 VII.
2181 5148 2322 5203 Ecce
2352 5145 2627 5218 pestifera
2665 5147 2952 5216 doctrina,
3003 5163 3130 5203 esse
3161 5146 3449 5203 diabolica
3474 5163 3612 5222 sug-

1959 5238 2167 5311 gestio,
2201 5236 2370 5306 cujus
2403 5238 2464 5288 tu
2493 5233 2734 5308 signifer
2765 5237 3005 5292 effectus
3048 5235 3276 5292 conaris
3308 5236 3613 5308 opiniones

1961 5331 2017 5384 et
2046 5323 2488 5382 adinventiones
2514 5328 2748 5380 tuorum
2768 5329 2969 5382 contra
2990 5325 3364 5382 traditionem
3388 5330 3615 5398 aposto-

1958 5415 2154 5481 licam,
2190 5418 2246 5470 et
2275 5416 2480 5470 contra
2510 5413 2884 5470 manifestam
2934 5414 3235 5471 veritatem
3283 5414 3611 5485 defendere,

1958 5503 2202 5561 dicendo
2229 5519 2242 5558 :
2266 5504 2492 5576 Aquam
2524 5501 2773 5559 calidam
2817 5507 2875 5560 et
2921 5503 3269 5578 sanguinem
3301 5505 3372 5559 de
3401 5503 3525 5560 vivo
3557 5510 3615 5562 et

1960 5593 2145 5652 calido
2167 5591 2380 5651 Christi
2405 5609 2642 5666 corpore
2665 5593 2874 5665 exisse,
2898 5599 2955 5652 et
2996 5595 3123 5653 ideo
3149 5594 3374 5654 Graecos
3395 5610 3612 5666 aquam
