4004 6210
343 357 456 428 987

343 585 514 658 longe
554 584 725 641 aliter
763 592 870 642 est.
910 592 1056 643 Nam
1081 605 1314 646 veraces
1354 591 1720 663 evangelistze
1752 609 1986 648 concor-

339 674 490 730 diter
503 676 1069 732 narrantDominum
1085 681 1346 733 nostrum
1371 679 1512 734 hora
1535 697 1689 735 nona
1731 680 1786 734 in
1813 696 1988 735 cruce

341 769 640 820 mortuum
671 769 726 819 et
756 782 884 820 sero
916 783 948 820 a
977 766 1231 838 Josepho
1273 768 1632 839 postulatum
1658 770 1986 841 depositum

336 854 407 908 de
429 853 585 924 ligno
609 859 664 909 et
691 854 1010 926 sepultum.
1037 857 1167 928 Ipso
1186 857 1339 911 enim
1369 858 1667 913 emittente
1690 858 1985 930 spiritum,

335 942 533 998 velum
579 942 780 1014 templi
835 950 891 998 et
942 950 1113 1016 petra:
1164 945 1362 1000 scissae
1411 953 1570 1014 sunt,
1627 952 1777 1003 terra
1809 952 1984 1016 mota,

336 1036 716 1086 monumenta
749 1036 968 1104 aperta,
1025 1038 1080 1087 et
1123 1033 1308 1088 multa
1365 1051 1605 1106 corpora
1653 1040 1986 1090 sanctorum

337 1125 799 1176 resurrexerunt.
859 1123 916 1174 ln
967 1124 1130 1175 tanta
1193 1123 1388 1193 itaque
1447 1125 1884 1196 perturbatione
1931 1129 1988 1178 et

333 1210 500 1280 quasi
535 1209 839 1281 naufragio
874 1209 1051 1263 totius
1096 1216 1393 1274 creaturze,
1447 1229 1556 1266 non
1611 1212 1808 1282 solum.
1832 1211 1986 1266 latus

331 1298 559 1353 Domini
597 1315 709 1353 non
745 1297 852 1351 fuit
881 1303 1151 1368 apertum
1189 1299 1408 1361 lancea,
1443 1301 1542 1354 sed
1597 1302 1768 1355 eliam
1802 1300 1858 1353 hi
1885 1302 1982 1372 qui

331 1389 494 1458 prius
520 1389 567 1441 ei
607 1386 1047 1451 insultaverant,
1082 1392 1137 1442 et
1162 1389 1233 1442 ad
1261 1389 1658 1459 spectaculum
1686 1389 1829 1444 illud
1854 1407 1984 1444 con-

327 1481 624 1542 venerant,
653 1476 776 1529 viso
803 1479 1132 1530 terrmmotu
1158 1482 1211 1530 et
1239 1476 1330 1530 his
1357 1495 1482 1548 qum
1519 1478 1754 1543 ﬁebant,
1783 1482 1983 1549 pectus

327 1581 501 1619 suum
553 1563 961 1636 percutientes,
1023 1567 1476 1620 revertebantur.
1536 1567 1688 1621 Adeo
1735 1571 1797 1620 ut
1858 1567 1982 1637 ipse

325 1653 606 1716 centurio,
642 1653 732 1707 cui
765 1654 1019 1707 traditus
1054 1655 1241 1708 fuerat
1271 1656 1338 1708 ad
1393 1655 1782 1725 puniendum,
1824 1654 1977 1708 dice-

325 1746 449 1797 ret:
486 1765 512 1791 ‹‹
541 1741 686 1798 Vere
720 1742 820 1796 Dei
859 1742 1016 1796 filius
1056 1748 1179 1797 erat
1209 1742 1315 1797 iste
1349 1744 1558 1813 (illatlh.
1591 1761 1766 1810 xxvn,
1798 1744 1912 1811 54).
1952 1764 1976 1788 ›ὶ

1395 362 1881 433 HUMBERTUS
1925 367 1992 432 8.
2036 365 2112 433 Β.
2156 367 2230 434 Ε.
2275 368 2768 436 GARDINALIS.

341 498 660 555 ferventem
685 497 970 572 sanguine
1003 497 1276 571 ejusjure
1297 501 1562 557 miscere.
1605 503 1764 567 Quod
1803 507 1988 558 totum
2018 506 2072 571 Α

3623 365 3754 436 988

2176 508 2240 562 IX
2273 509 2358 563 Tu
2391 525 2523 564 vero
2556 507 2861 564 maledicta
2889 507 2946 563 et
2974 501 3354 562 malecdictus
3384 517 3581 562 sermo
3625 509 3748 564 oris

2099 596 2181 651 tui
2214 601 2476 652 sanctam
2507 596 2714 670 legem,
2747 597 2900 652 sicut
2946 593 3315 666 Severianus,
3363 593 3739 659 maledictum

2099 684 2316 740 dixisti.
2349 685 2464 741 Nec
2494 685 2732 751 mirum,
2755 701 2888 741 cum
2901 683 3075 740 etiam
3091 700 3300 747 panem
3315 682 3744 749 tuumlaudare

2098 791 2277 845 supra
2307 775 2546 830 modum
2576 774 2838 846 cupiens,
2873 773 3120 828 nimium
3181 772 3525 845 vituperasti
3571 773 3743 832 illum

2097 862 2333 918 dicens:
2369 887 2396 911 «
2429 863 2719 918 Modicum
2743 862 3090 918 fermentum
3113 864 3293 916 totam
3323 877 3585 916 massam
3617 879 3740 918 cor-

2099 951 2319 1023 rumpit
2347 959 2398 1006 et
2429 951 2595 1022 panis
2628 952 2885 1016 tandem,
2919 967 3034 1005 non
3083 965 3353 1021 azymum
3407 950 3685 1006 efficitur.
3711 975 3737 1002 ››

2097 1040 2212 1096 Deo
2243 1040 2448 1112 gratia,
2479 1040 2614 1112 quia
2643 1056 2911 1111 azymum
2952 1055 3067 1094 non
3124 1039 3374 1093 efﬁcitur
3433 1039 3505 1093 de
3537 1056 3737 1096 massa

2096 1129 2377 1184 fermento
2407 1135 2700 1201 corrupta,
2733 1129 2886 1184 sicut
2915 1132 3051 1183 tuus
3075 1127 3416 1199 panis.Nam
3439 1129 3736 1200 corruptio

2095 1234 2398 1289 nunquam
2431 1223 2483 1273 et
2517 1234 2808 1289 nusquam
2857 1217 2912 1271 in
2947 1217 3164 1271 bonum
3224 1215 3551 1288 accipitur;
3596 1217 3734 1289 quia

2094 1306 2426 1377 ubicunque
2439 1306 2753 1378 corruptio,
2779 1305 2857 1360 ibi
2873 1305 3047 1360 etiam
3064 1304 3406 1360 substantia:
3423 1306 3737 1362 deteriora-

2094 1395 2196 1450 tio.
2231 1395 2558 1460 Quinetiam
2591 1412 2726 1450 cum
2783 1409 3100 1465 exponeres
3167 1394 3521 1449 sententiam
3581 1395 3734 1451 beati

2094 1482 2278 1547 Pauli,
2310 1501 2484 1555 quam
2519 1487 2650 1554 post
2680 1486 2762 1537 tot
2793 1481 3144 1537 orthodoxos
3169 1481 3388 1545 Patres,
3423 1483 3588 1538 nobis
3619 1501 3729 1538 no-

2090 1571 2286 1626 lumus
2321 1572 2390 1626 ab
2405 1570 2924 1642 haereticisexponi,
2950 1570 3218 1642 quamvis
3241 1569 3441 1626 nolens
3457 1588 3725 1643 azymum

2088 1659 2338 1715 laudasti
2373 1660 2571 1716 dicens
2598 1678 2609 1715 :
2643 1660 2806 1714 Sicut
2833 1659 2975 1714 estis
3004 1658 3302 1732 baptizati,
3327 1659 3383 1714 id
3408 1664 3516 1727 est,
3540 1658 3728 1730 azymi

2086 1752 2145 1803 et
2202 1747 2354 1820 puri.
2414 1748 2472 1803 Si
2531 1763 2668 1820 ergo
2727 1748 3053 1804 secundum
3101 1751 3264 1802 tuam
3297 1747 3731 1803 confessionem

425 1830 523 1885 ubi
555 1831 847 1933 tumultus
882 1831 1084 1930 mundi
1120 1832 1562 1933 conquieverat,
1585 1835 1641 1887 et
1663 1831 1975 1932 .securitas
2005 1869 2053 1933 B
2085 1837 2360 1909 baptizati
2394 1841 2534 1933 sunt
2563 1836 2770 1910 azymi,
2803 1837 2942 1910 quid
2975 1840 3114 1893 sunt
3144 1853 3259 1890 non
3283 1835 3585 1908 baptizati,
3617 1833 3733 1894 nisi

322 1917 518 1990 aliqua
567 1919 756 1984 rediit,
803 1935 934 1973 cum
961 1920 1084 1989 jam
1137 1936 1263 1974 sero
1309 1924 1482 1986 esset,
1505 1919 1778 1976 Pharisaei
1810 1937 1975 1993 roga-

319 2011 529 2062 verunt
561 2007 807 2062 Pilatum
841 2013 905 2062 ut
937 2012 1170 2079 propter
1196 2007 1519 2063 solemnem
1555 2009 1707 2063 diem
1731 2009 1971 2064 Sabbati

319 2097 726 2167 frangerentur
753 2097 1161 2151 crucifixorum
1195 2115 1368 2152 crura
1417 2102 1473 2152 et
1522 2099 1970 2170 deponerentur.

317 2187 476 2239 Tunc
499 2200 728 2255 quoque
752 2185 967 2256 Joseph
997 2186 1217 2257 rogavit
1239 2186 1488 2240 Pilatum
1524 2191 1588 2242 ut
1607 2186 1829 2242 tolleret
1853 2203 1974 2241 cor-

316 2288 428 2344 pus
449 2273 609 2328 Jesu.
637 2273 856 2328 Pilatus
885 2275 1003 2328 viro
1033 2275 1362 2328 mirabatur
1397 2275 1445 2329 si
1469 2277 1596 2344 jam
1621 2275 1876 2330 obiisset.
1905 2277 1974 2329 Et

314 2361 593 2417 accersito
625 2362 985 2425 centurione,
1019 2364 1115 2416 ubi
1152 2364 1421 2435 cognovit
1442 2364 1643 2420 Jesum
1667 2365 1793 2435 jam
1820 2382 1973 2420 mor-

313 2453 508 2516 tuum,
532 2450 767 2504 donavit
787 2467 997 2522 corpus
1018 2451 1254 2522 Joseph.
1284 2453 1455 2507 Porro
1480 2453 1695 2508 milites
1720 2454 1789 2507 ad
1827 2471 1968 2526 prae-

315 2543 547 2609 ceptum
599 2538 765 2594 Pilati
813 2541 1110 2611 fregerunt
1157 2557 1328 2596 crura
1377 2541 1586 2612 prioris
1635 2547 1690 2596 et
1730 2543 1970 2598 alterius

313 2625 578 2682 latronis.
623 2627 709 2680 Ad
739 2627 943 2682 Jesum
978 2634 1173 2683 autem
1207 2646 1340 2684 cum
1374 2631 1688 2698 venissent,
1723 2636 1786 2686 ut
1815 2631 1968 2686 vide-

316 2719 455 2770 runt
483 2732 616 2771 eum
641 2717 768 2787 jam
802 2723 1100 2773 mortuum
1123 2762 1136 2784 ,
1165 2735 1278 2773 non
1313 2721 1610 2791 fregerunt
1631 2722 1757 2791 ejus
1779 2737 1968 2788 crura,

319 2805 420 2858 sed
448 2821 603 2858 unus
628 2804 880 2860 militum
903 2805 1103 2861 lancea
1130 2805 1284 2862 latus
1314 2809 1441 2876 ejus
1473 2810 1718 2879 aperuit,
1753 2814 1809 2863 et
1831 2826 1966 2864 con-

320 2892 485 2948 tinuo
507 2893 683 2947 exivit
707 2895 948 2966 sanguis
969 2900 1025 2950 et
1051 2911 1224 2967 aqua,
1265 2897 1482 2966 quibus
1505 2898 1855 2952 formaretur
1877 2899 1971 2952 Ec-

321 2980 518 3048 clesia,
572 2984 1070 3053 quemadmodum
1118 3002 1185 3039 ex
1233 2990 1392 3040 costa
1439 2987 1573 3040 Adae
1623 2986 1968 3042 dormientis

311 3071 562 3126 formata
590 3077 679 3126 est
699 3073 832 3126 Eva.
858 3073 1000 3128 Ecce
1040 3073 1087 3128 si
1138 3073 1284 3129 hora
1322 3090 1475 3130 nona
1521 3076 1682 3141 obiit,
1731 3082 1786 3132 et
1816 3092 1965 3144 sero,

309 3160 436 3230 jam
469 3160 539 3215 de
571 3177 742 3216 cruce
781 3162 1182 3232 deponendus,
1229 3162 1431 3218 lancea
1477 3180 1791 3235 percussus
1836 3165 1964 3220 fuit.

315 3249 561 3320 sanguis
592 3249 702 3305 fuit
731 3249 846 3316 ille,
884 3250 1230 3306 naturaliter
1277 3252 1502 3308 calidus
1533 3270 1646 3307 non
1680 3253 1808 3316 fuit,
1843 3257 1961 3307 toto
1993 3235 2035 3302 C

322 3353 561 3409 corpore
583 3340 708 3408 jam
743 3345 1093 3410 praemortuo
1124 3345 1182 3396 et
1212 3341 1443 3413 frigido.
1478 3343 1640 3404 Quod
1689 3341 1736 3396 si
1770 3340 1966 3412 aliquo

317 3427 491 3482 modo
512 3427 728 3482 caluit:
750 3428 1123 3500 Evangelium
1148 3445 1328 3499 quare
1359 3434 1587 3483 tantum
1615 3429 1965 3483 miraculum

309 3519 367 3570 et
396 3521 828 3572 sacramentum
861 3518 1084 3573 tacuit?
1118 3518 1282 3572 Unde
1313 3534 1415 3572 vos
1462 3517 1591 3572 novi
1632 3523 1967 3590 symmystze

305 3604 577 3662 volumus
606 3605 815 3662 dicatis
847 3623 920 3660 an
954 3607 1200 3677 sanguis
1233 3611 1488 3673 tantum,
1528 3611 1629 3660 aut
1657 3623 1806 3678 aqua
1835 3611 1966 3661 tan-

308 3697 455 3759 tum,
498 3711 569 3749 an
604 3695 779 3749 simul
814 3702 1130 3766 utrumque
1161 3694 1450 3749 caluerit?
1480 3695 1537 3749 Si
1572 3696 1814 3767 sanguis
1843 3701 1968 3751 tan-

309 3785 457 3848 tum,
508 3799 687 3854 quare
741 3801 954 3855 aquam
1001 3782 1358 3850 calefacitis;
1411 3783 1458 3838 si
1511 3799 1663 3854 aqua
1709 3789 1962 3852 tantum,

311 3887 489 3942 quare
538 3888 606 3926 ex
658 3889 726 3928 ea
784 3873 1103 3928 calefacitis
1170 3871 1515 3942 sanguinem
1583 3874 1843 3928 Christi?
1911 3875 1966 3928 Si

310 3965 628 4032 utrumque
652 3962 850 4029 simul,
871 3979 1051 4033 quare
1070 3967 1388 4032 utrumque
1411 3961 1584 4016 simul
1605 3979 1718 4016 non
1739 3963 1970 4018 caleiit‘?

310 4049 421 4104 Sed
455 4051 623 4119 cujus
655 4051 780 4105 visu
815 4051 899 4106 vel
936 4056 1089 4106 tactu
1126 4051 1314 4122 potuit
1356 4050 1631 4119 discerni,
1670 4052 1971 4123 quodlibet

309 4137 518 4193 horum
543 4139 794 4194 duorum
819 4155 884 4194 ex
916 4157 1030 4195 uno
1051 4139 1290 4194 vulnere
1331 4139 1509 4194 simul
1534 4141 1970 4211 erumpentium

311 4225 567 4293 calidum
592 4232 692 4282 aut
729 4228 1006 4299 frigidum
1045 4227 1226 4283 fuisse
1253 4228 1281 4280 ?
1307 4228 1589 4282 Praeterea
1631 4229 1679 4282 si
1704 4228 1973 4300 aquailla

311 4315 512 4382 caluit,
546 4332 723 4387 quare
754 4322 810 4372 et
839 4334 992 4388 aqua
1025 4317 1397 4388 baptismatis
1431 4333 1546 4371 non
1582 4317 1800 4380 calefit,
1835 4334 1967 4372 cum

311 4402 599 4474 praecipue
613 4404 739 4475 ipsa
752 4404 1118 4475 baptismum
1134 4404 1547 4476 praeﬁguravit,
1563 4405 1714 4459 sicut
1728 4407 1970 4478 sanguis

312 4490 774 4563 redemptionem
796 4494 822 4546 ’ἲ
844 4493 1132 4548 Volumus
1146 4499 1341 4547 autem
1358 4491 1506 4547 scire
1521 4509 1636 4562 qua
1652 4493 1972 4549 intentione

2086 1924 2436 1994 fermentati,
2471 1926 2526 1979 id
2559 1930 2648 1981 est
2677 1926 2932 1998 corrUpti
2957 1925 2984 1979 ?

2156 2015 2220 2070 X.
2248 2015 2346 2070 Dic
2377 2018 2572 2070 tamen
2605 2015 2704 2069 ubi
2735 2018 2791 2069 et
2811 2012 3101 2084 quomodo
3126 2009 3337 2065 Paulus
3370 2026 3504 2064 cum
3541 2013 3738 2066 unde-

2083 2103 2195 2158 cim
2229 2103 2507 2175 apostolis
2535 2118 2784 2158 canones
2809 2100 2940 2154 illos
2964 2115 3096 2154 cum
3119 2096 3737 2154 excommunicatione

2081 2191 2367 2262 exposuit,
2402 2207 2648 2263 quorum
2679 2193 2740 2243 tu
2790 2186 2958 2242 nobis
3014 2184 3516 2256 septuagesimum
3550 2188 3732 2254 caput

2081 2281 2330 2352 objicis?
2359 2279 2592 2336 omnino
2625 2276 2888 2331 nesciens
2920 2273 3059 2346 quid
3092 2272 3387 2343 loquaris:
3429 2294 3450 2320 α
3478 2271 3539 2326 Si
3566 2271 3724 2343 quis,

2080 2369 2292 2440 inquit,
2322 2367 2630 2438 episcopus
2661 2368 2761 2418 aut
2788 2363 3092 2435 presbyter
3119 2365 3222 2416 aut
3276 2359 3581 2424 diaconus,
3624 2365 3728 2416 aut

2079 2457 2316 2514 omnino
2349 2472 2416 2510 ex
2445 2469 2690 2509 numero
2713 2447 3426 2520 clericorumjejunaverit
3447 2464 3580 2503 cum
3614 2449 3724 2504 He-

2078 2546 2266 2611 braeis,
2301 2549 2400 2599 aut
2430 2543 2700 2616 epulatus
2733 2541 2909 2595 fuerit
2937 2554 3071 2594 cum
3097 2537 3201 2601 eis,
3234 2542 3292 2593 et
3321 2538 3610 2609 acceperit
3639 2537 3725 2592 fe-

2077 2635 2403 2692 stivitatum
2435 2647 2638 2688 eorum
2653 2645 2919 2693 munera,
2944 2631 3010 2683 ut
3031 2632 3170 2682 sunt
3195 2643 3418 2698 azyma,
3441 2630 3542 2680 aut
3562 2624 3722 2681 aliud

2077 2707 2786 2794 hujusmodi,deponatur
2803 2736 2816 2786 ;
2833 2717 3020 2773 laicus
3035 2720 3230 2771 autem
3256 2719 3676 2786 sequestretur.
3699 2738 3726 2764 »

2077 2813 2267 2868 Etiam
2299 2811 2349 2866 si
2382 2811 2489 2865 hoc
2521 2807 2844 2880 capitulum
2877 2805 3130 2862 exlibris
3161 2803 3517 2860 authenticis
3541 2804 3730 2876 prola-

2080 2905 2207 2956 tum
2241 2905 2418 2966 esset,
2451 2897 2614 2953 nullo
2647 2896 2819 2952 modo
2851 2912 2958 2950 nos
2978 2899 3260 2964 tangeret,
3292 2893 3432 2965 quia
3454 2909 3558 2948 nec
3587 2910 3724 2948 cum

2081 2990 2332 3046 Hebraeis
2359 2989 2720 3058 jejunamus,
2752 3001 2856 3040 nec
2897 3000 3031 3040 cum
3063 2983 3146 3038 eis
3171 2982 3484 3054 epulamur
3512 2986 3615 3037 aut
3643 2982 3726 3038 fe-

2077 3078 2402 3134 stivitatum
2434 3091 2636 3131 eorum
2670 3090 2916 3129 munera
2955 3071 3152 3144 aliqua
3182 3071 3522 3143 accipimus.
3556 3071 3720 3135 Quod

2077 3171 2271 3223 autem
2302 3170 2365 3219 tu
2393 3179 2603 3220 vesane
2634 3161 2945 3233 subjungis
2975 3161 3136 3216 :Sive
3158 3162 3228 3214 ab
3254 3159 3370 3214 illis
3396 3159 3725 3232 accipiatis,

2074 3255 2192 3311 sive
2221 3253 2380 3309 domi
2413 3252 2660 3318 faciatis,
2694 3267 2896 3324 azyma
2926 3254 3084 3305 sunt.
3125 3250 3182 3304 [d
3205 3247 3472 3319 jaculum
3503 3249 3608 3303 tibi
3643 3265 3726 3304 re-

2075 3349 2419 3415 torquemus
2449 3341 2744 3396 dicentes:
2779 3361 2808 3389 «
2841 3338 2970 3394 Sive
3000 3355 3135 3393 cum
3167 3337 3421 3394 Hebraeis
3462 3338 3721 3394 Sabbato

2073 3431 2416 3506 epulemini,
2475 3431 2594 3485 sive
2650 3429 2807 3484 domi
2844 3470 2857 3496 ,
2917 3427 3172 3499 epulatio
3202 3430 3310 3482 est.
3346 3449 3374 3476 ››
3429 3427 3582 3482 Sane
3612 3426 3722 3482 hoc

2074 3521 2310 3591 dignius
2344 3523 2547 3575 contra
2574 3535 2676 3574 vos
2709 3517 3078 3590 dirigeretur,
3112 3515 3250 3586 quia
3269 3531 3371 3571 vos
3393 3515 3538 3570 nihil
3563 3515 3723 3570 aliud

2075 3611 2134 3665 in
2166 3610 2422 3666 Sabbato
2455 3624 2631 3680 quam
2653 3606 3083 3663 solemnitatem
3105 3604 3464 3671 Judacorum,
3489 3621 3596 3659 nos
3627 3621 3727 3659 au-

2076 3703 2192 3754 tem
2225 3699 2283 3752 in
2316 3713 2516 3770 azymo
2547 3696 2717 3767 longe
2747 3693 2906 3750 aliud
2938 3697 3374 3749 sacramentum
3406 3692 3730 3748 retinemus

2075 3792 2132 3843 et
2164 3785 2596 3858 amplectimur.
2613 3784 2671 3839 Si
2686 3783 2842 3838 enim
2861 3782 3291 3854 interrogemus
3304 3780 3560 3846 Judaeos,
3585 3781 3730 3852 quid

2077 3875 2370 3932 celebrent
2400 3875 2457 3928 in
2491 3873 2743 3928 Sabbato
2765 3871 2793 3925 ?
2823 3869 3279 3941 Respondebunt
3305 3887 3316 3924 :
3351 3892 3378 3917 «
3443 3869 3728 3941 Requiem

2077 3962 2328 4020 Domini.
2368 3984 2394 4010 »
2425 3961 2482 4017 Si
2515 3962 2766 4026 Graecos,
2799 3958 2955 4012 idem
3013 3962 3071 4012 et
3137 3974 3250 4011 non
3309 3956 3467 4012 aliud
3509 3957 3724 4013 dicent.

2079 4055 2224 4124 Ergo
2258 4054 2366 4107 sub
2399 4049 2672 4106 servitute
2702 4047 2850 4120 legis
2881 4051 3038 4102 sunt.
3075 4047 3134 4100 In
3185 4045 3355 4116 cujus
3413 4047 3624 4102 umbra
3671 4050 3729 4101 et

2076 4141 2335 4198 tenebris
2367 4138 2776 4195 consederunt.

2151 4231 2220 4285 XI
2251 4229 2467 4285 Deinde
2494 4231 2627 4298 post
2658 4225 2863 4281 inanes
2919 4224 3168 4280 latratus
3225 4240 3403 4296 super
3443 4223 3724 4280 vocabulo

2079 4319 2269 4392 panis,
2295 4316 2576 4373 reduxisti
2601 4314 2770 4370 nobis
2797 4330 2982 4369 annos
2999 4313 3072 4368 ab
3095 4313 3259 4367 initio
3283 4313 3510 4380 mundi,
3540 4330 3729 4386 usque

2080 4408 2150 4463 ad
2185 4405 2517 4478 passionem
2544 4402 2784 4467 Christi,
2821 4401 3056 4473 quando
3085 4401 3413 4455 secundum
3445 4406 3498 4456 te
3531 4400 3731 4472 cyclus

2081 4496 2291 4552 solaris
2321 4498 2445 4549 erat
2472 4509 2613 4548 xvm
2643 4499 2697 4547 et
2719 4491 2869 4546 lunae
2892 4507 2925 4545 v
2954 4507 2967 4546 :
2993 4495 3060 4545 ut
3085 4490 3194 4544 hoc
3215 4489 3420 4545 saltem
3452 4489 3732 4562 figmento

311 4586 532 4635 costam
566 4579 778 4636 Christi
814 4581 1256 4636 immaculatam
1306 4581 1564 4635 dixeris?
1603 4582 1662 4636 Si
1696 4599 1798 4654 pro
1831 4600 1965 4639 san-
1999 4607 2050 4670 ι)
2078 4586 2269 4658 possis
2300 4583 2542 4640 evadere
2573 4597 2706 4637 cum
2741 4581 3024 4636 fermento
3048 4583 3171 4646 tuo,
3195 4578 3364 4650 quasi
3381 4579 3550 4649 juxta
3579 4577 3732 4633 hanc

314 4666 513 4724 ctitate
544 4675 601 4724 et
622 4668 985 4724 innocentia:
1021 4667 1238 4740 optime
1269 4687 1280 4735 ;
1318 4667 1366 4723 si
1389 4675 1584 4724 autem
1609 4686 1711 4741 pro
1732 4687 1798 4726 eo
1817 4673 1969 4743 quod

314 4757 784 4829 impenetrabilis
816 4758 966 4811 ferro
999 4757 1142 4812 fuit:
1196 4757 1482 4828 pessime;
1537 4758 1678 4828 quia
1727 4759 1796 4814 de
1841 4776 1974 4816 vero

312 4847 552 4901 vulnere
581 4863 802 4911 verum,
837 4863 950 4899 non
984 4845 1446 4916 pbantasticum,
1491 4847 1838 4918 sanguinem
1868 4866 1972 4920 pro

313 4935 483 4990 nobis
515 4935 682 4990 fudit.
713 4935 780 4988 Et
803 4949 915 4987 non
941 4935 1011 4987 de
1034 4938 1214 4999 costa,
1249 4934 1401 4988 sicut
1431 4940 1490 4988 tu
1525 4935 1754 5004 scribis,
1780 4937 1877 4992 sed
1902 4938 1973 4992 de

311 5021 510 5089 latere,
533 5025 673 5094 quia
693 5039 758 5077 os
786 5021 1133 5094 sanguinem
1160 5039 1274 5078 non
1299 5021 1446 5078 solet
1479 5023 1763 5089 emittere,
1783 5041 1886 5080 nec
1907 5042 1972 5080 os

313 5112 747 5167 comminutum
783 5110 892 5165 fuit
923 5128 989 5164 ex
1020 5109 1322 5166 Dominico
1354 5128 1612 5182 corpore.

383 5200 529 5254 Vill.
564 5199 850 5254 Caeterum
886 5201 1039 5270 quod
1074 5200 1244 5271 panis
1294 5200 1369 5254 sit
1417 5205 1474 5254 et
1522 5199 1752 5255 dicatur
1792 5202 1967 5257 etiam

313 5304 578 5360 azymus,
608 5293 666 5343 et
697 5290 848 5360 quod
887 5305 998 5344 non
1031 5306 1166 5343 cum
1216 5288 1668 5360 Theupaschitis
1715 5290 1772 5343 in
1805 5307 1974 5346 sacra

313 5375 608 5446 oblatione
639 5394 926 5444 erremus,
961 5382 1017 5432 et
1065 5379 1222 5450 quod
1269 5394 1384 5433 non
1433 5393 1704 5449 azymum
1761 5380 1971 5436 veteris

314 5463 484 5535 legis,
504 5466 604 5518 sed
629 5465 986 5522 sinceritatis
1008 5470 1065 5522 et
1083 5467 1344 5523 veritatis
1384 5466 1784 5533 comedamus,
1813 5469 1969 5538 quod

313 5567 427 5620 que
469 5557 659 5607 vetera
708 5554 1087 5621 transierunt,
1139 5561 1196 5611 et
1244 5557 1397 5610 facta
1441 5559 1579 5610 sunt
1628 5571 1793 5625 nova,
1827 5557 1971 5614 satis

315 5638 647 5693 ostenditur
677 5641 736 5696 in
769 5640 886 5695 alia
918 5647 1117 5698 nostra
1149 5643 1415 5714 epistola.

2083 4673 2557 4745 supputationem
2616 4675 2801 4735 tuam,
2835 4673 3104 4724 occurrat
3158 4668 3217 4723 in
3268 4669 3441 4724 Coena
3499 4667 3732 4724 Domini

2083 4763 2224 4818 luna
2280 4778 2402 4828 xm,
2466 4761 2524 4814 in
2583 4775 2700 4831 qua
2753 4759 3017 4812 nondum
3050 4758 3399 4813 fermentum
3432 4756 3730 4826 abjecerat

2084 4853 2247 4925 plebs
2279 4852 2536 4906 Hebraea.
2571 4849 2682 4904 Sed
2709 4864 2815 4903 nos
2846 4847 3307 4919 chronographis
3331 4851 3386 4901 et
3406 4841 3720 4898 calculato-

2081 4942 2244 4996 ribus
2273 4939 2416 4995 talia
2446 4937 2864 5007 relinquentes,
2888 4936 3140 4990 maxime
3161 4950 3288 4990 cum
3314 4931 3466 5005 apud
3489 4932 3726 4988 Graecos

2081 5033 2139 5085 et
2169 5027 2404 5083 Latinos
2437 5029 2612 5097 atque
2639 5023 2906 5079 Hebraeos
2963 5023 3200 5079 diversae
3256 5023 3326 5078 de
3359 5019 3728 5092 temporibus

2081 5118 2412 5174 habeantur
2471 5114 2764 5170 rationes:
2819 5111 2930 5167 hoc
2985 5116 3216 5166 tantum
3274 5111 3548 5176 dicimus,
3583 5109 3728 5180 quia

2080 5206 2346 5264 Christus
2376 5221 2480 5259 nec
2511 5218 2694 5258 unum
2727 5201 2845 5256 iota
2864 5204 2964 5255 aut
2986 5201 3208 5273 apicem
3232 5197 3608 5271 veterislegis
3639 5214 3732 5253 re.

2080 5295 2269 5352 solvit.
2303 5294 2465 5349 Unde
2494 5297 2552 5348 et
2581 5308 2678 5345 xxv
2706 5289 2846 5346 luna
2874 5291 2946 5344 ad
2976 5305 3284 5362 vesperum
3339 5287 3547 5360 quinta
3582 5287 3732 5342 Sab-

2081 5383 2204 5442 bati
2228 5381 2448 5436 Pascha
2475 5378 2806 5447 celebravit,
2839 5381 2896 5433 et
2925 5393 3058 5433 mox
3109 5376 3314 5432 eadem
3373 5379 3540 5430 nocte
3571 5389 3730 5446 com-

2080 5469 2426 5544 prehensus,
2457 5463 2773 5521 crucifixus
2795 5467 2884 5520 est
2909 5463 3347 5535 quintadecima
3367 5461 3530 5529 luna,
3551 5462 3609 5517 id
3642 5466 3732 5518 est

2079 5561 2242 5616 sexta
2270 5553 2528 5625 Sabbati,
2562 5569 2686 5625 quas
2712 5551 3042 5624 specialiter
3061 5552 3367 5608 dicebatur
3389 5552 3584 5624 prima
3604 5551 3732 5607 dies

2079 5659 2435 5718 azymorum.
2469 5641 2745 5710 Quamvis
2774 5645 2831 5698 et
2859 5642 2919 5696 in
2948 5645 3069 5697 tota
3100 5641 3462 5712 praeedente
3493 5628 3639 5708 dis,‘
3670 5639 3730 5694 id
