4004 6210
261 403 381 470 989

1608 400 1923 466 CONTRA
1964 397 2341 464 NICETAM.

3555 407 3676 472 990

264 543 356 597 est
385 539 594 612 quarta
623 535 851 594 decima
879 536 1041 605 luna,
1078 537 1486 595 fermentatum
1517 554 1633 592 non
1665 553 1909 609 appare-
1937 535 1994 602 Α
2095 538 2234 594 XVI.
2270 538 2413 595 I‘Iinc
2443 538 2748 596 videamus
2771 538 2820 596 si
2843 554 2959 598 non
2972 537 3112 598 estis
3135 538 3496 609 Sabbatiani,
3525 558 3675 615 quos

265 632 356 687 ret
383 628 444 685 in
475 627 752 685 omnibus
779 627 998 683 finibus
1036 627 1236 684 Israel.
1278 627 1424 684 Nam
1457 630 1512 683 et
1551 644 1739 700 agnus
1782 641 1915 680 cum

267 719 488 793 azymis
520 717 954 775 comedebatur.
980 717 1141 782 Quod
1174 717 1222 773 si
1246 717 1416 788 juxta
1446 720 1608 772 tuam
1640 715 1915 771 assertio-

266 825 401 865 nem
430 807 701 864 Christus
745 806 970 862 Pascha
999 806 1134 862 fecit
1161 805 1570 862 tcrtiadecima
1603 805 1743 860 luna
1781 820 1914 859 cum

262 898 634 963 fermentato,
669 895 981 968 dupliciter
1028 912 1161 951 reus
1195 894 1339 963 fuit;
1383 896 1546 966 juste
1581 894 1916 966 puniendus

262 986 592 1044 secundum
614 985 824 1058 legem,
849 985 989 1057 quia
1010 984 1232 1040 Pascha
1263 985 1394 1040 fecit
1421 985 1478 1037 in
1510 987 1769 1054 tempore
1801 999 1916 1038 non

263 1092 395 1145 suo,
448 1079 506 1130 et
551 1074 690 1148 quia
746 1091 882 1130 cum
937 1073 1299 1129 fermentato.
1354 1074 1717 1142 Quapropter
1759 1087 1918 1126 mors

264 1165 394 1238 ejus
424 1162 572 1219 nihil
608 1164 778 1220 nobis
817 1164 1090 1229 conferet,
1127 1161 1225 1234 qui
1267 1178 1380 1217 non
1415 1177 1516 1231 pro
1556 1158 1772 1214 nostris
1818 1160 1917 1214 sed

268 1270 374 1328 pro
406 1253 532 1310 suis
563 1253 818 1327 peccatis
848 1251 1092 1319 interiit,
1140 1250 1361 1307 scilicet
1392 1249 1533 1322 quia
1583 1248 1691 1303 fuit
1723 1252 1918 1304 trans-

269 1359 506 1417 grcssor
535 1347 748 1400 sanctas
777 1342 943 1415 legis.
968 1341 1079 1397 Sed
1102 1341 1171 1395 de
1202 1340 1294 1394 his
1318 1339 1462 1394 alias
1488 1337 1719 1410 copiose
1741 1337 1918 1394 disse-

272 1431 528 1488 ruimus.

351 1526 470 1583 ΧΙΙ.
503 1521 722 1580 Deinde
746 1521 794 1576 si
816 1519 1070 1591 exceptis
1093 1521 1316 1590 septem
1349 1517 1556 1573 diebus
1583 1515 1770 1572 Judaei
1802 1519 1920 1571 toto

273 1633 428 1674 anno
455 1613 890 1674 fermentatum,
915 1611 978 1662 ut
1004 1607 1242 1672 asseris,
1275 1605 1592 1661 comedunt
1624 1603 1755 1676 quis
1783 1621 1920 1659 con-

272 1702 603 1762 venientius
650 1699 821 1755 debet
860 1696 1047 1769 argui,
1095 1693 1193 1751 ille
1223 1695 1323 1766 qui
1373 1693 1617 1749 minimo
1662 1697 1920 1764 tempore

275 1811 380 1852 eos
432 1791 697 1847 imitatur
745 1787 802 1841 in
845 1784 1082 1858 azymis,
1141 1801 1214 1839 an
1249 1782 1346 1839 ille
1378 1783 1477 1854 qui
1528 1785 1645 1838 toto
1677 1799 1830 1836 anno
1861 1781 1920 1836 in

275 1875 686 1939 fermentatis?
719 1873 882 1930 Absit
901 1877 1097 1928 tamen
1117 1877 1179 1927 ut
1201 1888 1401 1928 eorum
1425 1870 1719 1927 carnalem
1743 1869 1921 1925 ritum

276 1971 338 2027 in
371 1968 571 2040 aliquo
595 1963 892 2019 imitemur
915 1962 927 2016 1

346 2055 499 2113 XIII.
538 2053 754 2108 Verum
786 2050 1061 2123 quoniam
1113 2049 1476 2122 labyrintheo
1518 2064 1712 2103 errore
1743 2048 1924 2103 duce-

273 2146 378 2216 ris,
413 2146 478 2200 ut
515 2158 670 2198 nunc
701 2157 818 2213 qua
845 2138 1045 2195 exibas
1079 2139 1277 2203 intres,
1317 2154 1473 2192 nunc
1514 2153 1632 2208 qua
1663 2137 1925 2193 intrabas

276 2251 468 2301 exeas,
500 2233 715 2288 iterum
763 2229 1028 2285 eamdem
1081 2228 1236 2283 viam
1283 2226 1445 2293 teris,
1488 2225 1688 2282 dicens
1735 2244 1747 2281 :
1805 2226 1924 2281 «Si

275 2322 562 2381 traditum
593 2319 758 2376 vobis
789 2317 900 2372 fuit
931 2317 1001 2372 ab
1034 2315 1314 2388 apostolis
1360 2315 1660 2370 comedere
1702 2333 1923 2387 azyma,

279 2411 574 2487 quomodo
629 2406 856 2481 Agatho
913 2421 1064 2476 papa
1110 2409 1316 2470 vester,
1364 2420 1680 2475 praesessor
1711 2408 1926 2460 sancta:

279 2505 452 2559 sextae
495 2496 726 2571 synodi,
760 2511 894 2550 cum
937 2491 1214 2565 Gregorio
1256 2493 1771 2565 Agrigentinorum
1806 2493 1928 2565 epi-

278 2606 456 2662 scopo
505 2591 561 2642 et
608 2584 738 2640 aliis
787 2581 1080 2650 Patribus,
1125 2585 1328 2635 contra
1373 2597 1576 2653 azyma
1619 2598 1689 2636 ne
1721 2582 1928 2637 ﬁerent

276 2679 468 2753 legem
501 2673 742 2732 statuit?
776 2694 803 2721 »
843 2669 1015 2740 Audi,
1059 2669 1258 2734 stulte,
1303 2685 1448 2724 vane
1484 2687 1495 2724 :
1531 2687 1645 2724 non
1697 2674 1928 2725 tantum

279 2769 352 2824 ab
387 2762 686 2838 apostolis,
721 2764 1007 2833 quantum
1041 2757 1114 2812 ab
1137 2757 1264 2831 ipso
1295 2757 1538 2813 Domino
1567 2763 1768 2814 nostro
1789 2760 1927 2814 Jesu

277 2855 510 2912 Christo
552 2849 836 2907 traditum
867 2850 954 2903 est
994 2848 1187 2914 nobis,
1232 2863 1436 2919 azyma
1475 2864 1591 2902 non
1625 2848 1695 2902 de
1742 2847 1930 2903 Phase

279 2943 529 3003 Judaico
562 2939 887 3006 comedere,
918 2937 1018 2993 sed
1051 2937 1122 2992 de
1142 2935 1367 2992 Pascha
1397 2935 1721 2992 Christiano
1752 2937 1929 3010 perci-

327 3049 444 3089 6P6.

283 3052 503 3176 Pellellh
534 3119 649 3175 Nec
680 3116 761 3173 rei
791 3119 1056 3172 tenemur
1085 3113 1184 3170 illo
1217 3114 1372 3186 quod
1405 3113 1668 3184 objecisti
1696 3131 1822 3186 cap.
1867 3115 1928 3170 11

291 3213 464 3268 sextae
508 3207 734 3279 synodi,
767 3205 966 3261 dicens
997 3221 1009 3258 :
1048 3228 1074 3254 ‹‹
1106 3204 1288 3259 Nemo
1320 3203 1378 3257 in
1412 3202 1756 3258 sacerdotali
1797 3221 1930 3259 con-

2029 633 2492 685 commemorant
2542 629 2739 685 Patres
2780 635 2991 687 sanctas
3034 630 3252 702 quintae
3301 633 3529 705 synodi.
3563 635 3670 689 Re-

2026 717 2394 789 prehendens
2415 717 2569 774 enim
2585 736 2690 774 nos
2709 721 3164 791 curjejunemus
3185 721 3478 788 Sabbatis,
3504 722 3670 779 dicis:

2035 829 2060 860 α
2092 807 2310 870 Quarta
2348 813 2404 863 ct
2452 811 2615 864 sexta
2649 807 2792 865 feria
2825 810 3050 882 jugiter
3083 811 3476 881 jejunandum
3511 829 3523 866 :
3558 829 3675 866 una

2028 901 2263 969 propter
2295 897 2686 963 traditionem,
2721 898 2902 953 altera
2932 903 3166 971 propter
3197 900 3531 972 passionem
3563 901 3673 955 D0-

2030 985 2196 1053 mini,
2232 986 2483 1041 Sabbato
2515 992 2711 1042 autem
2748 1005 3051 1058 nunquam
3093 988 3205 1043 nisi
3239 1005 3375 1043 uno.
3411 1013 3437 1038 »
3469 990 3539 1044 Et
3568 989 3675 1043 hoc

2029 1091 2286 1130 asserere
2327 1075 2555 1129 conaris
2587 1079 2644 1130 et
2681 1076 3029 1148 apocryphis
3058 1076 3225 1132 libris
3257 1082 3313 1131 et
3352 1078 3677 1133 canonibus

2029 1163 2154 1234 pari
2188 1161 2474 1216 sententia
2503 1167 2839 1218 sanctorum
2873 1168 3110 1218 Patrum
3163 1166 3500 1237 repudiatis.
3531 1166 3675 1220 Nam

2030 1250 2342 1306 Clementis
2371 1250 2538 1316 liber,
2563 1251 2617 1305 id
2651 1256 2756 1315 est,
2780 1250 3140 1307 itinerarium
3173 1254 3322 1308 Petri
3347 1254 3590 1324 apostoli
3622 1260 3678 1309 et

2031 1356 2283 1395 canones
2313 1339 2711 1410 apostolorum
2743 1343 3295 1396 numeranturinter
3324 1344 3674 1416 apocrypha,

2031 1427 2281 1499 exceptis
2313 1427 2582 1499 capitulis
2625 1428 3074 1501 quinquaginta,
3123 1448 3249 1500 qua:
3303 1432 3681 1486 decreverunt

2031 1516 2249 1590 regulis
2280 1516 2617 1572 orthodoxis
2650 1518 3041 1589 adiungenda.
3080 1519 3240 1572 Unde
3292 1537 3397 1574 nos
3448 1537 3678 1590 quoque

2032 1622 2203 1662 omne
2234 1605 2604 1678 apocryphon
2637 1605 2997 1676 abjicientes,
3047 1607 3439 1679 dedignamur
3480 1609 3681 1666 audire

2032 1712 2233 1752 eorum
2266 1695 2564 1751 labulosas
2594 1696 2962 1764 traditiones,
2998 1697 3134 1768 quia
3175 1714 3289 1753 non
3321 1701 3460 1753 sunt
3501 1703 3566 1753 ut
3594 1697 3685 1754 lex

2033 1785 2284 1840 Domini.
2319 1787 2681 1856 Quapropter
2703 1785 2794 1839 his
2827 1784 3082 1853 omissis,
3117 1785 3175 1841 in
3207 1785 3389 1842 altera
3414 1787 3680 1859 epistola,

2033 1873 2161 1928 vide
2202 1873 2342 1944 quid
2397 1873 2702 1928 sentierint
2753 1875 2823 1929 de
2877 1875 3126 1930 Sabbato
3177 1876 3328 1930 beati
3372 1879 3429 1931 et
3459 1875 3686 1949 antiqui

2034 1962 2340 2035 pontiﬁces
2391 1962 2658 2029 Romani,
2693 1962 2967 2018 Silvester
2997 1967 3053 2018 et
3103 1965 3489 2032 Innocentius,
3540 1983 3689 2038 quo-

2036 2067 2167 2106 rum
2199 2050 2497 2107 sententiae
2543 2052 2834 2106 sententia
2875 2052 3193 2124 Agathonis
3233 2054 3501 2123 quamvis
3549 2071 3683 2110 san-

2036 2139 2286 2196 ctissimi
2331 2138 2665 2195 nullatenus
2724 2141 3044 2211 prmfertur.
3104 2141 3215 2196 Sed
3274 2141 3427 2196 absit
3475 2145 3538 2197 ut
3585 2142 3689 2198 ali-

2037 2230 2272 2301 quando
2299 2229 2590 2284 contraria
2613 2229 2695 2284 eis
2717 2229 2942 2301 Agatho
2965 2229 3248 2286 sensisset
3271 2230 3283 2284 Ι
3308 2233 3374 2286 Et
3395 2235 3591 2288 tamen
3624 2231 3684 2287 in

2036 2319 2166 2386 hoc,
2200 2318 2352 2373 sicut
2380 2322 2438 2372 et
2466 2317 2525 2372 in
2558 2317 2688 2372 aliis
2721 2317 2959 2384 falleris,
3006 2320 3159 2389 quod
3201 2336 3333 2375 eum
3375 2338 3684 2393 praesesso-

2037 2425 2160 2463 rem
2194 2406 2352 2462 illius
2383 2406 2590 2479 synodi
2625 2406 2805 2462 fuisse
2851 2407 3019 2473 dicis,
3068 2426 3202 2462 cum
3232 2412 3462 2464 tantum
3509 2410 3684 2482 legati

2038 2499 2166 2568 ejus
2214 2495 2404 2551 cidem
2455 2495 2673 2567 synodo
2721 2495 3117 2567 praesederint.
3164 2497 3342 2566 Cujus
3391 2502 3554 2570 gesta
3593 2499 3686 2554 hic

2039 2584 2382 2641 summatim
2416 2583 2631 2656 placuit
2661 2583 2859 2638 inseri.

2109 2673 2279 2728 XVII.
2312 2674 2594 2745 Tempore
2626 2672 3012 2743 Constantini,
3044 2673 3147 2728 lilii
3176 2676 3537 2731 Constantini
3573 2677 3686 2733 im-

2040 2763 2345 2835 peratoris,
2379 2778 2530 2816 anno
2564 2761 2796 2834 imperii
2821 2763 2949 2833 ejus
2981 2763 3229 2834 septimo
3261 2764 3505 2832 decimo,
3542 2767 3687 2838 Aga-

2039 2851 2140 2905 tho
2171 2867 2343 2923 papa,
2364 2866 2432 2905 ex
2454 2854 2657 2921 rogatu
2692 2850 3082 2920 Constantini,
3118 2853 3364 2908 Hcraclii
3390 2858 3447 2910 et
3473 2855 3687 2912 Tiberii

2041 2939 2374 3012 principum
2425 2937 2852 3010 piissimorum,
2902 2940 3063 2996 misit
3106 2942 3164 2996 in
3215 2943 3434 3015 regiam
3484 2946 3686 3001 urbem

2040 3027 2263 3102 legatos
2303 3045 2460 3083 suos.
2494 3029 2557 3084 In
2592 3029 2807 3100 quibus
2840 3034 2964 3084 erat
2993 3030 3246 3086 Joannes
3294 3032 3561 3089 Romana:
3595 3036 3692 3090 Ec-

2042 3117 2228 3173 clesiae
2277 3120 2417 3172 tunc
2475 3117 2777 3187 diaconus,
2826 3117 2997 3191 longe
3046 3124 3178 3191 post
3224 3121 3556 3195 episcopus,
3589 3140 3692 3195 pro

2047 3206 2399 3263 adunatione
2450 3206 2713 3261 facienda
2759 3212 3097 3263 sanctarum
3127 3209 3228 3264 Dei
3277 3211 3689 3269 Ecclesiarum.

293 3301 535 3358 stitutus
583 3296 803 3363 ordine,
850 3297 953 3350 aut
991 3292 1175 3350 laicus
1216 3309 1284 3348 ea
1333 3309 1460 3363 quae
1509 3292 1665 3364 apud
1703 3293 1938 3348 Judceos
1967 3275 2009 3341 (ἶ
2048 3295 2591 3368 Quibenignissime
2612 3297 2867 3367 suscepti
2891 3315 2923 3351 a
2955 3299 3439 3356 reverendissimo
3455 3301 3694 3358 Iideica-

295 3392 433 3448 sunt
461 3404 664 3460 azyma
701 3384 987 3452 comedat,
1022 3385 1122 3436 aut
1153 3399 1285 3436 cum
1329 3381 1414 3435 eis
1460 3380 1703 3448 habitet,
1747 3386 1848 3436 aut
1880 3382 1936 3436 in

292 3475 735 3535 infirmitatibus
758 3490 856 3529 eos
883 3471 1106 3538 invitet,
1130 3474 1231 3526 aut
1253 3469 1606 3525 medicinam
1633 3470 1704 3524 ab
1737 3470 1819 3525 eis
1846 3487 1938 3524 ac-

292 3566 491 3639 cipiat,
522 3563 610 3619 vel
643 3563 704 3616 in
735 3561 964 3616 balneis
994 3576 1128 3615 cum
1162 3559 1244 3614 eis
1275 3558 1518 3612 lavetur.
1551 3556 1606 3610 Si
1635 3557 1766 3628 quis
1815 3558 1937 3612 hmc

290 3653 499 3725 egerit,
529 3649 823 3720 siquidem
855 3647 1101 3702 clericus
1131 3646 1326 3712 fuerit,
1356 3645 1683 3715 deponatur
1716 3661 1728 3698 :
1759 3644 1803 3699 si
1838 3662 1940 3699 au-

291 3747 414 3798 tem
461 3738 668 3803 laicus,
720 3737 1136 3806 sequestretur.
1189 3756 1217 3781 »
1250 3733 1390 3798 Quis
1439 3737 1728 3800 nostrum,
1774 3749 1934 3804 rogo,

291 3845 499 3903 azyma
528 3843 656 3899 quae
690 3823 843 3896 apud
888 3823 1119 3878 Judaaos
1151 3824 1288 3875 sunt
1329 3819 1618 3875 comedit?
1662 3820 1936 3884 Quamvis

291 3919 450 3977 enim
482 3914 709 3988 reliqua
738 3909 978 3984 capituli
1021 3910 1200 3982 hujus
1244 3909 1644 3978 observemus,
1677 3907 1819 3964 illud
1853 3912 1934 3965 ta-

292 4023 426 4064 men
454 4021 631 4077 super
659 4001 858 4060 omnia
888 4001 958 4056 de
990 3999 1206 4072 azymis
1240 3999 1638 4054 observamus.

362 4095 479 4152 XV.
515 4094 625 4150 Sed
659 4092 796 4165 quid
828 4090 1030 4146 dices?
1076 4089 1279 4144 Nonne
1328 4103 1578 4158 magnus
1621 4087 1871 4144 Basilius
1903 4105 1937 4144 a

287 4183 506 4256 Joseph
530 4182 732 4237 Judaao
764 4176 1115 4235 medicinam
1139 4174 1438 4231 multoties
1468 4173 1727 4246 accepit?
1748 4179 1811 4230 tu
1835 4194 1936 4232 au-

291 4279 408 4328 tem
441 4271 592 4328 sicut
621 4268 892 4326 diabolus
923 4267 1240 4340 psalmum,
1275 4265 1358 4319 ita
1405 4265 1744 4336 exponendo
1776 4268 1938 4338 capi-

301 4362 490 4418 tulum
522 4358 881 4432 subjunxisti
907 4375 920 4414 :
966 4379 993 4407 ‹‹
1024 4357 1131 4423 Qui
1162 4372 1297 4428 ergo
1329 4371 1597 4427 azymum
1619 4356 1853 4412 conficit
1883 4364 1941 4414 et

291 4450 564 4518 comedit,
589 4448 855 4521 quamvis
885 4447 994 4502 hoc
1019 4463 1134 4502 non
1161 4444 1446 4517 acceperit
1475 4462 1508 4500 a
1533 4445 1771 4510 Judzsis,
1805 4447 1936 4502 imi-

289 4543 444 4597 tator
470 4541 666 4594 tamen
697 4537 1033 4592 Judaaorum
1067 4539 1175 4604 est,
1208 4534 1358 4590 sicut
1387 4537 1443 4590 et
1472 4534 1522 4589 is
1555 4535 1656 4606 qui
1687 4535 1936 4591 circum-

2044 3384 2273 3441 tholica:
2304 3385 2608 3440 defensore
2636 3384 3037 3454 Constantino,
3065 3386 3219 3456 jussi
3259 3395 3398 3444 sunt
3428 3390 3692 3447 remissis

2046 3472 2543 3546 disputationibus
2566 3472 3009 3545 philosophicis,
3038 3475 3280 3546 pacitico
3317 3477 3694 3550 colloquiode

2047 3563 2160 3617 fide
2192 3579 2327 3618 vera
2365 3561 2720 3633 perquirere,
2754 3561 2904 3616 datis
2932 3562 3015 3618 eis
3047 3563 3116 3618 de
3146 3564 3496 3622 bibliotheca
3542 3569 3691 3624 Con-

2047 3649 2568 3721 stantinopolitana
2596 3649 2822 3704 cunctis
2853 3649 3226 3722 antiquorum
3251 3652 3508 3723 Patrum,
3542 3672 3691 3726 quos

2047 3739 2341 3811 petebant,
2375 3736 2607 3792 libellis.
2635 3737 2964 3792 Adfuerunt
2994 3744 3189 3794 autem
3212 3745 3268 3794 et
3288 3742 3542 3814 episcopi
3567 3744 3690 3813 150,

2047 3827 2393 3899 prazsidente
2423 3824 2698 3898 Gregorio
2731 3826 2898 3898 regiae
2933 3827 3095 3882 urbis
3126 3828 3373 3900 praesule
3402 3835 3459 3886 et.
3486 3833 3692 3887 Antio-

2046 3914 2188 3971 chia:
2219 3912 2530 3970 Machario.
2556 3913 2884 3968 Etconvicti
2912 3919 3050 3970 sunt
3080 3916 3178 3987 qui
3213 3933 3389 3973 unam
3422 3918 3695 3976 volunta-

2045 4012 2164 4060 tem
2189 4009 2246 4059 et
2283 4001 2678 4074 operationem
2708 4004 3051 4058 astruebant
3082 4004 3140 4058 in
3168 4004 3416 4073 Christo,
3450 4007 3694 4066 falsasse

2047 4095 2283 4149 Patrum
2313 4090 2734 4147 catholicorum
2766 4091 2922 4147 dicta
2954 4110 3055 4164 per
3077 4093 3351 4166 plurima.
3374 4095 3560 4152 Finito
3595 4114 3694 4152 au-

2047 4189 2164 4240 tem
2198 4180 2489 4251 conﬂictu,
2522 4197 2589 4236 ea
2618 4180 2758 4236 hora
2789 4185 2963 4237 tantae
2985 4199 3330 4238 aranearum
3351 4184 3475 4241 telae
3496 4186 3554 4240 in
3579 4203 3694 4242 me-

2046 4271 2210 4328 dium
2243 4269 2440 4343 populi
2473 4271 2829 4338 ceciderunt,
2866 4276 2932 4326 ut
2959 4289 3163 4328 omnes
3196 4273 3567 4330 mirarentur.
3617 4278 3696 4331 Ac

2047 4378 2150 4434 per
2179 4360 2288 4415 hoc
2316 4359 2710 4431 significatum
2735 4364 2823 4414 est
2846 4360 3002 4431 quod
3033 4363 3234 4417 sordes
3263 4363 3545 4420 hzcreticze
3571 4382 3696 4437 pra-

2045 4449 2240 4506 vitatis
2266 4448 2518 4521 depulsaa
2549 4453 2764 4504 essent.
2799 4449 2861 4504 Et
2898 4449 3211 4523 Gregorius
3244 4453 3481 4524 quidem
3513 4471 3698 4510 corre-

2047 4542 2174 4594 ctus
2204 4544 2312 4608 est,
2346 4537 2678 4592 Macharius
2711 4542 2905 4593 autem
2937 4555 3072 4593 cum
3096 4541 3220 4595 suis
3253 4543 3697 4614 sequacibussi-

292 4626 528 4684 ciditur.
563 4647 592 4676 »
638 4625 872 4692 Perdes,
921 4624 1190 4693 Domine,
1221 4641 1425 4680 omnes
1466 4624 1568 4695 qui
1616 4624 1939 4696 loquuntur
1966 4646 2013 4710 Ι)
2045 4627 2169 4683 mul
2202 4632 2258 4683 et
2279 4627 2826 4700 praedecessoribus,
2857 4629 3000 4699 Cyro
3025 4629 3246 4701 Sergio,
3275 4631 3546 4699 Honorio,
3569 4632 3701 4704 Pyr-

293 4715 666 4774 mendacium
687 4712 699 4767 1
725 4714 899 4785 (Psal.
923 4730 978 4782 v,
999 4712 1078 4782 3.)
1099 4712 1376 4785 Nunquid
1401 4713 1676 4770 omnibus
1698 4715 1936 4772 omnino

289 4803 637 4861 Christianis
668 4799 1036 4857 interdicitur
1063 4817 1135 4856 ne
1157 4799 1471 4874 aliquando
1493 4801 1708 4858 alicubi
1735 4821 1936 4877 azyma

289 4893 619 4960 comedant,
654 4891 805 4948 sicut
833 4889 1204 4946 interdicitur
1243 4909 1314 4947 ne
1346 4908 1409 4947 se
1457 4891 1771 4965 aliquando
1818 4893 1934 4948 cir-

289 4981 671 5040 cumcidant‘?
701 4981 887 5045 Quare
918 4978 1062 5035 hoc?
1103 4980 1243 5052 quia
1271 4981 1330 5035 in
1362 4981 1456 5037 his
1488 4982 1796 5038 imitantur
1836 4984 1932 5038 Ju-

288 5072 490 5129 dazos?
519 5069 905 5127 Concedimus
948 5072 1143 5126 tamen
1188 5069 1694 5128 circumcisionem
1739 5072 1933 5128 solum

287 5162 470 5218 fuisse
515 5161 856 5216 Judzeorum
903 5176 915 5214 :
961 5162 1365 5216 verumtamen
1419 5178 1621 5232 azyma
1669 5162 1933 5218 omnium

288 5247 576 5324 gentium,
612 5265 737 5318 qua:
768 5251 832 5302 tu
856 5247 1148 5302 malitiose
1174 5265 1290 5303 non
1312 5249 1503 5303 solum
1531 5267 1564 5303 a
1585 5249 1798 5316 divina,
1833 5251 1933 5307 sed

287 5338 363 5394 ab
392 5335 652 5391 humana
698 5351 904 5390 mensa
952 5336 1193 5390 omnino
1232 5335 1485 5406 repellis.
1519 5337 1629 5393 Sed
1679 5339 1820 5410 quid
1851 5340 1934 5394 fa-

289 5425 430 5494 cies,
462 5439 494 5478 o
518 5423 900 5478 fermentata?
924 5422 1135 5489 Judaei,
1168 5438 1272 5477 ceu
1304 5424 1576 5495 superius
1609 5426 1932 5498 asseruisti,

289 5511 544 5586 exceptis
575 5516 801 5584 septem
830 5510 1039 5567 diebus
1071 5513 1192 5567 toto
1222 5527 1376 5567 anno
1402 5512 1815 5571 fermentatum
1847 5533 1936 5571 co-

291 5602 620 5668 medebant,
654 5604 712 5658 et
741 5599 1056 5673 aliquando
1088 5601 1422 5660 offerebant.
1449 5602 1723 5673 Nunquid
1742 5609 1797 5660 et
1827 5605 1937 5661 hoc

289 5692 458 5752 tolles
490 5687 872 5750 hominibus?

2047 4717 2173 4782 rho,
2206 4715 2386 4772 Paulo
2417 4720 2472 4771 et
2501 4721 2672 4771 Petro
2703 4716 3204 4785 anathematizati,
3237 4724 3291 4773 et
3321 4720 3380 4773 in
3413 4720 3537 4774 loco
3569 4722 3698 4790 ejus

2041 4806 2458 4878 Thcophanius
2480 4805 2660 4860 abbas
2685 4805 2753 4859 de
2768 4804 2969 4860 Cilicia
2989 4807 3299 4877 episcopus
3321 4807 3533 4863 factus.
3550 4809 3699 4863 Tan-

2041 4901 2218 4967 taque
2240 4894 2427 4967 gratia
2473 4893 2695 4966 legatos
2729 4892 3029 4948 catholicae
3073 4893 3232 4965 pacis
3279 4896 3558 4950 comitata
3583 4903 3697 4963 est,

2043 4989 2108 5039 ut
2135 4983 2391 5039 Joannes
2419 4981 2756 5036 Portuensis
2802 4981 3134 5053 episcopus,
3173 4983 3274 5053 qui
3306 4987 3428 5038 erat
3450 5001 3604 5038 unus
3629 5001 3697 5040 ex

2043 5073 2210 5144 ipsis,
2246 5069 2549 5127 Dominica
2578 5069 2794 5124 octavis
2825 5069 3058 5125 Pascha:
3103 5072 3318 5126 missas
3348 5070 3615 5144 publicas
3637 5073 3695 5127 in

2045 5160 2295 5217 ecclesia
2314 5162 2533 5214 Sanctae
2567 5157 2792 5228 Sophia:
2817 5175 3011 5212 coram
3046 5158 3307 5230 principe
3336 5165 3394 5214 et
3423 5160 3695 5233 episcopo

2045 5249 2234 5321 ipsius
2256 5248 2418 5302 urbis
2438 5245 2636 5300 Latine
2655 5245 2991 5300 celebraret.
3011 5246 3087 5300 Eo
3102 5250 3362 5318 tempore
3380 5247 3695 5306 Damianus

2042 5336 2368 5393 Ticinensis
2390 5335 2652 5391 Ecclesia:
2677 5334 2869 5405 episco
2876 5351 2986 5406 pus
3008 5335 3118 5390 sub
3142 5337 3377 5393 nomine
3405 5337 3695 5393 Mansueti

2043 5424 2300 5498 episcopi
2344 5423 2608 5480 Ecclesiae
2669 5423 2866 5478 Sancti
2926 5423 3248 5495 Michaelis,
3293 5427 3437 5482 satis
3487 5426 3693 5482 utilem

2042 5518 2326 5586 rectmque
2359 5512 2491 5568 ﬁdei
2515 5510 2826 5584 epistolam
2849 5513 3196 5584 composuit,
3222 5531 3349 5586 quae
3375 5514 3434 5568 in
3458 5514 3696 5585 praefata

2045 5603 2266 5677 synodo
2299 5619 2414 5659 non
2449 5601 2739 5658 mediocre
2771 5601 3118 5675 suffragium
3143 5603 3297 5659 tulit.

2115 5693 2304 5752 XVIII.
2341 5693 2518 5752 Recta
2545 5698 2740 5750 autem
2773 5698 2829 5749 et
2855 5706 2991 5750 vera
3020 5691 3167 5750 ﬁdes
3211 5692 3332 5751 haec
3361 5695 3450 5751 est
3482 5708 3496 5753 :
3530 5691 3605 5751 Ut
3632 5692 3693 5752 in
