4004 6210
327 331 440 393 991

1347 326 1830 405 HUMBERTUS
1873 331 1933 394 S.
1982 332 2055 396 R.
2104 335 2174 412 Ε.
2221 336 2714 414 CARDINALIS.

3611 353 3744 446 BQZ

327 469 574 527 Domino
602 472 797 526 nostro
820 469 958 526 Jesu
983 469 1212 526 Christo
1234 469 1385 524 sicut
1407 470 1534 527 duae
1555 475 1695 528 sunt
1718 477 1960 539 naturae,
1992 467 2049 537 Α
2075 472 2406 547 liramenta,
2439 482 2494 536 et
2525 495 2652 553 qum
2674 485 2775 540 aut
2798 481 3048 542 finxistis
3077 482 3351 559 capitula,
3385 502 3522 543 cum
3549 437 3733 556 etiam

324 561 434 621 hoc
456 567 561 633 est,
587 564 752 620 Deiet
772 562 1049 633 hominis,
1074 563 1156 622 sic
1170 563 1341 622 etiam
1365 565 1490 621 dum
1509 567 1821 623 credantur
1841 587 1968 627 esse

321 645 648 729 voluntates
675 655 794 711 sive
814 656 1192 728 operationes.
1222 656 1325 711 Vis
1348 658 1551 713 audire
1572 659 1966 729 quoddeitatis

322 743 455 798 est?
485 767 511 794 ‹‹
547 746 661 816 Ego
695 745 900 816 inquit,
939 750 994 800 et
1023 747 1191 800 Pater
1231 763 1414 799 unum
1456 764 1664 802 sumus
1695 749 1871 820 (Joan.
1905 767 1961 817 x,

320 833 429 905 30).
466 856 493 884 ››
526 833 627 888 Vis
658 833 858 890 audire
881 835 1033 906 quod
1058 834 1444 890 humanitatis
1465 836 1492 890 ?
1516 860 1543 885 «
1574 841 1743 892 Pater
1773 840 1961 910 major

321 938 412 976 me
443 927 530 978 est
560 925 730 994 (Joan.
762 942 877 991 xxv,
901 925 1012 992 28).
1050 947 1070 975 »
1110 923 1288 979 Cerne
1319 925 1644 981 secundum
1687 927 1957 982 humani-

318 1014 499 1069 tatem
530 1030 663 1069 eum
686 1013 744 1068 in
777 1012 906 1068 navi
937 1013 1342 1068 dormientem.
1377 1018 1558 1070 Cerne
1590 1017 1717 1086 ejus
1749 1017 1959 1072 divini-

315 1103 490 1157 tatem
525 1120 656 1157 cum
689 1103 1043 1173 evangelista
1088 1103 1227 1157 dicit
1262 1122 1273 1159 :
1308 1127 1334 1153 ‹‹
1367 1105 1529 1159 Tunc
1573 1122 1820 1178 surgens
1850 1106 1958 1161 im-

315 1191 539 1260 peravit
587 1193 772 1246 ventis
817 1196 870 1246 et
930 1191 1077 1247 mari
1122 1197 1176 1246 et
1238 1193 1386 1249 facta
1435 1199 1522 1248 est
1559 1196 1957 1267 tranquillitas

316 1295 528 1351 magna
560 1282 764 1351 (Aleti/1.
798 1301 921 1346 vni,
952 1285 1062 1355 26).
1099 1307 1126 1332 »

385 1371 524 1425 XIX.
551 1372 676 1426 Haec
699 1375 960 1427 estsexta
979 1373 1236 1444 synodus
1259 1374 1604 1429 universalis
1626 1375 1956 1430 Constanti-

311 1462 508 1534 nopoli
540 1461 826 1517 celebrata
844 1466 896 1517 et
918 1463 1110 1517 Graece
1135 1479 1402 1520 sermone
1424 1464 1770 1536 conscripta,
1806 1468 1951 1518 tem-

308 1553 548 1624 poribus
592 1569 751 1622 papas
781 1552 1123 1622 Agathonis,
1167 1557 1516 1624 exsequente
1567 1571 1632 1608 ac
1664 1555 1953 1609 residente

307 1641 576 1714 piissimo
594 1639 854 1713 principe
875 1641 1419 1697 Constantineintra
1435 1643 1718 1714 palatium
1752 1660 1922 1698 suum
1937 1686 1950 1711 ,

307 1731 603 1803 simulque
630 1730 836 1804 legatis
887 1730 1214 1802 apostolicae
1256 1731 1409 1786 sedis
1440 1737 1495 1786 et
1525 1730 1813 1804 episcopis
1848 1734 1947 1788 150

305 1820 717 1888 residentibus,
751 1820 849 1892 qui
884 1836 1087 1874 omnes
1121 1820 1359 1890 quidem
1399 1820 1667 1876 haeresim
1709 1821 1947 1878 damna-
1980 1845 2026 1912 Β

302 1913 527 1965 verunt.
573 1914 732 1964 Tune
774 1908 1076 1980 piissimus
1108 1906 1377 1979 princeps
1407 1909 1824 1965 Constantinus
1857 1910 1944 1966 in-

302 1999 612 2071 terrogavit
632 2014 730 2053 eos
747 1996 1273 2068 qualiterltomana
1294 1997 1552 2052 Ecclesia
1573 1998 1645 2054 de
1662 1998 1946 2056 sacrificio

301 2087 558 2160 corporis
591 2085 964 2158 etsanguinis
985 2084 1216 2141 Domini
1241 2085 1425 2141 nostri
1445 2086 1583 2142 Jesu
1615 2086 1828 2142 Christi
1849 2105 1946 2143 er—

298 2175 494 2232 dinem
513 2176 775 2232 teneret?
798 2174 882 2230 Illi
900 2175 1323 2246 responderunt
1344 2193 1354 2230 :
1383 2197 1409 2224 «
1437 2177 1496 2230 In
1519 2175 1695 2230 calice
1713 2177 1944 2232 Domini

298 2257 412 2320 non
426 2264 800 2320 debetsolum
815 2263 1004 2318 oii'erri
1019 2262 1348 2328 vinum,sed
1361 2281 1514 2334 aqua
1526 2264 1943 2320 mistum.Nam

297 2353 348 2410 si
372 2354 562 2410 solum
584 2353 786 2408 vinum
811 2352 1069 2420 effertur,
1092 2351 1333 2423 sanguis
1353 2351 1564 2407 Christi
1589 2353 1797 2425 incipit
1814 2370 1943 2410 esse

298 2443 422 2499 sine
453 2442 644 2498 nobis.
671 2443 738 2496 Et
770 2441 816 2496 si
842 2440 1037 2511 aliqua
1061 2458 1206 2512 pura
1227 2441 1485 2508 effertur,
1513 2441 1635 2496 sola
1656 2441 1821 2514 plebs
1854 2443 1940 2499 in-

295 2531 436 2603 cipit
465 2547 592 2586 esse
613 2530 738 2585 sine
759 2529 1007 2584 Christo.
1036 2529 1275 2594 Quando
1308 2533 1622 2601 utrumque
1654 2532 1939 2587 admisce-

293 2625 410 2687 tur,
444 2620 502 2674 id
533 2623 638 2687 est,
672 2619 873 2672 vinum
903 2623 957 2672 et
983 2634 1154 2688 aqua,
1182 2624 1320 2674 tunc
1353 2623 1785 2676 sacramentum
1820 2622 1938 2694 spi-

294 2707 504 2765 rituale
532 2707 848 2780 perficitur.
883 2705 1108 2762 Oblatio
1139 2722 1271 2762 vero
1313 2724 1437 2779 quae
1485 2707 1541 2762 in
1584 2709 1937 2765 sacriﬁcium

292 2796 492 2854 altaris
522 2798 783 2866 offertur,
817 2795 1035 2851 nullam
1068 2795 1539 2852 commissionem
1573 2801 1675 2852 aut
1705 2814 1940 2872 corrup-

290 2887 508 2944 tionem
555 2885 823 2942 fermenti
874 2885 1043 2941 debet
1083 2885 1315 2955 habere,
1361 2885 1511 2941 sicut
1559 2887 1724 2942 beata
1776 2886 1935 2960 virgo

290 2975 472 3033 Maria
498 2977 720 3047 absque
741 2974 897 3030 omni
930 2975 1297 3046 corruptione
1327 2973 1622 3030 Christum
1675 2977 1938 3048 concepit

290 3070 348 3122 et
377 3065 624 3138 peperit.
659 3065 803 3120 l-linc
833 3063 891 3118 in
924 3062 1174 3119 Ecclesia
1207 3080 1335 3120 mos
1376 3064 1628 3120 obtinuit
1659 3068 1724 3119 ut
1753 3065 1935 3120 sacri-

290 3153 488 3212 ficium
519 3153 719 3211 altaris
736 3170 850 3209 non
883 3153 942 3208 in
973 3153 1157 3209 serico
1180 3156 1280 3209 aut
1309 3154 1366 3208 in
1392 3171 1583 3226 panno
1617 3153 1815 3224 tincto,
1831 3154 1932 3210 sed

288 3245 348 3300 in
372 3237 495 3300 'tine
526 3248 751 3300 terreno
772 3241 1113 3313 celebretur,
1144 3242 1295 3298 sicut
1319 3259 1528 3314 corpus
1560 3241 1791 3299 Domini
1822 3241 1932 3297 fuit
1964 3216 2006 3284 C

286 3334 345 3389 i'n
379 3334 621 3390 sindone
656 3332 875 3388 munda
905 3331 1221 3405 sepultum.
1256 3332 1350 3388 Sic
1379 3338 1437 3388 et
1471 3331 1683 3388 oblatio
1711 3331 1933 3388 munda

287 3425 457 3481 debet
477 3440 605 3480 esse
629 3442 663 3480 a
691 3423 1180 3494 fermento,juxta
1211 3423 1364 3494 quod
1396 3422 1452 3477 in
1485 3423 1667 3494 gestis
1699 3421 1932 3494 pontifi-

286 3513 510 3571 calibus
540 3531 574 3570 a
604 3514 771 3569 beato
812 3511 1086 3568 Silvestre
1119 3511 1369 3584 legimus
1400 3527 1528 3566 esse
1560 3513 1866 3565 statutum.
1903 3535 1922 3559 »

284 3605 445 3660 Tunc
477 3602 694 3676 placuit
715 3601 983 3674 piissimo
1003 3601 1250 3673 principi
1268 3599 1648 3656 Constantino
1668 3599 1788 3656 haec
1821 3603 1932 3656 tra-

285 3694 427 3750 ditio
449 3693 777 3767 apostolicae
800 3691 976 3747 sedis.
1013 3692 1152 3746 Ecce
1179 3690 1350 3746 istius
1371 3694 1427 3745 et
1459 3706 1558 3744 sex
1589 3693 1930 3746 caeterarum

285 3784 640 3857 synedorum
675 3782 950 3837 omnibus
981 3779 1198 3835 sanctis
1221 3778 1487 3834 Patribus
1509 3781 1564 3833 et
1595 3778 1931 3836 erthedexis

285 3872 758 3945 imperatoribus,
795 3887 896 3943 per
927 3869 1123 3925 omnia
1167 3868 1384 3941 placuit
1415 3869 1559 3922 fides
1597 3871 1653 3922 et
1696 3870 1931 3924 traditio

285 3961 619 4035 apostolicae
663 3960 839 4016 sedis.
875 3961 944 4015 Et
973 3963 1035 4014 tu
1070 3958 1169 4030 qui
1202 3975 1282 4025 es,
1319 3956 1410 4012 cui
1460 3956 1772 4030 displicet?
1820 3959 1929 4015 Sed

281 4050 554 4107 volumus
585 4049 745 4104 dicas
782 4065 794 4104 :
829 4049 1144 4104 Videturne
1173 4046 1276 4101 tibi
1309 4063 1636 4119 congruum
1679 4050 1744 4103 ut
1773 4049 1932 4104 omni

284 4145 488 4214 quarta
520 4144 576 4194 et
602 4142 766 4194 sexta
798 4138 1186 4210 feriajejunes
1211 4140 1444 4208 propter
1472 4136 1847 4193 traditionem
1879 4141 1934 4193 et

283 4230 635 4303 passionem,
669 4227 906 4295 Christi,
957 4232 1014 4283 et
1071 4231 1308 4298 propter
1357 4224 1720 4298 sepulturam
1773 4227 1931 4284 nullo

284 4321 559 4384 Sabbato,
593 4317 706 4373 nisi
741 4335 856 4374 une
879 4319 905 4372 ?
937 4318 1245 4388 Cumergo
1269 4315 1427 4371 omni
1461 4315 1759 4371 Dominica
1793 4315 1939 4372 cele-

283 4407 416 4464 bres
451 4407 956 4473 resurrectionem,
983 4405 1259 4476 omnique
1291 4408 1500 4476 quarta
1527 4408 1582 4459 et
1603 4409 1762 4460 sexta
1792 4405 1935 4461 feria

275 4497 512 4570 jejunes
557 4501 792 4570 propter
839 4495 1212 4551 traditionem
1259 4498 1315 4548 et
1363 4509 1628 4563 crucem;
1664 4511 1768 4549 cur
1816 4512 1930 4551 non

2077 563 2187 635 ipsi
2204 566 2450 626 Domino
2467 569 2608 628 Jesu
2625 573 2969 646 etapostelis
2985 574 3114 648 ejus
3129 574 3431 648 imputetis
3447 563 3734 649 ﬁgmenta

2077 654 2238 744 Unde
2252 674 2378 728 nos,
2405 659 2900 744 scientes,sextam
2916 665 3202 737 synodum
3218 666 3288 722 ad
3307 666 3728 724 destruendam

2073 743 2338 802 hmresim
2371 750 2698 808 Graecorum
2733 743 3267 822 Myo’nethelitarum,
3294 772 3409 810 non
3433 760 3630 813 autem
3654 759 3728 813 ad

2072 836 2421 893 tradendum
2455 839 2732 914 Romanis
2764 860 2941 899 novas
2970 843 3372 900 institutiones
3403 861 3727 920 congrega-

2070 926 2212 994 tam,
2243 928 2495 999 capitula
2525 947 2649 1002 quas
2681 932 2850 988 nobis
2881 933 2990 988 sub
3013 933 3140 1004 ejus
3174 933 3519 990 auctoritate
3552 953 3729 1008 oppo-

2071 1014 2230 1084 nitis,
2265 1017 2504 1074 omnino
2535 1020 2880 1091 refutamus,
2916 1022 3052 1094 quia
3084 1023 3275 1094 prima
3306 1027 3365 1078 et
3403 1025 3726 1096 apostolica

2071 1105 2259 1171 sedes,
2295 1123 2400 1162 nec
2431 1107 2744 1182 aliquando
2775 1127 2843 1165 ea
2873 1111 3113 1183 accepit,
3157 1128 3261 1167 nec
3306 1113 3576 1169 observat
3615 1114 3721 1170 ha-

2068 1193 2306 1260 ctenus;
2337 1197 2394 1249 et
2422 1185 2561 1268 quia
2590 1201 2692 1252 aut
2712 1202 2850 1255 sunt
2880 1198 3063 1263 nulla,
3097 1202 3217 1268 aut,
3244 1203 3310 1254 ut
3329 1199 3492 1256 vobis
3524 1201 3715 1269 libuit,

2067 1278 2378 1351 depravata
2420 1289 2576 1342 sunt.
2625 1279 2996 1360 Depravastis
3027 1288 3270 1344 Joannis
3317 1289 3715 1364 Chrysostomi

2067 1376 2240 1442 atque
2267 1375 2526 1446 Gregorii
2559 1376 2808 1449 theologi
2841 1377 3211 1450 aliorumque
3258 1380 3710 1437 erthedoxorum

2066 1459 2302 1518 Patrum
2329 1465 2502 1531 dicta,
2536 1470 2592 1522 et
2619 1467 2965 1524 exhibuistis
2995 1468 3056 1523 in
3085 1469 3290 1525 eadem
3335 1471 3549 1543 synodo
3581 1467 3711 1526 sex-

2063 1553 2141 1604 ta.
2176 1552 2392 1626 Nempe
2425 1572 2457 1610 a
2488 1555 2679 1627 prima
2708 1559 2928 1630 synodo
2959 1557 3191 1614 Nicena
3221 1575 3404 1632 usque
3450 1561 3518 1615 ad
3550 1560 3705 1615 hanc

2063 1644 2287 1696 sextam
2319 1645 2562 1718 trecenti
2594 1649 2651 1701 et
2681 1646 2935 1719 amplius
2981 1647 3116 1703 anni
3150 1633 3424 1705 dicuntur
3469 1646 3705 1704 evoluti.

2061 1728 2130 1785 Et
2159 1735 2453 1804 quomodo
2484 1736 2542 1789 in
2575 1735 2806 1793 Nicama
2829 1740 2887 1792 et
2915 1736 3157 1810 reliquis
3188 1742 3441 1812 quatuor
3470 1735 3708 1810 synodis

2059 1821 2488 1880 universalibus
2538 1825 2698 1881 nulla
2736 1827 2953 1884 mentio
2985 1827 3052 1883 {it
3082 1829 3152 1884 de
3199 1829 3320 1886 tam
3362 1826 3712 1896 necessariis

2061 1911 2276 1967 rebus?
2306 1913 2581 1985 Nunquid
2615 1932 2797 1986 usque
2827 1917 2895 1972 ad
2935 1921 3155 1972 sextam
3208 1918 3499 1989 synodum
3530 1914 3713 1973 Graeci

2058 2005 2116 2055 et
2141 2001 2323 2057 Latini
2365 2003 2648 2060 rationem
2682 2006 2874 2061 missae
2915 2023 2978 2061 ac
3001 2005 3365 2075 jejunierum
3410 2005 3719 2076 ignorave-

2058 2087 2214 2157 runt,
2249 2095 2305 2146 et
2337 2108 2438 2164 per
2466 2097 2766 2148 sexcentos
2795 2096 2850 2148 et
2877 2091 3130 2164 amplius
3155 2109 3341 2148 annos
3365 2110 3397 2146 a
3426 2091 3718 2164 passione

2056 2179 2268 2246 Christi
2301 2180 2361 2235 in
2393 2181 2610 2238 talibus
2657 2181 2968 2236 errarunt?
2998 2185 3083 2235 An
3119 2181 3314 2236 forsan
3348 2177 3530 2238 (ἦνωοί
3581 2179 3711 2236 hzec

2057 2275 2363 2336 noverunt,
2395 2274 2450 2327 et
2489 2269 2728 2326 Romani
2763 2269 3219 2341 ignoraverunt?
3251 2270 3362 2324 Sed
3396 2286 3463 2324 ex
3492 2268 3708 2325 Missa-

2054 2358 2209 2414 libus
2240 2359 2630 2414 Romanorum
2653 2355 2838 2424 libris,
2859 2358 2931 2413 ab
2961 2358 3118 2413 omni
3147 2356 3406 2413 Ecclesia
3428 2356 3706 2414 Occiden-

2053 2447 2152 2504 tali
2177 2445 2500 2519 antiquitus
2522 2447 2790 2519 receptis,
2813 2447 3109 2502 evidenter
3125 2441 3499 2518 cognoScitur
3521 2463 3701 2519 quam

2052 2537 2334 2593 rationem
2357 2535 2571 2608 jejunii
2601 2539 2658 2592 et
2686 2535 2879 2615 missae
2917 2535 3232 2591 habuerint
3276 2535 3386 2590 sub
3435 2552 3700 2608 reveren-

2051 2625 2313 2682 dissimis
2343 2625 2740 2698 pontiﬁcibus,
2774 2624 3048 2681 Silvestre
3081 2623 3306 2681 scilicet
3347 2629 3581 2682 auctore
3608 2625 3703 2680 Ni-

2049 2732 2216 2771 cmnaa
2248 2705 2478 2787 synodi,
2502 2713 2731 2772 Gelasio
2754 2715 3095 2780 damnatore
3124 2713 3301 2771 vestri
3328 2713 3541 2783 Acacii,
3574 2731 3699 2769 ma-

2046 2803 2322 2876 ximeque
2355 2802 2630 2878 Gregorio
2660 2789 2924 2874 dialogo,
2973 2807 3269 2874 compatre
3327 2803 3697 2874 imperatoris

2048 2893 2327 2952 Mauritii.
2364 2895 2426 2949 In
2444 2893 2614 2965 cujus
2630 2881 2796 2948 libris
2814 2891 3151 2948 Missalibus
3174 2892 3367 2948 omnis
3396 2892 3520 2948 dies
3546 2895 3699 2959 Qua-

2048 2983 2390 3056 dragesimze
2403 2983 2580 3038 habet
2597 2981 2872 3054 specialis
2887 2982 3078 3037 missae
3095 2981 3420 3054 plenarium
3437 2981 3696 3037 officium

2046 3077 2122 3140 et,
2149 3075 2390 3144 excepta
2418 3071 2744 3150 Dominica,
2779 3070 2978 3126 nullus
3004 3070 3130 3126 dies
3143 3070 3270 3141 ejus
3302 3069 3471 3126 solvit
3501 3086 3698 3128 susce-

2045 3155 2212 3234 ptum
2228 3160 2547 3232 jejunium,
2573 3176 2748 3232 quam
2773 3160 3148 3216 traditionem
3173 3159 3218 3216 si
3236 3162 3520 3216 tentasset
3545 3176 3697 3234 papa

2044 3250 2272 3324 Agathe
2296 3248 2669 3321 aliquatenus
2689 3237 2985 3305 removere
3002 3247 3302 3314 Romanis,
3323 3265 3436 3306 non
3461 3241 3693 3305 audire-

2042 3344 2140 3395 tur
2161 3339 2232 3394 ab
2253 3337 2529 3404 eis.Quia,
2553 3337 2688 3393 licet
2708 3337 2832 3409 ipse
2853 3354 3106 3410 magnus
3125 3337 3690 3410 exstiterit,pra3fatis

2043 3432 2240 3484 tamen
2272 3425 2678 3484 decessoribus
2699 3425 2823 3483 suis
2854 3426 3006 3482 sicut
3035 3431 3316 3501 tempore,
3335 3426 3416 3482 ita
3447 3427 3690 3483 scientia

2042 3521 2099 3573 et
2116 3516 2460 3596 auctoritate
2472 3515 3199 3580 minorfuit.Quamebrem
3215 3519 3391 3589 caput
3411 3533 3526 3588 quo
3539 3533 3691 3573 asse-

2043 3605 2173 3661 ritis
2203 3622 2338 3686 eum
2369 3595 2869 3684 promulgassefut
2898 3595 2946 3660 si
2975 3605 3107 3677 quis
3130 3604 3375 3661 clericus
3399 3606 3694 3677 jejunaret
3718 3595 3727 3603 ’

2042 3685 2364 3774 Sabbatum
2384 3697 2591 3768 praeter
2612 3711 2818 3764 unum,
2842 3695 3244 3768 deponeretur,
3278 3685 3692 3774 magis'dicen-

2044 3787 2183 3841 dum
2218 3771 2306 3840 est
2328 3784 2764 3864 Nazarenorum
2781 3799 2910 3840 esse
2935 3774 3110 3860 Quam
3123 3771 3694 3856 apostolorum,Che-

2043 3875 2179 3930 rinti
2211 3877 2267 3930 et
2295 3873 2572 3930 Hebienis
2613 3889 2792 3948 quam
2825 3875 2996 3934 sexta:
3032 3872 3240 3944 synodi
3266 3875 3324 3928 et
3354 3889 3516 3944 papae
3545 3874 3692 3950 Aga-

2041 3963 2259 4020 thonis.
2294 3961 2398 4017 Cui
2431 3979 2570 4018 sane
2591 3960 2846 4042 capitulo
2875 3961 3125 4040 epistola
3144 3959 3307 4016 Pauli
3335 3965 3534 4033 aperte
3559 3955 3692 4018 cen-

2041 4052 2294 4119 tradicit,
2320 4051 2417 4108 ubi
2435 4051 2515 4106 ait
2547 4069 2559 4108 :
2586 4051 2806 4108 «Nemo
2829 4067 2930 4106 vos
2945 4050 3172 4122 judicet
3193 4051 3252 4105 in
3270 4049 3399 4106 cibo
3431 4054 3531 4106 aut
3554 4053 3692 4123 potu

2042 4147 2145 4199 aut
2176 4142 2234 4197 in
2267 4145 2428 4214 parte
2450 4140 2560 4196 diei
2594 4141 2744 4208 festi,
2768 4145 2827 4198 et
2853 4127 3169 4219 neemenize
3193 4145 3251 4198 et
3281 4129 3693 4219 Sabbaterum,

2044 4249 2170 4304 qua:
2203 4234 2342 4287 sunt
2370 4230 2580 4288 umbra
2611 4217 2967 4310 futurorum.
3003 4251 3029 4277 ν
3068 4229 3228 4285 Uade
3271 4229 3518 4308 Romani
3565 4217 3694 4302 pro-

2044 4319 2169 4394 prio
2195 4319 2417 4376 auctori
2450 4322 2507 4374 et
2537 4319 2816 4392 magistro
2848 4319 3111 4396 gentium
3135 4319 3194 4374 in
3229 4319 3342 4376 ﬁde
3371 4318 3695 4396 et‘veritate

2043 4409 2402 4478 obedientes,
2436 4405 2582 4463 nulli
2615 4407 2867 4466 Sabbato
2899 4401 3113 4465 festum
3144 4406 3232 4464 vel
3260 4406 3448 4478 otium
3481 4400 3694 4480 depen-

2043 4499 2208 4568 dunt,
2243 4497 2396 4573 sicut
2427 4512 2532 4553 nec
2575 4497 2900 4565 neemenia,
2955 4496 3093 4576 quia
3139 4497 3398 4571 profecto
3450 4485 3697 4576 Judaica

283 4590 341 4643 et
393 4587 550 4642 omni
617 4587 870 4643 Sabbato
925 4587 1158 4658 propter
1216 4583 1604 4657 sepulturam,
1673 4601 1807 4639 cum
1867 4585 1936 4641 de
1966 4595 2014 4660 ι)
2047 4593 2204 4656 sunt,
2233 4592 2291 4644 et
2321 4585 2522 4666 utique
2552 4586 2761 4643 umbra
2791 4585 3144 4664 futurorum.

284 4676 630 4734 celebrando
671 4676 928 4732 Sabbato
978 4673 1200 4729 nullam
1238 4674 1523 4729 rationem
1565 4678 1784 4742 teneas,
1818 4675 1931 4731 nisi

285 4784 463 4840 quam
517 4765 724 4834 Judaei,
771 4764 995 4820 scilicet
1047 4764 1186 4836 quia
1224 4763 1283 4818 in
1314 4780 1378 4819 eo
1422 4763 1706 4835 requievit
1735 4767 1935 4822 Deus?

285 4857 393 4924 Qui
415 4857 616 4930 utique
643 4855 920 4928 fatigatus
944 4870 1060 4908 non
1092 4857 1202 4920 est,
1224 4854 1396 4910 verbo
1417 4869 1622 4909 creans
1649 4854 1936 4928 quidquid

282 4946 485 5016 voluit,
521 4947 621 5002 sed
670 4945 729 4998 in
777 4944 886 4999 hoc
915 4946 1177 4998 nostram
1210 4943 1470 5016 requiem
1520 4943 1932 5017 prmﬁguravit.

283 5037 445 5105 Quod
476 5037 525 5094 si
558 5052 675 5090 uno
709 5033 962 5089 Sabbato
987 5033 1047 5087 in
1077 5035 1195 5089 toto
1223 5049 1376 5088 anno
1399 5033 1794 5104 jejunandum
1826 5039 1933 5103 est,

284 5131 522 5202 propter
577 5121 940 5196 sepulturam
991 5121 1226 5190 Christi,
1290 5138 1426 5195 ergo
1467 5126 1523 5178 et
1570 5141 1688 5179 una
1729 5129 1938 5196 quarta

284 5217 427 5274 feria
459 5218 696 5290 propter
743 5212 1140 5281 traditionem,
1175 5216 1230 5268 et
1261 5229 1378 5268 una
1420 5216 1581 5268 sexta
1629 5213 1770 5269 feria
1802 5231 1934 5287 pre-

287 5313 416 5380 pter
475 5304 834 5378 passionem,
885 5302 942 5357 in
992 5307 1111 5358 tete
1181 5319 1331 5358 anno
1384 5307 1470 5358 est
1519 5303 1932 5375 jejunandum.

287 5397 411 5452 Una
445 5411 680 5468 quoque
723 5393 1028 5449 Deminica
1060 5396 1296 5466 propter
1324 5393 1807 5450 resurrectionem
1842 5409 1932 5451 ce-

283 5485 587 5541 lebranda.

358 5575 470 5628 XX.
519 5574 646 5629 Non
695 5575 890 5626 autem
944 5571 1159 5627 mirum
1209 5572 1258 5627 si
1319 5571 1610 5645 Agathoni
1659 5588 1821 5644 papa
1879 5577 1935 5629 et

291 5661 510 5719 sanctis
541 5660 813 5748 Patribus
846 5664 1018 5719 sextae
1041 5661 1247 5734 synodi
1276 5665 1466 5718 vestra
1497 5660 1800 5745 imputetis
1831 5661 1933 5718 de-

2111 4677 2249 4736 ΧΧΙ.
2283 4677 2458 4733 Porro
2473 4677 2627 4757 unde
2639 4677 3036 4757 acceperimus
3047 4677 3206 4732 omni
3231 4676 3691 4757 diejejunierum

2044 4768 2357 4848 pertec‘tam
2391 4753 2636 4846 missam
2667 4755 2874 4842 facere,
2907 4753 3085 4844 supra
3115 4753 3444 4842 curavimus
3492 4767 3688 4841 osten-

2048 4846 2182 4916 dere
2205 4846 2350 4914 :nec
2379 4855 2657 4935 timemus
2679 4853 2849 4933 caput
2884 4857 3039 4932 quod
3070 4856 3260 4933 dicitis
3289 4850 3687 4926 apostolorum

2046 4948 2117 5006 de
2137 4947 2231 5004 his
2253 4946 2354 5018 qui
2378 4945 2895 5026 nonjejunaverint
2913 4944 3445 5023 Quadragesimam,
3473 4944 3696 5018 quarta

2045 5027 2276 5111 quoque
2297 5039 2353 5090 et
2374 5037 2535 5090 sexta
2555 5033 2718 5102 feria,
2741 5033 2876 5111 qua,
2900 5030 3504 5112 exceptagravissima
3525 5028 3696 5084 inﬁr-

2045 5110 2269 5192 mitate,
2301 5122 2549 5203 sollicite
2579 5111 2774 5196 cuncti
2794 5110 3157 5203 jejunamus
3183 5122 3385 5196 diebus
3429 5119 3695 5197 Quadra-

2045 5201 2449 5289 gesimae,adee
2468 5216 2532 5267 ut
2543 5211 2838 5269 interdum
2851 5201 3136 5270 decennes
3150 5228 3363 5286 pueros
3384 5209 3695 5290 nobiscum

2046 5303 2332 5362 faciamus
2363 5302 2654 5374 jejunare,
2687 5319 2793 5359 nec
2823 5302 3105 5380 solvimus
3135 5319 3239 5376 per
3263 5299 3526 5379 Sabbata
3558 5316 3696 5372 qua-

2045 5389 2494 5468 dragesimalem
2524 5390 2962 5468 abstinentiam,
2985 5409 3164 5468 quam
3185 5389 3476 5456 Dominus
3499 5391 3697 5468 noster

2045 5500 2160 5540 non
2193 5479 2454 5557 solvitin
2486 5481 2876 5558 quadraginta
2897 5481 3110 5556 jejunii
3159 5481 3253 5538 sui
3303 5479 3534 5536 diebus.
3581 5477 3696 5534 Nec

2045 5569 2608 5651 solveremusetiam
2636 5570 2698 5629 in
2721 5571 2812 5649 die
2841 5571 3158 5639 Dominica,
3192 5569 3696 5646 quemadmodum

2044 5680 2150 5720 nec
2165 5650 2429 5735 ip'se,nisi
2443 5650 2789 5734 praegaudio
2804 5661 3242 5734 resurrectionis
3253 5661 3383 5734 ejus
3398 5660 3511 5735 hoc
3523 5659 3701 5717 inter-
