  <div class='ocr_page' id='page_1' title='image "/cluster/home/n/w/nwhite01/storage/ocr_20150623/143/uva.x000829790/520.png"; bbox 0 0 4004 6210; ppageno 0'>
   <div class='ocr_carea' id='block_1_1' title="bbox 197 332 317 409">
    <p class='ocr_par' dir='ltr' id='par_1_1' title="bbox 197 332 317 409">
     <span class='ocr_line' id='line_1_1' title="bbox 197 332 317 409; baseline 0 0"><span class='ocrx_word' id='word_1_1' title='bbox 197 332 317 409; x_wconf 67' lang='lat'>993</span> 
     </span>
    </p>
   </div>
   <div class='ocr_carea' id='block_1_2' title="bbox 1589 312 2319 410">
    <p class='ocr_par' dir='ltr' id='par_1_2' title="bbox 1589 312 2319 410">
     <span class='ocr_line' id='line_1_2' title="bbox 1589 312 2319 410; baseline 0.003 -6"><span class='ocrx_word' id='word_1_2' title='bbox 1589 314 1903 404; x_wconf 65' lang='lat' dir='ltr'>eburna</span> <span class='ocrx_word' id='word_1_3' title='bbox 1945 312 2319 410; x_wconf 57' lang='lat' dir='ltr'>utemini.</span> 
     </span>
    </p>
   </div>
   <div class='ocr_carea' id='block_1_3' title="bbox 3496 318 3613 412">
    <p class='ocr_par' dir='ltr' id='par_1_3' title="bbox 3496 318 3613 412">
     <span class='ocr_line' id='line_1_3' title="bbox 3496 318 3613 412; baseline 0 -1"><span class='ocrx_word' id='word_1_4' title='bbox 3496 318 3613 412; x_wconf 57' lang='lat'>99‘;</span> 
     </span>
    </p>
   </div>
   <div class='ocr_carea' id='block_1_4' title="bbox 199 458 3618 559">
    <p class='ocr_par' dir='ltr' id='par_1_4' title="bbox 199 458 3618 559">
     <span class='ocr_line' id='line_1_4' title="bbox 199 458 3618 559; baseline 0.001 -25"><span class='ocrx_word' id='word_1_5' title='bbox 199 470 446 535; x_wconf 71' lang='lat' dir='ltr'>dixiSSet</span> <span class='ocrx_word' id='word_1_6' title='bbox 467 466 719 559; x_wconf 85' lang='lat' dir='ltr'>abinitio</span> <span class='ocrx_word' id='word_1_7' title='bbox 736 463 1004 531; x_wconf 83' lang='lat' dir='ltr'>omnium</span> <span class='ocrx_word' id='word_1_8' title='bbox 1016 459 1437 533; x_wconf 77' lang='lat' dir='ltr'>cath‘blicorum</span> <span class='ocrx_word' id='word_1_9' title='bbox 1457 475 1696 532; x_wconf 82' lang='lat' dir='ltr'>Patrum</span> <span class='ocrx_word' id='word_1_10' title='bbox 1718 493 1850 532; x_wconf 91' lang='lat' dir='ltr'>sen-</span> <span class='ocrx_word' id='word_1_11' title='bbox 1879 468 1936 543; x_wconf 78' lang='grc' dir='ltr'><strong>Α</strong></span> <span class='ocrx_word' id='word_1_12' title='bbox 1964 474 2147 533; x_wconf 90' lang='lat' dir='ltr'>dium.</span> <span class='ocrx_word' id='word_1_13' title='bbox 2174 458 2289 533; x_wconf 87' lang='lat' dir='ltr'>Nec</span> <span class='ocrx_word' id='word_1_14' title='bbox 2310 477 2702 535; x_wconf 85' lang='lat' dir='ltr'>dubitandum</span> <span class='ocrx_word' id='word_1_15' title='bbox 2717 478 2774 535; x_wconf 91' lang='lat' dir='ltr'>in</span> <span class='ocrx_word' id='word_1_16' title='bbox 2798 476 3316 554; x_wconf 80' lang='lat' dir='ltr'>quantulacunque</span> <span class='ocrx_word' id='word_1_17' title='bbox 3347 481 3618 559; x_wconf 89' lang='lat' dir='ltr'>portione</span> 
     </span>
    </p>
   </div>
   <div class='ocr_carea' id='block_1_5' title="bbox 201 558 1851 635">
    <p class='ocr_par' dir='ltr' id='par_1_5' title="bbox 201 558 1851 635">
     <span class='ocr_line' id='line_1_5' title="bbox 201 558 1851 635; baseline -0.004 -11"><span class='ocrx_word' id='word_1_18' title='bbox 201 562 414 635; x_wconf 81' lang='lat' dir='ltr'>tentia,</span> <span class='ocrx_word' id='word_1_19' title='bbox 448 558 624 623; x_wconf 82' lang='lat' dir='ltr'>etiam</span> <span class='ocrx_word' id='word_1_20' title='bbox 655 578 791 621; x_wconf 90' lang='lat' dir='ltr'>cum</span> <span class='ocrx_word' id='word_1_21' title='bbox 832 563 1227 621; x_wconf 75' lang='lat' dir='ltr'>anathemate.</span> <span class='ocrx_word' id='word_1_22' title='bbox 1261 560 1417 629; x_wconf 88' lang='lat' dir='ltr'>Quos</span> <span class='ocrx_word' id='word_1_23' title='bbox 1447 565 1634 622; x_wconf 86' lang='lat' dir='ltr'>secuti</span> <span class='ocrx_word' id='word_1_24' title='bbox 1666 565 1851 621; x_wconf 85' lang='lat' dir='ltr'>sancti</span> 
     </span>
    </p>
   </div>
   <div class='ocr_carea' id='block_1_6' title="bbox 199 652 1854 730">
    <p class='ocr_par' dir='ltr' id='par_1_6' title="bbox 199 652 1854 730">
     <span class='ocr_line' id='line_1_6' title="bbox 199 652 1854 730; baseline -0.003 -17"><span class='ocrx_word' id='word_1_25' title='bbox 199 658 405 713; x_wconf 82' lang='lat' dir='ltr'>Patres</span> <span class='ocrx_word' id='word_1_26' title='bbox 437 653 799 730; x_wconf 84' lang='lat' dir='ltr'>Gangrensis</span> <span class='ocrx_word' id='word_1_27' title='bbox 821 652 1053 711; x_wconf 86' lang='lat' dir='ltr'>concilii</span> <span class='ocrx_word' id='word_1_28' title='bbox 1074 653 1347 719; x_wconf 84' lang='lat' dir='ltr'>dixerunt</span> <span class='ocrx_word' id='word_1_29' title='bbox 1381 669 1393 709; x_wconf 92' lang='lat'>:</span> <span class='ocrx_word' id='word_1_30' title='bbox 1428 675 1456 703; x_wconf 83' lang='lat'><strong><em>«</em></strong></span> <span class='ocrx_word' id='word_1_31' title='bbox 1490 653 1550 709; x_wconf 91' lang='lat' dir='ltr'>Si</span> <span class='ocrx_word' id='word_1_32' title='bbox 1573 653 1706 726; x_wconf 89' lang='lat' dir='ltr'>quis</span> <span class='ocrx_word' id='word_1_33' title='bbox 1739 671 1854 708; x_wconf 88' lang='lat' dir='ltr'>non</span> 
     </span>
    </p>
   </div>
   <div class='ocr_carea' id='block_1_7' title="bbox 201 736 1855 819">
    <p class='ocr_par' dir='ltr' id='par_1_7' title="bbox 201 736 1855 819">
     <span class='ocr_line' id='line_1_7' title="bbox 201 736 1855 819; baseline -0.004 -17"><span class='ocrx_word' id='word_1_34' title='bbox 201 745 538 818; x_wconf 89' lang='lat' dir='ltr'>dijudicans</span> <span class='ocrx_word' id='word_1_35' title='bbox 569 743 725 800; x_wconf 90' lang='lat' dir='ltr'>diem</span> <span class='ocrx_word' id='word_1_36' title='bbox 768 742 1157 809; x_wconf 87' lang='lat' dir='ltr'>Dominicam,</span> <span class='ocrx_word' id='word_1_37' title='bbox 1193 740 1547 814; x_wconf 85' lang='lat' dir='ltr'>jejunaverit</span> <span class='ocrx_word' id='word_1_38' title='bbox 1574 736 1855 819; x_wconf 79' lang='lat' dir='ltr'>tanquam</span> 
     </span>
    </p>
   </div>
   <div class='ocr_carea' id='block_1_8' title="bbox 198 826 1857 907">
    <p class='ocr_par' dir='ltr' id='par_1_8' title="bbox 198 826 1857 907">
     <span class='ocr_line' id='line_1_8' title="bbox 198 826 1857 907; baseline -0.002 -17"><span class='ocrx_word' id='word_1_39' title='bbox 198 835 261 890; x_wconf 92' lang='lat' dir='ltr'>in</span> <span class='ocrx_word' id='word_1_40' title='bbox 294 836 422 907; x_wconf 83' lang='lat' dir='ltr'>ejus</span> <span class='ocrx_word' id='word_1_41' title='bbox 453 836 816 907; x_wconf 85' lang='lat' dir='ltr'>contemptu,</span> <span class='ocrx_word' id='word_1_42' title='bbox 851 831 1169 888; x_wconf 78' lang='lat' dir='ltr'>anathema</span> <span class='ocrx_word' id='word_1_43' title='bbox 1198 829 1295 887; x_wconf 86' lang='lat' dir='ltr'>sit.</span> <span class='ocrx_word' id='word_1_44' title='bbox 1331 852 1358 881; x_wconf 85' lang='lat'>»</span> <span class='ocrx_word' id='word_1_45' title='bbox 1382 828 1490 887; x_wconf 88' lang='lat' dir='ltr'>Ubi</span> <span class='ocrx_word' id='word_1_46' title='bbox 1520 833 1672 888; x_wconf 90' lang='lat' dir='ltr'>certe</span> <span class='ocrx_word' id='word_1_47' title='bbox 1703 826 1857 886; x_wconf 84' lang='lat' dir='ltr'>sicut</span> 
     </span>
    </p>
   </div>
   <div class='ocr_carea' id='block_1_9' title="bbox 200 919 1855 988">
    <p class='ocr_par' dir='ltr' id='par_1_9' title="bbox 200 919 1855 988">
     <span class='ocr_line' id='line_1_9' title="bbox 200 919 1855 988; baseline -0.003 -8"><span class='ocrx_word' id='word_1_48' title='bbox 200 923 297 981; x_wconf 67' lang='lat' dir='ltr'>eis”</span> <span class='ocrx_word' id='word_1_49' title='bbox 317 922 669 980; x_wconf 85' lang='lat' dir='ltr'>attestantur</span> <span class='ocrx_word' id='word_1_50' title='bbox 698 937 903 979; x_wconf 91' lang='lat' dir='ltr'>omnes</span> <span class='ocrx_word' id='word_1_51' title='bbox 933 919 1257 978; x_wconf 87' lang='lat' dir='ltr'>authentici</span> <span class='ocrx_word' id='word_1_52' title='bbox 1284 919 1440 988; x_wconf 85' lang='lat' dir='ltr'>libri,</span> <span class='ocrx_word' id='word_1_53' title='bbox 1473 935 1587 976; x_wconf 93' lang='lat' dir='ltr'>non</span> <span class='ocrx_word' id='word_1_54' title='bbox 1619 924 1855 976; x_wconf 88' lang='lat' dir='ltr'>contra-</span> 
     </span>
    </p>
   </div>
   <div class='ocr_carea' id='block_1_10' title="bbox 200 1002 1606 1083">
    <p class='ocr_par' dir='ltr' id='par_1_10' title="bbox 200 1002 1606 1083">
     <span class='ocr_line' id='line_1_10' title="bbox 200 1002 1606 1083; baseline -0.004 -14"><span class='ocrx_word' id='word_1_55' title='bbox 200 1004 410 1069; x_wconf 79' lang='lat' dir='ltr'>dicunt</span> <span class='ocrx_word' id='word_1_56' title='bbox 432 1010 663 1083; x_wconf 81' lang='lat' dir='ltr'>jejunio</span> <span class='ocrx_word' id='word_1_57' title='bbox 692 1008 955 1079; x_wconf 86' lang='lat' dir='ltr'>Sabbati,</span> <span class='ocrx_word' id='word_1_58' title='bbox 989 1010 1090 1065; x_wconf 89' lang='lat' dir='ltr'>sed</span> <span class='ocrx_word' id='word_1_59' title='bbox 1124 1002 1439 1065; x_wconf 67' lang='lat' dir='ltr'>Dominicaa</span> <span class='ocrx_word' id='word_1_60' title='bbox 1471 1006 1606 1064; x_wconf 86' lang='lat' dir='ltr'>diei.</span> 
     </span>
    </p>
   </div>
   <div class='ocr_carea' id='block_1_11' title="bbox 274 1095 1857 1173">
    <p class='ocr_par' dir='ltr' id='par_1_11' title="bbox 274 1095 1857 1173">
     <span class='ocr_line' id='line_1_11' title="bbox 274 1095 1857 1173; baseline -0.004 -16"><span class='ocrx_word' id='word_1_61' title='bbox 274 1095 449 1157; x_wconf 80' lang='lat' dir='ltr'>XXII.</span> <span class='ocrx_word' id='word_1_62' title='bbox 472 1100 608 1173; x_wconf 84' lang='lat' dir='ltr'>Sed,</span> <span class='ocrx_word' id='word_1_63' title='bbox 642 1118 674 1157; x_wconf 90' lang='grc' dir='ltr'>ο</span> <span class='ocrx_word' id='word_1_64' title='bbox 701 1100 921 1172; x_wconf 83' lang='lat' dir='ltr'>perfide</span> <span class='ocrx_word' id='word_1_65' title='bbox 951 1097 1417 1169; x_wconf 73' lang='lat' dir='ltr'>Stercorianiista,</span> <span class='ocrx_word' id='word_1_66' title='bbox 1451 1096 1552 1170; x_wconf 92' lang='lat' dir='ltr'>qui</span> <span class='ocrx_word' id='word_1_67' title='bbox 1586 1099 1758 1169; x_wconf 91' lang='lat' dir='ltr'>putas</span> <span class='ocrx_word' id='word_1_68' title='bbox 1784 1096 1857 1151; x_wconf 84' lang='lat' dir='ltr'><strong>ﬁ-</strong></span> 
     </span>
    </p>
   </div>
   <div class='ocr_carea' id='block_1_12' title="bbox 205 1182 1856 1262">
    <p class='ocr_par' dir='ltr' id='par_1_12' title="bbox 205 1182 1856 1262">
     <span class='ocr_line' id='line_1_12' title="bbox 205 1182 1856 1262; baseline -0.004 -15"><span class='ocrx_word' id='word_1_69' title='bbox 205 1184 780 1262; x_wconf 88' lang='lat' dir='ltr'>deliparticipatione</span> <span class='ocrx_word' id='word_1_70' title='bbox 792 1187 1053 1260; x_wconf 92' lang='lat' dir='ltr'>corporis</span> <span class='ocrx_word' id='word_1_71' title='bbox 1065 1191 1122 1243; x_wconf 90' lang='lat' dir='ltr'>et</span> <span class='ocrx_word' id='word_1_72' title='bbox 1143 1182 1449 1260; x_wconf 77' lang='lat' dir='ltr'>sanguinis</span> <span class='ocrx_word' id='word_1_73' title='bbox 1469 1184 1697 1241; x_wconf 88' lang='lat' dir='ltr'>Domini</span> <span class='ocrx_word' id='word_1_74' title='bbox 1712 1186 1856 1258; x_wconf 86' lang='lat' dir='ltr'>qua-</span> 
     </span>
    </p>
   </div>
   <div class='ocr_carea' id='block_1_13' title="bbox 203 1272 1859 1351">
    <p class='ocr_par' dir='ltr' id='par_1_13' title="bbox 203 1272 1859 1351">
     <span class='ocr_line' id='line_1_13' title="bbox 203 1272 1859 1351; baseline -0.004 -16"><span class='ocrx_word' id='word_1_75' title='bbox 203 1272 621 1351; x_wconf 86' lang='lat' dir='ltr'>dragesimalia</span> <span class='ocrx_word' id='word_1_76' title='bbox 632 1281 807 1349; x_wconf 86' lang='lat' dir='ltr'>atque</span> <span class='ocrx_word' id='word_1_77' title='bbox 821 1276 1215 1333; x_wconf 88' lang='lat' dir='ltr'>ecclesiastica</span> <span class='ocrx_word' id='word_1_78' title='bbox 1225 1274 1465 1331; x_wconf 88' lang='lat' dir='ltr'>dissolvi</span> <span class='ocrx_word' id='word_1_79' title='bbox 1478 1273 1726 1347; x_wconf 88' lang='lat' dir='ltr'>jejunia,</span> <span class='ocrx_word' id='word_1_80' title='bbox 1741 1290 1859 1330; x_wconf 89' lang='lat' dir='ltr'>om-</span> 
     </span>
    </p>
   </div>
   <div class='ocr_carea' id='block_1_14' title="bbox 206 1364 1860 1443">
    <p class='ocr_par' dir='ltr' id='par_1_14' title="bbox 206 1364 1860 1443">
     <span class='ocr_line' id='line_1_14' title="bbox 206 1364 1860 1443; baseline -0.002 -21"><span class='ocrx_word' id='word_1_81' title='bbox 206 1367 344 1424; x_wconf 90' lang='lat' dir='ltr'>nino</span> <span class='ocrx_word' id='word_1_82' title='bbox 390 1364 636 1422; x_wconf 86' lang='lat' dir='ltr'>credens</span> <span class='ocrx_word' id='word_1_83' title='bbox 662 1366 960 1422; x_wconf 83' lang='lat' dir='ltr'>caelestem</span> <span class='ocrx_word' id='word_1_84' title='bbox 992 1381 1187 1422; x_wconf 91' lang='lat' dir='ltr'>escam</span> <span class='ocrx_word' id='word_1_85' title='bbox 1227 1364 1386 1443; x_wconf 84' lang='lat' dir='ltr'>velut</span> <span class='ocrx_word' id='word_1_86' title='bbox 1436 1368 1725 1420; x_wconf 79' lang='lat' dir='ltr'>terrenam</span> <span class='ocrx_word' id='word_1_87' title='bbox 1759 1379 1860 1437; x_wconf 90' lang='lat' dir='ltr'>per</span> 
     </span>
    </p>
   </div>
   <div class='ocr_carea' id='block_1_15' title="bbox 208 1450 1857 1529">
    <p class='ocr_par' dir='ltr' id='par_1_15' title="bbox 208 1450 1857 1529">
     <span class='ocr_line' id='line_1_15' title="bbox 208 1450 1857 1529; baseline -0.002 -17"><span class='ocrx_word' id='word_1_88' title='bbox 208 1454 527 1529; x_wconf 86' lang='lat' dir='ltr'>aqualiculi</span> <span class='ocrx_word' id='word_1_89' title='bbox 551 1450 793 1512; x_wconf 84' lang='lat' dir='ltr'>fetidum</span> <span class='ocrx_word' id='word_1_90' title='bbox 812 1458 868 1511; x_wconf 90' lang='lat' dir='ltr'>et</span> <span class='ocrx_word' id='word_1_91' title='bbox 888 1452 1186 1511; x_wconf 82' lang='lat' dir='ltr'>sordidam</span> <span class='ocrx_word' id='word_1_92' title='bbox 1209 1454 1566 1526; x_wconf 84' lang='lat' dir='ltr'>egestionem</span> <span class='ocrx_word' id='word_1_93' title='bbox 1593 1452 1651 1509; x_wconf 90' lang='lat' dir='ltr'>in</span> <span class='ocrx_word' id='word_1_94' title='bbox 1670 1469 1857 1509; x_wconf 86' lang='lat' dir='ltr'>seces-</span> 
     </span>
    </p>
   </div>
   <div class='ocr_carea' id='block_1_16' title="bbox 206 1537 1859 1617">
    <p class='ocr_par' dir='ltr' id='par_1_16' title="bbox 206 1537 1859 1617">
     <span class='ocr_line' id='line_1_16' title="bbox 206 1537 1859 1617; baseline -0.003 -15"><span class='ocrx_word' id='word_1_95' title='bbox 206 1544 343 1602; x_wconf 86' lang='lat' dir='ltr'>sum</span> <span class='ocrx_word' id='word_1_96' title='bbox 373 1537 612 1614; x_wconf 80' lang='lat' dir='ltr'>dimitti,</span> <span class='ocrx_word' id='word_1_97' title='bbox 645 1544 817 1617; x_wconf 83' lang='lat' dir='ltr'>piane</span> <span class='ocrx_word' id='word_1_98' title='bbox 847 1543 1030 1601; x_wconf 89' lang='lat' dir='ltr'>sentis</span> <span class='ocrx_word' id='word_1_99' title='bbox 1078 1548 1210 1600; x_wconf 87' lang='lat' dir='ltr'>cum</span> <span class='ocrx_word' id='word_1_100' title='bbox 1239 1542 1398 1599; x_wconf 82' lang='lat' dir='ltr'>Ario.</span> <span class='ocrx_word' id='word_1_101' title='bbox 1435 1538 1541 1607; x_wconf 85' lang='lat' dir='ltr'>Qui</span> <span class='ocrx_word' id='word_1_102' title='bbox 1581 1558 1716 1598; x_wconf 91' lang='lat' dir='ltr'>cum</span> <span class='ocrx_word' id='word_1_103' title='bbox 1756 1558 1859 1615; x_wconf 89' lang='lat' dir='ltr'>pro</span> 
     </span>
    </p>
   </div>
   <div class='ocr_carea' id='block_1_17' title="bbox 210 1624 1857 1707">
    <p class='ocr_par' dir='ltr' id='par_1_17' title="bbox 210 1624 1857 1707">
     <span class='ocr_line' id='line_1_17' title="bbox 210 1624 1857 1707; baseline -0.003 -15"><span class='ocrx_word' id='word_1_104' title='bbox 210 1633 344 1692; x_wconf 86' lang='lat' dir='ltr'>aliis</span> <span class='ocrx_word' id='word_1_105' title='bbox 374 1626 760 1707; x_wconf 75' lang='lat' dir='ltr'>blaSphemiis</span> <span class='ocrx_word' id='word_1_106' title='bbox 781 1633 840 1689; x_wconf 91' lang='lat' dir='ltr'>in</span> <span class='ocrx_word' id='word_1_107' title='bbox 867 1626 1077 1689; x_wconf 78' lang='lat' dir='ltr'>Filium</span> <span class='ocrx_word' id='word_1_108' title='bbox 1108 1624 1233 1701; x_wconf 85' lang='lat' dir='ltr'>Dei,</span> <span class='ocrx_word' id='word_1_109' title='bbox 1251 1637 1377 1688; x_wconf 80' lang='lat' dir='ltr'>tum‘</span> <span class='ocrx_word' id='word_1_110' title='bbox 1408 1632 1583 1688; x_wconf 90' lang='lat' dir='ltr'>etiam</span> <span class='ocrx_word' id='word_1_111' title='bbox 1606 1649 1707 1705; x_wconf 91' lang='lat' dir='ltr'>pro</span> <span class='ocrx_word' id='word_1_112' title='bbox 1726 1630 1857 1699; x_wconf 84' lang='lat' dir='ltr'>ista,</span> 
     </span>
    </p>
   </div>
   <div class='ocr_carea' id='block_1_18' title="bbox 211 1710 1859 1797">
    <p class='ocr_par' dir='ltr' id='par_1_18' title="bbox 211 1710 1859 1797">
     <span class='ocr_line' id='line_1_18' title="bbox 211 1710 1859 1797; baseline -0.002 -19"><span class='ocrx_word' id='word_1_113' title='bbox 211 1718 443 1780; x_wconf 79' lang='lat' dir='ltr'>foveam</span> <span class='ocrx_word' id='word_1_114' title='bbox 473 1718 749 1797; x_wconf 82' lang='lat' dir='ltr'>delapsus</span> <span class='ocrx_word' id='word_1_115' title='bbox 779 1723 838 1778; x_wconf 91' lang='lat' dir='ltr'>in</span> <span class='ocrx_word' id='word_1_116' title='bbox 868 1710 1078 1789; x_wconf 87' lang='lat' dir='ltr'>atram,</span> <span class='ocrx_word' id='word_1_117' title='bbox 1110 1721 1431 1795; x_wconf 80' lang='lat' dir='ltr'>visceribus</span> <span class='ocrx_word' id='word_1_118' title='bbox 1464 1716 1613 1778; x_wconf 81' lang='lat' dir='ltr'>fusis</span> <span class='ocrx_word' id='word_1_119' title='bbox 1642 1737 1859 1776; x_wconf 90' lang='lat' dir='ltr'>vacuus</span> 
     </span>
    </p>
   </div>
   <div class='ocr_carea' id='block_1_19' title="bbox 211 1802 1925 1891">
    <p class='ocr_par' dir='ltr' id='par_1_19' title="bbox 211 1802 1925 1891">
     <span class='ocr_line' id='line_1_19' title="bbox 211 1802 1925 1891; baseline -0.003 -22"><span class='ocrx_word' id='word_1_120' title='bbox 211 1806 455 1885; x_wconf 74' lang='lat' dir='ltr'>quoque</span> <span class='ocrx_word' id='word_1_121' title='bbox 470 1802 668 1891; x_wconf 72' lang='lat' dir='ltr'>ventre&quot;</span> <span class='ocrx_word' id='word_1_122' title='bbox 681 1811 978 1891; x_wconf 84' lang='lat' dir='ltr'>remansit.</span> <span class='ocrx_word' id='word_1_123' title='bbox 1001 1806 1070 1880; x_wconf 84' lang='lat' dir='ltr'>Et</span> <span class='ocrx_word' id='word_1_124' title='bbox 1091 1808 1189 1891; x_wconf 87' lang='lat' dir='ltr'>ubi</span> <span class='ocrx_word' id='word_1_125' title='bbox 1207 1813 1297 1866; x_wconf 88' lang='lat' dir='ltr'>est</span> <span class='ocrx_word' id='word_1_126' title='bbox 1309 1811 1570 1866; x_wconf 85' lang='lat' dir='ltr'>Sa‘lvator</span> <span class='ocrx_word' id='word_1_127' title='bbox 1591 1809 1691 1882; x_wconf 88' lang='lat' dir='ltr'>qui</span> <span class='ocrx_word' id='word_1_128' title='bbox 1714 1810 1860 1864; x_wconf 90' lang='lat' dir='ltr'>dans</span> <span class='ocrx_word' id='word_1_129' title='bbox 1892 1812 1925 1891; x_wconf 59' lang='grc' dir='ltr'>ιε</span> 
     </span>
    </p>
   </div>
   <div class='ocr_carea' id='block_1_20' title="bbox 211 1888 1856 1974">
    <p class='ocr_par' dir='ltr' id='par_1_20' title="bbox 211 1888 1856 1974">
     <span class='ocr_line' id='line_1_20' title="bbox 211 1888 1856 1974; baseline -0.002 -17"><span class='ocrx_word' id='word_1_130' title='bbox 211 1896 524 1974; x_wconf 75' lang='lat' dir='ltr'>dissipulis</span> <span class='ocrx_word' id='word_1_131' title='bbox 546 1888 763 1974; x_wconf 78' lang='lat' dir='ltr'>panem</span> <span class='ocrx_word' id='word_1_132' title='bbox 791 1894 820 1957; x_wconf 86' lang='lat' dir='ltr'>a</span> <span class='ocrx_word' id='word_1_133' title='bbox 842 1890 904 1957; x_wconf 85' lang='lat' dir='ltr'>se</span> <span class='ocrx_word' id='word_1_134' title='bbox 934 1888 1304 1956; x_wconf 76' lang='lat' dir='ltr'>benedictum</span> <span class='ocrx_word' id='word_1_135' title='bbox 1323 1900 1380 1955; x_wconf 92' lang='lat' dir='ltr'>et</span> <span class='ocrx_word' id='word_1_136' title='bbox 1402 1900 1650 1955; x_wconf 90' lang='lat' dir='ltr'>fractum</span> <span class='ocrx_word' id='word_1_137' title='bbox 1676 1898 1856 1954; x_wconf 86' lang='lat' dir='ltr'>dixit:</span> 
     </span>
    </p>
   </div>
   <div class='ocr_carea' id='block_1_21' title="bbox 215 1982 1862 2069">
    <p class='ocr_par' dir='ltr' id='par_1_21' title="bbox 215 1982 1862 2069">
     <span class='ocr_line' id='line_1_21' title="bbox 215 1982 1862 2069; baseline -0.002 -24"><span class='ocrx_word' id='word_1_138' title='bbox 215 2012 245 2042; x_wconf 87' lang='grc'>‹‹</span> <span class='ocrx_word' id='word_1_139' title='bbox 276 1982 539 2063; x_wconf 75' lang='lat' dir='ltr'>Accipite</span> <span class='ocrx_word' id='word_1_140' title='bbox 587 1992 644 2046; x_wconf 91' lang='lat' dir='ltr'>et</span> <span class='ocrx_word' id='word_1_141' title='bbox 675 1989 978 2057; x_wconf 88' lang='lat' dir='ltr'>comedite,</span> <span class='ocrx_word' id='word_1_142' title='bbox 1022 1988 1131 2045; x_wconf 82' lang='lat' dir='ltr'>hoc</span> <span class='ocrx_word' id='word_1_143' title='bbox 1160 1991 1249 2044; x_wconf 86' lang='lat' dir='ltr'>est</span> <span class='ocrx_word' id='word_1_144' title='bbox 1297 1990 1507 2069; x_wconf 86' lang='lat' dir='ltr'>corpus</span> <span class='ocrx_word' id='word_1_145' title='bbox 1549 1987 1794 2045; x_wconf 85' lang='lat' dir='ltr'>meum?</span> <span class='ocrx_word' id='word_1_146' title='bbox 1834 2009 1862 2036; x_wconf 79' lang='grc'>»</span> 
     </span>
    </p>
   </div>
   <div class='ocr_carea' id='block_1_22' title="bbox 213 2070 1864 2157">
    <p class='ocr_par' dir='ltr' id='par_1_22' title="bbox 213 2070 1864 2157">
     <span class='ocr_line' id='line_1_22' title="bbox 213 2070 1864 2157; baseline -0.004 -21"><span class='ocrx_word' id='word_1_147' title='bbox 213 2074 427 2153; x_wconf 66' lang='lat' dir='ltr'>(Matth.</span> <span class='ocrx_word' id='word_1_148' title='bbox 476 2072 629 2149; x_wconf 77' lang='lat' dir='ltr'>xva,</span> <span class='ocrx_word' id='word_1_149' title='bbox 679 2076 797 2149; x_wconf 84' lang='lat'>26.)</span> <span class='ocrx_word' id='word_1_150' title='bbox 846 2080 907 2134; x_wconf 93' lang='lat' dir='ltr'>In</span> <span class='ocrx_word' id='word_1_151' title='bbox 941 2095 1056 2152; x_wconf 91' lang='lat' dir='ltr'>quo</span> <span class='ocrx_word' id='word_1_152' title='bbox 1103 2076 1243 2157; x_wconf 81' lang='lat' dir='ltr'>quid</span> <span class='ocrx_word' id='word_1_153' title='bbox 1284 2070 1561 2146; x_wconf 83' lang='lat' dir='ltr'>traderet,</span> <span class='ocrx_word' id='word_1_154' title='bbox 1606 2074 1744 2157; x_wconf 85' lang='lat' dir='ltr'>alibi</span> <span class='ocrx_word' id='word_1_155' title='bbox 1776 2075 1864 2153; x_wconf 88' lang='lat' dir='ltr'>di-</span> 
     </span>
    </p>
   </div>
   <div class='ocr_carea' id='block_1_23' title="bbox 216 2156 1867 2245">
    <p class='ocr_par' dir='ltr' id='par_1_23' title="bbox 216 2156 1867 2245">
     <span class='ocr_line' id='line_1_23' title="bbox 216 2156 1867 2245; baseline -0.002 -21"><span class='ocrx_word' id='word_1_156' title='bbox 216 2168 299 2224; x_wconf 91' lang='lat' dir='ltr'>cit</span> <span class='ocrx_word' id='word_1_157' title='bbox 330 2185 345 2224; x_wconf 93' lang='lat'>:</span> <span class='ocrx_word' id='word_1_158' title='bbox 380 2190 407 2239; x_wconf 70' lang='grc' dir='ltr'>(ς</span> <span class='ocrx_word' id='word_1_159' title='bbox 451 2160 624 2239; x_wconf 80' lang='lat' dir='ltr'>Panis</span> <span class='ocrx_word' id='word_1_160' title='bbox 671 2160 844 2238; x_wconf 81' lang='lat' dir='ltr'>queui</span> <span class='ocrx_word' id='word_1_161' title='bbox 875 2174 981 2240; x_wconf 83' lang='lat' dir='ltr'>ego</span> <span class='ocrx_word' id='word_1_162' title='bbox 1011 2156 1246 2238; x_wconf 83' lang='lat' dir='ltr'>dedero,</span> <span class='ocrx_word' id='word_1_163' title='bbox 1283 2156 1415 2223; x_wconf 87' lang='lat' dir='ltr'>earo</span> <span class='ocrx_word' id='word_1_164' title='bbox 1461 2180 1592 2222; x_wconf 88' lang='lat' dir='ltr'>mea</span> <span class='ocrx_word' id='word_1_165' title='bbox 1623 2169 1730 2233; x_wconf 91' lang='lat' dir='ltr'>est,</span> <span class='ocrx_word' id='word_1_166' title='bbox 1763 2178 1867 2245; x_wconf 87' lang='lat' dir='ltr'>pro</span> 
     </span>
    </p>
   </div>
   <div class='ocr_carea' id='block_1_24' title="bbox 174 2250 1871 2333">
    <p class='ocr_par' dir='ltr' id='par_1_24' title="bbox 174 2250 1871 2333">
     <span class='ocr_line' id='line_1_24' title="bbox 174 2250 1871 2333; baseline -0.001 -21"><span class='ocrx_word' id='word_1_167' title='bbox 174 2326 187 2331; x_wconf 28' lang='grc' dir='ltr'><em>ρ</em></span> <span class='ocrx_word' id='word_1_168' title='bbox 212 2257 424 2314; x_wconf 87' lang='lat' dir='ltr'>mundi</span> <span class='ocrx_word' id='word_1_169' title='bbox 450 2250 768 2330; x_wconf 70' lang='lat' dir='ltr'>vita(Joa&#39;ri.</span> <span class='ocrx_word' id='word_1_170' title='bbox 800 2272 877 2327; x_wconf 78' lang='lat' dir='ltr'>v1,</span> <span class='ocrx_word' id='word_1_171' title='bbox 900 2258 990 2328; x_wconf 78' lang='lat'>52)</span> <span class='ocrx_word' id='word_1_172' title='bbox 1023 2273 1037 2312; x_wconf 95' lang='lat'>:</span> <span class='ocrx_word' id='word_1_173' title='bbox 1073 2279 1101 2306; x_wconf 85' lang='grc'>››</span> <span class='ocrx_word' id='word_1_174' title='bbox 1133 2258 1189 2313; x_wconf 91' lang='lat' dir='ltr'>et</span> <span class='ocrx_word' id='word_1_175' title='bbox 1213 2272 1225 2311; x_wconf 92' lang='lat'>:</span> <span class='ocrx_word' id='word_1_176' title='bbox 1267 2270 1450 2312; x_wconf 82' lang='lat' dir='ltr'>«caro</span> <span class='ocrx_word' id='word_1_177' title='bbox 1475 2258 1606 2333; x_wconf 84' lang='lat' dir='ltr'>mea</span> <span class='ocrx_word' id='word_1_178' title='bbox 1628 2268 1758 2311; x_wconf 87' lang='lat' dir='ltr'>vere</span> <span class='ocrx_word' id='word_1_179' title='bbox 1780 2254 1871 2311; x_wconf 84' lang='lat' dir='ltr'>est</span> 
     </span>
    </p>
   </div>
   <div class='ocr_carea' id='block_1_25' title="bbox 215 2340 1868 2419">
    <p class='ocr_par' dir='ltr' id='par_1_25' title="bbox 215 2340 1868 2419">
     <span class='ocr_line' id='line_1_25' title="bbox 215 2340 1868 2419; baseline -0.002 -16"><span class='ocrx_word' id='word_1_180' title='bbox 215 2347 406 2416; x_wconf 86' lang='lat' dir='ltr'>cibus,</span> <span class='ocrx_word' id='word_1_181' title='bbox 440 2350 497 2402; x_wconf 90' lang='lat' dir='ltr'>et</span> <span class='ocrx_word' id='word_1_182' title='bbox 540 2340 784 2419; x_wconf 78' lang='lat' dir='ltr'>s&#39;a&#39;ngu&#39;is</span> <span class='ocrx_word' id='word_1_183' title='bbox 828 2360 995 2402; x_wconf 88' lang='lat' dir='ltr'>meus</span> <span class='ocrx_word' id='word_1_184' title='bbox 1043 2360 1175 2401; x_wconf 92' lang='lat' dir='ltr'>vere</span> <span class='ocrx_word' id='word_1_185' title='bbox 1214 2348 1303 2401; x_wconf 89' lang='lat' dir='ltr'>est</span> <span class='ocrx_word' id='word_1_186' title='bbox 1349 2342 1528 2418; x_wconf 85' lang='lat' dir='ltr'>potus</span> <span class='ocrx_word' id='word_1_187' title='bbox 1571 2345 1747 2416; x_wconf 79' lang='lat' dir='ltr'>(Joan.</span> <span class='ocrx_word' id='word_1_188' title='bbox 1790 2360 1868 2414; x_wconf 75' lang='lat' dir='ltr'>vx,</span> 
     </span>
    </p>
   </div>
   <div class='ocr_carea' id='block_1_26' title="bbox 213 2426 1873 2509">
    <p class='ocr_par' dir='ltr' id='par_1_26' title="bbox 213 2426 1873 2509">
     <span class='ocr_line' id='line_1_26' title="bbox 213 2426 1873 2509; baseline -0.004 -15"><span class='ocrx_word' id='word_1_189' title='bbox 213 2437 330 2509; x_wconf 87' lang='lat'>56).</span> <span class='ocrx_word' id='word_1_190' title='bbox 363 2457 390 2487; x_wconf 84' lang='lat'>»</span> <span class='ocrx_word' id='word_1_191' title='bbox 424 2428 723 2500; x_wconf 82' lang='lat' dir='ltr'>Quomodo</span> <span class='ocrx_word' id='word_1_192' title='bbox 754 2434 973 2491; x_wconf 80' lang='lat' dir='ltr'>verus?</span> <span class='ocrx_word' id='word_1_193' title='bbox 1002 2434 1149 2500; x_wconf 90' lang='lat' dir='ltr'>Quia</span> <span class='ocrx_word' id='word_1_194' title='bbox 1185 2454 1213 2484; x_wconf 89' lang='grc'>‹‹</span> <span class='ocrx_word' id='word_1_195' title='bbox 1244 2434 1347 2506; x_wconf 91' lang='lat' dir='ltr'>qui</span> <span class='ocrx_word' id='word_1_196' title='bbox 1387 2426 1706 2490; x_wconf 86' lang='lat' dir='ltr'>manducat</span> <span class='ocrx_word' id='word_1_197' title='bbox 1753 2446 1873 2489; x_wconf 88' lang='lat' dir='ltr'>car-</span> 
     </span>
    </p>
   </div>
   <div class='ocr_carea' id='block_1_27' title="bbox 219 2514 1874 2596">
    <p class='ocr_par' dir='ltr' id='par_1_27' title="bbox 219 2514 1874 2596">
     <span class='ocr_line' id='line_1_27' title="bbox 219 2514 1874 2596; baseline -0.003 -14"><span class='ocrx_word' id='word_1_198' title='bbox 219 2530 358 2582; x_wconf 77' lang='lat' dir='ltr'>nem‘</span> <span class='ocrx_word' id='word_1_199' title='bbox 389 2520 602 2593; x_wconf 80' lang='lat' dir='ltr'>meam,</span> <span class='ocrx_word' id='word_1_200' title='bbox 650 2528 709 2580; x_wconf 92' lang='lat' dir='ltr'>et</span> <span class='ocrx_word' id='word_1_201' title='bbox 737 2522 887 2579; x_wconf 85' lang='lat' dir='ltr'>bibit</span> <span class='ocrx_word' id='word_1_202' title='bbox 917 2521 1266 2596; x_wconf 89' lang='lat' dir='ltr'>sanguinem</span> <span class='ocrx_word' id='word_1_203' title='bbox 1316 2514 1538 2591; x_wconf 85' lang='lat' dir='ltr'>meum,</span> <span class='ocrx_word' id='word_1_204' title='bbox 1586 2523 1764 2579; x_wconf 88' lang='lat' dir='ltr'>habet</span> <span class='ocrx_word' id='word_1_205' title='bbox 1793 2522 1874 2578; x_wconf 87' lang='lat' dir='ltr'>vi-</span> 
     </span>
    </p>
   </div>
   <div class='ocr_carea' id='block_1_28' title="bbox 213 2608 1873 2687">
    <p class='ocr_par' dir='ltr' id='par_1_28' title="bbox 213 2608 1873 2687">
     <span class='ocr_line' id='line_1_28' title="bbox 213 2608 1873 2687; baseline -0.003 -16"><span class='ocrx_word' id='word_1_206' title='bbox 213 2618 342 2671; x_wconf 87' lang='lat' dir='ltr'>tam</span> <span class='ocrx_word' id='word_1_207' title='bbox 367 2608 648 2670; x_wconf 75' lang='lat' dir='ltr'>aeternam‘</span> <span class='ocrx_word' id='word_1_208' title='bbox 676 2616 862 2684; x_wconf 81' lang='lat' dir='ltr'>(Joan.</span> <span class='ocrx_word' id='word_1_209' title='bbox 895 2628 973 2682; x_wconf 79' lang='lat' dir='ltr'>v1,</span> <span class='ocrx_word' id='word_1_210' title='bbox 996 2613 1109 2682; x_wconf 83' lang='grc'>55).</span> <span class='ocrx_word' id='word_1_211' title='bbox 1132 2631 1160 2661; x_wconf 90' lang='grc'><strong>››</strong></span> <span class='ocrx_word' id='word_1_212' title='bbox 1180 2611 1248 2668; x_wconf 84' lang='lat' dir='ltr'>Et</span> <span class='ocrx_word' id='word_1_213' title='bbox 1281 2627 1409 2684; x_wconf 79' lang='lat' dir='ltr'>quae</span> <span class='ocrx_word' id='word_1_214' title='bbox 1441 2615 1531 2668; x_wconf 93' lang='lat' dir='ltr'>est</span> <span class='ocrx_word' id='word_1_215' title='bbox 1559 2611 1681 2668; x_wconf 87' lang='lat' dir='ltr'>vita</span> <span class='ocrx_word' id='word_1_216' title='bbox 1710 2616 1873 2687; x_wconf 72' lang='lat' dir='ltr'>aeter-</span> 
     </span>
    </p>
   </div>
   <div class='ocr_carea' id='block_1_29' title="bbox 218 2692 1876 2776">
    <p class='ocr_par' dir='ltr' id='par_1_29' title="bbox 218 2692 1876 2776">
     <span class='ocr_line' id='line_1_29' title="bbox 218 2692 1876 2776; baseline -0.004 -15"><span class='ocrx_word' id='word_1_217' title='bbox 218 2702 348 2761; x_wconf 87' lang='lat' dir='ltr'>na?</span> <span class='ocrx_word' id='word_1_218' title='bbox 376 2702 596 2776; x_wconf 72' lang='lat' dir='ltr'>Nem‘p‘e</span> <span class='ocrx_word' id='word_1_219' title='bbox 626 2692 894 2759; x_wconf 78' lang='lat' dir='ltr'>Christus</span> <span class='ocrx_word' id='word_1_220' title='bbox 919 2698 1110 2769; x_wconf 86' lang='lat' dir='ltr'>Jesus,</span> <span class='ocrx_word' id='word_1_221' title='bbox 1132 2698 1286 2756; x_wconf 86' lang='lat' dir='ltr'>sicut</span> <span class='ocrx_word' id='word_1_222' title='bbox 1316 2700 1442 2773; x_wconf 91' lang='lat' dir='ltr'>ipse</span> <span class='ocrx_word' id='word_1_223' title='bbox 1473 2698 1615 2756; x_wconf 85' lang='lat' dir='ltr'>diei‘t</span> <span class='ocrx_word' id='word_1_224' title='bbox 1648 2717 1660 2755; x_wconf 87' lang='lat'>:</span> <span class='ocrx_word' id='word_1_225' title='bbox 1698 2722 1726 2751; x_wconf 85' lang='grc'>‹‹</span> <span class='ocrx_word' id='word_1_226' title='bbox 1758 2700 1876 2775; x_wconf 86' lang='lat' dir='ltr'>Ego</span> 
     </span>
    </p>
   </div>
   <div class='ocr_carea' id='block_1_30' title="bbox 224 2782 1878 2864">
    <p class='ocr_par' dir='ltr' id='par_1_30' title="bbox 224 2782 1878 2864">
     <span class='ocr_line' id='line_1_30' title="bbox 224 2782 1878 2864; baseline -0.004 -13"><span class='ocrx_word' id='word_1_227' title='bbox 224 2790 361 2851; x_wconf 82' lang='lat' dir='ltr'>sum</span> <span class='ocrx_word' id='word_1_228' title='bbox 392 2792 515 2861; x_wconf 73' lang='lat' dir='ltr'>via,</span> <span class='ocrx_word' id='word_1_229' title='bbox 537 2790 753 2859; x_wconf 87' lang='lat' dir='ltr'>veritas</span> <span class='ocrx_word' id='word_1_230' title='bbox 793 2782 849 2847; x_wconf 82' lang='lat' dir='ltr'>et</span> <span class='ocrx_word' id='word_1_231' title='bbox 887 2788 1004 2846; x_wconf 81' lang='lat' dir='ltr'>vita</span> <span class='ocrx_word' id='word_1_232' title='bbox 1042 2790 1221 2864; x_wconf 84' lang='lat' dir='ltr'>(Joan.</span> <span class='ocrx_word' id='word_1_233' title='bbox 1263 2806 1378 2858; x_wconf 81' lang='lat' dir='ltr'>xw,</span> <span class='ocrx_word' id='word_1_234' title='bbox 1411 2790 1489 2859; x_wconf 86' lang='lat'>6).</span> <span class='ocrx_word' id='word_1_235' title='bbox 1527 2812 1555 2838; x_wconf 84' lang='lat'>»</span> <span class='ocrx_word' id='word_1_236' title='bbox 1590 2788 1696 2853; x_wconf 91' lang='lat' dir='ltr'>Qui</span> <span class='ocrx_word' id='word_1_237' title='bbox 1742 2794 1878 2861; x_wconf 90' lang='lat' dir='ltr'>ergo</span> 
     </span>
    </p>
   </div>
   <div class='ocr_carea' id='block_1_31' title="bbox 223 2865 1878 2952">
    <p class='ocr_par' dir='ltr' id='par_1_31' title="bbox 223 2865 1878 2952">
     <span class='ocr_line' id='line_1_31' title="bbox 223 2865 1878 2952; baseline -0.003 -16"><span class='ocrx_word' id='word_1_238' title='bbox 223 2884 442 2952; x_wconf 87' lang='lat' dir='ltr'>panem</span> <span class='ocrx_word' id='word_1_239' title='bbox 470 2878 577 2935; x_wconf 66' lang='lat' dir='ltr'>Dei’</span> <span class='ocrx_word' id='word_1_240' title='bbox 601 2869 938 2946; x_wconf 81' lang='lat' dir='ltr'>manducat,</span> <span class='ocrx_word' id='word_1_241' title='bbox 965 2865 1202 2933; x_wconf 85' lang='lat' dir='ltr'>carnem</span> <span class='ocrx_word' id='word_1_242' title='bbox 1240 2875 1342 2932; x_wconf 88' lang='lat' dir='ltr'>Dei</span> <span class='ocrx_word' id='word_1_243' title='bbox 1373 2876 1588 2933; x_wconf 87' lang='lat' dir='ltr'>Christi</span> <span class='ocrx_word' id='word_1_244' title='bbox 1630 2874 1878 2949; x_wconf 89' lang='lat' dir='ltr'>mandu-</span> 
     </span>
    </p>
   </div>
   <div class='ocr_carea' id='block_1_32' title="bbox 228 2958 1883 3039">
    <p class='ocr_par' dir='ltr' id='par_1_32' title="bbox 228 2958 1883 3039">
     <span class='ocr_line' id='line_1_32' title="bbox 228 2958 1883 3039; baseline -0.001 -14"><span class='ocrx_word' id='word_1_245' title='bbox 228 2958 912 3034; x_wconf 72' lang='lat' dir='ltr'>cat.Quiautem&#39;carném</span> <span class='ocrx_word' id='word_1_246' title='bbox 926 2968 974 3039; x_wconf 90' lang='lat' dir='ltr'>ej</span> <span class='ocrx_word' id='word_1_247' title='bbox 988 2960 1053 3023; x_wconf 82' lang='lat' dir='ltr'>us&#39;</span> <span class='ocrx_word' id='word_1_248' title='bbox 1067 2964 1883 3033; x_wconf 86' lang='lat' dir='ltr'>manducat,Christumman-</span> 
     </span>
    </p>
   </div>
   <div class='ocr_carea' id='block_1_33' title="bbox 227 3050 1889 3129">
    <p class='ocr_par' dir='ltr' id='par_1_33' title="bbox 227 3050 1889 3129">
     <span class='ocr_line' id='line_1_33' title="bbox 227 3050 1889 3129; baseline -0.001 -16"><span class='ocrx_word' id='word_1_249' title='bbox 227 3058 407 3113; x_wconf 91' lang='lat' dir='ltr'>ducat</span> <span class='ocrx_word' id='word_1_250' title='bbox 426 3076 440 3126; x_wconf 90' lang='lat'><strong>;</strong></span> <span class='ocrx_word' id='word_1_251' title='bbox 460 3056 561 3129; x_wconf 92' lang='lat' dir='ltr'>qui</span> <span class='ocrx_word' id='word_1_252' title='bbox 580 3050 877 3116; x_wconf 85' lang='lat' dir='ltr'>Christum</span> <span class='ocrx_word' id='word_1_253' title='bbox 901 3054 1240 3123; x_wconf 81' lang='lat' dir='ltr'>manduca‘t,</span> <span class='ocrx_word' id='word_1_254' title='bbox 1263 3054 1667 3127; x_wconf 88' lang='lat' dir='ltr'>proculdubio</span> <span class='ocrx_word' id='word_1_255' title='bbox 1698 3055 1889 3112; x_wconf 85' lang='lat' dir='ltr'>vitam</span> 
     </span>
    </p>
   </div>
   <div class='ocr_carea' id='block_1_34' title="bbox 1963 566 3616 640">
    <p class='ocr_par' dir='ltr' id='par_1_34' title="bbox 1963 566 3616 640">
     <span class='ocr_line' id='line_1_34' title="bbox 1963 566 3616 640; baseline 0.006 -20"><span class='ocrx_word' id='word_1_256' title='bbox 1963 566 2090 636; x_wconf 88' lang='lat' dir='ltr'>ejus</span> <span class='ocrx_word' id='word_1_257' title='bbox 2123 566 2322 623; x_wconf 81' lang='lat' dir='ltr'>ﬁdeles</span> <span class='ocrx_word' id='word_1_258' title='bbox 2341 570 2695 626; x_wconf 87' lang='lat' dir='ltr'>manducare</span> <span class='ocrx_word' id='word_1_259' title='bbox 2718 569 2830 627; x_wconf 89' lang='lat' dir='ltr'>sibi</span> <span class='ocrx_word' id='word_1_260' title='bbox 2854 573 3037 627; x_wconf 89' lang='lat' dir='ltr'>totam</span> <span class='ocrx_word' id='word_1_261' title='bbox 3051 569 3251 640; x_wconf 91' lang='lat' dir='ltr'>vitam,</span> <span class='ocrx_word' id='word_1_262' title='bbox 3269 570 3327 626; x_wconf 90' lang='lat' dir='ltr'>id</span> <span class='ocrx_word' id='word_1_263' title='bbox 3350 574 3438 629; x_wconf 88' lang='lat' dir='ltr'>est</span> <span class='ocrx_word' id='word_1_264' title='bbox 3450 572 3616 631; x_wconf 90' lang='lat' dir='ltr'>Chri-</span> 
     </span>
    </p>
   </div>
   <div class='ocr_carea' id='block_1_35' title="bbox 1964 650 3615 733">
    <p class='ocr_par' dir='ltr' id='par_1_35' title="bbox 1964 650 3615 733">
     <span class='ocr_line' id='line_1_35' title="bbox 1964 650 3615 733; baseline 0.006 -24"><span class='ocrx_word' id='word_1_265' title='bbox 1964 654 2417 724; x_wconf 81' lang='lat' dir='ltr'>stum,iuﬁdeles</span> <span class='ocrx_word' id='word_1_266' title='bbox 2437 663 2634 716; x_wconf 88' lang='lat' dir='ltr'>autem</span> <span class='ocrx_word' id='word_1_267' title='bbox 2650 659 2984 726; x_wconf 89' lang='lat' dir='ltr'>mortem,id</span> <span class='ocrx_word' id='word_1_268' title='bbox 2997 650 3397 733; x_wconf 68' lang='lat' dir='ltr'>est,judii:ium</span> <span class='ocrx_word' id='word_1_269' title='bbox 3417 679 3615 733; x_wconf 84' lang='lat' dir='ltr'>suum,</span> 
     </span>
    </p>
   </div>
   <div class='ocr_carea' id='block_1_36' title="bbox 1964 744 3615 822">
    <p class='ocr_par' dir='ltr' id='par_1_36' title="bbox 1964 744 3615 822">
     <span class='ocr_line' id='line_1_36' title="bbox 1964 744 3615 822; baseline 0.005 -23"><span class='ocrx_word' id='word_1_270' title='bbox 1964 747 2165 816; x_wconf 89' lang='lat' dir='ltr'>utpote</span> <span class='ocrx_word' id='word_1_271' title='bbox 2188 744 2286 817; x_wconf 89' lang='lat' dir='ltr'>qui</span> <span class='ocrx_word' id='word_1_272' title='bbox 2319 745 2400 801; x_wconf 90' lang='lat' dir='ltr'>rei</span> <span class='ocrx_word' id='word_1_273' title='bbox 2433 748 2584 803; x_wconf 84' lang='lat' dir='ltr'>fiunt</span> <span class='ocrx_word' id='word_1_274' title='bbox 2615 747 2875 821; x_wconf 88' lang='lat' dir='ltr'>corporis</span> <span class='ocrx_word' id='word_1_275' title='bbox 2924 752 2981 805; x_wconf 91' lang='lat' dir='ltr'>et</span> <span class='ocrx_word' id='word_1_276' title='bbox 3019 749 3326 822; x_wconf 85' lang='lat' dir='ltr'>sanguinis</span> <span class='ocrx_word' id='word_1_277' title='bbox 3358 750 3615 808; x_wconf 91' lang='lat' dir='ltr'>Domini.</span> 
     </span>
    </p>
   </div>
   <div class='ocr_carea' id='block_1_37' title="bbox 1963 832 3617 914">
    <p class='ocr_par' dir='ltr' id='par_1_37' title="bbox 1963 832 3617 914">
     <span class='ocr_line' id='line_1_37' title="bbox 1963 832 3617 914; baseline 0.005 -25"><span class='ocrx_word' id='word_1_278' title='bbox 1963 832 2183 890; x_wconf 91' lang='lat' dir='ltr'>Deinde</span> <span class='ocrx_word' id='word_1_279' title='bbox 2214 835 2472 907; x_wconf 90' lang='lat' dir='ltr'>quotidie</span> <span class='ocrx_word' id='word_1_280' title='bbox 2493 837 2613 894; x_wconf 90' lang='lat' dir='ltr'>sive</span> <span class='ocrx_word' id='word_1_281' title='bbox 2645 838 2834 909; x_wconf 89' lang='lat' dir='ltr'>tertia,</span> <span class='ocrx_word' id='word_1_282' title='bbox 2860 838 2980 895; x_wconf 90' lang='lat' dir='ltr'>sive</span> <span class='ocrx_word' id='word_1_283' title='bbox 3003 856 3177 907; x_wconf 90' lang='lat' dir='ltr'>nona,</span> <span class='ocrx_word' id='word_1_284' title='bbox 3206 840 3324 896; x_wconf 88' lang='lat' dir='ltr'>sive</span> <span class='ocrx_word' id='word_1_285' title='bbox 3356 857 3617 914; x_wconf 90' lang='lat' dir='ltr'>quacun-</span> 
     </span>
    </p>
   </div>
   <div class='ocr_carea' id='block_1_38' title="bbox 1965 922 3612 1002">
    <p class='ocr_par' dir='ltr' id='par_1_38' title="bbox 1965 922 3612 1002">
     <span class='ocr_line' id='line_1_38' title="bbox 1965 922 3612 1002; baseline 0.005 -25"><span class='ocrx_word' id='word_1_286' title='bbox 1965 938 2079 994; x_wconf 90' lang='lat' dir='ltr'>que</span> <span class='ocrx_word' id='word_1_287' title='bbox 2113 922 2256 979; x_wconf 90' lang='lat' dir='ltr'>hora</span> <span class='ocrx_word' id='word_1_288' title='bbox 2288 924 2385 980; x_wconf 85' lang='lat' dir='ltr'>fiat</span> <span class='ocrx_word' id='word_1_289' title='bbox 2417 942 2450 980; x_wconf 89' lang='lat' dir='ltr'>a</span> <span class='ocrx_word' id='word_1_290' title='bbox 2478 926 2651 983; x_wconf 83' lang='lat' dir='ltr'>nobis</span> <span class='ocrx_word' id='word_1_291' title='bbox 2685 926 2889 995; x_wconf 89' lang='lat' dir='ltr'>missa,</span> <span class='ocrx_word' id='word_1_292' title='bbox 2931 944 3047 984; x_wconf 91' lang='lat' dir='ltr'>non</span> <span class='ocrx_word' id='word_1_293' title='bbox 3080 929 3144 984; x_wconf 86' lang='lat' dir='ltr'>fit</span> <span class='ocrx_word' id='word_1_294' title='bbox 3173 928 3288 984; x_wconf 89' lang='lat' dir='ltr'>nisi</span> <span class='ocrx_word' id='word_1_295' title='bbox 3334 930 3612 1002; x_wconf 85' lang='lat' dir='ltr'>perfecta.</span> 
     </span>
    </p>
   </div>
   <div class='ocr_carea' id='block_1_39' title="bbox 1964 1006 3618 1094">
    <p class='ocr_par' dir='ltr' id='par_1_39' title="bbox 1964 1006 3618 1094">
     <span class='ocr_line' id='line_1_39' title="bbox 1964 1006 3618 1094; baseline 0.006 -28"><span class='ocrx_word' id='word_1_296' title='bbox 1964 1011 2079 1067; x_wconf 89' lang='lat' dir='ltr'>Nec</span> <span class='ocrx_word' id='word_1_297' title='bbox 2108 1016 2437 1069; x_wconf 89' lang='lat' dir='ltr'>reservatur</span> <span class='ocrx_word' id='word_1_298' title='bbox 2461 1030 2529 1071; x_wconf 85' lang='lat' dir='ltr'>ex</span> <span class='ocrx_word' id='word_1_299' title='bbox 2549 1015 2841 1072; x_wconf 88' lang='lat' dir='ltr'>oblatione</span> <span class='ocrx_word' id='word_1_300' title='bbox 2862 1017 2988 1088; x_wconf 87' lang='lat' dir='ltr'>ejus</span> <span class='ocrx_word' id='word_1_301' title='bbox 3012 1035 3147 1090; x_wconf 90' lang='lat' dir='ltr'>pars</span> <span class='ocrx_word' id='word_1_302' title='bbox 3171 1017 3386 1091; x_wconf 88' lang='lat' dir='ltr'>aliqua,</span> <span class='ocrx_word' id='word_1_303' title='bbox 3421 1006 3486 1075; x_wconf 84' lang='lat' dir='ltr'>ut</span> <span class='ocrx_word' id='word_1_304' title='bbox 3515 1036 3618 1094; x_wconf 92' lang='lat' dir='ltr'>per</span> 
     </span>
    </p>
   </div>
   <div class='ocr_carea' id='block_1_40' title="bbox 1967 1098 3621 1178">
    <p class='ocr_par' dir='ltr' id='par_1_40' title="bbox 1967 1098 3621 1178">
     <span class='ocr_line' id='line_1_40' title="bbox 1967 1098 3621 1178; baseline 0.007 -25"><span class='ocrx_word' id='word_1_305' title='bbox 1967 1098 2091 1155; x_wconf 91' lang='lat' dir='ltr'>dies</span> <span class='ocrx_word' id='word_1_306' title='bbox 2139 1101 2401 1173; x_wconf 90' lang='lat' dir='ltr'>quinque</span> <span class='ocrx_word' id='word_1_307' title='bbox 2450 1107 2658 1175; x_wconf 86' lang='lat' dir='ltr'>agatur</span> <span class='ocrx_word' id='word_1_308' title='bbox 2705 1103 2889 1160; x_wconf 87' lang='lat' dir='ltr'>missa</span> <span class='ocrx_word' id='word_1_309' title='bbox 2930 1105 3288 1178; x_wconf 89' lang='lat' dir='ltr'>imperfecta.</span> <span class='ocrx_word' id='word_1_310' title='bbox 3340 1107 3485 1171; x_wconf 89' lang='lat' dir='ltr'>Quia</span> <span class='ocrx_word' id='word_1_311' title='bbox 3514 1125 3621 1164; x_wconf 88' lang='lat' dir='ltr'>nec</span> 
     </span>
    </p>
   </div>
   <div class='ocr_carea' id='block_1_41' title="bbox 1966 1188 3622 1268">
    <p class='ocr_par' dir='ltr' id='par_1_41' title="bbox 1966 1188 3622 1268">
     <span class='ocr_line' id='line_1_41' title="bbox 1966 1188 3622 1268; baseline 0.005 -23"><span class='ocrx_word' id='word_1_312' title='bbox 1966 1188 2415 1262; x_wconf 87' lang='lat' dir='ltr'>sanctiapostoli</span> <span class='ocrx_word' id='word_1_313' title='bbox 2440 1190 2716 1264; x_wconf 88' lang='lat' dir='ltr'>leguntur</span> <span class='ocrx_word' id='word_1_314' title='bbox 2732 1192 3055 1265; x_wconf 84' lang='lat' dir='ltr'>quidquam</span> <span class='ocrx_word' id='word_1_315' title='bbox 3073 1211 3143 1251; x_wconf 86' lang='lat' dir='ltr'>ex</span> <span class='ocrx_word' id='word_1_316' title='bbox 3162 1194 3261 1251; x_wconf 91' lang='lat' dir='ltr'>illo</span> <span class='ocrx_word' id='word_1_317' title='bbox 3280 1196 3470 1268; x_wconf 90' lang='lat' dir='ltr'>primo</span> <span class='ocrx_word' id='word_1_318' title='bbox 3503 1213 3622 1254; x_wconf 92' lang='lat' dir='ltr'>cor-</span> 
     </span>
    </p>
   </div>
   <div class='ocr_carea' id='block_1_42' title="bbox 1966 1277 3623 1356">
    <p class='ocr_par' dir='ltr' id='par_1_42' title="bbox 1966 1277 3623 1356">
     <span class='ocr_line' id='line_1_42' title="bbox 1966 1277 3623 1356; baseline 0.007 -25"><span class='ocrx_word' id='word_1_319' title='bbox 1966 1277 2124 1349; x_wconf 90' lang='lat' dir='ltr'>poris</span> <span class='ocrx_word' id='word_1_320' title='bbox 2158 1281 2215 1332; x_wconf 87' lang='lat' dir='ltr'>et</span> <span class='ocrx_word' id='word_1_321' title='bbox 2261 1278 2565 1352; x_wconf 86' lang='lat' dir='ltr'>sanguinis</span> <span class='ocrx_word' id='word_1_322' title='bbox 2597 1280 2811 1336; x_wconf 86' lang='lat' dir='ltr'>Christi</span> <span class='ocrx_word' id='word_1_323' title='bbox 2850 1283 3127 1355; x_wconf 73' lang='lat' dir='ltr'>mysterio</span> <span class='ocrx_word' id='word_1_324' title='bbox 3160 1284 3269 1339; x_wconf 87' lang='lat' dir='ltr'>sub</span> <span class='ocrx_word' id='word_1_325' title='bbox 3300 1284 3430 1356; x_wconf 82' lang='lat' dir='ltr'>ipsa</span> <span class='ocrx_word' id='word_1_326' title='bbox 3458 1302 3623 1342; x_wconf 87' lang='lat' dir='ltr'>coena</span> 
     </span>
    </p>
   </div>
   <div class='ocr_carea' id='block_1_43' title="bbox 1966 1366 3615 1435">
    <p class='ocr_par' dir='ltr' id='par_1_43' title="bbox 1966 1366 3615 1435">
     <span class='ocr_line' id='line_1_43' title="bbox 1966 1366 3615 1435; baseline 0.005 -14"><span class='ocrx_word' id='word_1_327' title='bbox 1966 1366 2286 1422; x_wconf 80' lang='lat' dir='ltr'>distributo</span> <span class='ocrx_word' id='word_1_328' title='bbox 2304 1385 2648 1435; x_wconf 83' lang='lat' dir='ltr'>reservasse,</span> <span class='ocrx_word' id='word_1_329' title='bbox 2674 1387 2778 1425; x_wconf 89' lang='lat' dir='ltr'>nec</span> <span class='ocrx_word' id='word_1_330' title='bbox 2804 1374 2967 1426; x_wconf 77' lang='lat' dir='ltr'>actus</span> <span class='ocrx_word' id='word_1_331' title='bbox 2991 1388 3192 1426; x_wconf 90' lang='lat' dir='ltr'>eorum</span> <span class='ocrx_word' id='word_1_332' title='bbox 3222 1372 3486 1429; x_wconf 87' lang='lat' dir='ltr'>indicant</span> <span class='ocrx_word' id='word_1_333' title='bbox 3516 1391 3615 1430; x_wconf 92' lang='lat' dir='ltr'>eos</span> 
     </span>
    </p>
   </div>
   <div class='ocr_carea' id='block_1_44' title="bbox 1968 1454 3615 1534">
    <p class='ocr_par' dir='ltr' id='par_1_44' title="bbox 1968 1454 3615 1534">
     <span class='ocr_line' id='line_1_44' title="bbox 1968 1454 3615 1534; baseline 0.005 -23"><span class='ocrx_word' id='word_1_334' title='bbox 1968 1454 2408 1527; x_wconf 88' lang='lat' dir='ltr'>aliquandotale</span> <span class='ocrx_word' id='word_1_335' title='bbox 2429 1457 2569 1531; x_wconf 88' lang='lat' dir='ltr'>quid</span> <span class='ocrx_word' id='word_1_336' title='bbox 2595 1459 2785 1532; x_wconf 88' lang='lat' dir='ltr'>egisse</span> <span class='ocrx_word' id='word_1_337' title='bbox 2809 1464 2909 1514; x_wconf 89' lang='lat' dir='ltr'>aut</span> <span class='ocrx_word' id='word_1_338' title='bbox 2929 1460 3293 1534; x_wconf 82' lang='lat' dir='ltr'>praecepisse.</span> <span class='ocrx_word' id='word_1_339' title='bbox 3322 1460 3615 1530; x_wconf 90' lang='lat' dir='ltr'>Quinimo,</span> 
     </span>
    </p>
   </div>
   <div class='ocr_carea' id='block_1_45' title="bbox 1969 1544 3622 1620">
    <p class='ocr_par' dir='ltr' id='par_1_45' title="bbox 1969 1544 3622 1620">
     <span class='ocr_line' id='line_1_45' title="bbox 1969 1544 3622 1620; baseline 0.002 -19"><span class='ocrx_word' id='word_1_340' title='bbox 1969 1544 2121 1601; x_wconf 84' lang='lat' dir='ltr'>sicut</span> <span class='ocrx_word' id='word_1_341' title='bbox 2152 1546 2338 1602; x_wconf 91' lang='lat' dir='ltr'>Lucas</span> <span class='ocrx_word' id='word_1_342' title='bbox 2361 1550 2595 1603; x_wconf 88' lang='lat' dir='ltr'>narrat:</span> <span class='ocrx_word' id='word_1_343' title='bbox 2623 1569 2649 1598; x_wconf 88' lang='grc'><strong>‹‹</strong></span> <span class='ocrx_word' id='word_1_344' title='bbox 2676 1548 2853 1603; x_wconf 86' lang='lat' dir='ltr'>Erant</span> <span class='ocrx_word' id='word_1_345' title='bbox 2875 1547 3074 1604; x_wconf 81' lang='lat' dir='ltr'>fideles</span> <span class='ocrx_word' id='word_1_346' title='bbox 3100 1552 3535 1620; x_wconf 88' lang='lat' dir='ltr'>perseverantes</span> <span class='ocrx_word' id='word_1_347' title='bbox 3561 1550 3622 1605; x_wconf 88' lang='lat' dir='ltr'>in</span> 
     </span>
    </p>
   </div>
   <div class='ocr_carea' id='block_1_46' title="bbox 1970 1622 3626 1717">
    <p class='ocr_par' dir='ltr' id='par_1_46' title="bbox 1970 1622 3626 1717">
     <span class='ocr_line' id='line_1_46' title="bbox 1970 1622 3626 1717; baseline 0.003 -28"><span class='ocrx_word' id='word_1_348' title='bbox 1970 1634 2236 1689; x_wconf 89' lang='lat' dir='ltr'>doctrina</span> <span class='ocrx_word' id='word_1_349' title='bbox 2264 1635 2660 1707; x_wconf 82' lang='lat' dir='ltr'>apostolorum</span> <span class='ocrx_word' id='word_1_350' title='bbox 2684 1639 2741 1692; x_wconf 90' lang='lat' dir='ltr'>et</span> <span class='ocrx_word' id='word_1_351' title='bbox 2769 1636 3305 1694; x_wconf 87' lang='lat' dir='ltr'>communicatione</span> <span class='ocrx_word' id='word_1_352' title='bbox 3325 1622 3626 1717; x_wconf 67' lang='lat' dir='ltr'>fractionis</span> 
     </span>
    </p>
   </div>
   <div class='ocr_carea' id='block_1_47' title="bbox 1971 1714 3628 1803">
    <p class='ocr_par' dir='ltr' id='par_1_47' title="bbox 1971 1714 3628 1803">
     <span class='ocr_line' id='line_1_47' title="bbox 1971 1714 3628 1803; baseline 0.003 -24"><span class='ocrx_word' id='word_1_353' title='bbox 1971 1722 2144 1795; x_wconf 87' lang='lat' dir='ltr'>panis</span> <span class='ocrx_word' id='word_1_354' title='bbox 2172 1725 2319 1794; x_wconf 54' lang='lat' dir='ltr'>(Act.</span> <span class='ocrx_word' id='word_1_355' title='bbox 2358 1742 2418 1791; x_wconf 76' lang='grc' dir='ltr'>ιι,</span> <span class='ocrx_word' id='word_1_356' title='bbox 2451 1726 2560 1795; x_wconf 84' lang='grc'>42).</span> <span class='ocrx_word' id='word_1_357' title='bbox 2593 1748 2619 1774; x_wconf 89' lang='grc'>››</span> <span class='ocrx_word' id='word_1_358' title='bbox 2651 1726 2784 1790; x_wconf 65' lang='lat' dir='ltr'>Quae</span> <span class='ocrx_word' id='word_1_359' title='bbox 2808 1726 3263 1783; x_wconf 87' lang='lat' dir='ltr'>communicatio</span> <span class='ocrx_word' id='word_1_360' title='bbox 3283 1714 3547 1803; x_wconf 83' lang='lat' dir='ltr'>qualiter</span> <span class='ocrx_word' id='word_1_361' title='bbox 3569 1730 3628 1784; x_wconf 92' lang='lat' dir='ltr'>et</span> 
     </span>
    </p>
   </div>
   <div class='ocr_carea' id='block_1_48' title="bbox 1972 1812 3639 1889">
    <p class='ocr_par' dir='ltr' id='par_1_48' title="bbox 1972 1812 3639 1889">
     <span class='ocr_line' id='line_1_48' title="bbox 1972 1812 3639 1889; baseline 0.004 -22"><span class='ocrx_word' id='word_1_362' title='bbox 1972 1812 2189 1884; x_wconf 86' lang='lat' dir='ltr'>quibus</span> <span class='ocrx_word' id='word_1_363' title='bbox 2206 1812 2413 1869; x_wconf 92' lang='lat' dir='ltr'>diebus</span> <span class='ocrx_word' id='word_1_364' title='bbox 2437 1814 2616 1880; x_wconf 81' lang='lat' dir='ltr'>fieret,</span> <span class='ocrx_word' id='word_1_365' title='bbox 2639 1819 2768 1887; x_wconf 90' lang='lat' dir='ltr'>post</span> <span class='ocrx_word' id='word_1_366' title='bbox 2786 1832 2969 1886; x_wconf 88' lang='lat' dir='ltr'>pauca</span> <span class='ocrx_word' id='word_1_367' title='bbox 2986 1815 3367 1887; x_wconf 84' lang='lat' dir='ltr'>demonstrat,</span> <span class='ocrx_word' id='word_1_368' title='bbox 3391 1816 3639 1889; x_wconf 79' lang='lat' dir='ltr'>dicens:</span> 
     </span>
    </p>
   </div>
   <div class='ocr_carea' id='block_1_49' title="bbox 1974 1901 3639 1983">
    <p class='ocr_par' dir='ltr' id='par_1_49' title="bbox 1974 1901 3639 1983">
     <span class='ocr_line' id='line_1_49' title="bbox 1974 1901 3639 1983; baseline 0.007 -32"><span class='ocrx_word' id='word_1_369' title='bbox 1974 1925 2001 1952; x_wconf 88' lang='grc'>‹‹</span> <span class='ocrx_word' id='word_1_370' title='bbox 2035 1901 2303 1968; x_wconf 82' lang='lat' dir='ltr'>Quotidie</span> <span class='ocrx_word' id='word_1_371' title='bbox 2325 1906 2762 1975; x_wconf 86' lang='lat' dir='ltr'>perseverantes</span> <span class='ocrx_word' id='word_1_372' title='bbox 2808 1904 3166 1960; x_wconf 87' lang='lat' dir='ltr'>unanimiter</span> <span class='ocrx_word' id='word_1_373' title='bbox 3204 1904 3265 1960; x_wconf 89' lang='lat' dir='ltr'>in</span> <span class='ocrx_word' id='word_1_374' title='bbox 3297 1905 3538 1981; x_wconf 84' lang='lat' dir='ltr'>templo,</span> <span class='ocrx_word' id='word_1_375' title='bbox 3574 1909 3639 1983; x_wconf 22' lang='lat' dir='ltr'>et.</span> 
     </span>
    </p>
   </div>
   <div class='ocr_carea' id='block_1_50' title="bbox 1974 1991 3628 2067">
    <p class='ocr_par' dir='ltr' id='par_1_50' title="bbox 1974 1991 3628 2067">
     <span class='ocr_line' id='line_1_50' title="bbox 1974 1991 3628 2067; baseline 0.002 -21"><span class='ocrx_word' id='word_1_376' title='bbox 1974 1992 2308 2063; x_wconf 82' lang='lat' dir='ltr'>frangentes</span> <span class='ocrx_word' id='word_1_377' title='bbox 2328 1991 2482 2047; x_wconf 88' lang='lat' dir='ltr'>circa</span> <span class='ocrx_word' id='word_1_378' title='bbox 2500 1992 2705 2048; x_wconf 90' lang='lat' dir='ltr'>domos</span> <span class='ocrx_word' id='word_1_379' title='bbox 2728 2009 2937 2065; x_wconf 89' lang='lat' dir='ltr'>panem</span> <span class='ocrx_word' id='word_1_380' title='bbox 2953 1992 3465 2066; x_wconf 80' lang='lat' dir='ltr'>sumebant(lbid.,</span> <span class='ocrx_word' id='word_1_381' title='bbox 3480 1996 3628 2067; x_wconf 84' lang='grc'>46).»</span> 
     </span>
    </p>
   </div>
   <div class='ocr_carea' id='block_1_51' title="bbox 1976 2070 3633 2155">
    <p class='ocr_par' dir='ltr' id='par_1_51' title="bbox 1976 2070 3633 2155">
     <span class='ocr_line' id='line_1_51' title="bbox 1976 2070 3633 2155; baseline 0.004 -21"><span class='ocrx_word' id='word_1_382' title='bbox 1976 2080 2118 2136; x_wconf 87' lang='lat' dir='ltr'>Ecce</span> <span class='ocrx_word' id='word_1_383' title='bbox 2148 2098 2319 2137; x_wconf 80' lang='lat' dir='ltr'>verax</span> <span class='ocrx_word' id='word_1_384' title='bbox 2345 2080 2698 2154; x_wconf 89' lang='lat' dir='ltr'>evangelista</span> <span class='ocrx_word' id='word_1_385' title='bbox 2728 2085 2976 2138; x_wconf 84' lang='lat' dir='ltr'>testatur</span> <span class='ocrx_word' id='word_1_386' title='bbox 2996 2083 3105 2138; x_wconf 91' lang='lat' dir='ltr'>sub</span> <span class='ocrx_word' id='word_1_387' title='bbox 3133 2081 3413 2155; x_wconf 88' lang='lat' dir='ltr'>apostolis</span> <span class='ocrx_word' id='word_1_388' title='bbox 3430 2070 3633 2140; x_wconf 85' lang='lat' dir='ltr'>fideles</span> 
     </span>
    </p>
   </div>
   <div class='ocr_carea' id='block_1_52' title="bbox 1979 2158 3663 2248">
    <p class='ocr_par' dir='ltr' id='par_1_52' title="bbox 1979 2158 3663 2248">
     <span class='ocr_line' id='line_1_52' title="bbox 1979 2158 3663 2248; baseline 0.003 -25"><span class='ocrx_word' id='word_1_389' title='bbox 1979 2168 2238 2241; x_wconf 82' lang='lat' dir='ltr'>quotidie</span> <span class='ocrx_word' id='word_1_390' title='bbox 2270 2186 2469 2226; x_wconf 88' lang='lat' dir='ltr'>orasse</span> <span class='ocrx_word' id='word_1_391' title='bbox 2501 2177 2557 2225; x_wconf 87' lang='lat' dir='ltr'>et</span> <span class='ocrx_word' id='word_1_392' title='bbox 2577 2187 2785 2243; x_wconf 88' lang='lat' dir='ltr'>panem</span> <span class='ocrx_word' id='word_1_393' title='bbox 2820 2170 3080 2243; x_wconf 77' lang='lat' dir='ltr'>fregisse.</span> <span class='ocrx_word' id='word_1_394' title='bbox 3100 2172 3169 2228; x_wconf 87' lang='lat' dir='ltr'>Et</span> <span class='ocrx_word' id='word_1_395' title='bbox 3198 2188 3319 2242; x_wconf 87' lang='lat' dir='ltr'>vos,</span> <span class='ocrx_word' id='word_1_396' title='bbox 3344 2173 3444 2245; x_wconf 89' lang='lat' dir='ltr'>qui</span> <span class='ocrx_word' id='word_1_397' title='bbox 3466 2158 3628 2248; x_wconf 78' lang='lat' dir='ltr'>estis,</span> <span class='ocrx_word' id='word_1_398' title='bbox 3656 2193 3663 2203; x_wconf 70' lang='grc' dir='ltr'><strong><em>σ</em></strong></span> 
     </span>
    </p>
   </div>
   <div class='ocr_carea' id='block_1_53' title="bbox 1979 2257 3634 2330">
    <p class='ocr_par' dir='ltr' id='par_1_53' title="bbox 1979 2257 3634 2330">
     <span class='ocr_line' id='line_1_53' title="bbox 1979 2257 3634 2330; baseline 0.002 -17"><span class='ocrx_word' id='word_1_399' title='bbox 1979 2257 2079 2330; x_wconf 91' lang='lat' dir='ltr'>qui</span> <span class='ocrx_word' id='word_1_400' title='bbox 2112 2258 2309 2314; x_wconf 89' lang='lat' dir='ltr'>dicitis</span> <span class='ocrx_word' id='word_1_401' title='bbox 2340 2260 2572 2315; x_wconf 91' lang='lat' dir='ltr'>duobus</span> <span class='ocrx_word' id='word_1_402' title='bbox 2595 2263 2824 2315; x_wconf 90' lang='lat' dir='ltr'>tantum</span> <span class='ocrx_word' id='word_1_403' title='bbox 2848 2259 3053 2315; x_wconf 89' lang='lat' dir='ltr'>diebus</span> <span class='ocrx_word' id='word_1_404' title='bbox 3083 2260 3465 2318; x_wconf 86' lang='lat' dir='ltr'>hebdomadis</span> <span class='ocrx_word' id='word_1_405' title='bbox 3485 2261 3634 2316; x_wconf 90' lang='lat' dir='ltr'>mis-</span> 
     </span>
    </p>
   </div>
   <div class='ocr_carea' id='block_1_54' title="bbox 1982 2347 3636 2425">
    <p class='ocr_par' dir='ltr' id='par_1_54' title="bbox 1982 2347 3636 2425">
     <span class='ocr_line' id='line_1_54' title="bbox 1982 2347 3636 2425; baseline 0.001 -22"><span class='ocrx_word' id='word_1_406' title='bbox 1982 2364 2111 2404; x_wconf 89' lang='lat' dir='ltr'>sam</span> <span class='ocrx_word' id='word_1_407' title='bbox 2143 2347 2454 2420; x_wconf 83' lang='lat' dir='ltr'>perfectam</span> <span class='ocrx_word' id='word_1_408' title='bbox 2489 2347 2615 2404; x_wconf 82' lang='lat' dir='ltr'>fieri</span> <span class='ocrx_word' id='word_1_409' title='bbox 2662 2348 2890 2417; x_wconf 89' lang='lat' dir='ltr'>debere,</span> <span class='ocrx_word' id='word_1_410' title='bbox 2925 2348 3168 2421; x_wconf 81' lang='lat' dir='ltr'>reliquis</span> <span class='ocrx_word' id='word_1_411' title='bbox 3210 2365 3344 2405; x_wconf 91' lang='lat' dir='ltr'>vero</span> <span class='ocrx_word' id='word_1_412' title='bbox 3376 2349 3636 2425; x_wconf 87' lang='lat' dir='ltr'>quinque</span> 
     </span>
    </p>
   </div>
   <div class='ocr_carea' id='block_1_55' title="bbox 1982 2436 3636 2515">
    <p class='ocr_par' dir='ltr' id='par_1_55' title="bbox 1982 2436 3636 2515">
     <span class='ocr_line' id='line_1_55' title="bbox 1982 2436 3636 2515; baseline 0.002 -23"><span class='ocrx_word' id='word_1_413' title='bbox 1982 2437 2383 2509; x_wconf 87' lang='lat' dir='ltr'>imperfectam</span> <span class='ocrx_word' id='word_1_414' title='bbox 2403 2437 2430 2492; x_wconf 67' lang='grc' dir='ltr'>ἱ)</span> <span class='ocrx_word' id='word_1_415' title='bbox 2450 2437 2669 2510; x_wconf 89' lang='lat' dir='ltr'>Nempe</span> <span class='ocrx_word' id='word_1_416' title='bbox 2690 2436 2783 2493; x_wconf 89' lang='lat' dir='ltr'>hic</span> <span class='ocrx_word' id='word_1_417' title='bbox 2809 2437 2866 2492; x_wconf 92' lang='lat' dir='ltr'>in</span> <span class='ocrx_word' id='word_1_418' title='bbox 2884 2437 3053 2510; x_wconf 90' lang='lat' dir='ltr'>panis</span> <span class='ocrx_word' id='word_1_419' title='bbox 3085 2437 3363 2494; x_wconf 89' lang='lat' dir='ltr'>fraetione</span> <span class='ocrx_word' id='word_1_420' title='bbox 3384 2441 3442 2495; x_wconf 91' lang='lat' dir='ltr'>et</span> <span class='ocrx_word' id='word_1_421' title='bbox 3471 2455 3636 2515; x_wconf 84' lang='lat' dir='ltr'>com-</span> 
     </span>
    </p>
   </div>
   <div class='ocr_carea' id='block_1_56' title="bbox 1985 2525 3636 2598">
    <p class='ocr_par' dir='ltr' id='par_1_56' title="bbox 1985 2525 3636 2598">
     <span class='ocr_line' id='line_1_56' title="bbox 1985 2525 3636 2598; baseline 0.002 -17"><span class='ocrx_word' id='word_1_422' title='bbox 1985 2525 2404 2593; x_wconf 88' lang='lat' dir='ltr'>municatione,</span> <span class='ocrx_word' id='word_1_423' title='bbox 2449 2544 2566 2582; x_wconf 93' lang='lat' dir='ltr'>non</span> <span class='ocrx_word' id='word_1_424' title='bbox 2598 2525 2713 2582; x_wconf 89' lang='lat' dir='ltr'>nisi</span> <span class='ocrx_word' id='word_1_425' title='bbox 2746 2527 3060 2598; x_wconf 85' lang='lat' dir='ltr'>perfectam</span> <span class='ocrx_word' id='word_1_426' title='bbox 3111 2525 3399 2582; x_wconf 88' lang='lat' dir='ltr'>actionem</span> <span class='ocrx_word' id='word_1_427' title='bbox 3442 2527 3636 2584; x_wconf 75' lang='lat' dir='ltr'>missa:</span> 
     </span>
    </p>
   </div>
   <div class='ocr_carea' id='block_1_57' title="bbox 1986 2614 3641 2688">
    <p class='ocr_par' dir='ltr' id='par_1_57' title="bbox 1986 2614 3641 2688">
     <span class='ocr_line' id='line_1_57' title="bbox 1986 2614 3641 2688; baseline 0 -17"><span class='ocrx_word' id='word_1_428' title='bbox 1986 2616 2267 2672; x_wconf 90' lang='lat' dir='ltr'>debemus</span> <span class='ocrx_word' id='word_1_429' title='bbox 2298 2614 2580 2688; x_wconf 86' lang='lat' dir='ltr'>accipere,</span> <span class='ocrx_word' id='word_1_430' title='bbox 2613 2615 3113 2688; x_wconf 87' lang='lat' dir='ltr'>quemadmodum</span> <span class='ocrx_word' id='word_1_431' title='bbox 3140 2620 3197 2671; x_wconf 90' lang='lat' dir='ltr'>et</span> <span class='ocrx_word' id='word_1_432' title='bbox 3220 2615 3414 2688; x_wconf 91' lang='lat' dir='ltr'>ipsum</span> <span class='ocrx_word' id='word_1_433' title='bbox 3445 2616 3641 2673; x_wconf 90' lang='lat' dir='ltr'>Domi-</span> 
     </span>
    </p>
   </div>
   <div class='ocr_carea' id='block_1_58' title="bbox 1988 2704 3638 2778">
    <p class='ocr_par' dir='ltr' id='par_1_58' title="bbox 1988 2704 3638 2778">
     <span class='ocr_line' id='line_1_58' title="bbox 1988 2704 3638 2778; baseline 0.002 -19"><span class='ocrx_word' id='word_1_434' title='bbox 1988 2722 2130 2760; x_wconf 92' lang='lat' dir='ltr'>num</span> <span class='ocrx_word' id='word_1_435' title='bbox 2150 2704 2420 2778; x_wconf 86' lang='lat' dir='ltr'>legimus,</span> <span class='ocrx_word' id='word_1_436' title='bbox 2446 2722 2562 2762; x_wconf 92' lang='lat' dir='ltr'>non</span> <span class='ocrx_word' id='word_1_437' title='bbox 2582 2705 3009 2777; x_wconf 87' lang='lat' dir='ltr'>imperfectam,</span> <span class='ocrx_word' id='word_1_438' title='bbox 3035 2706 3136 2762; x_wconf 88' lang='lat' dir='ltr'>sed</span> <span class='ocrx_word' id='word_1_439' title='bbox 3152 2707 3468 2778; x_wconf 84' lang='lat' dir='ltr'>perfectam</span> <span class='ocrx_word' id='word_1_440' title='bbox 3486 2721 3638 2762; x_wconf 93' lang='lat' dir='ltr'>com-</span> 
     </span>
    </p>
   </div>
   <div class='ocr_carea' id='block_1_59' title="bbox 1988 2793 3642 2868">
    <p class='ocr_par' dir='ltr' id='par_1_59' title="bbox 1988 2793 3642 2868">
     <span class='ocr_line' id='line_1_59' title="bbox 1988 2793 3642 2868; baseline 0.001 -19"><span class='ocrx_word' id='word_1_441' title='bbox 1988 2794 2474 2851; x_wconf 90' lang='lat' dir='ltr'>memorationem</span> <span class='ocrx_word' id='word_1_442' title='bbox 2506 2794 2631 2851; x_wconf 90' lang='lat' dir='ltr'>suis</span> <span class='ocrx_word' id='word_1_443' title='bbox 2664 2793 2970 2868; x_wconf 90' lang='lat' dir='ltr'>discipulis</span> <span class='ocrx_word' id='word_1_444' title='bbox 3002 2794 3339 2863; x_wconf 85' lang='lat' dir='ltr'>tradidisse,</span> <span class='ocrx_word' id='word_1_445' title='bbox 3362 2795 3419 2850; x_wconf 91' lang='lat' dir='ltr'>in</span> <span class='ocrx_word' id='word_1_446' title='bbox 3439 2811 3642 2867; x_wconf 79' lang='lat' dir='ltr'>panes.</span> 
     </span>
    </p>
   </div>
   <div class='ocr_carea' id='block_1_60' title="bbox 1990 2882 3639 2941">
    <p class='ocr_par' dir='ltr' id='par_1_60' title="bbox 1990 2882 3639 2941">
     <span class='ocr_line' id='line_1_60' title="bbox 1990 2882 3639 2941; baseline 0.001 -2"><span class='ocrx_word' id='word_1_447' title='bbox 1990 2899 2051 2939; x_wconf 93' lang='lat' dir='ltr'>se</span> <span class='ocrx_word' id='word_1_448' title='bbox 2080 2882 2386 2939; x_wconf 89' lang='lat' dir='ltr'>benedicto</span> <span class='ocrx_word' id='word_1_449' title='bbox 2416 2886 2474 2940; x_wconf 90' lang='lat' dir='ltr'>et</span> <span class='ocrx_word' id='word_1_450' title='bbox 2502 2900 2637 2939; x_wconf 87' lang='lat' dir='ltr'>mox</span> <span class='ocrx_word' id='word_1_451' title='bbox 2666 2884 2846 2940; x_wconf 87' lang='lat' dir='ltr'>fracto</span> <span class='ocrx_word' id='word_1_452' title='bbox 2878 2887 2934 2940; x_wconf 89' lang='lat' dir='ltr'>et</span> <span class='ocrx_word' id='word_1_453' title='bbox 2963 2882 3296 2940; x_wconf 88' lang='lat' dir='ltr'>distributo.</span> <span class='ocrx_word' id='word_1_454' title='bbox 3329 2883 3454 2941; x_wconf 88' lang='lat' dir='ltr'>Non</span> <span class='ocrx_word' id='word_1_455' title='bbox 3481 2884 3639 2941; x_wconf 89' lang='lat' dir='ltr'>enim</span> 
     </span>
    </p>
   </div>
   <div class='ocr_carea' id='block_1_61' title="bbox 1991 2970 3640 3046">
    <p class='ocr_par' dir='ltr' id='par_1_61' title="bbox 1991 2970 3640 3046">
     <span class='ocr_line' id='line_1_61' title="bbox 1991 2970 3640 3046; baseline 0.002 -19"><span class='ocrx_word' id='word_1_456' title='bbox 1991 2970 2288 3027; x_wconf 84' lang='lat' dir='ltr'>benedixit</span> <span class='ocrx_word' id='word_1_457' title='bbox 2316 2975 2547 3029; x_wconf 84' lang='lat' dir='ltr'>tantum</span> <span class='ocrx_word' id='word_1_458' title='bbox 2581 2975 2637 3028; x_wconf 90' lang='lat' dir='ltr'>et</span> <span class='ocrx_word' id='word_1_459' title='bbox 2666 2972 2918 3029; x_wconf 87' lang='lat' dir='ltr'>servavit</span> <span class='ocrx_word' id='word_1_460' title='bbox 2946 2972 3338 3046; x_wconf 88' lang='lat' dir='ltr'>frangendum</span> <span class='ocrx_word' id='word_1_461' title='bbox 3356 2972 3415 3028; x_wconf 92' lang='lat' dir='ltr'>in</span> <span class='ocrx_word' id='word_1_462' title='bbox 3437 2975 3640 3031; x_wconf 89' lang='lat' dir='ltr'>crasti-</span> 
     </span>
    </p>
   </div>
   <div class='ocr_carea' id='block_1_62' title="bbox 1993 3060 3642 3134">
    <p class='ocr_par' dir='ltr' id='par_1_62' title="bbox 1993 3060 3642 3134">
     <span class='ocr_line' id='line_1_62' title="bbox 1993 3060 3642 3134; baseline 0.002 -18"><span class='ocrx_word' id='word_1_463' title='bbox 1993 3077 2157 3129; x_wconf 91' lang='lat' dir='ltr'>num,</span> <span class='ocrx_word' id='word_1_464' title='bbox 2193 3077 2297 3116; x_wconf 89' lang='lat' dir='ltr'>nec</span> <span class='ocrx_word' id='word_1_465' title='bbox 2328 3060 2498 3134; x_wconf 83' lang='lat' dir='ltr'>fregit</span> <span class='ocrx_word' id='word_1_466' title='bbox 2513 3065 2744 3118; x_wconf 89' lang='lat' dir='ltr'>tantum</span> <span class='ocrx_word' id='word_1_467' title='bbox 2756 3065 2812 3117; x_wconf 91' lang='lat' dir='ltr'>et</span> <span class='ocrx_word' id='word_1_468' title='bbox 2830 3062 3111 3133; x_wconf 88' lang='lat' dir='ltr'>reposuit,</span> <span class='ocrx_word' id='word_1_469' title='bbox 3135 3062 3236 3119; x_wconf 89' lang='lat' dir='ltr'>sed</span> <span class='ocrx_word' id='word_1_470' title='bbox 3254 3062 3500 3120; x_wconf 89' lang='lat' dir='ltr'>fractum</span> <span class='ocrx_word' id='word_1_471' title='bbox 3518 3067 3642 3120; x_wconf 89' lang='lat' dir='ltr'>sta-</span> 
     </span>
    </p>
   </div>
   <div class='ocr_carea' id='block_1_63' title="bbox 230 3144 3640 3226">
    <p class='ocr_par' dir='ltr' id='par_1_63' title="bbox 230 3144 3640 3226">
     <span class='ocr_line' id='line_1_63' title="bbox 230 3144 3640 3226; baseline 0.003 -26"><span class='ocrx_word' id='word_1_472' title='bbox 230 3150 511 3201; x_wconf 66' lang='lat' dir='ltr'>aetern‘am</span> <span class='ocrx_word' id='word_1_473' title='bbox 554 3146 891 3202; x_wconf 85' lang='lat' dir='ltr'>manducat.</span> <span class='ocrx_word' id='word_1_474' title='bbox 940 3145 1110 3218; x_wconf 91' lang='lat' dir='ltr'>Ergo,</span> <span class='ocrx_word' id='word_1_475' title='bbox 1144 3161 1176 3200; x_wconf 91' lang='grc' dir='ltr'>ο</span> <span class='ocrx_word' id='word_1_476' title='bbox 1206 3144 1448 3225; x_wconf 82' lang='lat' dir='ltr'>pestifer</span> <span class='ocrx_word' id='word_1_477' title='bbox 1493 3144 1623 3201; x_wconf 91' lang='lat' dir='ltr'>leno</span> <span class='ocrx_word' id='word_1_478' title='bbox 1657 3144 1887 3218; x_wconf 87' lang='lat' dir='ltr'>antiqui</span> <span class='ocrx_word' id='word_1_479' title='bbox 1924 3220 1953 3226; x_wconf 28' lang='grc' dir='ltr'>Α,</span> <span class='ocrx_word' id='word_1_480' title='bbox 1992 3150 2099 3206; x_wconf 89' lang='lat' dir='ltr'>tim</span> <span class='ocrx_word' id='word_1_481' title='bbox 2129 3149 2451 3206; x_wconf 88' lang='lat' dir='ltr'>distribuit.</span> <span class='ocrx_word' id='word_1_482' title='bbox 2473 3150 2635 3207; x_wconf 92' lang='lat' dir='ltr'>Unde</span> <span class='ocrx_word' id='word_1_483' title='bbox 2651 3152 2858 3207; x_wconf 89' lang='lat' dir='ltr'>beatus</span> <span class='ocrx_word' id='word_1_484' title='bbox 2876 3151 3199 3208; x_wconf 82' lang='lat' dir='ltr'>Alexander</span> <span class='ocrx_word' id='word_1_485' title='bbox 3228 3155 3449 3225; x_wconf 84' lang='lat' dir='ltr'>martyr</span> <span class='ocrx_word' id='word_1_486' title='bbox 3463 3156 3521 3210; x_wconf 87' lang='lat' dir='ltr'>et</span> <span class='ocrx_word' id='word_1_487' title='bbox 3539 3170 3640 3226; x_wconf 84' lang='lat' dir='ltr'>pa-</span> 
     </span>
    </p>
   </div>
   <div class='ocr_carea' id='block_1_64' title="bbox 227 3220 3645 3317">
    <p class='ocr_par' dir='ltr' id='par_1_64' title="bbox 227 3220 3645 3317">
     <span class='ocr_line' id='line_1_64' title="bbox 227 3220 3645 3317; baseline 0.001 -25"><span class='ocrx_word' id='word_1_488' title='bbox 227 3226 544 3307; x_wconf 74' lang='lat' dir='ltr'>serpentis,</span> <span class='ocrx_word' id='word_1_489' title='bbox 578 3234 679 3307; x_wconf 86' lang='lat' dir='ltr'>qui</span> <span class='ocrx_word' id='word_1_490' title='bbox 708 3234 940 3291; x_wconf 90' lang='lat' dir='ltr'>conaris</span> <span class='ocrx_word' id='word_1_491' title='bbox 972 3233 1191 3291; x_wconf 85' lang='lat' dir='ltr'>astutia</span> <span class='ocrx_word' id='word_1_492' title='bbox 1220 3222 1327 3290; x_wconf 83' lang='lat' dir='ltr'>tua‘</span> <span class='ocrx_word' id='word_1_493' title='bbox 1352 3248 1724 3307; x_wconf 89' lang='lat' dir='ltr'>corrumpere</span> <span class='ocrx_word' id='word_1_494' title='bbox 1754 3250 1883 3291; x_wconf 89' lang='lat' dir='ltr'>sen-</span> <span class='ocrx_word' id='word_1_495' title='bbox 1912 3220 1955 3290; x_wconf 71' lang='grc' dir='ltr'><strong>Ο</strong></span> <span class='ocrx_word' id='word_1_496' title='bbox 1994 3237 2135 3311; x_wconf 91' lang='lat' dir='ltr'>paV</span> <span class='ocrx_word' id='word_1_497' title='bbox 2161 3239 2233 3295; x_wconf 92' lang='lat' dir='ltr'>ab</span> <span class='ocrx_word' id='word_1_498' title='bbox 2263 3238 2526 3311; x_wconf 90' lang='lat' dir='ltr'>apostolo</span> <span class='ocrx_word' id='word_1_499' title='bbox 2545 3240 2733 3308; x_wconf 90' lang='lat' dir='ltr'>Petro,</span> <span class='ocrx_word' id='word_1_500' title='bbox 2757 3239 3092 3311; x_wconf 88' lang='lat' dir='ltr'>passionem</span> <span class='ocrx_word' id='word_1_501' title='bbox 3113 3240 3346 3296; x_wconf 84' lang='lat' dir='ltr'>Domini</span> <span class='ocrx_word' id='word_1_502' title='bbox 3379 3220 3645 3317; x_wconf 74' lang='lat' dir='ltr'>inserens</span> 
     </span>
    </p>
   </div>
   <div class='ocr_carea' id='block_1_65' title="bbox 227 3318 1881 3401">
    <p class='ocr_par' dir='ltr' id='par_1_65' title="bbox 227 3318 1881 3401">
     <span class='ocr_line' id='line_1_65' title="bbox 227 3318 1881 3401; baseline -0.001 -21"><span class='ocrx_word' id='word_1_503' title='bbox 227 3340 333 3380; x_wconf 88' lang='lat' dir='ltr'>sus</span> <span class='ocrx_word' id='word_1_504' title='bbox 359 3318 577 3381; x_wconf 84' lang='lat' dir='ltr'>Christi</span> <span class='ocrx_word' id='word_1_505' title='bbox 608 3340 862 3401; x_wconf 62' lang='lat' dir='ltr'>sponsae,</span> <span class='ocrx_word' id='word_1_506' title='bbox 895 3340 1021 3397; x_wconf 72' lang='lat' dir='ltr'>qua:</span> <span class='ocrx_word' id='word_1_507' title='bbox 1053 3326 1144 3380; x_wconf 89' lang='lat' dir='ltr'>est</span> <span class='ocrx_word' id='word_1_508' title='bbox 1173 3318 1449 3394; x_wconf 81' lang='lat' dir='ltr'>Ecclesia,</span> <span class='ocrx_word' id='word_1_509' title='bbox 1484 3326 1550 3379; x_wconf 92' lang='lat' dir='ltr'>ut</span> <span class='ocrx_word' id='word_1_510' title='bbox 1579 3323 1881 3379; x_wconf 86' lang='lat' dir='ltr'>excidatur</span> 
     </span>
    </p>
   </div>
   <div class='ocr_carea' id='block_1_66' title="bbox 224 3411 1881 3485">
    <p class='ocr_par' dir='ltr' id='par_1_66' title="bbox 224 3411 1881 3485">
     <span class='ocr_line' id='line_1_66' title="bbox 224 3411 1881 3485; baseline -0.001 -17"><span class='ocrx_word' id='word_1_511' title='bbox 224 3431 259 3468; x_wconf 87' lang='lat' dir='ltr'>a</span> <span class='ocrx_word' id='word_1_512' title='bbox 280 3413 563 3471; x_wconf 82' lang='lat' dir='ltr'>charitate</span> <span class='ocrx_word' id='word_1_513' title='bbox 591 3412 742 3470; x_wconf 86' lang='lat' dir='ltr'>tanti</span> <span class='ocrx_word' id='word_1_514' title='bbox 759 3416 815 3469; x_wconf 92' lang='lat' dir='ltr'>et</span> <span class='ocrx_word' id='word_1_515' title='bbox 844 3411 977 3469; x_wconf 88' lang='lat' dir='ltr'>talis</span> <span class='ocrx_word' id='word_1_516' title='bbox 1000 3412 1224 3485; x_wconf 85' lang='lat' dir='ltr'>sponsi,</span> <span class='ocrx_word' id='word_1_517' title='bbox 1245 3411 1445 3469; x_wconf 83' lang='lat' dir='ltr'>credis</span> <span class='ocrx_word' id='word_1_518' title='bbox 1463 3428 1569 3469; x_wconf 90' lang='lat' dir='ltr'>nos</span> <span class='ocrx_word' id='word_1_519' title='bbox 1589 3411 1769 3469; x_wconf 87' lang='lat' dir='ltr'>vitam</span> <span class='ocrx_word' id='word_1_520' title='bbox 1791 3412 1881 3468; x_wconf 89' lang='lat' dir='ltr'>in-</span> 
     </span>
    </p>
   </div>
   <div class='ocr_carea' id='block_1_67' title="bbox 217 3494 1880 3575">
    <p class='ocr_par' dir='ltr' id='par_1_67' title="bbox 217 3494 1880 3575">
     <span class='ocr_line' id='line_1_67' title="bbox 217 3494 1880 3575; baseline -0.001 -17"><span class='ocrx_word' id='word_1_521' title='bbox 217 3501 666 3575; x_wconf 88' lang='lat' dir='ltr'>corruptibilem</span> <span class='ocrx_word' id='word_1_522' title='bbox 716 3501 1106 3567; x_wconf 83' lang='lat' dir='ltr'>comedentes,</span> <span class='ocrx_word' id='word_1_523' title='bbox 1157 3494 1530 3573; x_wconf 86' lang='lat' dir='ltr'>corrumpere</span> <span class='ocrx_word' id='word_1_524' title='bbox 1576 3500 1880 3573; x_wconf 87' lang='lat' dir='ltr'>integrita-</span> 
     </span>
    </p>
   </div>
   <div class='ocr_carea' id='block_1_68' title="bbox 226 3586 1777 3661">
    <p class='ocr_par' dir='ltr' id='par_1_68' title="bbox 226 3586 1777 3661">
     <span class='ocr_line' id='line_1_68' title="bbox 226 3586 1777 3661; baseline -0.003 -14"><span class='ocrx_word' id='word_1_525' title='bbox 226 3595 347 3647; x_wconf 87' lang='lat' dir='ltr'>tem</span> <span class='ocrx_word' id='word_1_526' title='bbox 372 3589 761 3661; x_wconf 90' lang='lat' dir='ltr'>jejuniorum,</span> <span class='ocrx_word' id='word_1_527' title='bbox 792 3589 950 3644; x_wconf 85' lang='lat' dir='ltr'>velut</span> <span class='ocrx_word' id='word_1_528' title='bbox 980 3586 1178 3660; x_wconf 85' lang='lat' dir='ltr'>aliquo</span> <span class='ocrx_word' id='word_1_529' title='bbox 1209 3587 1337 3644; x_wconf 92' lang='lat' dir='ltr'>cibo</span> <span class='ocrx_word' id='word_1_530' title='bbox 1367 3588 1777 3660; x_wconf 80' lang='lat' dir='ltr'>corruptibili?</span> 
     </span>
    </p>
   </div>
   <div class='ocr_carea' id='block_1_69' title="bbox 300 3674 1884 3750">
    <p class='ocr_par' dir='ltr' id='par_1_69' title="bbox 300 3674 1884 3750">
     <span class='ocr_line' id='line_1_69' title="bbox 300 3674 1884 3750; baseline 0.001 -19"><span class='ocrx_word' id='word_1_531' title='bbox 300 3676 496 3732; x_wconf 81' lang='lat' dir='ltr'>XXIII.</span> <span class='ocrx_word' id='word_1_532' title='bbox 521 3677 842 3731; x_wconf 86' lang='lat' dir='ltr'>Horremus</span> <span class='ocrx_word' id='word_1_533' title='bbox 863 3675 1099 3747; x_wconf 87' lang='lat' dir='ltr'>quidem</span> <span class='ocrx_word' id='word_1_534' title='bbox 1119 3674 1328 3744; x_wconf 89' lang='lat' dir='ltr'>dicere,</span> <span class='ocrx_word' id='word_1_535' title='bbox 1343 3676 1443 3732; x_wconf 86' lang='lat' dir='ltr'>sed</span> <span class='ocrx_word' id='word_1_536' title='bbox 1476 3676 1884 3750; x_wconf 89' lang='lat' dir='ltr'>compellimur</span> 
     </span>
    </p>
   </div>
   <div class='ocr_carea' id='block_1_70' title="bbox 228 3762 1882 3837">
    <p class='ocr_par' dir='ltr' id='par_1_70' title="bbox 228 3762 1882 3837">
     <span class='ocr_line' id='line_1_70' title="bbox 228 3762 1882 3837; baseline 0 -15"><span class='ocrx_word' id='word_1_537' title='bbox 228 3784 263 3822; x_wconf 92' lang='lat' dir='ltr'>a</span> <span class='ocrx_word' id='word_1_538' title='bbox 288 3764 731 3837; x_wconf 88' lang='lat' dir='ltr'>tuaimpudenti</span> <span class='ocrx_word' id='word_1_539' title='bbox 751 3763 1143 3837; x_wconf 86' lang='lat' dir='ltr'>improbitate.</span> <span class='ocrx_word' id='word_1_540' title='bbox 1160 3762 1401 3820; x_wconf 88' lang='lat' dir='ltr'>Conaris</span> <span class='ocrx_word' id='word_1_541' title='bbox 1422 3763 1740 3832; x_wconf 86' lang='lat' dir='ltr'>Christum,</span> <span class='ocrx_word' id='word_1_542' title='bbox 1765 3766 1882 3822; x_wconf 91' lang='lat' dir='ltr'>imo</span> 
     </span>
    </p>
   </div>
   <div class='ocr_carea' id='block_1_71' title="bbox 234 3843 1881 3933">
    <p class='ocr_par' dir='ltr' id='par_1_71' title="bbox 234 3843 1881 3933">
     <span class='ocr_line' id='line_1_71' title="bbox 234 3843 1881 3933; baseline 0.001 -24"><span class='ocrx_word' id='word_1_543' title='bbox 234 3855 428 3927; x_wconf 89' lang='lat' dir='ltr'>ipsam</span> <span class='ocrx_word' id='word_1_544' title='bbox 460 3853 637 3910; x_wconf 88' lang='lat' dir='ltr'>vitam</span> <span class='ocrx_word' id='word_1_545' title='bbox 671 3868 776 3926; x_wconf 90' lang='lat' dir='ltr'>per</span> <span class='ocrx_word' id='word_1_546' title='bbox 805 3851 1189 3933; x_wconf 76' lang='lat' dir='ltr'>digestionem</span> <span class='ocrx_word' id='word_1_547' title='bbox 1224 3843 1379 3908; x_wconf 83' lang='lat' dir='ltr'>sicut</span> <span class='ocrx_word' id='word_1_548' title='bbox 1398 3870 1628 3909; x_wconf 83' lang='lat' dir='ltr'>caenum</span> <span class='ocrx_word' id='word_1_549' title='bbox 1660 3853 1881 3910; x_wconf 91' lang='lat' dir='ltr'>olidum</span> 
     </span>
    </p>
   </div>
   <div class='ocr_carea' id='block_1_72' title="bbox 235 3940 1883 4015">
    <p class='ocr_par' dir='ltr' id='par_1_72' title="bbox 235 3940 1883 4015">
     <span class='ocr_line' id='line_1_72' title="bbox 235 3940 1883 4015; baseline 0 -16"><span class='ocrx_word' id='word_1_550' title='bbox 235 3942 539 3999; x_wconf 89' lang='lat' dir='ltr'>demittere</span> <span class='ocrx_word' id='word_1_551' title='bbox 560 3941 620 3997; x_wconf 90' lang='lat' dir='ltr'>in</span> <span class='ocrx_word' id='word_1_552' title='bbox 653 3941 950 3997; x_wconf 87' lang='lat' dir='ltr'>latrinam.</span> <span class='ocrx_word' id='word_1_553' title='bbox 980 3940 1168 3997; x_wconf 76' lang='lat' dir='ltr'>Et’ubi</span> <span class='ocrx_word' id='word_1_554' title='bbox 1188 3942 1295 4009; x_wconf 90' lang='lat' dir='ltr'>est,</span> <span class='ocrx_word' id='word_1_555' title='bbox 1322 3943 1476 4015; x_wconf 89' lang='lat' dir='ltr'>quod</span> <span class='ocrx_word' id='word_1_556' title='bbox 1499 3942 1644 3998; x_wconf 86' lang='lat' dir='ltr'>dixit</span> <span class='ocrx_word' id='word_1_557' title='bbox 1674 3960 1687 3998; x_wconf 89' lang='lat'>:</span> <span class='ocrx_word' id='word_1_558' title='bbox 1723 3966 1749 3994; x_wconf 86' lang='grc'><em>‹‹</em></span> <span class='ocrx_word' id='word_1_559' title='bbox 1775 3944 1883 4011; x_wconf 89' lang='lat' dir='ltr'>Qui</span> 
     </span>
    </p>
   </div>
   <div class='ocr_carea' id='block_1_73' title="bbox 236 4026 1881 4107">
    <p class='ocr_par' dir='ltr' id='par_1_73' title="bbox 236 4026 1881 4107">
     <span class='ocr_line' id='line_1_73' title="bbox 236 4026 1881 4107; baseline 0 -18"><span class='ocrx_word' id='word_1_560' title='bbox 236 4032 554 4089; x_wconf 87' lang='lat' dir='ltr'>manducat</span> <span class='ocrx_word' id='word_1_561' title='bbox 568 4046 802 4088; x_wconf 79' lang='lat' dir='ltr'>carnem</span> <span class='ocrx_word' id='word_1_562' title='bbox 821 4042 1034 4099; x_wconf 92' lang='lat' dir='ltr'>meam,</span> <span class='ocrx_word' id='word_1_563' title='bbox 1059 4034 1116 4086; x_wconf 91' lang='lat' dir='ltr'>et</span> <span class='ocrx_word' id='word_1_564' title='bbox 1127 4026 1637 4104; x_wconf 53' lang='lat' dir='ltr'>b‘ibit&#39;sanguinem</span> <span class='ocrx_word' id='word_1_565' title='bbox 1661 4049 1881 4107; x_wconf 89' lang='lat' dir='ltr'>meum,</span> 
     </span>
    </p>
   </div>
   <div class='ocr_carea' id='block_1_74' title="bbox 236 4108 1886 4201">
    <p class='ocr_par' dir='ltr' id='par_1_74' title="bbox 236 4108 1886 4201">
     <span class='ocr_line' id='line_1_74' title="bbox 236 4108 1886 4201; baseline 0.002 -24"><span class='ocrx_word' id='word_1_566' title='bbox 236 4121 295 4177; x_wconf 93' lang='lat' dir='ltr'>in</span> <span class='ocrx_word' id='word_1_567' title='bbox 328 4138 422 4177; x_wconf 91' lang='lat' dir='ltr'>me</span> <span class='ocrx_word' id='word_1_568' title='bbox 442 4124 659 4189; x_wconf 91' lang='lat' dir='ltr'>manet,</span> <span class='ocrx_word' id='word_1_569' title='bbox 679 4123 736 4177; x_wconf 91' lang='lat' dir='ltr'>et</span> <span class='ocrx_word' id='word_1_570' title='bbox 759 4135 864 4192; x_wconf 89' lang='lat' dir='ltr'>ego</span> <span class='ocrx_word' id='word_1_571' title='bbox 887 4119 950 4175; x_wconf 92' lang='lat' dir='ltr'>in</span> <span class='ocrx_word' id='word_1_572' title='bbox 967 4134 1033 4176; x_wconf 88' lang='lat' dir='ltr'>eo</span> <span class='ocrx_word' id='word_1_573' title='bbox 1051 4119 1083 4174; x_wconf 69' lang='lat'>‘2</span> <span class='ocrx_word' id='word_1_574' title='bbox 1113 4118 1145 4169; x_wconf 90' lang='grc'>››’</span> <span class='ocrx_word' id='word_1_575' title='bbox 1164 4108 1341 4201; x_wconf 73' lang='lat' dir='ltr'>(Joan.</span> <span class='ocrx_word' id='word_1_576' title='bbox 1374 4132 1449 4195; x_wconf 80' lang='lat' dir='ltr'>v1,</span> <span class='ocrx_word' id='word_1_577' title='bbox 1475 4120 1590 4193; x_wconf 83' lang='lat'>57.)</span> <span class='ocrx_word' id='word_1_578' title='bbox 1615 4109 1751 4178; x_wconf 89' lang='lat' dir='ltr'>Sine</span> <span class='ocrx_word' id='word_1_579' title='bbox 1768 4139 1886 4195; x_wconf 89' lang='lat' dir='ltr'>qua</span> 
     </span>
    </p>
   </div>
   <div class='ocr_carea' id='block_1_75' title="bbox 235 4204 1886 4289">
    <p class='ocr_par' dir='ltr' id='par_1_75' title="bbox 235 4204 1886 4289">
     <span class='ocr_line' id='line_1_75' title="bbox 235 4204 1886 4289; baseline 0.001 -22"><span class='ocrx_word' id='word_1_580' title='bbox 235 4209 545 4267; x_wconf 85' lang='lat' dir='ltr'>refectione</span> <span class='ocrx_word' id='word_1_581' title='bbox 579 4209 720 4282; x_wconf 89' lang='lat' dir='ltr'>quia</span> <span class='ocrx_word' id='word_1_582' title='bbox 740 4225 855 4265; x_wconf 93' lang='lat' dir='ltr'>non</span> <span class='ocrx_word' id='word_1_583' title='bbox 878 4208 1127 4264; x_wconf 90' lang='lat' dir='ltr'>habetur</span> <span class='ocrx_word' id='word_1_584' title='bbox 1146 4206 1281 4289; x_wconf 78' lang='lat' dir='ltr'>vita,</span> <span class='ocrx_word' id='word_1_585' title='bbox 1303 4204 1435 4282; x_wconf 86' lang='lat' dir='ltr'>ipsa</span> <span class='ocrx_word' id='word_1_586' title='bbox 1454 4208 1607 4289; x_wconf 74' lang='lat' dir='ltr'>Vita,</span> <span class='ocrx_word' id='word_1_587' title='bbox 1639 4225 1766 4284; x_wconf 80' lang='lat' dir='ltr'>quze</span> <span class='ocrx_word' id='word_1_588' title='bbox 1796 4216 1886 4268; x_wconf 91' lang='lat' dir='ltr'>est</span> 
     </span>
    </p>
   </div>
   <div class='ocr_carea' id='block_1_76' title="bbox 233 4285 1885 4377">
    <p class='ocr_par' dir='ltr' id='par_1_76' title="bbox 233 4285 1885 4377">
     <span class='ocr_line' id='line_1_76' title="bbox 233 4285 1885 4377; baseline -0.001 -20"><span class='ocrx_word' id='word_1_589' title='bbox 233 4299 520 4368; x_wconf 85' lang='lat' dir='ltr'>Christus,</span> <span class='ocrx_word' id='word_1_590' title='bbox 544 4298 713 4371; x_wconf 90' lang='lat' dir='ltr'>quasi</span> <span class='ocrx_word' id='word_1_591' title='bbox 735 4297 989 4370; x_wconf 91' lang='lat' dir='ltr'>quodam</span> <span class='ocrx_word' id='word_1_592' title='bbox 1004 4285 1388 4377; x_wconf 84' lang='lat' dir='ltr'>jurejurando</span> <span class='ocrx_word' id='word_1_593' title='bbox 1410 4285 1768 4372; x_wconf 79' lang='lat' dir='ltr'>protestetur</span> <span class='ocrx_word' id='word_1_594' title='bbox 1798 4299 1885 4357; x_wconf 65' lang='lat' dir='ltr'>dil-</span> 
     </span>
    </p>
   </div>
   <div class='ocr_carea' id='block_1_77' title="bbox 234 4385 1895 4457">
    <p class='ocr_par' dir='ltr' id='par_1_77' title="bbox 234 4385 1895 4457">
     <span class='ocr_line' id='line_1_77' title="bbox 234 4385 1895 4457; baseline 0.001 -12"><span class='ocrx_word' id='word_1_595' title='bbox 234 4395 407 4446; x_wconf 82' lang='lat' dir='ltr'>eens:</span> <span class='ocrx_word' id='word_1_596' title='bbox 441 4410 468 4439; x_wconf 89' lang='grc'>‹‹</span> <span class='ocrx_word' id='word_1_597' title='bbox 491 4388 699 4457; x_wconf 89' lang='lat' dir='ltr'>Amen,</span> <span class='ocrx_word' id='word_1_598' title='bbox 720 4400 893 4444; x_wconf 90' lang='lat' dir='ltr'>amen</span> <span class='ocrx_word' id='word_1_599' title='bbox 914 4385 1041 4443; x_wconf 87' lang='lat' dir='ltr'>dico</span> <span class='ocrx_word' id='word_1_600' title='bbox 1059 4386 1244 4454; x_wconf 89' lang='lat' dir='ltr'>vobis,</span> <span class='ocrx_word' id='word_1_601' title='bbox 1264 4385 1895 4447; x_wconf 58' lang='lat' dir='ltr'>niSimanducaveritis‘</span> 
     </span>
    </p>
   </div>
   <div class='ocr_carea' id='block_1_78' title="bbox 232 4462 1886 4550">
    <p class='ocr_par' dir='ltr' id='par_1_78' title="bbox 232 4462 1886 4550">
     <span class='ocr_line' id='line_1_78' title="bbox 232 4462 1886 4550; baseline 0.002 -17"><span class='ocrx_word' id='word_1_602' title='bbox 232 4474 605 4533; x_wconf 86' lang='lat' dir='ltr'>carnemFilii</span> <span class='ocrx_word' id='word_1_603' title='bbox 618 4464 1232 4545; x_wconf 88' lang='lat' dir='ltr'>hominis,etbiberitis</span> <span class='ocrx_word' id='word_1_604' title='bbox 1248 4475 1376 4548; x_wconf 89' lang='lat' dir='ltr'>ejus</span> <span class='ocrx_word' id='word_1_605' title='bbox 1389 4462 1738 4550; x_wconf 78' lang='lat' dir='ltr'>sanguinem</span> <span class='ocrx_word' id='word_1_606' title='bbox 1749 4480 1886 4547; x_wconf 74' lang='lat' dir='ltr'>,nbn</span> 
     </span>
    </p>
   </div>
   <div class='ocr_carea' id='block_1_79' title="bbox 1991 3327 3648 3403">
    <p class='ocr_par' dir='ltr' id='par_1_79' title="bbox 1991 3327 3648 3403">
     <span class='ocr_line' id='line_1_79' title="bbox 1991 3327 3648 3403; baseline 0.002 -19"><span class='ocrx_word' id='word_1_607' title='bbox 1991 3328 2199 3385; x_wconf 90' lang='lat' dir='ltr'>canoni</span> <span class='ocrx_word' id='word_1_608' title='bbox 2233 3327 2449 3396; x_wconf 65' lang='lat' dir='ltr'>missae,</span> <span class='ocrx_word' id='word_1_609' title='bbox 2496 3345 2611 3384; x_wconf 90' lang='lat' dir='ltr'>non</span> <span class='ocrx_word' id='word_1_610' title='bbox 2644 3327 2723 3384; x_wconf 89' lang='lat' dir='ltr'>ait</span> <span class='ocrx_word' id='word_1_611' title='bbox 2755 3346 2768 3385; x_wconf 89' lang='lat'>:</span> <span class='ocrx_word' id='word_1_612' title='bbox 2802 3328 2921 3384; x_wconf 87' lang='lat' dir='ltr'>Hoc</span> <span class='ocrx_word' id='word_1_613' title='bbox 2952 3329 3417 3403; x_wconf 88' lang='lat' dir='ltr'>quotiescunque</span> <span class='ocrx_word' id='word_1_614' title='bbox 3448 3331 3648 3388; x_wconf 90' lang='lat' dir='ltr'>feceri-</span> 
     </span>
    </p>
   </div>
   <div class='ocr_carea' id='block_1_80' title="bbox 1989 3416 3645 3490">
    <p class='ocr_par' dir='ltr' id='par_1_80' title="bbox 1989 3416 3645 3490">
     <span class='ocr_line' id='line_1_80' title="bbox 1989 3416 3645 3490; baseline 0.003 -17"><span class='ocrx_word' id='word_1_615' title='bbox 1989 3418 2090 3488; x_wconf 89' lang='lat' dir='ltr'>tis,</span> <span class='ocrx_word' id='word_1_616' title='bbox 2120 3418 2221 3474; x_wconf 90' lang='lat' dir='ltr'>sed</span> <span class='ocrx_word' id='word_1_617' title='bbox 2261 3440 2281 3468; x_wconf 76' lang='grc' dir='ltr'><strong><em>α</em></strong></span> <span class='ocrx_word' id='word_1_618' title='bbox 2309 3417 2439 3473; x_wconf 73' lang='grc' dir='ltr'>Ηωο</span> <span class='ocrx_word' id='word_1_619' title='bbox 2462 3416 2927 3490; x_wconf 90' lang='lat' dir='ltr'>quotiescunque</span> <span class='ocrx_word' id='word_1_620' title='bbox 2950 3418 3226 3486; x_wconf 85' lang='lat' dir='ltr'>feceritis,</span> <span class='ocrx_word' id='word_1_621' title='bbox 3259 3418 3313 3473; x_wconf 90' lang='lat' dir='ltr'>id</span> <span class='ocrx_word' id='word_1_622' title='bbox 3335 3424 3442 3489; x_wconf 90' lang='lat' dir='ltr'>est,</span> <span class='ocrx_word' id='word_1_623' title='bbox 3469 3421 3645 3478; x_wconf 88' lang='lat' dir='ltr'>bene-</span> 
     </span>
    </p>
   </div>
   <div class='ocr_carea' id='block_1_81' title="bbox 1991 3505 3645 3579">
    <p class='ocr_par' dir='ltr' id='par_1_81' title="bbox 1991 3505 3645 3579">
     <span class='ocr_line' id='line_1_81' title="bbox 1991 3505 3645 3579; baseline 0.003 -16"><span class='ocrx_word' id='word_1_624' title='bbox 1991 3505 2273 3576; x_wconf 84' lang='lat' dir='ltr'>dixeritis,</span> <span class='ocrx_word' id='word_1_625' title='bbox 2308 3505 2596 3579; x_wconf 86' lang='lat' dir='ltr'>fregeritis</span> <span class='ocrx_word' id='word_1_626' title='bbox 2626 3509 2684 3561; x_wconf 89' lang='lat' dir='ltr'>et</span> <span class='ocrx_word' id='word_1_627' title='bbox 2713 3505 3156 3575; x_wconf 88' lang='lat' dir='ltr'>distribueritis,</span> <span class='ocrx_word' id='word_1_628' title='bbox 3181 3507 3239 3561; x_wconf 91' lang='lat' dir='ltr'>in</span> <span class='ocrx_word' id='word_1_629' title='bbox 3272 3507 3385 3563; x_wconf 92' lang='lat' dir='ltr'>mei</span> <span class='ocrx_word' id='word_1_630' title='bbox 3418 3525 3645 3567; x_wconf 88' lang='lat' dir='ltr'>memo-</span> 
     </span>
    </p>
   </div>
   <div class='ocr_carea' id='block_1_82' title="bbox 1991 3593 3645 3666">
    <p class='ocr_par' dir='ltr' id='par_1_82' title="bbox 1991 3593 3645 3666">
     <span class='ocr_line' id='line_1_82' title="bbox 1991 3593 3645 3666; baseline 0.003 -16"><span class='ocrx_word' id='word_1_631' title='bbox 1991 3595 2139 3651; x_wconf 90' lang='lat' dir='ltr'>riam</span> <span class='ocrx_word' id='word_1_632' title='bbox 2170 3594 2415 3665; x_wconf 87' lang='lat' dir='ltr'>facietis,</span> <span class='ocrx_word' id='word_1_633' title='bbox 2441 3616 2469 3644; x_wconf 86' lang='grc'><strong>››</strong></span> <span class='ocrx_word' id='word_1_634' title='bbox 2490 3594 2628 3666; x_wconf 83' lang='lat' dir='ltr'>quia</span> <span class='ocrx_word' id='word_1_635' title='bbox 2649 3593 2955 3665; x_wconf 86' lang='lat' dir='ltr'>quodlibet</span> <span class='ocrx_word' id='word_1_636' title='bbox 2975 3594 3185 3651; x_wconf 88' lang='lat' dir='ltr'>horum</span> <span class='ocrx_word' id='word_1_637' title='bbox 3216 3595 3417 3664; x_wconf 76' lang='lat' dir='ltr'>trium,</span> <span class='ocrx_word' id='word_1_638' title='bbox 3444 3596 3493 3652; x_wconf 90' lang='lat' dir='ltr'>si</span> <span class='ocrx_word' id='word_1_639' title='bbox 3516 3598 3645 3655; x_wconf 90' lang='lat' dir='ltr'>sine</span> 
     </span>
    </p>
   </div>
   <div class='ocr_carea' id='block_1_83' title="bbox 1992 3681 3641 3759">
    <p class='ocr_par' dir='ltr' id='par_1_83' title="bbox 1992 3681 3641 3759">
     <span class='ocr_line' id='line_1_83' title="bbox 1992 3681 3641 3759; baseline 0.003 -22"><span class='ocrx_word' id='word_1_640' title='bbox 1992 3682 2236 3754; x_wconf 88' lang='lat' dir='ltr'>reliquis</span> <span class='ocrx_word' id='word_1_641' title='bbox 2266 3682 2390 3750; x_wconf 85' lang='lat' dir='ltr'>ﬁat,</span> <span class='ocrx_word' id='word_1_642' title='bbox 2424 3681 2647 3737; x_wconf 89' lang='lat' dir='ltr'>scilicet</span> <span class='ocrx_word' id='word_1_643' title='bbox 2688 3681 3018 3738; x_wconf 87' lang='lat' dir='ltr'>benedictio</span> <span class='ocrx_word' id='word_1_644' title='bbox 3051 3681 3176 3739; x_wconf 89' lang='lat' dir='ltr'>sine</span> <span class='ocrx_word' id='word_1_645' title='bbox 3208 3682 3641 3759; x_wconf 86' lang='lat' dir='ltr'>distributione,</span> 
     </span>
    </p>
   </div>
   <div class='ocr_carea' id='block_1_84' title="bbox 1993 3768 3643 3846">
    <p class='ocr_par' dir='ltr' id='par_1_84' title="bbox 1993 3768 3643 3846">
     <span class='ocr_line' id='line_1_84' title="bbox 1993 3768 3643 3846; baseline 0.001 -18"><span class='ocrx_word' id='word_1_646' title='bbox 1993 3776 2095 3828; x_wconf 88' lang='lat' dir='ltr'>aut</span> <span class='ocrx_word' id='word_1_647' title='bbox 2124 3768 2326 3825; x_wconf 87' lang='lat' dir='ltr'>fractio</span> <span class='ocrx_word' id='word_1_648' title='bbox 2351 3769 2477 3825; x_wconf 91' lang='lat' dir='ltr'>sine</span> <span class='ocrx_word' id='word_1_649' title='bbox 2494 3769 2899 3825; x_wconf 91' lang='lat' dir='ltr'>benedictione</span> <span class='ocrx_word' id='word_1_650' title='bbox 2920 3773 2978 3826; x_wconf 94' lang='lat' dir='ltr'>et</span> <span class='ocrx_word' id='word_1_651' title='bbox 2998 3770 3431 3844; x_wconf 87' lang='lat' dir='ltr'>distributione,</span> <span class='ocrx_word' id='word_1_652' title='bbox 3458 3773 3643 3846; x_wconf 83' lang='lat' dir='ltr'>perfe-</span> 
     </span>
    </p>
   </div>
   <div class='ocr_carea' id='block_1_85' title="bbox 1993 3858 3649 3932">
    <p class='ocr_par' dir='ltr' id='par_1_85' title="bbox 1993 3858 3649 3932">
     <span class='ocr_line' id='line_1_85' title="bbox 1993 3858 3649 3932; baseline 0.002 -15"><span class='ocrx_word' id='word_1_653' title='bbox 1993 3864 2149 3917; x_wconf 91' lang='lat' dir='ltr'>ctam</span> <span class='ocrx_word' id='word_1_654' title='bbox 2193 3858 2407 3914; x_wconf 89' lang='lat' dir='ltr'>Christi</span> <span class='ocrx_word' id='word_1_655' title='bbox 2458 3858 2801 3914; x_wconf 88' lang='lat' dir='ltr'>memoriam</span> <span class='ocrx_word' id='word_1_656' title='bbox 2852 3876 2967 3915; x_wconf 90' lang='lat' dir='ltr'>non</span> <span class='ocrx_word' id='word_1_657' title='bbox 3016 3865 3456 3932; x_wconf 66' lang='lat' dir='ltr'>repraesentant,</span> <span class='ocrx_word' id='word_1_658' title='bbox 3495 3862 3649 3921; x_wconf 88' lang='lat' dir='ltr'>sicut</span> 
     </span>
    </p>
   </div>
   <div class='ocr_carea' id='block_1_86' title="bbox 1993 3945 3642 4017">
    <p class='ocr_par' dir='ltr' id='par_1_86' title="bbox 1993 3945 3642 4017">
     <span class='ocr_line' id='line_1_86' title="bbox 1993 3945 3642 4017; baseline 0.003 -13"><span class='ocrx_word' id='word_1_659' title='bbox 1993 3947 2330 4005; x_wconf 89' lang='lat' dir='ltr'>distributio</span> <span class='ocrx_word' id='word_1_660' title='bbox 2347 3945 2508 4002; x_wconf 92' lang='lat' dir='ltr'>nulla</span> <span class='ocrx_word' id='word_1_661' title='bbox 2523 3945 2655 4002; x_wconf 90' lang='lat' dir='ltr'>sine</span> <span class='ocrx_word' id='word_1_662' title='bbox 2669 3947 3074 4004; x_wconf 88' lang='lat' dir='ltr'>benedictione</span> <span class='ocrx_word' id='word_1_663' title='bbox 3090 3952 3148 4004; x_wconf 87' lang='lat' dir='ltr'>et</span> <span class='ocrx_word' id='word_1_664' title='bbox 3163 3949 3460 4006; x_wconf 87' lang='lat' dir='ltr'>fraetione.</span> <span class='ocrx_word' id='word_1_665' title='bbox 3479 3953 3642 4017; x_wconf 88' lang='lat' dir='ltr'>Quod</span> 
     </span>
    </p>
   </div>
   <div class='ocr_carea' id='block_1_87' title="bbox 1995 4036 3645 4111">
    <p class='ocr_par' dir='ltr' id='par_1_87' title="bbox 1995 4036 3645 4111">
     <span class='ocr_line' id='line_1_87' title="bbox 1995 4036 3645 4111; baseline 0.001 -16"><span class='ocrx_word' id='word_1_666' title='bbox 1995 4042 2190 4095; x_wconf 86' lang='lat' dir='ltr'>autem</span> <span class='ocrx_word' id='word_1_667' title='bbox 2217 4036 2477 4111; x_wconf 89' lang='lat' dir='ltr'>quotidie</span> <span class='ocrx_word' id='word_1_668' title='bbox 2490 4040 2548 4092; x_wconf 90' lang='lat' dir='ltr'>et</span> <span class='ocrx_word' id='word_1_669' title='bbox 2569 4040 2983 4109; x_wconf 87' lang='lat' dir='ltr'>quotacunque</span> <span class='ocrx_word' id='word_1_670' title='bbox 2998 4036 3292 4108; x_wconf 89' lang='lat' dir='ltr'>horadiei,</span> <span class='ocrx_word' id='word_1_671' title='bbox 3314 4054 3428 4095; x_wconf 88' lang='lat' dir='ltr'>non</span> <span class='ocrx_word' id='word_1_672' title='bbox 3446 4043 3645 4097; x_wconf 88' lang='lat' dir='ltr'>autem</span> 
     </span>
    </p>
   </div>
   <div class='ocr_carea' id='block_1_88' title="bbox 1995 4124 3645 4203">
    <p class='ocr_par' dir='ltr' id='par_1_88' title="bbox 1995 4124 3645 4203">
     <span class='ocr_line' id='line_1_88' title="bbox 1995 4124 3645 4203; baseline -0.001 -19"><span class='ocrx_word' id='word_1_673' title='bbox 1995 4124 2120 4184; x_wconf 90' lang='lat' dir='ltr'>sola</span> <span class='ocrx_word' id='word_1_674' title='bbox 2150 4125 2322 4183; x_wconf 87' lang='lat' dir='ltr'>tertia</span> <span class='ocrx_word' id='word_1_675' title='bbox 2339 4124 2660 4198; x_wconf 87' lang='lat' dir='ltr'>perfectam</span> <span class='ocrx_word' id='word_1_676' title='bbox 2675 4124 2918 4203; x_wconf 86' lang='lat' dir='ltr'>missam</span> <span class='ocrx_word' id='word_1_677' title='bbox 2953 4125 3208 4198; x_wconf 89' lang='lat' dir='ltr'>agimus,</span> <span class='ocrx_word' id='word_1_678' title='bbox 3238 4126 3645 4184; x_wconf 87' lang='lat' dir='ltr'>auctoritatem</span> 
     </span>
    </p>
   </div>
   <div class='ocr_carea' id='block_1_89' title="bbox 1994 4213 3655 4291">
    <p class='ocr_par' dir='ltr' id='par_1_89' title="bbox 1994 4213 3655 4291">
     <span class='ocr_line' id='line_1_89' title="bbox 1994 4213 3655 4291; baseline -0.001 -18"><span class='ocrx_word' id='word_1_679' title='bbox 1994 4220 2263 4273; x_wconf 89' lang='lat' dir='ltr'>tenemus</span> <span class='ocrx_word' id='word_1_680' title='bbox 2293 4213 2565 4272; x_wconf 84' lang='lat' dir='ltr'>exverbis</span> <span class='ocrx_word' id='word_1_681' title='bbox 2587 4214 2774 4291; x_wconf 81' lang='lat' dir='ltr'>ipsius</span> <span class='ocrx_word' id='word_1_682' title='bbox 2806 4215 3039 4272; x_wconf 90' lang='lat' dir='ltr'>Domini</span> <span class='ocrx_word' id='word_1_683' title='bbox 3055 4216 3219 4286; x_wconf 85' lang='lat' dir='ltr'>juxta</span> <span class='ocrx_word' id='word_1_684' title='bbox 3248 4216 3483 4272; x_wconf 89' lang='lat' dir='ltr'>beatum</span> <span class='ocrx_word' id='word_1_685' title='bbox 3499 4221 3655 4290; x_wconf 23' lang='lat' dir='ltr'>Rau-1</span> 
     </span>
    </p>
   </div>
   <div class='ocr_carea' id='block_1_90' title="bbox 1995 4304 3653 4379">
    <p class='ocr_par' dir='ltr' id='par_1_90' title="bbox 1995 4304 3653 4379">
     <span class='ocr_line' id='line_1_90' title="bbox 1995 4304 3653 4379; baseline 0.001 -16"><span class='ocrx_word' id='word_1_686' title='bbox 1995 4306 2119 4363; x_wconf 92' lang='lat' dir='ltr'>lum</span> <span class='ocrx_word' id='word_1_687' title='bbox 2145 4304 2389 4361; x_wconf 91' lang='lat' dir='ltr'>dicentis</span> <span class='ocrx_word' id='word_1_688' title='bbox 2414 4321 2473 4361; x_wconf 82' lang='lat'>:«</span> <span class='ocrx_word' id='word_1_689' title='bbox 2496 4304 2614 4361; x_wconf 90' lang='lat' dir='ltr'>Hoc</span> <span class='ocrx_word' id='word_1_690' title='bbox 2630 4305 2800 4361; x_wconf 86' lang='lat' dir='ltr'>facite</span> <span class='ocrx_word' id='word_1_691' title='bbox 2822 4305 3284 4379; x_wconf 88' lang='lat' dir='ltr'>quotiescunque</span> <span class='ocrx_word' id='word_1_692' title='bbox 3305 4306 3563 4373; x_wconf 88' lang='lat' dir='ltr'>sumitis,</span> <span class='ocrx_word' id='word_1_693' title='bbox 3582 4306 3653 4379; x_wconf 77' lang='lat' dir='ltr'>in</span> 
     </span>
    </p>
   </div>
   <div class='ocr_carea' id='block_1_91' title="bbox 1996 4394 3665 4468">
    <p class='ocr_par' dir='ltr' id='par_1_91' title="bbox 1996 4394 3665 4468">
     <span class='ocr_line' id='line_1_91' title="bbox 1996 4394 3665 4468; baseline 0.002 -17"><span class='ocrx_word' id='word_1_694' title='bbox 1996 4412 2187 4452; x_wconf 88' lang='lat' dir='ltr'>meam</span> <span class='ocrx_word' id='word_1_695' title='bbox 2218 4394 2838 4451; x_wconf 90' lang='lat' dir='ltr'>commemorationem</span> <span class='ocrx_word' id='word_1_696' title='bbox 2854 4394 2898 4468; x_wconf 87' lang='grc'>(1</span> <span class='ocrx_word' id='word_1_697' title='bbox 2916 4396 3035 4452; x_wconf 83' lang='lat' dir='ltr'>Cor.</span> <span class='ocrx_word' id='word_1_698' title='bbox 3055 4395 3259 4468; x_wconf 80' lang='lat' dir='ltr'>x1,25).</span> <span class='ocrx_word' id='word_1_699' title='bbox 3285 4418 3313 4447; x_wconf 86' lang='grc'>››</span> <span class='ocrx_word' id='word_1_700' title='bbox 3330 4395 3491 4453; x_wconf 88' lang='lat' dir='ltr'>Unde</span> <span class='ocrx_word' id='word_1_701' title='bbox 3512 4413 3665 4465; x_wconf 12' lang='lat' dir='ltr'>mox,</span> 
     </span>
    </p>
   </div>
   <div class='ocr_carea' id='block_1_92' title="bbox 1996 4483 3647 4565">
    <p class='ocr_par' dir='ltr' id='par_1_92' title="bbox 1996 4483 3647 4565">
     <span class='ocr_line' id='line_1_92' title="bbox 1996 4483 3647 4565; baseline 0.002 -25"><span class='ocrx_word' id='word_1_702' title='bbox 1996 4485 2152 4541; x_wconf 90' lang='lat' dir='ltr'>idem</span> <span class='ocrx_word' id='word_1_703' title='bbox 2198 4483 2510 4557; x_wconf 90' lang='lat' dir='ltr'>Apostolus</span> <span class='ocrx_word' id='word_1_704' title='bbox 2554 4488 2789 4541; x_wconf 91' lang='lat' dir='ltr'>secutus</span> <span class='ocrx_word' id='word_1_705' title='bbox 2821 4485 3035 4557; x_wconf 89' lang='lat' dir='ltr'>adjecit</span> <span class='ocrx_word' id='word_1_706' title='bbox 3067 4501 3080 4541; x_wconf 88' lang='lat'>:</span> <span class='ocrx_word' id='word_1_707' title='bbox 3121 4506 3149 4539; x_wconf 78' lang='grc' dir='ltr'><strong>α</strong></span> <span class='ocrx_word' id='word_1_708' title='bbox 3177 4485 3647 4565; x_wconf 83' lang='lat' dir='ltr'>Quotiescunque</span> 
     </span>
    </p>
   </div>
   <div class='ocr_carea' id='block_1_93' title="bbox 232 4558 3645 4659">
    <p class='ocr_par' dir='ltr' id='par_1_93' title="bbox 232 4558 3645 4659">
     <span class='ocr_line' id='line_1_93' title="bbox 232 4558 3645 4659; baseline 0.005 -42"><span class='ocrx_word' id='word_1_709' title='bbox 232 4562 526 4659; x_wconf 61' lang='lat' dir='ltr'>habebitis</span> <span class='ocrx_word' id='word_1_710' title='bbox 541 4563 717 4659; x_wconf 73' lang='lat' dir='ltr'>vitam</span> <span class='ocrx_word' id='word_1_711' title='bbox 735 4564 795 4620; x_wconf 94' lang='lat' dir='ltr'>in</span> <span class='ocrx_word' id='word_1_712' title='bbox 815 4564 979 4659; x_wconf 71' lang='lat' dir='ltr'>vobis</span> <span class='ocrx_word' id='word_1_713' title='bbox 1000 4558 1183 4639; x_wconf 76' lang='lat' dir='ltr'>(Ibid.,</span> <span class='ocrx_word' id='word_1_714' title='bbox 1204 4562 1367 4659; x_wconf 55' lang='grc' dir='ltr'>5⁴)’››Δ</span> <span class='ocrx_word' id='word_1_715' title='bbox 1386 4564 1662 4659; x_wconf 49' lang='lat' dir='ltr'>Nunquid</span> <span class='ocrx_word' id='word_1_716' title='bbox 1681 4566 1776 4659; x_wconf 82' lang='lat' dir='ltr'>hic</span> <span class='ocrx_word' id='word_1_717' title='bbox 1798 4567 1885 4659; x_wconf 47' lang='lat' dir='ltr'>dif</span> <span class='ocrx_word' id='word_1_718' title='bbox 1913 4594 1965 4659; x_wconf 84' lang='lat' dir='ltr'><strong>D</strong></span> <span class='ocrx_word' id='word_1_719' title='bbox 1999 4573 2430 4645; x_wconf 85' lang='lat' dir='ltr'>manducabitis</span> <span class='ocrx_word' id='word_1_720' title='bbox 2462 4590 2672 4647; x_wconf 91' lang='lat' dir='ltr'>panem</span> <span class='ocrx_word' id='word_1_721' title='bbox 2695 4572 2849 4630; x_wconf 88' lang='lat' dir='ltr'>hunc</span> <span class='ocrx_word' id='word_1_722' title='bbox 2880 4573 3189 4631; x_wconf 88' lang='lat' dir='ltr'>etcalicem</span> <span class='ocrx_word' id='word_1_723' title='bbox 3223 4576 3457 4644; x_wconf 90' lang='lat' dir='ltr'>bibetis,</span> <span class='ocrx_word' id='word_1_724' title='bbox 3490 4558 3645 4633; x_wconf 80' lang='lat' dir='ltr'>mor-</span> 
     </span>
    </p>
   </div>
   <div class='ocr_carea' id='block_1_94' title="bbox 232 4648 1885 4721">
    <p class='ocr_par' dir='ltr' id='par_1_94' title="bbox 232 4648 1885 4721">
     <span class='ocr_line' id='line_1_94' title="bbox 232 4648 1885 4721; baseline 0.002 -11"><span class='ocrx_word' id='word_1_725' title='bbox 232 4653 319 4710; x_wconf 85' lang='lat' dir='ltr'>xit</span> <span class='ocrx_word' id='word_1_726' title='bbox 343 4669 355 4707; x_wconf 90' lang='lat'>:</span> <span class='ocrx_word' id='word_1_727' title='bbox 371 4652 432 4709; x_wconf 90' lang='lat' dir='ltr'>Si</span> <span class='ocrx_word' id='word_1_728' title='bbox 446 4648 937 4721; x_wconf 86' lang='lat' dir='ltr'>manducaveritis</span> <span class='ocrx_word' id='word_1_729' title='bbox 947 4662 1178 4710; x_wconf 89' lang='lat' dir='ltr'>carnem</span> <span class='ocrx_word' id='word_1_730' title='bbox 1194 4652 1385 4710; x_wconf 83' lang='lat' dir='ltr'>meam</span> <span class='ocrx_word' id='word_1_731' title='bbox 1402 4654 1736 4712; x_wconf 89' lang='lat' dir='ltr'>etbiberitis</span> <span class='ocrx_word' id='word_1_732' title='bbox 1750 4658 1885 4713; x_wconf 70' lang='lat' dir='ltr'>san-’-</span> 
     </span>
    </p>
   </div>
   <div class='ocr_carea' id='block_1_95' title="bbox 231 4732 1886 4821">
    <p class='ocr_par' dir='ltr' id='par_1_95' title="bbox 231 4732 1886 4821">
     <span class='ocr_line' id='line_1_95' title="bbox 231 4732 1886 4821; baseline 0.002 -22"><span class='ocrx_word' id='word_1_733' title='bbox 231 4740 475 4815; x_wconf 56' lang='lat' dir='ltr'>gui’nem</span> <span class='ocrx_word' id='word_1_734' title='bbox 506 4756 725 4812; x_wconf 91' lang='lat' dir='ltr'>meum,</span> <span class='ocrx_word' id='word_1_735' title='bbox 748 4732 1423 4821; x_wconf 61' lang='lat' dir='ltr'>dissolvetisjejuniu‘m?</span> <span class='ocrx_word' id='word_1_736' title='bbox 1440 4736 1508 4800; x_wconf 84' lang='lat' dir='ltr'>Et</span> <span class='ocrx_word' id='word_1_737' title='bbox 1527 4744 1752 4799; x_wconf 88' lang='lat' dir='ltr'>utinam</span> <span class='ocrx_word' id='word_1_738' title='bbox 1776 4744 1886 4802; x_wconf 88' lang='lat' dir='ltr'>hoc</span> 
     </span>
    </p>
   </div>
   <div class='ocr_carea' id='block_1_96' title="bbox 231 4822 1905 4921">
    <p class='ocr_par' dir='ltr' id='par_1_96' title="bbox 231 4822 1905 4921">
     <span class='ocr_line' id='line_1_96' title="bbox 231 4822 1905 4921; baseline 0.001 -32"><span class='ocrx_word' id='word_1_739' title='bbox 231 4831 357 4889; x_wconf 90' lang='lat' dir='ltr'>solo</span> <span class='ocrx_word' id='word_1_740' title='bbox 371 4832 882 4901; x_wconf 57' lang='lat' dir='ltr'>sa&#39;cramento,non</span> <span class='ocrx_word' id='word_1_741' title='bbox 896 4824 968 4887; x_wconf 84' lang='lat' dir='ltr'>ad</span> <span class='ocrx_word' id='word_1_742' title='bbox 974 4822 1264 4903; x_wconf 83' lang='lat' dir='ltr'>judicium</span> <span class='ocrx_word' id='word_1_743' title='bbox 1278 4822 1731 4902; x_wconf 70' lang='lat' dir='ltr'>neatru&#39;m‘,omni</span> <span class='ocrx_word' id='word_1_744' title='bbox 1744 4833 1905 4921; x_wconf 73' lang='lat' dir='ltr'>hora&#39;</span> 
     </span>
    </p>
   </div>
   <div class='ocr_carea' id='block_1_97' title="bbox 232 4919 1884 5003">
    <p class='ocr_par' dir='ltr' id='par_1_97' title="bbox 232 4919 1884 5003">
     <span class='ocr_line' id='line_1_97' title="bbox 232 4919 1884 5003; baseline 0.002 -27"><span class='ocrx_word' id='word_1_745' title='bbox 232 4920 633 4978; x_wconf 80' lang='lat' dir='ltr'>reﬁCeremurl</span> <span class='ocrx_word' id='word_1_746' title='bbox 658 4920 769 4977; x_wconf 87' lang='lat' dir='ltr'>Sed</span> <span class='ocrx_word' id='word_1_747' title='bbox 790 4919 927 4993; x_wconf 86' lang='lat' dir='ltr'>quia</span> <span class='ocrx_word' id='word_1_748' title='bbox 943 4936 1183 4994; x_wconf 91' lang='lat' dir='ltr'>corpore</span> <span class='ocrx_word' id='word_1_749' title='bbox 1212 4920 1601 5003; x_wconf 90' lang='lat' dir='ltr'>corruptibili,</span> <span class='ocrx_word' id='word_1_750' title='bbox 1624 4925 1680 4979; x_wconf 89' lang='lat' dir='ltr'>et</span> <span class='ocrx_word' id='word_1_751' title='bbox 1699 4919 1884 4980; x_wconf 91' lang='lat' dir='ltr'>nimia</span> 
     </span>
    </p>
   </div>
   <div class='ocr_carea' id='block_1_98' title="bbox 234 5008 1882 5084">
    <p class='ocr_par' dir='ltr' id='par_1_98' title="bbox 234 5008 1882 5084">
     <span class='ocr_line' id='line_1_98' title="bbox 234 5008 1882 5084; baseline 0.002 -19"><span class='ocrx_word' id='word_1_752' title='bbox 234 5008 472 5066; x_wconf 87' lang='lat' dir='ltr'>miseria</span> <span class='ocrx_word' id='word_1_753' title='bbox 519 5009 890 5067; x_wconf 68' lang='lat' dir='ltr'>conscientiae</span> <span class='ocrx_word' id='word_1_754' title='bbox 934 5014 1146 5067; x_wconf 64' lang='lat' dir='ltr'>nostra;</span> <span class='ocrx_word' id='word_1_755' title='bbox 1177 5011 1422 5084; x_wconf 91' lang='lat' dir='ltr'>gravati,</span> <span class='ocrx_word' id='word_1_756' title='bbox 1452 5010 1629 5068; x_wconf 90' lang='lat' dir='ltr'>etiam</span> <span class='ocrx_word' id='word_1_757' title='bbox 1660 5011 1882 5068; x_wconf 91' lang='lat' dir='ltr'>bonum</span> 
     </span>
    </p>
   </div>
   <div class='ocr_carea' id='block_1_99' title="bbox 231 5090 1881 5179">
    <p class='ocr_par' dir='ltr' id='par_1_99' title="bbox 231 5090 1881 5179">
     <span class='ocr_line' id='line_1_99' title="bbox 231 5090 1881 5179; baseline 0.001 -23"><span class='ocrx_word' id='word_1_758' title='bbox 231 5103 504 5157; x_wconf 89' lang='lat' dir='ltr'>nostrum</span> <span class='ocrx_word' id='word_1_759' title='bbox 534 5101 847 5173; x_wconf 89' lang='lat' dir='ltr'>nequimus</span> <span class='ocrx_word' id='word_1_760' title='bbox 877 5099 1142 5172; x_wconf 71' lang='lat' dir='ltr'>sufferre,</span> <span class='ocrx_word' id='word_1_761' title='bbox 1171 5118 1204 5156; x_wconf 90' lang='lat' dir='ltr'>a</span> <span class='ocrx_word' id='word_1_762' title='bbox 1222 5090 1736 5179; x_wconf 57' lang='lat' dir='ltr'>sanctis‘Patribus</span> <span class='ocrx_word' id='word_1_763' title='bbox 1759 5120 1881 5159; x_wconf 90' lang='lat' dir='ltr'>eer-</span> 
     </span>
    </p>
   </div>
   <div class='ocr_carea' id='block_1_100' title="bbox 230 5176 1905 5272">
    <p class='ocr_par' dir='ltr' id='par_1_100' title="bbox 230 5176 1905 5272">
     <span class='ocr_line' id='line_1_100' title="bbox 230 5176 1905 5272; baseline 0.002 -25"><span class='ocrx_word' id='word_1_764' title='bbox 230 5195 302 5247; x_wconf 65' lang='grc' dir='ltr'>ιω</span> <span class='ocrx_word' id='word_1_765' title='bbox 332 5190 405 5247; x_wconf 90' lang='lat' dir='ltr'>ad</span> <span class='ocrx_word' id='word_1_766' title='bbox 440 5190 881 5272; x_wconf 88' lang='lat' dir='ltr'>percipiendum</span> <span class='ocrx_word' id='word_1_767' title='bbox 925 5194 1159 5249; x_wconf 83' lang='lat' dir='ltr'>tantum</span> <span class='ocrx_word' id='word_1_768' title='bbox 1178 5176 1613 5248; x_wconf 72' lang='lat' dir='ltr'>sacramentum</span> <span class='ocrx_word' id='word_1_769' title='bbox 1636 5176 1905 5266; x_wconf 35' lang='lat' dir='ltr'>praeﬁxae&quot;</span> 
     </span>
    </p>
   </div>
   <div class='ocr_carea' id='block_1_101' title="bbox 230 5268 1880 5357">
    <p class='ocr_par' dir='ltr' id='par_1_101' title="bbox 230 5268 1880 5357">
     <span class='ocr_line' id='line_1_101' title="bbox 230 5268 1880 5357; baseline 0.001 -20"><span class='ocrx_word' id='word_1_770' title='bbox 230 5282 374 5337; x_wconf 88' lang='lat' dir='ltr'>sunt</span> <span class='ocrx_word' id='word_1_771' title='bbox 394 5268 566 5334; x_wconf 64' lang='lat' dir='ltr'>horae&#39;.</span> <span class='ocrx_word' id='word_1_772' title='bbox 594 5268 758 5346; x_wconf 87' lang='lat' dir='ltr'>Quod</span> <span class='ocrx_word' id='word_1_773' title='bbox 779 5294 850 5336; x_wconf 88' lang='lat' dir='ltr'>ne</span> <span class='ocrx_word' id='word_1_774' title='bbox 868 5279 1117 5357; x_wconf 86' lang='lat' dir='ltr'>vilescat</span> <span class='ocrx_word' id='word_1_775' title='bbox 1131 5272 1487 5357; x_wconf 81' lang='lat' dir='ltr'>carnalibus,</span> <span class='ocrx_word' id='word_1_776' title='bbox 1519 5285 1575 5351; x_wconf 86' lang='lat' dir='ltr'>et</span> <span class='ocrx_word' id='word_1_777' title='bbox 1603 5283 1664 5338; x_wconf 90' lang='lat' dir='ltr'>in</span> <span class='ocrx_word' id='word_1_778' title='bbox 1695 5284 1880 5356; x_wconf 89' lang='lat' dir='ltr'>perci-</span> 
     </span>
    </p>
   </div>
   <div class='ocr_carea' id='block_1_102' title="bbox 228 5355 1885 5446">
    <p class='ocr_par' dir='ltr' id='par_1_102' title="bbox 228 5355 1885 5446">
     <span class='ocr_line' id='line_1_102' title="bbox 228 5355 1885 5446; baseline 0.004 -22"><span class='ocrx_word' id='word_1_779' title='bbox 228 5366 442 5443; x_wconf 91' lang='lat' dir='ltr'>piendo</span> <span class='ocrx_word' id='word_1_780' title='bbox 473 5360 667 5424; x_wconf 85' lang='lat' dir='ltr'>escam</span> <span class='ocrx_word' id='word_1_781' title='bbox 699 5362 944 5439; x_wconf 85' lang='lat' dir='ltr'>spiritus</span> <span class='ocrx_word' id='word_1_782' title='bbox 965 5355 1411 5443; x_wconf 78' lang='lat' dir='ltr'>submurmuret</span> <span class='ocrx_word' id='word_1_783' title='bbox 1439 5355 1655 5446; x_wconf 81' lang='lat' dir='ltr'>aliquis</span> <span class='ocrx_word' id='word_1_784' title='bbox 1687 5355 1885 5430; x_wconf 84' lang='lat' dir='ltr'>carnis</span> 
     </span>
    </p>
   </div>
   <div class='ocr_carea' id='block_1_103' title="bbox 226 5448 1880 5534">
    <p class='ocr_par' dir='ltr' id='par_1_103' title="bbox 226 5448 1880 5534">
     <span class='ocr_line' id='line_1_103' title="bbox 226 5448 1880 5534; baseline 0.001 -17"><span class='ocrx_word' id='word_1_785' title='bbox 226 5454 544 5532; x_wconf 84' lang='lat' dir='ltr'>appetitus,</span> <span class='ocrx_word' id='word_1_786' title='bbox 578 5472 713 5512; x_wconf 90' lang='lat' dir='ltr'>cum</span> <span class='ocrx_word' id='word_1_787' title='bbox 735 5468 970 5514; x_wconf 90' lang='lat' dir='ltr'>summa</span> <span class='ocrx_word' id='word_1_788' title='bbox 989 5448 1272 5531; x_wconf 75' lang='lat' dir='ltr'>pareitate</span> <span class='ocrx_word' id='word_1_789' title='bbox 1303 5452 1735 5532; x_wconf 72' lang='lat' dir='ltr'>przeg‘ustamus</span> <span class='ocrx_word' id='word_1_790' title='bbox 1758 5481 1771 5534; x_wconf 91' lang='lat'><strong>;</strong></span> <span class='ocrx_word' id='word_1_791' title='bbox 1795 5460 1880 5519; x_wconf 58' lang='lat' dir='ltr'>vi-&#39;</span> 
     </span>
    </p>
   </div>
   <div class='ocr_carea' id='block_1_104' title="bbox 225 5546 1882 5629">
    <p class='ocr_par' dir='ltr' id='par_1_104' title="bbox 225 5546 1882 5629">
     <span class='ocr_line' id='line_1_104' title="bbox 225 5546 1882 5629; baseline 0.002 -23"><span class='ocrx_word' id='word_1_792' title='bbox 225 5550 363 5615; x_wconf 87' lang='lat' dir='ltr'>dere</span> <span class='ocrx_word' id='word_1_793' title='bbox 391 5546 801 5605; x_wconf 88' lang='lat' dir='ltr'>tantummodo</span> <span class='ocrx_word' id='word_1_794' title='bbox 828 5546 1129 5629; x_wconf 89' lang='lat' dir='ltr'>cupientes</span> <span class='ocrx_word' id='word_1_795' title='bbox 1149 5556 1328 5629; x_wconf 76' lang='lat' dir='ltr'>quam</span> <span class='ocrx_word' id='word_1_796' title='bbox 1350 5548 1549 5606; x_wconf 85' lang='lat' dir='ltr'>suavis</span> <span class='ocrx_word' id='word_1_797' title='bbox 1570 5553 1660 5608; x_wconf 91' lang='lat' dir='ltr'>est</span> <span class='ocrx_word' id='word_1_798' title='bbox 1686 5551 1882 5609; x_wconf 87' lang='lat' dir='ltr'>Domi-</span> 
     </span>
    </p>
   </div>
   <div class='ocr_carea' id='block_1_105' title="bbox 224 5628 1880 5716">
    <p class='ocr_par' dir='ltr' id='par_1_105' title="bbox 224 5628 1880 5716">
     <span class='ocr_line' id='line_1_105' title="bbox 224 5628 1880 5716; baseline 0.001 -18"><span class='ocrx_word' id='word_1_799' title='bbox 224 5628 365 5712; x_wconf 84' lang='lat' dir='ltr'>nus,</span> <span class='ocrx_word' id='word_1_800' title='bbox 396 5637 568 5713; x_wconf 85' lang='lat' dir='ltr'>cujus</span> <span class='ocrx_word' id='word_1_801' title='bbox 601 5633 772 5716; x_wconf 87' lang='lat' dir='ltr'>panis</span> <span class='ocrx_word' id='word_1_802' title='bbox 800 5652 917 5697; x_wconf 90' lang='lat' dir='ltr'>non</span> <span class='ocrx_word' id='word_1_803' title='bbox 947 5628 1092 5709; x_wconf 84' lang='lat' dir='ltr'>vult,</span> <span class='ocrx_word' id='word_1_804' title='bbox 1123 5628 1299 5697; x_wconf 83' lang='lat' dir='ltr'>sicuti</span> <span class='ocrx_word' id='word_1_805' title='bbox 1328 5630 1434 5698; x_wconf 79' lang='lat' dir='ltr'>nec</span> <span class='ocrx_word' id='word_1_806' title='bbox 1465 5642 1685 5701; x_wconf 80' lang='lat' dir='ltr'>manna</span> <span class='ocrx_word' id='word_1_807' title='bbox 1715 5636 1880 5701; x_wconf 86' lang='lat' dir='ltr'>fasti-</span> 
     </span>
    </p>
   </div>
   <div class='ocr_carea' id='block_1_106' title="bbox 1996 4662 3648 4737">
    <p class='ocr_par' dir='ltr' id='par_1_106' title="bbox 1996 4662 3648 4737">
     <span class='ocr_line' id='line_1_106' title="bbox 1996 4662 3648 4737; baseline 0.001 -17"><span class='ocrx_word' id='word_1_808' title='bbox 1996 4668 2113 4720; x_wconf 91' lang='lat' dir='ltr'>tem</span> <span class='ocrx_word' id='word_1_809' title='bbox 2150 4663 2378 4720; x_wconf 91' lang='lat' dir='ltr'>Domini</span> <span class='ocrx_word' id='word_1_810' title='bbox 2401 4662 2830 4720; x_wconf 89' lang='lat' dir='ltr'>annuntiabitis</span> <span class='ocrx_word' id='word_1_811' title='bbox 2851 4663 3035 4736; x_wconf 80' lang='lat' dir='ltr'>(Ibid.,</span> <span class='ocrx_word' id='word_1_812' title='bbox 3057 4665 3169 4737; x_wconf 84' lang='lat'>26).</span> <span class='ocrx_word' id='word_1_813' title='bbox 3197 4686 3225 4714; x_wconf 88' lang='grc'><strong>››</strong></span> <span class='ocrx_word' id='word_1_814' title='bbox 3255 4666 3324 4721; x_wconf 85' lang='lat' dir='ltr'>Et</span> <span class='ocrx_word' id='word_1_815' title='bbox 3345 4664 3648 4736; x_wconf 85' lang='lat' dir='ltr'>quandiu?</span> 
     </span>
    </p>
   </div>
   <div class='ocr_carea' id='block_1_107' title="bbox 1995 4752 3645 4825">
    <p class='ocr_par' dir='ltr' id='par_1_107' title="bbox 1995 4752 3645 4825">
     <span class='ocr_line' id='line_1_107' title="bbox 1995 4752 3645 4825; baseline 0 -16"><span class='ocrx_word' id='word_1_816' title='bbox 1995 4755 2172 4810; x_wconf 82' lang='lat' dir='ltr'>Donec</span> <span class='ocrx_word' id='word_1_817' title='bbox 2198 4755 2382 4809; x_wconf 77' lang='lat' dir='ltr'>veniat</span> <span class='ocrx_word' id='word_1_818' title='bbox 2414 4752 2598 4825; x_wconf 59' lang='lat'>(111211.)</span> <span class='ocrx_word' id='word_1_819' title='bbox 2632 4770 2645 4808; x_wconf 91' lang='lat'>:</span> <span class='ocrx_word' id='word_1_820' title='bbox 2680 4752 3186 4825; x_wconf 89' lang='lat' dir='ltr'>scilicetjudicare</span> <span class='ocrx_word' id='word_1_821' title='bbox 3217 4752 3375 4809; x_wconf 90' lang='lat' dir='ltr'>vivos</span> <span class='ocrx_word' id='word_1_822' title='bbox 3404 4756 3461 4809; x_wconf 91' lang='lat' dir='ltr'>et</span> <span class='ocrx_word' id='word_1_823' title='bbox 3490 4768 3645 4819; x_wconf 85' lang='lat' dir='ltr'>mor-</span> 
     </span>
    </p>
   </div>
   <div class='ocr_carea' id='block_1_108' title="bbox 1996 4840 3648 4899">
    <p class='ocr_par' dir='ltr' id='par_1_108' title="bbox 1996 4840 3648 4899">
     <span class='ocr_line' id='line_1_108' title="bbox 1996 4840 3648 4899; baseline 0.001 -1"><span class='ocrx_word' id='word_1_824' title='bbox 1996 4845 2148 4899; x_wconf 91' lang='lat' dir='ltr'>tuos.</span> <span class='ocrx_word' id='word_1_825' title='bbox 2184 4843 2437 4898; x_wconf 90' lang='lat' dir='ltr'>Putasne</span> <span class='ocrx_word' id='word_1_826' title='bbox 2466 4840 2683 4895; x_wconf 90' lang='lat' dir='ltr'>alicubi</span> <span class='ocrx_word' id='word_1_827' title='bbox 2703 4841 2949 4896; x_wconf 89' lang='lat' dir='ltr'>dixerit:</span> <span class='ocrx_word' id='word_1_828' title='bbox 2984 4842 3099 4896; x_wconf 82' lang='lat' dir='ltr'>Hoc</span> <span class='ocrx_word' id='word_1_829' title='bbox 3121 4840 3447 4897; x_wconf 88' lang='lat' dir='ltr'>facitehora</span> <span class='ocrx_word' id='word_1_830' title='bbox 3474 4840 3648 4899; x_wconf 85' lang='lat' dir='ltr'>tertia</span> 
     </span>
    </p>
   </div>
   <div class='ocr_carea' id='block_1_109' title="bbox 1994 4929 3647 5002">
    <p class='ocr_par' dir='ltr' id='par_1_109' title="bbox 1994 4929 3647 5002">
     <span class='ocr_line' id='line_1_109' title="bbox 1994 4929 3647 5002; baseline 0 -17"><span class='ocrx_word' id='word_1_831' title='bbox 1994 4931 2056 4987; x_wconf 92' lang='lat' dir='ltr'>in</span> <span class='ocrx_word' id='word_1_832' title='bbox 2087 4947 2277 4988; x_wconf 87' lang='lat' dir='ltr'>meam</span> <span class='ocrx_word' id='word_1_833' title='bbox 2308 4929 2961 4986; x_wconf 82' lang='lat' dir='ltr'>commemorationem?</span> <span class='ocrx_word' id='word_1_834' title='bbox 2991 4931 3115 4986; x_wconf 91' lang='lat' dir='ltr'>Non</span> <span class='ocrx_word' id='word_1_835' title='bbox 3148 4929 3369 5002; x_wconf 90' lang='lat' dir='ltr'>utique,</span> <span class='ocrx_word' id='word_1_836' title='bbox 3392 4930 3493 4986; x_wconf 90' lang='lat' dir='ltr'>sed</span> <span class='ocrx_word' id='word_1_837' title='bbox 3518 4929 3647 4985; x_wconf 85' lang='lat' dir='ltr'>nul-</span> 
     </span>
    </p>
   </div>
   <div class='ocr_carea' id='block_1_110' title="bbox 1992 5018 3645 5092">
    <p class='ocr_par' dir='ltr' id='par_1_110' title="bbox 1992 5018 3645 5092">
     <span class='ocr_line' id='line_1_110' title="bbox 1992 5018 3645 5092; baseline 0.002 -18"><span class='ocrx_word' id='word_1_838' title='bbox 1992 5018 2110 5075; x_wconf 88' lang='lat' dir='ltr'>lam</span> <span class='ocrx_word' id='word_1_839' title='bbox 2141 5019 2347 5075; x_wconf 90' lang='lat' dir='ltr'>horam</span> <span class='ocrx_word' id='word_1_840' title='bbox 2368 5022 2470 5073; x_wconf 88' lang='lat' dir='ltr'>aut</span> <span class='ocrx_word' id='word_1_841' title='bbox 2502 5022 2763 5090; x_wconf 88' lang='lat' dir='ltr'>tempora</span> <span class='ocrx_word' id='word_1_842' title='bbox 2778 5018 3072 5092; x_wconf 89' lang='lat' dir='ltr'>excipiens</span> <span class='ocrx_word' id='word_1_843' title='bbox 3096 5019 3241 5075; x_wconf 85' lang='lat' dir='ltr'>dixit</span> <span class='ocrx_word' id='word_1_844' title='bbox 3261 5036 3272 5075; x_wconf 94' lang='lat'>:</span> <span class='ocrx_word' id='word_1_845' title='bbox 3291 5020 3645 5088; x_wconf 75' lang='lat' dir='ltr'>Quotiescun-</span> 
     </span>
    </p>
   </div>
   <div class='ocr_carea' id='block_1_111' title="bbox 1993 5104 3642 5182">
    <p class='ocr_par' dir='ltr' id='par_1_111' title="bbox 1993 5104 3642 5182">
     <span class='ocr_line' id='line_1_111' title="bbox 1993 5104 3642 5182; baseline 0.002 -18"><span class='ocrx_word' id='word_1_846' title='bbox 1993 5125 2113 5182; x_wconf 84' lang='lat' dir='ltr'>que.</span> <span class='ocrx_word' id='word_1_847' title='bbox 2160 5108 2273 5165; x_wconf 91' lang='lat' dir='ltr'>Nec</span> <span class='ocrx_word' id='word_1_848' title='bbox 2308 5109 2432 5181; x_wconf 89' lang='lat' dir='ltr'>ipse</span> <span class='ocrx_word' id='word_1_849' title='bbox 2474 5106 2691 5164; x_wconf 89' lang='lat' dir='ltr'>Paulus</span> <span class='ocrx_word' id='word_1_850' title='bbox 2729 5107 2961 5179; x_wconf 89' lang='lat' dir='ltr'>jejunia</span> <span class='ocrx_word' id='word_1_851' title='bbox 3008 5104 3209 5182; x_wconf 84' lang='lat' dir='ltr'>aliqua</span> <span class='ocrx_word' id='word_1_852' title='bbox 3267 5113 3369 5164; x_wconf 88' lang='lat' dir='ltr'>aut</span> <span class='ocrx_word' id='word_1_853' title='bbox 3425 5112 3642 5168; x_wconf 85' lang='lat' dir='ltr'>certam</span> 
     </span>
    </p>
   </div>
   <div class='ocr_carea' id='block_1_112' title="bbox 1993 5193 3663 5269">
    <p class='ocr_par' dir='ltr' id='par_1_112' title="bbox 1993 5193 3663 5269">
     <span class='ocr_line' id='line_1_112' title="bbox 1993 5193 3663 5269; baseline 0.001 -17"><span class='ocrx_word' id='word_1_854' title='bbox 1993 5194 2318 5269; x_wconf 88' lang='lat' dir='ltr'>quamlibet</span> <span class='ocrx_word' id='word_1_855' title='bbox 2337 5193 2727 5251; x_wconf 88' lang='lat' dir='ltr'>evolutionem</span> <span class='ocrx_word' id='word_1_856' title='bbox 2742 5212 3033 5252; x_wconf 87' lang='lat' dir='ltr'>annorum</span> <span class='ocrx_word' id='word_1_857' title='bbox 3049 5196 3357 5253; x_wconf 85' lang='lat' dir='ltr'>attendens</span> <span class='ocrx_word' id='word_1_858' title='bbox 3370 5196 3476 5253; x_wconf 88' lang='lat' dir='ltr'>ait:</span> <span class='ocrx_word' id='word_1_859' title='bbox 3498 5199 3663 5265; x_wconf 48' lang='lat' dir='ltr'>Quos</span> 
     </span>
    </p>
   </div>
   <div class='ocr_carea' id='block_1_113' title="bbox 1992 5283 3643 5357">
    <p class='ocr_par' dir='ltr' id='par_1_113' title="bbox 1992 5283 3643 5357">
     <span class='ocr_line' id='line_1_113' title="bbox 1992 5283 3643 5357; baseline 0.002 -16"><span class='ocrx_word' id='word_1_860' title='bbox 1992 5286 2338 5357; x_wconf 88' lang='lat' dir='ltr'>tiescunque</span> <span class='ocrx_word' id='word_1_861' title='bbox 2368 5300 2472 5357; x_wconf 89' lang='lat' dir='ltr'>per</span> <span class='ocrx_word' id='word_1_862' title='bbox 2503 5286 2587 5341; x_wconf 90' lang='lat' dir='ltr'>tot</span> <span class='ocrx_word' id='word_1_863' title='bbox 2615 5301 2801 5341; x_wconf 89' lang='lat' dir='ltr'>annos</span> <span class='ocrx_word' id='word_1_864' title='bbox 2832 5283 2977 5341; x_wconf 90' lang='lat' dir='ltr'>hora</span> <span class='ocrx_word' id='word_1_865' title='bbox 3006 5301 3161 5341; x_wconf 89' lang='lat' dir='ltr'>nona</span> <span class='ocrx_word' id='word_1_866' title='bbox 3210 5285 3643 5344; x_wconf 87' lang='lat' dir='ltr'>manducabitis</span> 
     </span>
    </p>
   </div>
   <div class='ocr_carea' id='block_1_114' title="bbox 1991 5372 3662 5448">
    <p class='ocr_par' dir='ltr' id='par_1_114' title="bbox 1991 5372 3662 5448">
     <span class='ocr_line' id='line_1_114' title="bbox 1991 5372 3662 5448; baseline 0.002 -18"><span class='ocrx_word' id='word_1_867' title='bbox 1991 5390 2203 5448; x_wconf 89' lang='lat' dir='ltr'>panem</span> <span class='ocrx_word' id='word_1_868' title='bbox 2250 5372 2430 5443; x_wconf 89' lang='lat' dir='ltr'>hunc,</span> <span class='ocrx_word' id='word_1_869' title='bbox 2477 5379 2533 5431; x_wconf 92' lang='lat' dir='ltr'>et</span> <span class='ocrx_word' id='word_1_870' title='bbox 2580 5372 2819 5431; x_wconf 83' lang='lat' dir='ltr'>calicem</span> <span class='ocrx_word' id='word_1_871' title='bbox 2851 5374 3085 5447; x_wconf 90' lang='lat' dir='ltr'>bibetis,</span> <span class='ocrx_word' id='word_1_872' title='bbox 3119 5379 3371 5433; x_wconf 90' lang='lat' dir='ltr'>mortem</span> <span class='ocrx_word' id='word_1_873' title='bbox 3408 5376 3662 5448; x_wconf 41' lang='lat' dir='ltr'>Domini,</span> 
     </span>
    </p>
   </div>
   <div class='ocr_carea' id='block_1_115' title="bbox 1990 5454 3645 5539">
    <p class='ocr_par' dir='ltr' id='par_1_115' title="bbox 1990 5454 3645 5539">
     <span class='ocr_line' id='line_1_115' title="bbox 1990 5454 3645 5539; baseline 0.003 -18"><span class='ocrx_word' id='word_1_874' title='bbox 1990 5454 2447 5535; x_wconf 86' lang='lat' dir='ltr'>annuntiabitis;</span> <span class='ocrx_word' id='word_1_875' title='bbox 2482 5464 2584 5521; x_wconf 91' lang='lat' dir='ltr'>sed</span> <span class='ocrx_word' id='word_1_876' title='bbox 2614 5463 3050 5523; x_wconf 76' lang='lat' dir='ltr'>indifferenter:</span> <span class='ocrx_word' id='word_1_877' title='bbox 3086 5467 3556 5539; x_wconf 75' lang='lat' dir='ltr'>Quotiescunque;</span> <span class='ocrx_word' id='word_1_878' title='bbox 3585 5471 3645 5526; x_wconf 84' lang='lat' dir='ltr'>et</span> 
     </span>
    </p>
   </div>
   <div class='ocr_carea' id='block_1_116' title="bbox 1987 5554 2629 5635">
    <p class='ocr_par' dir='ltr' id='par_1_116' title="bbox 1987 5554 2629 5635">
     <span class='ocr_line' id='line_1_116' title="bbox 1987 5554 2629 5635; baseline -0.003 -22"><span class='ocrx_word' id='word_1_879' title='bbox 1987 5555 2167 5613; x_wconf 77' lang='lat' dir='ltr'>Donec</span> <span class='ocrx_word' id='word_1_880' title='bbox 2193 5554 2395 5635; x_wconf 75' lang='lat' dir='ltr'>veniat.</span> <span class='ocrx_word' id='word_1_881' title='bbox 2566 5626 2571 5631; x_wconf 18' lang='grc' dir='ltr'><strong>Α</strong></span> <span class='ocrx_word' id='word_1_882' title='bbox 2622 5624 2629 5635; x_wconf 30' lang='grc' dir='ltr'><strong>η</strong></span> 
     </span>
    </p>
   </div>
   <div class='ocr_carea' id='block_1_117' title="bbox 2060 5642 3642 5711">
    <p class='ocr_par' dir='ltr' id='par_1_117' title="bbox 2060 5642 3642 5711">
     <span class='ocr_line' id='line_1_117' title="bbox 2060 5642 3642 5711; baseline 0.004 -7"><span class='ocrx_word' id='word_1_883' title='bbox 2060 5643 2255 5705; x_wconf 86' lang='lat' dir='ltr'>XXIV.</span> <span class='ocrx_word' id='word_1_884' title='bbox 2281 5642 2398 5707; x_wconf 83' lang='lat' dir='ltr'>Nec</span> <span class='ocrx_word' id='word_1_885' title='bbox 2430 5644 2727 5709; x_wconf 88' lang='lat' dir='ltr'>nescimus</span> <span class='ocrx_word' id='word_1_886' title='bbox 2751 5650 2986 5709; x_wconf 83' lang='lat' dir='ltr'>sanctos</span> <span class='ocrx_word' id='word_1_887' title='bbox 3015 5647 3216 5710; x_wconf 88' lang='lat' dir='ltr'>Patres</span> <span class='ocrx_word' id='word_1_888' title='bbox 3238 5647 3354 5708; x_wconf 86' lang='lat' dir='ltr'>diei</span> <span class='ocrx_word' id='word_1_889' title='bbox 3382 5648 3642 5711; x_wconf 86' lang='lat' dir='ltr'>Domini-</span> 
     </span>
    </p>
   </div>
  </div>
