4004 6210
299 269 416 328 995

1301 266 1784 330 HUMBERTUS
1832 268 1898 326 S.
1943 267 2017 326 Β.
2064 267 2134 326 Ε.
2183 267 2673 327 CARDINALIS.

3584 271 3714 332 996

297 417 374 456 cae
396 404 451 455 et
471 399 898 471 praecipuarum
916 399 1355 456 solemnitatum
1370 401 1583 456 missas
1605 400 1747 455 hora
1768 399 1940 454 tertia
1967 397 2022 466 Α
2055 416 2230 454 uuam
2266 399 2618 455 oblationem
2651 399 2924 454 videmini
2956 399 3046 454 bis
3078 398 3301 456 offerre.
3335 399 3406 454 Et
3445 416 3552 456 cur
3580 417 3702 458 non

299 487 624 545 celebrasse
637 487 860 558 solitos,
871 493 1104 561 prepter
1120 489 1372 562 Spiritus
1396 490 1582 545 sancti
1598 489 1942 544 effusionem

297 579 441 634 hora
470 578 641 634 tertia
670 577 727 632 in
766 578 1110 649 discipulos,
1142 585 1196 634 et
1219 579 1326 634 hoc
1361 580 1675 634 mandasse
1716 579 1784 632 ad
1810 595 1942 650 pos-

295 673 451 724 teros
483 671 773 738 quatenus
804 667 904 723 illa
929 667 1102 723 unius
1133 669 1282 724 actio
1317 669 1509 724 missa:
1539 668 1806 740 geminor
1825 668 1943 738 pri-

295 756 499 828 vilegio
531 756 912 829 insigniretur
940 775 952 813 :
988 756 1412 812 resurrectione
1432 757 1698 812 videlicet
1728 756 1944 812 Christi

294 849 348 901 et
371 847 621 902 adventu
657 845 955 913 Paracleti,
993 851 1170 917 utque
1219 849 1455 918 propter
1492 845 1776 918 gaudium
1813 845 1943 901 festi

292 936 658 1007 temporibus
680 935 1080 990 relaxarentur
1109 935 1338 990 cunctis
1371 935 1534 990 frena
1555 934 1788 1006 jejunii.
1834 934 1942 990 Ve-

293 1029 626 1080 rumtamen
648 1023 763 1080 alia
781 1041 960 1079 causa
981 1028 1069 1079 est
1090 1023 1406 1079 Dominicze
1429 1023 1637 1090 diei,ac
1659 1023 1906 1079 solemni
1921 1054 1943 1064 -

292 1117 502 1180 tatum,
537 1112 1032 1184 aliajejuniorum
1062 1131 1073 1179 ;
1109 1113 1156 1168 si
1189 1129 1324 1184 ergo
1357 1113 1499 1168 hora
1538 1129 1691 1168 nona
1717 1119 1818 1167 aut
1849 1129 1944 1168 ve-

299 1203 556 1274 spertina
585 1202 792 1257 diebus
818 1202 1206 1272 jejuniorum,
1229 1202 1486 1274 perfecta
1514 1202 1708 1273 agitur
1737 1202 1941 1268 missa,

293 1290 454 1346 nulla
483 1289 683 1363 procul
716 1290 893 1344 dubio
928 1290 1060 1344 inde
1093 1289 1461 1345 contrahitur
1500 1307 1669 1360 noxa,
1718 1290 1857 1361 quia
1888 1294 1946 1345 et

293 1379 577 1434 Dominus
601 1379 657 1433 in
681 1395 844 1434 coena
866 1379 935 1433 ad
962 1395 1264 1449 vesperum
1287 1379 1539 1450 primam
1553 1383 1609 1433 et
1626 1379 1943 1450 perlectam

291 1467 858 1522 administrationem
887 1468 1031 1522 tanti
1052 1468 1407 1524 sacramenti
1430 1461 1738 1539 discipulis
1771 1466 1937 1522 insti—

293 1554 425 1622 tuit,
460 1559 517 1610 ct
547 1555 690 1610 hora
719 1572 874 1610 nona
896 1557 1171 1628 spiritum
1207 1557 1443 1613 tradens
1465 1556 1818 1613 sacriﬁcium
1849 1572 1944 1611 vc-

291 1644 618 1716 spertinum
651 1645 923 1716 expansis
953 1645 1229 1701 manibus
1260 1645 1317 1700 in
1343 1663 1530 1714 cruce,
1556 1649 1611 1700 et
1639 1645 1943 1716 prazmissa

290 1732 546 1787 oratione
577 1732 646 1787 ad
671 1732 898 1788 Patrem
925 1733 1378 1788 consummavit.
1399 1733 1713 1805 Propterea
1733 1749 1937 1803 quam-

287 1821 374 1876 vis
402 1821 544 1877 hcra
573 1821 743 1876 tertia
768 1827 823 1876 et
855 1838 1006 1876 nona
1025 1827 1259 1893 propter
1280 1822 1651 1894 supradictas
1683 1820 1935 1876 rationes

288 1910 406 1964 sint
435 1910 687 1982 aptiores
716 1909 1030 1964 missarum
1063 1908 1300 1976 actioni,
1333 1910 1798 1980 quotiescunque
1844 1913 1934 1964 ta-

288 2015 420 2054 men
444 1998 604 2054 horis
631 1997 924 2054 aliisﬁunt
947 1999 1328 2070 occupatione
1351 1997 1598 2064 itineris,
1627 2001 1728 2052 aut
1748 1997 1936 2068 gratia

287 2087 601 2159 cujuslibet
615 2087 951 2142 necessaria:
970 2087 1070 2153 rei,
1100 2087 1157 2141 in
1173 2087 1516 2143 memoriam
1538 2085 1932 2154 ﬁuntChristi;

288 2194 391 2231 nec
406 2176 654 2232 violatur
676 2177 810 2230 inde
828 2176 1129 2247 integritas
1145 2175 1378 2246 jejunii.
1405 2175 1565 2238 Quod
1588 2174 1790 2245 utique
1806 2174 1934 2229 bea-

285 2271 378 2322 tus
419 2265 852 2337 Thelesphorus
884 2281 1035 2336 papa
1074 2282 1106 2318 a
1138 2264 1302 2319 Petro
1334 2263 1621 2334 septimus
1653 2262 1930 2329 sentiens,

283 2356 458 2410 etiam
489 2358 654 2410 nocte
685 2353 1014 2409 Nativitatis
1039 2352 1266 2407 Domini
1294 2351 1506 2407 missas
1537 2350 1813 2407 celebrari
1843 2351 1933 2406 in-

285 2442 494 2511 stituit,
529 2459 634 2497 nec
663 2441 845 2496 ullam
879 2441 1295 2496 resolutionem
1322 2441 1534 2513 jejunii
1563 2444 1694 2496 ante
1725 2440 1930 2496 horam

283 2531 516 2587 tertiam
547 2535 603 2586 et
632 2530 903 2585 diurnam
928 2529 1170 2586 missam
1187 2530 1320 2584 inde
1337 2529 1482 2595 ﬁeri,
1505 2529 1657 2585 sicut
1679 2545 1779 2585 vos
1800 2545 1929 2601 per-

281 2639 444 2678 verse
469 2620 710 2694 putatis,
732 2619 948 2674 timuit.
985 2618 1162 2675 Dicite
1194 2623 1409 2683 autem,
1444 2619 1492 2674 si
1522 2619 1786 2691 potestis,
1828 2636 1932 2674 cur

282 2711 605 2767 Sabbatum
638 2714 693 2764 et
723 2711 937 2762 caetera:
987 2711 1148 2762 extra
1180 2707 1540 2763 Dominicam
1585 2707 1737 2762 feriaa
1786 2707 1930 2763 hora

281 2800 452 2856 tertia
482 2799 726 2854 missam
758 2797 1008 2852 debeant
1036 2796 1272 2867 habere,
1307 2813 1440 2852 cum
1471 2795 1529 2850 in
1561 2797 1644 2852 eis
1675 2796 1930 2869 Spiritus

283 2892 523 2946 sanctus
554 2904 669 2942 non
701 2885 932 2958 legatur
960 2884 1352 2942 descendisse.
1390 2885 1590 2956 Itaque
1615 2902 1744 2952 nos,
1777 2886 1930 2941 sicut

281 2995 466 3049 supra
487 2975 835 3041 ostenditur,
867 2974 1059 3030 divina
1082 2975 1426 3030 auctoritate
1445 2974 1697 3039 subnixi,
1713 2975 1928 3044 necje-

271 3067 445 3138 junia
466 3064 810 3121 resolvimus
829 3064 884 3117 in
901 3064 1285 3119 celebratione
1298 3064 1492 3118 missa
1516 3067 1929 3134 quotacunque

280 3157 425 3210 hora
455 3155 568 3209 diei
603 3154 703 3217 ﬁt;
735 3169 838 3207 nec
870 3153 924 3206 in
952 3152 1148 3223 aliquo
1182 3151 1420 3207 natalito
1443 3156 1789 3223 martyrum,
1822 3151 1922 3206 sed

279 3261 384 3300 nec
413 3244 472 3298 in
497 3242 953 3298 Annuntiatione
979 3241 1168 3297 Maria:
1189 3241 1455 3312 virginis.
1483 3241 1549 3294 Et
1570 3239 1698 3295 ideo
1724 3239 1924 3294 nullus

283 3331 630 3390 universalis
664 3330 868 3402 synodi
894 3328 1266 3400 percellimur
1295 3329 1686 3384 anathemate.
1720 3327 1920 3382 Caeteri

279 3427 470 3477 autem
505 3419 772 3493 quamvis
805 3423 1143 3474 sanctorum
1177 3421 1418 3472 Patrum
1449 3422 1790 3482 conventus,
1813 3416 1926 3471 etsi

279 3515 594 3584 potuerunt
623 3509 693 3564 de
724 3507 975 3562 utilitate
993 3513 1048 3561 et
1070 3505 1505 3561 conversatione
1538 3504 1923 3560 Ecclesiaium

277 3617 516 3655 suarum
541 3602 810 3666 tractare,
831 3595 1025 3650 nullas
1036 3598 1228 3650 tamen
1253 3593 1598 3649 traditiones
1612 3593 1924 3647 universali

275 3688 541 3743 Ecclesize
575 3687 890 3759 praefigere.
923 3683 1002 3738 De
1032 3700 1184 3754 papa
1213 3699 1445 3754 quoque
1471 3681 1770 3754 Agathone
1801 3701 1922 3736 oui-

275 3778 414 3832 nino
462 3776 687 3832 scimus
736 3774 876 3844 quia
904 3788 1011 3827 nec
1052 3779 1223 3827 sextae
1255 3772 1477 3843 synodo
1511 3787 1613 3842 per
1663 3774 1924 3842 seipsum

276 3865 565 3937 praesedit,
607 3879 711 3918 nec
755 3860 1052 3932 aliquibus
1082 3859 1353 3932 capitulis
1383 3860 1512 3930 ejus
1553 3859 1922 3931 subscripsit,

275 3954 387 4009 nisi
409 3971 535 4026 quae
559 3950 932 4024 promulgata
953 3949 1191 4004 fuerunt
1217 3949 1494 4004 adversus
1516 3948 1925 4004 Monothelita-

274 4060 400 4098 rum
431 4041 718 4098 haresim.
753 4039 867 4093 Vos
894 4039 1086 4094 videte
1111 4039 1266 4093 unde
1287 4037 1408 4093 haec
1441 4055 1568 4110 quas
1599 4038 1924 4110 proponitis

273 4130 705 4201 habeatis,quia
730 4128 985 4183 Ecclesia
1009 4128 1278 4183 Romana
1299 4127 1440 4182 talia
1462 4127 1745 4182 hactenus
1771 4128 1927 4199 igno-

272 4221 437 4276 ravit.
468 4221 583 4275 Nec
604 4217 759 4273 credi
791 4221 980 4290 potest
1010 4221 1144 4288 post
1177 4220 1263 4271 tot
1293 4233 1479 4272 annos
1525 4216 1924 4272 Romanorum

269 4310 605 4382 pontiﬁcem
633 4307 842 4363 Graecis
867 4305 1272 4378 promulgasse
1286 4305 1516 4377 aliquas
1541 4306 1611 4361 de
1630 4305 1924 4360 missaob-

271 4397 649 4455 servationes.
684 4395 902 4454 Deinde
927 4396 1109 4450 ritum
1133 4399 1336 4450 vestrae
1359 4395 1580 4450 discere
1612 4412 1725 4448 non
1758 4411 1924 4448 cura-

2054 488 2384 544 attcndistis
2427 488 2484 543 in
2526 487 2773 561 epistola
2792 505 2952 561 papa:
2974 486 3309 554 Clementis,
3328 489 3500 561 cujus
3524 491 3710 546 tradi-

2053 577 2264 637 tiones.
2297 582 2361 631 ut
2391 576 2629 648 putatis,
2667 582 2867 634 contra
2903 594 3010 632 nos
3044 575 3378 644 defenditis,
3432 579 3592 649 quod
3625 578 3708 636 ibi

2052 666 2459 739 promulgasse
2489 667 2776 739 putatur?
2809 666 2991 731 Certe,
3025 667 3236 738 inquit,
3268 670 3432 722 tanta
3462 666 3524 722 in
3555 668 3704 725 alta-

2053 754 2137 810 rio
2171 754 2512 811 holocausta
2532 756 2798 823 oﬁ‘erant,
2823 761 3043 828 quanta
3064 755 3278 828 populo
3301 755 3576 813 sufﬁcere
3606 757 3706 814 de-

2052 845 2417 910 beant.Quod
2436 845 2482 901 si
2509 845 2916 912 remanserint,
2942 845 3000 901 in
3028 846 3351 901 crastinum
3373 863 3491 903 non
3513 863 3704 904 reser-

2052 939 2278 1002 ventur,
2311 934 2412 990 sed
2443 950 2576 990 cum
2599 934 2807 990 timore
2837 939 2893 990 et
2912 937 3162 990 tremore
3183 935 3530 992 clericorum
3562 953 3702 993 cau-

2053 1020 2169 1076 tela
2197 1027 2253 1077 et
2274 1021 3028 1095 diligentiaconsumantur.
3052 1045 3080 1073 ››
3099 1024 3185 1078 Ad
3207 1023 3328 1079 haac
3358 1025 3516 1096 quod
3547 1041 3706 1082 asse-

2054 1108 2155 1176 ris,
2177 1126 2280 1165 vos
2301 1110 2371 1165 ab
2395 1110 2523 1184 ipsa
2551 1117 2757 1168 sancta
2776 1111 3188 1167 communione
3210 1113 3410 1168 statim
3441 1115 3514 1170 ad
3549 1131 3706 1172 com-

2054 1215 2261 1254 munes
2279 1199 2441 1255 cibos
2457 1200 2726 1268 transire,
2752 1217 2868 1256 non
2886 1201 2969 1256 sic
2981 1200 3237 1257 sensisse
3259 1201 3417 1258 idem
3433 1202 3704 1260 Clemens

2054 1286 2350 1342 invenitur
2370 1289 2428 1342 in
2451 1287 2968 1361 praefataepistola,
2993 1289 3089 1344 ubi
3125 1289 3194 1345 de
3224 1289 3318 1345 his
3341 1291 3439 1362 qui
3465 1292 3698 1349 residua

2054 1376 2324 1431 sacriﬁcii
2359 1379 2834 1450 consumpserint
2863 1379 3113 1450 subjecit
3140 1398 3152 1435 :
3180 1402 3200 1429 α
3227 1380 3335 1445 Qui
3365 1386 3582 1452 autem,
3615 1382 3705 1438 in-

2053 1467 2202 1536 quit,
2228 1467 2462 1523 residua
2482 1467 2978 1540 corporisDomini
2997 1485 3124 1540 quae
3142 1469 3201 1524 in
3226 1471 3474 1526 sacrario
3494 1469 3700 1527 relicta

2054 1561 2195 1611 sunt
2237 1563 2613 1626 consumunt,
2665 1575 2780 1614 non
2828 1558 3026 1615 statim
3068 1559 3141 1616 ad
3173 1574 3508 1616 communes
3536 1560 3691 1616 acci-

2052 1645 2333 1716 piendum
2367 1645 2525 1702 cibos
2557 1647 2921 1715 conveniant,
2941 1663 3014 1704 ne
3026 1652 3230 1720 putent
3246 1651 3457 1704 sanctis
3485 1647 3699 1720 portio-

2052 1733 2110 1788 ni
2133 1751 2261 1789 esse
2279 1735 2742 1791 commiscendos
2765 1736 2926 1791 cibos
2947 1736 3046 1808 qui
3069 1753 3174 1809 per
3192 1735 3516 1809 aqualiculi
3533 1753 3697 1809 eges-

2046 1826 2142 1878 tus
2158 1823 2218 1878 in
2233 1839 2530 1879 secessum
2546 1825 2894 1880 funduntur.
2921 1825 2979 1878 Si
2996 1824 3177 1897 igitur
3197 1842 3369 1882 mane
3393 1824 3701 1883 Dominica

2045 1913 2231 1986 portio
2265 1915 2321 1968 in
2356 1915 2610 1970 sacrario
2633 1915 2860 1982 edatur,
2879 1930 3064 1984 usque
3089 1914 3148 1968 in
3178 1919 3404 1970 sextam
3419 1916 3703 1986 jejunent

2045 2003 2303 2058 ministri
2335 2003 2437 2075 qui
2469 2004 2588 2060 haec
2637 2002 3129 2075 consumpserint.
3176 2004 3245 2057 Et
3273 2003 3323 2057 si
3357 2003 3534 2059 tertia
3588 2006 3699 2059 aut

2044 2095 2542 2166 quarta,jejunent
2561 2109 2746 2164 usque
2769 2093 2826 2146 in
2848 2107 3173 2163 vesperum.
3194 2113 3222 2140 »
3240 2091 3304 2147 In
3318 2091 3534 2163 quibus
3551 2108 3705 2148 sane

2045 2181 2234 2237 verbis
2260 2182 2443 2254 liquet
2475 2182 2626 2253 quod
2658 2197 2772 2235 non
2797 2177 2987 2234 solum
3010 2178 3156 2234 hora
3174 2178 3365 2246 tertia,
3389 2180 3492 2236 sed
3514 2179 3697 2236 etiam

2044 2287 2215 2326 mane
2247 2271 2390 2326 hora
2411 2273 2618 2340 quarta
2646 2267 2860 2323 missas
2886 2267 3011 2321 ﬁeri
3042 2267 3482 2339 licet,quodque
3499 2282 3571 2323 ex
3602 2284 3697 2324 sa-

2041 2359 2256 2414 criﬁcio
2263 2357 2556 2430 jejunium
2570 2373 2683 2412 non
2699 2355 3117 2424 solvitur,dum
3131 2355 3248 2411 illic
3267 2355 3503 2426 dicitur,
3513 2360 3576 2412 ut
3589 2357 3692 2428 qui

2040 2447 2513 2517 consumpserint
2533 2462 2720 2516 usque
2746 2445 2818 2500 ad
2839 2447 3057 2499 sextam
3080 2442 3168 2498 vel
3196 2459 3507 2516 vesperum
3524 2461 3536 2500 :
3551 2444 3691 2502 alio-

2039 2537 2138 2609 qui
2159 2535 2449 2608 quomodo
2472 2534 2842 2606 jejunabant,
2877 2532 2927 2588 si
2957 2549 3027 2588 ex
3063 2532 3350 2589 sacriﬁcio
3393 2533 3691 2606 jejunium

2038 2624 2363 2682 solverunt?
2388 2623 2606 2679 Deinde
2634 2621 3051 2678 abstinentiam
3074 2620 3569 2694 paucissimorum
3590 2639 3691 2680 no-

2036 2715 2129 2770 bis
2161 2713 2568 2786 praadicantes,
2598 2710 2802 2767 tacetis
2839 2709 3158 2782 ingluviem
3204 2709 3549 2778 multorum,
3581 2710 3686 2783 qui

2038 2808 2140 2858 aut
2171 2819 2378 2875 parum
2401 2806 2503 2858 aut
2525 2799 2669 2854 nihil
2689 2797 3222 2872 Quadragesimalis
3235 2799 3448 2869 jejunii
3469 2799 3584 2856 Deo
3604 2799 3688 2856 of-

2040 2894 2252 2957 ferunt,
2285 2893 2425 2947 dum
2459 2908 2491 2946 a
2521 2889 2708 2962 primo
2733 2904 2903 2944 mane
2933 2903 3120 2959 usque
3141 2903 3447 2960 vesperum
3478 2905 3688 2962 crapu-

2036 2981 2145 3036 lari
2176 2999 2290 3036 non
2326 2983 2598 3034 metuunt
2626 2994 2730 3033 nec
2759 2977 3132 3033 erubescunt.
3167 2975 3363 3048 Aliqui
3396 2976 3575 3034 etiam
3611 2977 3687 3034 ad

2041 3070 2355 3126 Ecclesiam
2389 3068 2688 3140 legumina
2712 3071 2768 3122 et
2789 3064 2905 3122 alia
2925 3065 3502 3124 obsoniadcferentes
3532 3066 3681 3123 inibi

1955 3134 1998 3200 α
2038 3159 2370 3225 comedunt,
2404 3134 2507 3212 nec
2539 3155 2782 3210 Paulum
2814 3155 3123 3210 attendunt
3143 3154 3432 3211 dicentem
3467 3173 3479 3210 :
3515 3179 3543 3206 «
3577 3156 3688 3220 Qui

2035 3249 2238 3312 esurit,
2275 3247 2432 3301 domi
2459 3243 2834 3314 manducet(l
2852 3243 2972 3299 Cor.
3004 3261 3083 3312 χι,
3115 3243 3230 3315 34);
3263 3266 3291 3293 ››
3324 3249 3382 3300 et
3415 3262 3428 3299 :
3463 3268 3491 3295 ‹‹
3523 3245 3686 3301 Nun-

2036 3337 2176 3409 quid
2208 3337 2414 3390 domos
2449 3350 2560 3388 non
2591 3333 2821 3388 habetis
2853 3334 2925 3388 ad
2975 3334 3457 3389 manducandum
3497 3338 3555 3390 et
3587 3335 3680 3390 bi-

2035 3425 2292 3482 bendum
2315 3424 2341 3477 ἱ)
2383 3428 2484 3478 aut
2522 3421 2834 3478 Ecclesiam
2878 3421 2979 3477 Dei
3012 3421 3405 3490 contemnitis,
3437 3427 3495 3478 et
3539 3440 3678 3478 con-

2037 3513 2282 3569 funditis
2295 3530 2392 3568 eos
2406 3512 2506 3584 qui
2524 3529 2639 3567 non
2657 3510 2874 3567 habent
2890 3511 2917 3566 ‘2
2934 3533 2961 3562 »
2992 3511 3146 3582 (Ibid.
3174 3512 3288 3582 22.)
3304 3516 3376 3567 At
3393 3529 3499 3568 nos
3521 3513 3679 3576 Qua-

2037 3601 2428 3673 dragesimam
2461 3600 2640 3656 unius
2672 3599 3032 3672 septimanaa,
3056 3615 3232 3672 quam
3261 3600 3458 3658 dicitis
3488 3601 3678 3658 sancti

2037 3688 2698 3757 'l‘licodorimescientes,
2724 3689 2908 3744 solam
2922 3689 3682 3760 QuadragesimamDomini

2036 3780 2218 3835 nostri
2239 3780 2270 3835 J
2277 3795 2379 3834 esu
2394 3777 2604 3834 Christi
2622 3776 3010 3849 quadraginta
3029 3777 3237 3834 diebus
3250 3778 3561 3851 diligenter
3575 3780 3684 3836 ob-

2036 3883 2265 3924 servare
2283 3866 2712 3935 contendimus,
2735 3882 2910 3937 quam
2936 3869 3000 3920 ut
3015 3864 3251 3938 aliquis,
3275 3867 3686 3940 exceptagravi

2037 3955 2398 4024 inﬁrmitate,
2436 3956 2494 4010 in
2527 3953 2724 4026 aliquo
2764 3953 3046 4027 infringat
3074 3956 3316 4011 sufferre
3348 3957 3682 4028 nequimus.

2038 4046 2153 4101 Nec
2184 4045 2320 4101 licet
2349 4045 2623 4116 cuiquam
2655 4043 2810 4115 apud
2853 4060 2978 4114 nos,
3013 4043 3166 4099 sicut
3205 4045 3362 4117 apud
3399 4063 3520 4114 vos,
3554 4049 3687 4118 post

2038 4152 2216 4192 unam
2251 4134 2624 4190 refectionem
2647 4132 2968 4204 quidquam
2999 4149 3308 4205 pomorum
3337 4139 3440 4190 aut
3472 4135 3684 4191 herba-

2036 4241 2166 4279 rum
2195 4223 2401 4278 diebus
2423 4220 2787 4292 jejuniorum
2819 4221 3132 4294 percipere.

2108 4312 2271 4368 XXV.
2323 4312 2468 4367 Hinc
2517 4310 2944 4383 perpendentes
2976 4329 3010 4366 a
3037 4315 3093 4366 te
3121 4315 3242 4367 tam
3292 4328 3562 4385 perverse
3591 4314 3687 4370 de-

2038 4401 2196 4458 fendi
2242 4400 2530 4457 adulteria
2575 4400 2771 4472 potius
2800 4417 2977 4472 quam
3010 4401 3245 4474 nuptias
3287 4403 3682 4472 sacerdotum,

271 4505 428 4555 mus,
462 4487 600 4560 quia
631 4487 941 4542 minimam
975 4483 1262 4540 cautelam
1293 4489 1349 4540 et
1387 4485 1702 4538 maximam
1737 4483 1924 4557 negli-
1955 4501 2001 4567 D
2036 4491 2391 4547 arbitramur
2419 4489 2492 4545 ab
2525 4489 2728 4545 inferis
2771 4489 3079 4546 emersisse
3129 4491 3454 4564 principem
3501 4492 3684 4564 hujus

268 4578 530 4652 gentiam
561 4578 612 4633 ei
645 4578 836 4634 inesse
867 4574 1301 4647 cognoscimus,
1332 4573 1473 4628 dum
1507 4578 1776 4629 sanctum
1823 4591 1923 4646 pa-

270 4687 404 4725 nem
436 4669 773 4741 frangentes
803 4671 858 4721 et
891 4667 1212 4728 sumentes,
1246 4661 1382 4718 hinc
1427 4662 1560 4717 inde
1591 4661 1921 4719 decidentes

270 4759 452 4815 micas
486 4775 602 4814 non
653 4755 892 4811 curatis.
937 4752 1101 4816 Qnod
1151 4751 1327 4807 etiam
1369 4751 1516 4807 solet
1563 4751 1920 4824 contingere,

266 4847 410 4902 dum
442 4845 673 4918 patinas
696 4847 929 4898 sanctas
977 4839 1130 4895 foliis
1157 4838 1485 4910 palmarum
1525 4844 1580 4894 et
1609 4856 1919 4911 porcorum

267 4935 408 4993 setis
439 4934 659 4990 fricatis
692 4931 1017 4986 inhoneste.
1046 4927 1210 4983 Multi
1245 4944 1478 4999 quoque
1508 4933 1766 4984 vestrum
1797 4933 1919 4984 tam

266 5026 649 5081 irreverenter
696 5037 907 5092 corpus
964 5017 1175 5073 Christi
1218 5022 1531 5088 reponunt,
1588 5022 1652 5072 ut
1682 5018 1920 5089 pyxides

268 5116 404 5171 inde
422 5111 811 5179 cumulent,et
832 5125 903 5165 ne
917 5109 1148 5165 decidat
1173 5112 1273 5164 aut
1289 5107 1817 5179 superﬂuat,manu
1842 5107 1924 5162 in-

266 5205 521 5262 culcant.
585 5200 885 5273 Reliquias
934 5215 1168 5272 quoque
1212 5196 1543 5264 oblationis,
1575 5195 1734 5252 velut
1763 5213 1921 5252 com-

267 5311 478 5351 munes
510 5308 710 5366 panes,
738 5303 1166 5361 nonnunquam
1191 5301 1381 5359 usque
1402 5285 1474 5342 ad
1502 5285 1803 5342 fastidium
1821 5303 1920 5342 su-

264 5386 455 5440 munt.
490 5383 559 5437 Et
589 5381 637 5438 si
671 5395 904 5437 sumere
935 5396 1050 5435 non
1074 5375 1397 5444 sufﬁciunt,
1431 5375 1791 5443 subterrant,
1822 5380 1924 5432 aut

264 5473 324 5528 in
357 5475 599 5543 puteum
615 5470 950 5542 projiciunt.
971 5469 1028 5526 Si
1051 5470 1269 5537 autem,
1293 5470 1359 5522 ut
1379 5464 1548 5533 dicis,
1574 5481 1782 5539 panem
1795 5467 1921 5538 jam

265 5559 492 5634 pridem
515 5558 779 5615 oblatum
802 5563 860 5615 et
880 5557 1313 5617 sanctiﬁcatum
1336 5553 1604 5626 exaltatis
1627 5554 1807 5621 altera
1827 5555 1922 5619 die

2035 4579 2273 4635 haeresis
2298 4578 2618 4634 nefandum
2639 4578 2956 4634 diaconum
2976 4577 3302 4636 Nicolaum.
3322 4580 3402 4636 De
3414 4597 3529 4652 quo
3549 4581 3686 4654 Epi-

2033 4668 2288 4742 phanius
2319 4672 2513 4724 vester
2543 4667 2626 4723 sic
2647 4666 2889 4739 scripsit
2916 4685 2928 4722 :
2965 4691 2992 4718 «
3027 4669 3244 4734 Quarta
3263 4667 3682 4725 Nicolaitarum

2033 4775 2065 4813 a
2099 4757 2334 4814 Nicolao
2364 4757 2603 4814 hzeresis
2637 4760 2728 4812 est
2760 4757 3218 4825 adinventa,uno
3235 4773 3303 4813 ex
3318 4761 3537 4829 septem
3559 4757 3680 4812 dia-

2029 4847 2273 4903 conibus
2296 4847 2367 4901 ab
2390 4844 2669 4917 apostolis
2692 4845 2978 4901 ordinato.
2996 4847 3111 4902 Iste
3124 4863 3256 4902 cum
3276 4845 3393 4902 zelo
3411 4843 3677 4917 pulcher-

2031 4935 2189 4989 rima:
2213 4934 2482 5008 conjugis
2501 4933 2856 5005 culparetur,
2882 4935 3086 4991 docere
3099 4932 3681 5008 cmpitindiﬂ'erenter

2033 5024 2115 5079 uti
2150 5023 2521 5096 conjugibus,
2553 5039 2667 5078 non
2691 5021 2884 5079 solum
2907 5023 3104 5091 laicos,
3137 5025 3237 5080 sed
3259 5023 3435 5079 etiam
3458 5022 3560 5095 qui
3583 5039 3681 5078 sa-

2031 5112 2266 5168 cerdotii
2297 5113 2681 5184 fungerentur
2710 5112 2921 5169 ofﬁcio.
2955 5112 3070 5168 Hos
3111 5113 3411 5168 damnavit
3438 5116 3682 5168 sanctus

2030 5199 2386 5271 evangelista
2414 5203 2470 5254 et
2513 5198 2812 5270 apostolus
2840 5200 3116 5266 Joannes,
3147 5205 3205 5255 et
3239 5199 3423 5272 jussit
3452 5204 3518 5255 ut
3548 5200 3682 5273 qui-

2031 5307 2262 5361 cunque
2283 5305 2418 5345 cum
2440 5288 2524 5343 eis
2536 5287 2622 5343 vel
2639 5304 2968 5346 sermonem
2983 5288 3258 5362 colloquii
3278 5289 3682 5359 miscuissent,

2030 5394 2099 5434 ex
2118 5377 2226 5434 hoc
2246 5377 2374 5449 ipso
2398 5377 2810 5435 communione
2831 5377 3164 5452 privandos.
3188 5378 3415 5436 Docens
3431 5381 3685 5438 rationa-

2032 5465 2226 5523 biliter
2261 5483 2295 5521 a
2325 5465 2530 5523 mundi
2559 5466 2785 5540 origine
2816 5468 2932 5524 Deo
2976 5467 3309 5524 castitatem
3358 5468 3684 5541 plurimum

2031 5554 2346 5632 placuisse.
2406 5555 2571 5614 Tunc
2613 5555 2790 5621 etiam
2849 5558 2908 5620 in
2967 5556 3160 5633 seipso
3217 5555 3518 5621 Christum
3579 5559 3684 5621 Dei
