4004 6210
242 315 369 377 997-

1610 308 1922 373 CONTRA
1964 305 2310 374 NICETAM
2323 357 2338 372 .

3536 316 3654 380 998

313 439 1886 515 Filiumcastitatisgloriamdedicasse,cum,virginem
1917 445 1968 509 Α
2001 443 2292 514 apostolos
2350 442 2602 514 legimus
2650 442 2859 515 egisse,
2920 444 3085 499 beato
3143 444 3321 501 Paulo
3365 447 3595 502 dicente
3633 463 3647 501 :

229 533 555 608 possidens
587 534 832 586 matrem
865 529 1025 601 virgo
1049 531 1620 595 mansurus,nullum
1643 532 1899 602 discipu-

243 623 437 679 lornm
468 635 708 677 suorum
731 617 1330 674 commistioneetiam
1357 619 1618 690 legitima
1639 619 1896 690 conjugii

245 711 328 766 uti
360 707 647 782 permisit,
680 707 879 762 dicens
914 723 926 761 :
953 727 981 754 «
1006 705 1067 760 Si
1091 706 1224 777 quis
1253 706 1378 760 vult
1407 711 1538 778 post
1558 722 1650 761 me
1678 712 1895 774 venire,

240 801 492 869 abneget
521 796 906 866 semetipsum
939 816 966 844 ››
1001 793 1135 861 sibi,
1159 816 1186 844 «
1204 798 1262 850 et
1287 794 1452 850 tollat
1471 810 1702 850 crucem
1726 811 1896 850 suam

240 892 299 942 et
327 889 611 958 sequatur
641 900 734 939 me
777 884 985 954 (Matth.
1017 900 1133 950 xvx,
1177 884 1290 955 25).
1324 905 1351 933 »
1387 883 1548 939 Unde
1595 883 1748 940 idem
1782 889 1897 938 Do-

242 976 441 1030 minus
488 974 662 1030 Jesus
714 973 772 1027 in
819 971 1167 1043 Apocalypsi
1221 970 1565 1042 praacipiens
1635 971 1896 1044 apostolo

241 1062 454 1119 Joanni
492 1062 747 1118 scribere
777 1059 984 1132 angelo
1024 1059 1258 1131 Ephesi,
1302 1058 1454 1114 inter
1491 1058 1604 1114 alia
1653 1059 1848 1130 inquit
1880 1077 1892 1113 :

247 1173 275 1202 ‹‹
309 1152 426 1206 Hoc
456 1151 658 1215 habes,
683 1149 822 1220 quia
841 1148 1016 1204 odisti
1049 1149 1201 1204 facta
1219 1146 1659 1214 Nicolaitarum,
1685 1164 1810 1218 quas
1842 1151 1899 1202 et

247 1263 277 1290 «
317 1257 422 1311 ego
455 1240 548 1296 odi
581 1239 763 1311 (Apoc.
795 1255 857 1304 II,
888 1237 964 1308 6).
1005 1258 1032 1285 »
1065 1237 1210 1292 Hinc
1237 1237 1414 1291 etiam
1441 1235 1645 1308 angelo
1678 1240 1898 1308 Perga-

248 1328 492 1384 midicit
525 1345 537 1382 :
572 1350 599 1376 «
634 1327 827 1382 Habeo
859 1327 1169 1381 adversum
1201 1328 1256 1379 te
1288 1341 1491 1396 pauca,
1533 1324 1670 1395 quia
1697 1323 1896 1393 :habes

252 1440 282 1469 ‹‹
320 1417 459 1472 illuc
481 1420 743 1472 tenentes
765 1414 1088 1470 doctrinam
1111 1411 1371 1480 Baalam,
1395 1414 1494 1484 qui
1524 1413 1771 1468 docebat
1794 1413 1898 1467 Ba-

253 1530 278 1557 ι
320 1506 444 1563 alae
475 1505 704 1560 mittere
726 1501 1070 1559 scandalum
1099 1518 1294 1557 coram
1326 1501 1464 1556 ﬁliis
1497 1500 1694 1568 Israel,
1727 1501 1896 1556 edere

247 1619 275 1645 ‹‹
318 1601 376 1651 et
402 1592 675 1650 fornicari
709 1609 721 1648 :
755 1593 836 1647 ita
865 1590 1045 1647 habes
1075 1596 1131 1646 et
1145 1595 1210 1645 tu
1250 1594 1513 1646 tenentes
1564 1589 1894 1645 doctrinam

252 1708 280 1735 ‹‹
320 1682 734 1739 Nicolaitarum
767 1680 945 1752 (Ibid.,
981 1681 1067 1745 14,
1104 1679 1214 1749 45).
1247 1702 1274 1727 ››

321 1772 512 1828 XXVI.
558 1769 914 1871 Suﬁ'ecera‘nt
949 1769 1186 1840 quidem
1220 1767 1360 1835 haec,
1395 1785 1426 1823 o
1457 1767 1890 1871 NicolaitaHNi-
1924 1807 1971 1871 Β

247 1867 376 1917 ceta
405 1860 476 1916 ad
509 1858 965 1914 convincendum
979 1872 1256 1924 errorem,
1281 1872 1386 1911 seu
1407 1857 1546 1927 quia
1567 1855 1895 1912 canonibus

249 1952 362 2004 sub
392 1949 629 2003 nomine
650 1944 1045 2018 apostolorum
1076 1943 1246 1999 editis
1269 1960 1376 1999 nos
1399 1960 1604 2016 urgere
1632 1944 1849 1999 videris
1877 1961 1888 1999 :

246 2053 532 2108 exponere
562 2036 667 2091 tibi
698 2041 800 2090 tua
829 2033 1086 2106 capitula
1105 2033 1490 2099 decrevimus,
1524 2033 1793 2104 quamvis
1825 2050 1893 2088 ea

249 2111 404 2182 inter
433 2124 764 2198 apocrypha
786 2140 972 2196 usque
1001 2140 1157 2178 nunc
1183 2138 1396 2194 magna
1425 2138 1493 2177 ex
1523 2127 1682 2195 parte
1732 2139 1890 2178 com-

249 2216 675 2288 putaverimus,
706 2218 769 2268 ut
791 2218 985 2284 aperte
1006 2216 1391 2284 cognoscatur
1412 2227 1515 2266 nec
1546 2211 1894 2283 apocryphis

249 2323 357 2362 nec
378 2304 730 2360 authenticis
751 2319 851 2358 vos
865 2306 1088 2358 vestras
1107 2301 1354 2373 ineptias
1375 2317 1545 2373 posse
1562 2301 1891 2356 defendere.

246 2398 394 2450 Ante
424 2393 622 2448 omnia
645 2395 843 2446 autem
865 2389 1315 2462 comprobamus
1343 2395 1399 2445 te
1427 2405 1554 2445 esse
1585 2390 1892 2444 mentitum

249 2485 362 2556 ipsi
392 2481 641 2550 veritati,
674 2481 732 2534 in
765 2497 830 2536 eo
857 2480 1011 2551 quod
1047 2479 1246 2534 dixisti
1276 2483 1508 2534 nostros
1540 2479 1702 2550 prius
1735 2478 1893 2534 ordi-

248 2572 398 2639 nari,
431 2571 640 2626 deinde
673 2585 882 2624 uxores
922 2567 1139 2623 sortiri.
1172 2568 1318 2631 Quia
1357 2568 1511 2639 apud
1544 2584 1650 2623 nos
1681 2583 1788 2622 nec
1818 2567 1889 2622 ad

245 2661 706 2716 subdiaconatus
736 2657 984 2729 gradum
1033 2655 1346 2728 quisquam
1393 2656 1745 2721 admittitur,
1779 2655 1890 2710 nisi

246 2752 586 2821 perpetuam
636 2744 1058 2802 continentiam
1089 2743 1267 2799 etiam
1315 2761 1349 2798 a
1377 2743 1613 2815 propria
1643 2745 1892 2814 conjuge

242 2839 605 2923 proﬁteatur.
640 2834 754 2889 Nec
779 2833 1187 2923 postgradum‘
1211 2832 1490 2923 cuiquam
1517 2847 1763 2923 uxorem
1787 2833 1890 2886 du-

241 2920 371 2981 cere
396 2940 657 2996 unquam
690 2921 1047 2976 conceditur.
1081 2920 1191 2976 Sed
1221 2924 1283 2975 tu
1315 2920 1632 2976 Ecclesiam
1663 2920 1762 2975 Dei
1793 2937 1890 2976 vo-

242 3003 373 3069 lens
401 3013 630 3068 efﬁcere
661 3026 1017 3083 synagogam
1041 3010 1262 3064 Satanae
1288 3015 1346 3064 et
1365 3008 1758 3081 prostibulum
1782 3011 1887 3065 Ba-

241 3102 402 3157 laam
442 3106 497 3156 et
523 3099 778 3168 Jezabel,
811 3116 946 3155 cum
979 3097 1212 3154 Nicolao
1245 3097 1390 3153 dicis
1425 3114 1437 3152 :
1476 3119 1502 3148 «
1532 3098 1888 3170 Episcopum

243 3194 304 3266 et
334 3190 738 3262 presbyterum
757 3194 813 3244 et
833 3190 1145 3244 diaconum
1169 3186 1441 3254 dicimus,
1472 3187 1569 3258 qui
1589 3203 1766 3244 unam
1790 3187 1893 3242 ha-

246 3280 346 3334 bet
377 3294 639 3349 uxorem,
663 3277 939 3342 ordinari,
959 3276 1229 3348 quamvis
1249 3275 1443 3332 vivant
1467 3292 1669 3331 eorum
1692 3277 1896 3346 conju-

246 3385 371 3440 ges,
391 3367 659 3440 quamvis
677 3367 981 3422 defunctae.
1011 3367 1125 3421 Nec
1144 3364 1388 3435 licetleos
1411 3369 1541 3436 post
1557 3381 1768 3420 manus
1786 3365 1896 3420 im-

246 3455 599 3527 positionem
647 3455 926 3524 innuptos
962 3470 1111 3520 esse,
1145 3469 1251 3508 nec
1281 3453 1522 3524 insuper
1551 3453 1621 3508 ad
1653 3453 1892 3524 nuptias

240 3546 349 3614 ire,
382 3549 504 3611 aut,
530 3544 578 3597 si
601 3543 929 3611 nupserint,
955 3542 1164 3595 alteras
1185 3539 1477 3611 amplecti,
1501 3542 1600 3594 sed
1624 3542 1893 3596 sufficere

239 3632 326 3686 eis
357 3646 505 3700 quas
538 3630 756 3684 habent
786 3644 919 3682 cum
953 3630 1024 3682 ad
1058 3627 1485 3682 ordinationem
1517 3635 1823 3683 venerunt.
1861 3652 1888 3679 »

240 3718 288 3772 Ο
319 3714 734 3770 abominabilis
764 3714 1298 3785 Cynice,quomodo
1321 3731 1436 3769 non
1458 3716 1744 3768 erubuisti
1766 3721 1895 3771 tan-

237 3811 366 3861 tum
402 3804 566 3860 nefas
593 3803 904 3858 evomere?
954 3804 1100 3874 Ergo
1131 3819 1246 3857 non
1297 3802 1430 3856 licet
1459 3802 1716 3873 aliquem
1763 3809 1895 3876 post

240 3910 454 3953 manus
495 3890 929 3963 impositionem
971 3891 1100 3946 sine
1147 3906 1323 3945 uxore
1353 3890 1528 3946 esse?
1575 3891 1635 3946 Si
1667 3891 1748 3947 ita
1777 3896 1886 3964 est,

237 3993 363 4064 ipse
401 3990 658 4045 Joannes
699 3987 1004 4060 apostolus
1033 3991 1090 4043 et
1120 3986 1339 4043 Paulus
1383 3992 1439 4043 et
1488 3988 1782 4044 Barnabas
1832 3993 1890 4045 et

238 4079 431 4137 omnis
461 4077 764 4135 continens
784 4076 843 4131 in
875 4077 1060 4149 gradu
1091 4075 1486 4133 ecclesiastico
1508 4077 1566 4131 in
1598 4077 1770 4149 culpa
1799 4083 1891 4134 est

241 4166 440 4241 procul
462 4164 660 4221 dubio.
689 4164 852 4220 Unde
873 4181 1110 4221 necesse
1128 4166 1292 4220 estut
1305 4164 1536 4219 futurus
1553 4165 1886 4237 episcopus,

240 4257 562 4328 presbyter,
604 4252 884 4309 diaconus
915 4257 973 4308 et
1003 4252 1419 4320 subdiaconus,
1454 4252 1618 4324 prius
1649 4269 1887 4308 uxorem

239 4343 536 4408 sortiatur,
569 4358 696 4413 quze
714 4341 825 4397 sibi
857 4341 1123 4397 sufﬁcere
1142 4340 1349 4396 debeat
1373 4340 1444 4396 ad
1468 4339 1730 4397 carnales
1761 4357 1887 4396 am-

240 4430 484 4504 plexus?
513 4430 790 4502 Nunquid
821 4429 988 4486 Iaicis
1019 4448 1134 4486 non
1153 4428 1374 4484 sufﬁcit
1404 4446 1522 4485 una
1542 4430 1569 4483 ?
1603 4429 1714 4485 nisi
1739 4431 1886 4486 forte

1928 3173 1964 3198 η

1925 3207 1966 3238 υ

2008 553 2035 580 ‹‹
2069 532 2343 604 Nunquid
2372 549 2486 587 non
2518 532 2806 588 habemus
2839 539 3206 604 potestatem,
3239 552 3495 590 sororem
3531 552 3656 591 mu-

2007 618 2204 675 lierem
2238 622 2735 688 circumducendi,
2780 622 2932 677 sicut
2961 624 3166 678 fratres
3205 625 3429 678 Domini
3461 630 3518 680 et
3545 630 3646 681 Ce-

2006 708 2154 778 phas
2174 709 2202 762 ?
2222 711 2268 775 (1
2300 709 2418 765 Cor.
2453 727 2529 776 1x,
2551 711 2628 779 5.)
2656 710 2795 765 Vide
2818 711 3125 782 insipiens,
3150 714 3290 783 quia
3317 730 3430 768 non
3462 715 3609 769 dixit
3638 731 3650 769 :

2005 798 2302 869 Numquid
2352 816 2467 854 non
2517 799 2806 855 habemus
2845 804 3188 870 potestatem
3231 818 3491 857 sororem
3523 821 3655 858 mu-

2004 885 2206 942 lierem
2229 886 2644 958 amplectendi,
2679 891 2780 942 sed
2813 889 3312 956 circumducendi,
3347 891 3571 947 scilicet
3591 897 3656 947 ut

2005 975 2075 1029 de
2095 976 2359 1031 mercede
2391 977 2822 1047 praadicationis
2853 983 3282 1034 sustentaretur
3306 981 3377 1034 ab
3411 980 3515 1048 eis,
3550 998 3655 1036 nec

2003 1067 2198 1118 tamen
2233 1065 2378 1119 foret
2409 1065 2684 1136 deinceps
2719 1068 2868 1120 inter
2899 1083 2996 1121 eos
3029 1068 3261 1122 carnale
3291 1071 3654 1141 coniugium,

2003 1152 2284 1206 Praeterea
2315 1169 2419 1206 cur
2447 1151 2663 1223 aliquis
2697 1154 2881 1208 laicus
2933 1161 3211 1210 uxoratus
3258 1158 3552 1214 dubitabit
3583 1160 3654 1214 ad

2003 1239 2427 1295 ecclesiasticos
2457 1242 2676 1310 gradus
2723 1243 3055 1309 ascendere,
3089 1261 3224 1299 cum
3265 1245 3317 1298 ei
3355 1265 3492 1313 una,
3525 1248 3656 1304 sine

2003 1346 2120 1400 qua
2169 1345 2296 1383 esse
2327 1345 2442 1383 non
2474 1330 2664 1392 debet,
2715 1332 2900 1397 possit
2929 1333 2999 1384 ad
3052 1333 3320 1389 carnales
3351 1337 3655 1407 amplexus

2003 1419 2314 1474 sufﬁcere?
2345 1419 2412 1472 Et
2443 1435 2622 1489 quare
2654 1423 2739 1484 tu,
2773 1419 2870 1490 qui
2898 1426 3196 1490 tantopere
3221 1421 3537 1482 Clementis
3569 1445 3657 1482 ca-

2003 1507 2188 1580 pitula
2234 1507 2531 1579 proponis,
2584 1507 2892 1576 epistolam
2939 1508 3068 1575 ejus
3115 1509 3186 1562 de
3227 1526 3344 1579 qua
3374 1515 3650 1584 superius

2002 1598 2278 1664 diximus,
2315 1614 2429 1652 non
2453 1597 2706 1650 attendis
2728 1595 2755 1650 ?
2789 1597 2871 1650 lbi
2898 1596 3054 1650 enim
3089 1599 3169 1652 ita
3190 1598 3440 1656 dicitur:
3477 1623 3506 1652 «
3527 1603 3654 1659 Tri-

2004 1687 2113 1742 bus
2133 1687 2415 1758 gradibus
2439 1684 2771 1739 divinorum
2796 1686 3116 1740 commissa
3140 1690 3495 1746 secretorum
3515 1697 3653 1748 sunt

2003 1779 2386 1841 sacramenta,
2421 1775 2476 1829 id
2510 1777 2617 1840 est,
2652 1774 3030 1844 presbyteris,
3062 1775 3406 1833 diaconibns
3435 1783 3491 1834 et
3521 1781 3656 1836 sub-

2005 1863 2368 1918 diaconibus.
2404 1885 2430 1911 ››
2468 1863 2535 1916 Et
2567 1868 2698 1934 post
2731 1862 3014 1917 nonnulla
3047 1881 3059 1918 :
3094 1885 3122 1913 «
3147 1863 3400 1920 Ministri
3453 1868 3655 1925 altaris

2003 1951 2074 2005 ad
2107 1949 2409 2004 Dominica
2429 1948 2574 2003 tales
2591 1947 2884 2019 eligantur
2903 1949 3114 2016 ofﬁcia,
3139 1950 3238 2020 qui
3261 1957 3395 2007 ante
3419 1955 3655 2012 ordina-

2001 2038 2220 2092 tionem
2253 2039 2529 2107 conjuges
2555 2044 2858 2103 noverunt,
2889 2037 3109 2091 scilicet
3139 2038 3187 2092 si
3211 2056 3442 2112 semper
3469 2044 3653 2098 conti-

2004 2122 2138 2181 nere
2159 2125 2464 2181 voluerint.
2492 2125 2654 2190 Quod
2675 2125 2724 2178 si
2743 2131 2872 2194 post
2894 2126 3319 2182 ordinationem
3344 2132 3656 2202 contigerit

2003 2214 2337 2268 ministrum
2366 2213 2608 2284 propriae
2639 2213 2909 2268 invadere
2940 2214 3130 2269 cubile
3163 2217 3378 2283 uxoris,
3403 2224 3652 2276 secreta—

2002 2303 2071 2357 rii
2096 2319 2210 2358 non
2240 2306 2389 2357 terat
2417 2301 2644 2366 limina,
2679 2318 2784 2356 nec
2812 2302 3082 2356 sacrilicii
3116 2305 3360 2374 portitor
3389 2308 3512 2374 ﬁat,
3545 2325 3650 2365 nec

2003 2394 2183 2447 altare
2214 2390 2530 2462 contingat,
2555 2407 2662 2445 nec
2692 2391 2763 2445 ab
2786 2390 3163 2448 offerentibus
3197 2393 3536 2452 holocausta
3564 2397 3655 2453 vel

2001 2481 2323 2536 oblationes
2355 2479 2658 2551 suscipiat,
2685 2495 2789 2533 nec
2815 2479 2886 2533 ad
2911 2479 3196 2535 Dominici
3229 2485 3488 2554 corporis
3518 2502 3652 2556 por-

1999 2570 2214 2624 tionem
2248 2569 2500 2624 accedat.
2528 2575 2755 2639 Aquam
2780 2568 3149 2624 sacerdotum
3176 2571 3436 2644 porrigat
3466 2575 3653 2630 mani-

1999 2657 2131 2727 bus,
2164 2657 2314 2712 ostia
2335 2657 2655 2712 forinsecus
2677 2655 2915 2711 claudat
2940 2675 2952 2722 ;
2990 2658 3217 2714 minora
3239 2665 3468 2716 tantum
3491 2668 3655 2735 gerat

2000 2745 2207 2812 olﬁcia,
2244 2761 2484 2800 urceum
2515 2761 2654 2800 sane
2685 2745 2756 2798 ad
2789 2743 2971 2802 altare
3003 2763 3117 2801 non
3149 2754 3442 2821 suggerat.
3478 2774 3506 2799 ››

2071 2833 2312 2890 XXVIII.
2348 2838 2524 2888 Porro
2548 2834 2809 2905 synodus
2841 2833 3070 2890 Nicaena
3091 2838 3330 2894 omnino
3354 2841 3651 2896 venerabi-

1997 2923 2070 2978 lis
2092 2928 2149 2978 et
2180 2922 2538 2991 authentica,
2572 2922 2655 2977 sic
2687 2922 2756 2977 de
2789 2923 2914 2978 suis
2936 2923 3100 2991 actis,
3128 2925 3182 2980 id
3217 2931 3324 2993 est,
3352 2929 3655 2986 subintro-

1999 3012 2189 3066 ductis
2221 3012 2395 3066 habet
2429 3027 2440 3066 :
2478 3033 2505 3060 «
2530 3010 2898 3066 Omnimodis
2928 3013 3225 3070 interdicit
3246 3022 3448 3072 sancta
3474 3035 3648 3091 syno-

2002 3100 2134 3166 dus,
2173 3105 2230 3154 et
2259 3115 2447 3171 neque
2478 3099 2771 3171 episcopo,
2820 3116 3008 3172 neque
3048 3105 3404 3176 presbytero,
3462 3124 3654 3179 neque

2004 3190 2267 3256 diacono,
2323 3205 2509 3260 neque
2558 3188 2664 3243 ulli
2713 3188 2950 3245 omnino
2993 3190 3336 3248 clericorum
3371 3197 3655 3267 permittit

2005 3279 2218 3334 habere
2249 3294 2449 3333 secum
2483 3277 2788 3332 mulierem
2820 3284 3174 3347 extraneam,
3210 3282 3320 3337 nisi
3354 3283 3500 3340 forte
3528 3303 3652 3340 ma-

2004 3372 2092 3422 ter
2121 3366 2216 3430 sit,
2235 3382 2467 3422 sororve
2496 3372 2596 3420 aut
2613 3365 2810 3420 amita.
2838 3366 2898 3420 In
2917 3367 3010 3422 his
3035 3386 3287 3440 namque
3309 3374 3576 3441 personis
3597 3378 3656 3429 et

2004 3456 2214 3511 horum
2246 3454 2540 3510 similibus
2565 3453 2756 3508 omnis
2782 3455 3040 3524 suspicio
3063 3458 3409 3513 declinatur.
3431 3461 3534 3523 Qui
3555 3479 3654 3516 au-

2003 3549 2120 3599 tem
2154 3543 2501 3613 praeteragit,
2536 3540 2959 3612 periclitabitur
2989 3544 3058 3598 de
3089 3546 3292 3601 ordine
3314 3564 3442 3602 suo.
3482 3571 3502 3596 ι)

2073 3631 2259 3684 XXIX.
2283 3631 2494 3684 Beatus
2517 3644 2750 3699 quoque
2773 3631 3310 3698 papalunocentius
3327 3632 3654 3693 latiushinc

2001 3717 2264 3772 scribens
2290 3717 2604 3787 Exsuperio
2626 3717 3198 3786 episcopoTolosano
3226 3721 3366 3776 dicit
3400 3741 3410 3778 :
3448 3748 3474 3773 ‹‹
3510 3725 3653 3781 Pro-

2001 3806 2244 3878 posuisti
2274 3805 2414 3875 quid
2439 3805 2508 3858 de
2533 3804 2625 3858 his
2653 3805 2943 3859 observari
2978 3808 3205 3874 debeat,
3229 3826 3376 3879 quos
3398 3813 3652 3869 diaconii

2002 3895 2346 3957 ministerio,
2379 3898 2481 3947 aut
2512 3892 2568 3946 in
2602 3892 2790 3948 ofﬁcio
2817 3895 3037 3964 positos
3061 3897 3488 3956 incontinentes
3523 3919 3652 3960 esse

1999 3986 2099 4039 aut
2147 3983 2326 4038 fuisse
2366 3980 2623 4054 generati
2656 3980 2758 4034 ﬁlii
2795 3984 3120 4053 prodidere.
3157 3985 3235 4041 De
3286 3988 3376 4042 his
3408 3993 3466 4043 et
3497 3990 3646 4045 divi-

2000 4089 2207 4128 narum
2239 4071 2433 4144 legum
2464 4076 2553 4126 est
2581 4069 2910 4141 disciplina,
2935 4077 2992 4126 et
3013 4073 3189 4130 beatae
3223 4077 3643 4135 recordationis

1994 4162 2101 4217 viri
2133 4161 2323 4217 Siricii
2355 4159 2612 4232 episcopi
2647 4160 2868 4216 monita
2902 4162 3191 4218 evidentia
3221 4172 3649 4236 commearunt,

1996 4256 2061 4307 ut
2088 4250 2519 4306 incontinentes
2551 4248 2610 4303 in
2643 4248 2853 4305 ofﬁciis
2881 4249 3100 4307 talibus
3133 4254 3308 4324 positi
3340 4256 3501 4311 omni
3543 4255 3648 4313 ho-

1997 4356 2134 4395 nore
2191 4338 2581 4396 ecclesiastico
2631 4338 3019 4410 privarentur,
3065 4357 3170 4396 nec
3201 4343 3652 4401 admitterentur

1995 4429 2265 4485 accedere
2320 4429 2391 4483 ad
2451 4427 2847 4483 ministerium
2905 4431 3059 4500 quod
3114 4430 3236 4486 sola
3289 4433 3650 4491 continentia

238 4518 545 4590 discipulis
576 4517 816 4590 maligni
849 4518 1182 4586 Muhamed,
1207 4518 1376 4588 cujus
1395 4518 1590 4573 farinae
1612 4521 1770 4574 totus
1799 4535 1880 4576 es.
1915 4537 1962 4601 D
1995 4521 2220 4590 Oportet
2249 4516 2496 4588 impleri.
2537 4539 2565 4565 »
2597 4517 2757 4572 Idem
2789 4517 2860 4572 ad
2894 4517 3236 4574 Victricium
3265 4521 3644 4596 episcopum:

238 4610 340 4664 Tu
360 4623 590 4678 quoque
623 4608 762 4679 quia
790 4607 1093 4679 presbyter
1121 4624 1205 4674 es,
1247 4607 1374 4663 sine
1405 4623 1581 4662 uxore
1610 4623 1738 4663 esse
1766 4625 1881 4664 non

237 4697 438 4768 debes,
469 4697 792 4752 secundum
824 4697 1174 4752 assertiones
1221 4699 1371 4752 tuas.
1641 4747 1649 4753 .

307 4785 528 4841 XXVII.
562 4785 674 4840 Sed
697 4785 823 4855 jam
844 4783 1145 4839 videamus
1176 4783 1430 4856 capitula
1461 4784 1676 4856 quibus
1708 4789 1878 4856 putas

235 4891 407 4947 posse
435 4873 668 4930 defendi
700 4871 988 4928 adulteria
1017 4873 1407 4940 sacerdotum,
1439 4891 1554 4928 non
1586 4873 1876 4945 conjugis.

237 4987 265 5014 «
301 4963 642 5036 Episcopus,
677 4962 944 5033 inquam,
977 4962 1278 5033 presbyter
1305 4965 1406 5016 aut
1435 4961 1716 5017 diaconus
1743 4979 1880 5016 uxo-

237 5068 360 5108 rem
394 5068 562 5111 suam
595 5067 710 5105 non
741 5049 978 5120 abjiciat
997 5051 1236 5104 obtentu
1255 5049 1574 5121 religionis.
1597 5049 1657 5105 Si
1686 5055 1881 5106 autem

235 5141 532 5212 abjecerit,
564 5143 982 5210 sequestretur,
1016 5153 1391 5209 perseverans
1411 5143 1607 5194 autem
1634 5139 1888 5211 depona-

232 5235 350 5284 tur.
399 5251 427 5278 ››
477 5227 728 5282 Omnino
777 5227 1126 5282 conﬁtemur
1164 5242 1280 5281 non
1312 5225 1485 5282 licere
1515 5227 1877 5300 episcOpum,

235 5316 662 5391 presbyterum,
711 5314 1015 5370 diaconem
1063 5313 1151 5370 vel
1183 5314 1600 5371 subdiaconem
1642 5333 1881 5372 uxorem

235 5403 534 5480 propriam
565 5419 745 5457 causa
765 5402 1064 5474 religionis
1085 5402 1336 5472 abjicere
1358 5419 1392 5458 a
1411 5420 1550 5460 cura
1578 5421 1707 5471 sua,
1729 5405 1882 5460 scili-

236 5498 325 5552 cet
355 5498 422 5549 ut
451 5492 502 5548 ei
525 5491 745 5546 victum
767 5494 824 5546 et
851 5492 1126 5546 vestitum
1158 5490 1475 5562 provideat,
1505 5510 1619 5548 non
1653 5499 1716 5548 ut
1746 5510 1880 5550 cum

235 5583 336 5643 illa
390 5599 460 5643 ex
514 5595 676 5644 more
733 5576 1044 5639 carnaliter
1101 5580 1315 5653 jaceat.
1381 5579 1474 5638 Sic
1531 5585 1590 5639 et
1649 5585 1883 5645 sanctos

1995 4630 2022 4657 ‹‹
2057 4607 2334 4661 Praeterea
2363 4605 2518 4676 quod
2550 4604 2795 4676 dignum
2827 4610 2884 4660 et
2913 4607 3192 4676 pudicum
3234 4615 3292 4664 et
3322 4609 3638 4667 honestum

2000 4700 2196 4749 tenere
2225 4693 2483 4749 Ecclesia
2513 4693 2850 4748 omnimodo
2882 4695 3073 4765 debet,
3124 4701 3188 4751 ut
3228 4699 3559 4755 sacerdotes
3590 4703 3649 4755 et

1997 4783 2180 4839 levitas
2211 4799 2342 4837 cum
2377 4780 2656 4836 uxoribus
2686 4783 2811 4837 suis
2853 4799 2966 4837 non
3013 4789 3237 4850 coeant,
3275 4787 3416 4856 quia
3447 4787 3650 4842 minis-

1992 4873 2119 4928 terii
2167 4869 2490 4942 quotidiani
2543 4870 2991 4926 necessitatibus
3039 4881 3420 4944 occupantur.
3482 4876 3643 4931 Sari-

1993 4964 2157 5033 ptum
2188 4964 2276 5014 est
2297 4958 2452 5013 enim
2491 4974 2503 5012 :
2540 4980 2567 5007 ‹‹
2603 4957 2796 5012 Sancti
2822 4965 3021 5028 estote,
3059 4961 3335 5031 quoniam
3367 4979 3473 5034 ego
3508 4980 3643 5019 san-

1992 5071 2019 5098 ‹‹
2053 5054 2181 5104 ctus
2199 5064 2352 5114 sum,
2366 5047 2506 5101 dicit
2522 5046 2959 5102 DominusDeus
2979 5051 3372 5119 vester(l.evz't.
3397 5069 3476 5122 x1,
3494 5053 3642 5122 44).»

1992 5138 2136 5192 Nam
2155 5135 2362 5208 priscis
2376 5135 2740 5206 temporibus
2759 5135 2829 5189 de
2850 5141 2966 5190 tem
2978 5136 3169 5208 ploDei
3187 5154 3339 5193 anno
3361 5140 3500 5195 vicis
3522 5158 3642 5196 suae

1992 5243 2105 5280 non
2133 5224 2530 5288 discedebant,
2563 5223 2718 5279 sicut
2747 5225 2816 5278 de
2856 5225 3166 5280 Zaccharia
3209 5227 3482 5299 legimus,
3538 5247 3642 5286 nec

1992 5314 2231 5368 domum
2281 5328 2450 5368 suam
2497 5312 2734 5367 omnino
2783 5314 3120 5385 tangebant,
3175 5316 3391 5387 quibus
3441 5318 3642 5390 utique

1991 5405 2226 5474 propter
2255 5399 2473 5456 sobolis
2504 5399 2957 5471 successionem,
2993 5403 3232 5459 uxorius
3263 5422 3407 5460 usus
3447 5407 3640 5466 fuerat

1993 5491 2282 5546 relaxatus
2307 5508 2320 5558 ;
2345 5489 2484 5561 quia
2514 5507 2580 5545 ex
2611 5490 2726 5545 alia
2746 5491 2903 5546 tribu
2944 5498 3001 5547 et
3030 5498 3268 5566 propter
3297 5512 3496 5551 semen
3526 5505 3641 5555 Aa-

1991 5596 2099 5644 ron
2132 5581 2203 5642 ad
2230 5579 2623 5641 sacerdotium
2655 5579 2853 5644 nullus
2883 5581 3073 5644 fuerat
3101 5584 3429 5664 permissus
3478 5603 3642 5648 acce-
