4004 6210
341 356 458 420 999

1338 354 1827 418 HUMBERTUS
1875 355 1939 417 s.
1987 345 2059 416 it.
2106 353 2177 416 E.
2227 345 2720 419 CARDINALIS.

3597 333 3771 418 ὥὸδ

339 492 494 547 dero.
529 490 755 554 Quanto
788 487 977 560 magis
1010 486 1070 543 hi
1103 487 1434 544 sacerdotes
1465 487 1550 543 vel
1600 487 1783 544 levita:
1815 489 1987 559 pudi-
2017 490 2072 556 Α
2103 489 2505 545 benedictione
2537 489 2874 546 sacerdotali
2929 453 3212 562 permittit
3245 503 3259 544 :
3294 503 3411 542 non
3442 488 3768 543 autem'vi-

338 581 534 636 citiam
568 595 636 634 ex
655 578 747 634 die
774 575 1159 634 ordinationis
1191 595 1310 632 sua:
1340 593 1568 632 servare
1590 577 1823 644 debent,
1860 577 1987 649 qui-

338 669 448 724 bus
471 667 864 724 sacerdotium
906 666 994 721 vel
1034 666 1429 722 ministerium
1461 666 1587 721 sine
1620 667 1990 722 successione

337 762 444 825 est,
479 773 584 812 nec
631 757 888 828 praeterit
927 755 1050 811 dies
1083 772 1198 827 qua
1228 754 1316 810 vel
1349 772 1383 809 a
1424 754 1728 810 sacrificiis
1777 755 1989 811 divinis

337 852 440 902 aut
467 846 842 918 baptismatis
874 844 1065 901 officio
1104 845 1352 900 vacent?
1383 844 1527 898 Nam
1579 845 1625 899 si
1668 843 1886 900 Paulus
1916 846 1987 900 ad

334 935 664 991 Corinthios
697 935 924 1002 scribit,
949 933 1149 988 dicens
1181 949 1192 987 :
1230 957 1257 981 ‹‹
1290 932 1589 988 Abstinete
1619 950 1720 988 vos
1751 933 1821 988 ad
1850 938 1991 988 tem-

333 1048 360 1074 ‹‹
395 1041 526 1096 pus,
558 1032 623 1079 ut
662 1024 876 1080 vacetis
907 1023 1153 1078 orationi
1187 1023 1232 1092 (I
1271 1024 1396 1078 Cor.
1453 1038 1554 1089 vn,
1586 1023 1642 1092 5)
1671 1040 1682 1089 ;
1723 1044 1745 1070 ι
1794 1026 1850 1076 et
1880 1020 1988 1078 hoc

335 1115 537 1185 utique
580 1113 745 1168 laicis
795 1111 1103 1184 prazcepit;
1157 1111 1344 1166 multo
1393 1111 1583 1182 magis
1632 1112 1984 1179 sacerdotes,

337 1203 556 1275 quibus
585 1206 642 1259 et
673 1202 874 1258 orandi
910 1205 965 1256 et
995 1201 1366 1256 sacriﬁcandi
1407 1201 1550 1272 juge
1583 1200 1844 1257 officium
1877 1205 1984 1268 est,

333 1309 565 1364 semper
585 1292 879 1347 debebunt
900 1291 971 1344 ab
994 1289 1332 1360 hujusmodi
1356 1288 1646 1345 consortio
1669 1287 1982 1344 abstinere:

333 1381 433 1452 qui
465 1382 514 1435 si
546 1379 979 1435 contaminatus
1033 1377 1206 1433 fuerit
1245 1376 1463 1433 carnali
1515 1377 1988 1450 concupiscentia

331 1470 590 1526 exaudiri
623 1483 794 1540 posse
818 1484 878 1523 se
896 1465 1120 1522 credit?
1149 1483 1283 1522 cum
1307 1467 1529 1522 dictum
1561 1467 1637 1522 sit
1665 1483 1677 1520 :
1719 1485 1738 1514 ι
1774 1465 1985 1520 Omnia

333 1583 359 1608 ‹‹
404 1557 626 1613 munda
647 1556 885 1611 mundis
910 1573 922 1624 ;
947 1555 1341 1626 coinquinatis
1361 1560 1555 1611 autem
1569 1558 1625 1610 et
1646 1553 1982 1609 infidelibus

332 1645 477 1701 nihil
513 1647 798 1700 mundum
832 1646 950 1715 (Tit.
989 1644 1154 1715 1,45).
1191 1667 1218 1693 ››
1254 1645 1362 1700 Sed
1397 1645 1641 1700 fortasse
1671 1643 1779 1698 hoc
1810 1642 1981 1697 licere

328 1735 531 1804 credit,
565 1734 704 1805 quia
744 1734 1029 1805 scriptum
1069 1739 1157 1789 est
1191 1751 1202 1788 :
1239 1757 1266 1782 ‹‹
1302 1733 1488 1789 Unius
1540 1732 1740 1788 uxoris
1788 1731 1977 1786 virum

329 1824 376 1893 (Ι
399 1825 553 1889 Tim,
580 1838 665 1889 ιιι,
692 1823 767 1893 2).
806 1845 832 1870 ››
864 1821 987 1876 Non
1002 1826 1237 1893 propter
1255 1820 1717 1892 permanentiam
1750 1819 1809 1874 in
1842 1835 1980 1874 con-

327 1903 690 1984 cupiscentia
720 1909 1034 1982 generandi
1067 1910 1175 1964 hoc
1203 1909 1367 1975 dixit,
1400 1910 1500 1964 sed
1524 1913 1760 1980 propter
1789 1907 1972 1963 conti-

329 2000 586 2054 nentiam
638 1998 915 2054 futuram.
969 1999 1168 2068 Neque
1224 1998 1381 2052 enim
1423 1997 1679 2068 integros
1737 2012 1975 2068 corpore

327 2106 441 2143 non
474 2087 730 2153 admisit,
765 2087 866 2158 qui
899 2087 982 2142 ait
1014 2105 1026 2142 :
1062 2111 1088 2135 ‹‹
1119 2085 1342 2141 Vellem
1377 2089 1570 2141 autem
1603 2102 1806 2141 omnes
1846 2101 1974 2139 esse

327 2178 478 2233 sicut
507 2181 562 2232 et
591 2192 696 2247 ego
729 2177 773 2247 (I
804 2176 922 2232 Cor.
958 2193 1055 2246 vn,
1079 2177 1154 2247 7).
1193 2177 1257 2230 Et
1288 2175 1548 2247 apertius
1601 2173 1856 2230 declarat
1885 2172 1971 2228 di-

325 2281 462 2321 cens
494 2282 507 2320 :
546 2289 567 2314 α
604 2265 711 2331 Qui
739 2270 933 2320 autem
967 2266 1026 2319 in
1055 2281 1227 2320 carne
1259 2265 1418 2329 sunt,
1452 2263 1566 2319 Deo
1598 2263 1823 2335 placere
1859 2279 1972 2317 non

327 2378 354 2404 ‹‹
389 2359 655 2427 possunt.
687 2354 804 2409 Vos
835 2359 1029 2410 autem
1055 2355 1180 2423 jam
1221 2370 1334 2408 non
1375 2353 1517 2408 estis
1557 2352 1614 2406 in
1647 2368 1836 2418 carne,
1871 2350 1972 2407 sed

328 2467 354 2492 ‹‹
389 2443 450 2498 in
483 2443 692 2515 spiritu
717 2444 889 2512 (Rom.
923 2460 1049 2507 vm,
1082 2443 1156 2513 8).
1213 2464 1239 2491 »
1292 2441 1358 2497 Et
1403 2440 1714 2497 habentem
1763 2439 1973 2507 filium,

328 2548 443 2586 non
467 2535 841 2603 generantem
875 2531 1038 2585 dixit.
1075 2552 1103 2579 »

398 2655 563 2710 XXX.
597 2656 666 2711 Et
707 2654 1054 2711 venerabilis
1101 2672 1252 2728 papa
1297 2655 1537 2710 Siricius
1571 2673 1583 2710 :
1629 2678 1656 2704 «
1698 2655 1966 2711 Feminas

329 2763 444 2801 non
478 2745 623 2802 alias
654 2761 781 2800 esse
807 2743 1143 2816 patimurin
1162 2743 1436 2799 domibus
1461 2743 1828 2813 clericorum,
1861 2743 1976 2799 nisi

328 2852 426 2891 eas
457 2839 690 2890 tantum
709 2849 855 2906 quas
877 2837 1112 2905 propter
1141 2833 1295 2889 solas
1316 2833 1816 2890 necessitudinum
1837 2849 1974 2888 cau-

332 2941 428 2980 sas
484 2922 751 2980 habitare
804 2940 937 2978 cum
996 2923 1204 2979 iisdem
1267 2923 1525 2995 synodus
1564 2922 1796 2978 Nicaena
1852 2938 1977 2994 per-

334 3013 514 3069 misit.

400 3128 589 3184 XXXI.
622 3131 871 3184 Sanctus
899 3128 1106 3183 deinde
1139 3128 1251 3184 Leo
1282 3145 1434 3200 papa
1465 3126 1746 3182 mirabilis
1775 3126 1976 3181 doctor

2101 578 2277 633 duam
2310 584 2365 635 et
2387 579 2745 652 repudiatam
2774 597 2786 648 ;
2815 577 2953 651 quia
2975 582 3208 653 propter
3227 576 3337 633 hoc
3365 575 3558 632 solum
3589 576 3767 633 dein-

2099 685 2234 740 ceps
2267 686 2368 724 nec
2400 669 2473 724 ad
2513 669 2997 725 subdiaconatum
3041 665 3275 741 provehi
3319 669 3613 739 poterunt,
3647 683 3764 724 nec

2098 755 2284 812 laicus
2317 775 2431 813 non
2462 757 2745 831 virginem
2779 759 3022 814 sortitus
3051 772 3311 824 uxorem,
3346 758 3447 811 aut
3475 754 3762 828 bigamus

2101 846 2172 901 ad
2210 846 2569 902 clericatum.
2619 847 2781 913 Quod
2815 848 2864 902 si
2895 847 3029 919 quis
3059 846 3432 919 praefatorum
3473 842 3760 902 ordinum

2099 934 2392 991 desiderat
2432 936 2503 991 ad
2553 934 3042 991 subdiaconatum
3071 935 3408 1003 ascendere,
3449 949 3523 988 ne
3555 933 3756 1007 quibit

2097 1023 2207 1078 hoc
2237 1024 2362 1080 sine
2393 1041 2682 1080 consensu
2719 1024 2915 1081 uxoris
2947 1042 3086 1096 suae,
3119 1029 3184 1079 ut
3224 1024 3293 1079 de
3333 1021 3554 1078 carnali
3585 1023 3758 1080 dein-

2097 1129 2235 1184 ceps
2263 1114 2365 1168 fiat
2397 1113 2738 1186 conjugium
2770 1113 3094 1186 spirituale,
3130 1112 3363 1168 nemine
3403 1128 3503 1168 eos
3534 1111 3606 1168 ad
3636 1111 3755 1168 hoc

2097 1205 2354 1273 cogente.
2391 1203 2504 1258 Nec
2536 1203 2894 1274 permittitur
2924 1207 3127 1275 postea
3166 1219 3313 1257 uxor
3348 1201 3524 1275 jungi
3555 1201 3750 1258 eidem

2095 1307 2202 1346 suo
2236 1291 2444 1347 marito
2469 1291 2798 1360 carnaliter,
2833 1309 2935 1348 nec
2966 1291 3241 1362 cuiquam
3288 1291 3507 1354 nubere
3537 1291 3597 1348 in
3627 1291 3750 1347 vita

2095 1382 2337 1451 autpost
2359 1386 2604 1436 mortem
2626 1379 2805 1447 illius,
2824 1379 3041 1452 alioqui
3065 1379 3743 1436 anathematizandaest:

2093 1467 2246 1523 sicut
2276 1473 2331 1523 et
2361 1469 2663 1535 diaconus,
2696 1473 2753 1525 et
2782 1469 3201 1538 subdiaconus,
3232 1474 3289 1524 et
3312 1470 3608 1543 presbyter
3635 1471 3748 1525 aut

2091 1557 2401 1630 episcopus
2432 1558 2811 1629 deponendus
2842 1575 3010 1614 suam
3034 1563 3325 1632 repetens,
3345 1563 3441 1632 aut
3469 1562 3738 1614 extrane-

2091 1661 2184 1700 am
2231 1647 2470 1713 ducens,
2496 1649 2663 1717 juxta
2720 1648 2874 1718 quod
2922 1647 2979 1703 in
3013 1646 3459 1704 Neocaesariensi
3488 1638 3742 1703 concilio

2090 1735 2395 1790 orthodoxi
2419 1752 2659 1792 sanxere
2691 1735 2910 1793 Patres.
3653 1791 3656 1794 .

2161 1823 2404 1880 XXXIII.
2447 1821 2686 1880 Talibus
2735 1842 2870 1900 ergo
2903 1825 3316 1882 traditionibus
3365 1841 3554 1900 usque
3585 1839 3742 1879 nunc

2087 1916 2289 1968 sancta
2337 1913 2600 1970 Remana
2630 1913 2884 1969 Ecclesia
2914 1919 2969 1969 et
3002 1913 3321 1986 apostolica
3363 1915 3533 1971 sedes
3577 1903 3744 1988 omni

2085 2001 2305 2056 mundo
2335 2002 2581 2071 refulsit,
2616 2018 2719 2058 nec
2749 2002 3062 2074 aliquando
3108 2001 3370 2058 Judaicis
3415 1999 3636 2056 fabulis
3689 2002 3752 2055 et

2084 2090 2434 2163 apocryphis
2457 2091 2760 2162 scripturis
2781 2090 3091 2161 acquievit,
3116 2091 3217 2144 sed
3239 2105 3343 2162 per
3358 2088 3580 2162 primos
3605 2103 3754 2159 apo-

2085 2179 2368 2236 stolorum
2390 2181 2445 2234 in
2471 2181 2597 2252 ipso
2620 2195 2849 2234 summo
2873 2177 3136 2250 angulari
3169 2177 3363 2250 lapide
3392 2174 3626 2233 Christo
3644 2174 3743 2250 Jee

2084 2286 2154 2324 su
2187 2270 2446 2338 fundata,
2469 2267 2642 2322 nullis
2676 2266 2996 2322 haeresibus
3018 2267 3216 2335 cessit,
3251 2283 3355 2321 nec
3376 2263 3684 2338 prohibuit
3705 2282 3742 2321 ει

2083 2358 2353 2428 conjugio
2387 2356 2565 2412 laicos
2589 2373 2601 2411 ε
2628 2356 2727 2412 sed
2753 2355 2901 2411 sacri
2935 2353 3136 2411 altaris
3168 2354 3474 2411 ministros
3502 2356 3560 2410 et
3591 2369 3740 2427 apo-

2084 2445 2348 2501 stolicam
2382 2445 2793 2518 perfectionem
2826 2444 3117 2517 professos
3148 2444 3492 2500 monachos.

2154 2534 2394 2589 XXXIV.
2445 2533 2552 2589 llla
2580 2538 2775 2589 tamen
2807 2533 3087 2603 Ecclesia,
3125 2550 3302 2605 quam
3337 2532 3502 2588 Arius
3533 2549 3729 2608 corru-

2082 2623 2187 2696 pit,
2221 2623 2594 2680 Macedonius
2627 2623 2950 2694 prostituit,
2990 2640 3116 2696 quae
3167 2621 3467 2696 genimina
3509 2621 3735 2697 vipera-

2084 2730 2236 2780 rum,
2261 2712 2320 2767 id
2349 2715 2456 2779 est,
2489 2711 2841 2780 Nestorium,
2875 2712 3202 2784 Eutychen,
3237 2709 3651 2767 Monothelitas
3680 2715 3740 2767 et

2083 2801 2549 2875 Theupaschitas
2585 2805 2641 2857 et
2672 2801 2926 2874 reliquas
2957 2800 3363 2857 haereticorum
3411 2804 3608 2874 pestes
3637 2817 3736 2874 pe-

2084 2892 2252 2964 perit,
2274 2892 2464 2947 adhuc
2486 2909 2520 2946 a
2539 2889 2756 2946 Nicolai
2778 2889 3173 2947 haeresiarchas
3205 2889 3604 2963 complexibus
3633 2889 3740 2945 ab-

2086 2981 2272 3036 strahi
2320 2998 2435 3036 non
2469 2979 2674 3052 potuit,
2723 2981 2864 3035 adeo
2912 2983 2978 3034 ut
3016 2979 3086 3035 ad
3119 2979 3269 3036 sacri
3311 2978 3514 3035 altaris
3567 2973 3739 3033 mini-

2086 3071 2329 3126 sterium
2370 3069 2726 3125 ordinandos
2760 3069 3076 3141 interroget
3105 3086 3178 3125 an
3210 3068 3466 3124 habeant
3500 3083 3730 3126 uxores.

2085 3158 2193 3224 Qui
2228 3159 2645 3230 respondentes
2675 3173 2736 3212 se
2767 3175 2882 3212 non
2915 3157 3128 3213 habere
3157 3153 3592 3231 compelluntur
3615 3156 3740 3232 ppri-

327 3222 384 3319 fit,
398 3221 611 3319 suae?
629 3216 1116 3319 Ch_akfed°nejnsfs
1138 3217 1342 3319 9?“?‘1‘
1362 3219 1584 3319 gnatm"
1604 3231 1839 3319 οξῃοθω
1855 3231 1972 3319 ³ξξ¹’
2002 3231 2044 3296 C
2085 3265 2248 3303 mum
2281 3216 2510 3312 ducere,
2544 3251 2600 3302 et
2629 3247 2712 3302 sic
2735 3245 3127 3318 impositionis
3158 3216 3402 3303 manum
3433 3216 3735 3319 accipe-re:

327 3307 670 3380 biguitatem
703 3307 882 3377 hujus
912 3307 991 3361 rei
1023 3306 1373 3361 abscindens
1413 3305 1493 3360 ait
1520 3323 1532 3360 :
1569 3328 1595 3354 ‹‹
1641 3305 1754 3359 Lex
1783 3303 1971 3358 conti-

328 3396 536 3452 nentiae
566 3396 768 3451 eadem
799 3394 1118 3450 estaltaris
1150 3394 1459 3462 ministris,
1505 3410 1632 3464 quae
1683 3392 1974 3464 episcopis

329 3490 502 3557 atque
525 3485 898 3557 presbyteris.
933 3484 1041 3547 Qui
1071 3501 1206 3538 cum
1239 3487 1435 3539 essent
1464 3481 1615 3548 laici,
1653 3480 1771 3535 sive
1804 3481 1976 3536 Iecto~

328 3592 440 3645 res,
480 3572 636 3631 licite
667 3580 724 3630 et
754 3590 962 3630 uxores
993 3575 1201 3629 ducere
1232 3577 1289 3628 et
1319 3571 1471 3627 filios
1520 3587 1822 3642 procreare
1869 3587 1972 3642 po-

325 3670 580 3722 tuerunt.
612 3666 726 3722 Sed
757 3681 892 3720 cum
924 3664 995 3720 ad
1042 3663 1347 3736 prredictos
1393 3677 1706 3734 pervenere
1735 3662 1972 3733 gradus,

326 3760 628 3828 cmperunt
658 3755 744 3811 eis
774 3771 891 3810 non
919 3753 1090 3808 licere
1120 3770 1246 3824 quae
1278 3751 1590 3806 licuerunt.
1626 3750 1786 3805 Unde
1810 3754 1874 3806 ut
1904 3752 1976 3807 de

325 3843 546 3900 carnali
576 3844 677 3899 fiat
705 3842 1014 3916 spirituale
1063 3841 1427 3913 conjugium,
1461 3845 1688 3912 oportet
1739 3857 1838 3896 eos
1872 3857 1974 3894 nnc

326 3933 625 3990 dimittere
673 3949 902 4002 uxores,
936 3935 993 3986 et
1014 3930 1182 4002 quasi
1216 3947 1329 3985 non
1354 3929 1608 3985 habeant
1626 3929 1710 3984 sic
1741 3930 1973 3985 habere:

325 4039 440 4094 quo
473 4027 530 4079 et
557 4021 718 4078 salva
767 4021 844 4077 sit
874 4021 1126 4076 charitas
1158 4018 1607 4088 connubiorum,
1663 4023 1720 4074 et
1748 4023 1980 4074 cessent

326 4129 501 4184 opera
532 4111 894 4183 nuptiarum.
927 4133 954 4161 »
991 4111 1132 4166 Ecce
1164 4109 1261 4164 isti
1291 4125 1427 4164 cum
1459 4109 1625 4164 Petro
1657 4111 1714 4163 et
1744 4125 1846 4179 per
1875 4107 1976 4163 Pe-

325 4203 483 4258 trum
537 4199 725 4254 effecti
758 4198 1031 4271 clavigeri
1061 4198 1222 4272 regni
1256 4197 1558 4264 caelorum,
1603 4197 1684 4252 ita
1722 4196 1977 4252 confrin-

326 4293 474 4361 gunt
523 4304 728 4344 omnes
760 4287 1072 4344 claviculas
1121 4285 1500 4342 infernalium
1550 4290 1871 4358 portarum,
1916 4289 1980 4340 ut

327 4376 493 4433 nulla
514 4377 642 4448 jam
675 4378 931 4450 supersit
962 4377 1202 4434 haeresis
1232 4375 1674 4432 Nicolaitarum.

398 4492 613 4549 XXXII.
650 4493 760 4549 Sed
807 4510 878 4549 ne
907 4493 1048 4565 quid
1083 4494 1280 4548 minus
1323 4492 1543 4547 factum
1595 4489 1752 4545 dicas
1802 4490 1980 4546 seria-

2086 3342 2148 3391 ut
2171 3335 2302 3391 novi
2334 3334 2548 3404 mariti,
2581 3339 2638 3390 et
2669 3336 2883 3390 recenti
2906 3335 3098 3391 carnis
3119 3335 3414 3408 voluptate
3437 3334 3547 3404 toti
3581 3351 3733 3408 reso-

2081 3425 2187 3479 luti
2219 3428 2276 3479 et
2307 3423 2573 3492 marcidi,
2602 3427 2656 3479 et
2687 3423 2841 3480 inter
2871 3426 3072 3480 sancta
3090 3417 3382 3480 sacrificia
3403 3423 3731 3500 cogitantes

2083 3513 2374 3586 quomodo
2405 3511 2675 3584 placeant
2701 3513 3004 3580 uxoribus,
3030 3512 3479 3569 immaculatum
3511 3511 3729 3570 Christi

2083 3619 2295 3674 corpus
2327 3605 2574 3656 tractent
2603 3605 2777 3673 atque
2807 3600 3022 3674 populo
3053 3601 3432 3670 distribuant,
3476 3601 3730 3674 indeque

2086 3692 2478 3748 sanctificatas
2510 3707 2722 3746 manus
2754 3691 2826 3745 ad
2860 3691 3230 3746 tractandum
3282 3689 3548 3746 membra
3598 3707 3732 3746 mu-

2085 3780 2290 3836 liebria
2322 3797 2456 3834 mox
2488 3779 2759 3846 referant,
2792 3783 2849 3834 et
2879 3779 2929 3834 si
2963 3778 3114 3834 sicut
3151 3777 3404 3852 populus
3434 3778 3518 3834 sic
3549 3783 3608 3835 et
3636 3796 3733 3836 sa-

2087 3870 2308 3936 cerdos,
2343 3873 2401 3924 et
2422 3868 2658 3923 tandem
2689 3865 2889 3940 populi
2921 3866 3073 3923 sicut
3100 3867 3430 3923 sacerdotes
3460 3865 3619 3923 mali.
3665 3856 3672 3861 ⁷

2156 3958 2372 4013 XXXV.
2415 3959 2776 4030 Quapropter
2814 3957 3033 4029 parcite
3074 3957 3200 4030 jam
3241 3956 3427 4024 vobis,
3469 3961 3525 4013 et
3555 3955 3733 4013 nolite

2088 4047 2383 4104 attendere
2415 4045 2718 4119 spiritibus
2747 4045 2960 4101 erroris
2978 4049 3032 4103 et
3061 4045 3485 4102 daemoniorum
3516 4044 3731 4118 doctri-

2087 4136 2199 4205 nis,
2233 4139 2297 4190 ut
2328 4133 2631 4190 nobiscum
2664 4135 2735 4190 de
2764 4151 2900 4191 vera
2928 4152 3088 4208 pace,
3135 4153 3259 4208 quae
3307 4135 3576 4192 Christus
3621 4139 3734 4212 est,

2087 4226 2180 4281 hic
2212 4227 2268 4281 et
2296 4225 2355 4279 in
2386 4223 2581 4279 futuro
2604 4221 2928 4296 gaudeatis.
2961 4224 3048 4280 Tu
3083 4241 3240 4294 vero,
3273 4224 3604 4296 miserrime
3633 4223 3729 4280 Ni-

2089 4317 2234 4384 ceta,
2295 4313 2477 4369 donec
2529 4312 2840 4384 respiscas,
2897 4313 2978 4368 sis
3037 4313 3388 4384 anathema,
3437 4314 3507 4370 ab
3568 4313 3728 4392 omni

2089 4401 2302 4459 Christi
2332 4400 2609 4470 Ecclesia,
2643 4418 2775 4457 cum
2798 4401 3072 4459 omnibus
3094 4402 3194 4474 qui
3215 4402 3323 4459 tibi
3352 4403 3734 4476 acquiescant

2088 4493 2148 4546 in
2187 4496 2306 4547 tam
2359 4506 2629 4563 perversa
2679 4490 2961 4546 doctrina.
2996 4491 3143 4547 Nam
3179 4491 3380 4548 volens
3413 4510 3543 4550 esse
3587 4492 3732 4566 legis

324 4583 432 4639 tim
463 4587 522 4640 et
550 4588 744 4656 aperte
771 4600 1214 4656 prosequemur,
1250 4580 1387 4652 quid
1426 4581 1686 4635 Romana
1727 4579 1979 4635 Ecclesia
2008 4600 2055 4665 Β
2091 4580 2302 4636 divina}
2328 4580 2548 4648 doctor,
2579 4597 2695 4634 non
2728 4577 3008 4654 intelligis
3049 4597 3177 4652 quae
3215 4579 3492 4653 loqueris,
3543 4598 3734 4660 neque

326 4673 385 4728 in
417 4673 697 4746 gradibus
729 4673 1070 4728 clericorurn
1095 4674 1248 4743 agat.
1282 4669 1531 4724 Clericos
1559 4674 1783 4724 tantum
1807 4669 1977 4725 ostia-

325 4763 462 4830 rios,
497 4763 759 4828 lectores,
792 4760 1130 4824 exorcistas,
1163 4763 1220 4814 et
1250 4756 1571 4830 acolythos,
1606 4759 1653 4812 si
1688 4762 1847 4814 extra
1877 4776 1974 4814 vo-

322 4857 450 4908 tum
483 4856 539 4907 et
569 4851 839 4907 habitum
873 4847 1142 4903 monachi
1176 4845 1558 4901 inveniuntur
1587 4850 1643 4902 et
1673 4846 1977 4901 continen-

327 4942 468 4998 tiam
501 4938 758 5014 profiteri
786 4935 1010 5004 nolunt,
1039 4951 1274 4990 uxorem
1297 4934 1580 5006 virginem
1603 4936 1812 4991 ducere
1844 4953 1977 4991 cum

2086 4671 2157 4726 de
2183 4669 2398 4741 quibus
2436 4669 2717 4748 affirmas,
2751 4672 2808 4724 et
2837 4667 3053 4724 stultus
3083 4668 3228 4741 ipse,
3261 4668 3580 4742 sapientior
3627 4670 3732 4744 tibi

2087 4758 2301 4814 videris
2325 4761 2545 4830 septem
2567 4757 2708 4814 viris
2730 4756 3107 4830 loquentibus
3129 4759 3456 4830 parabolas.
3482 4759 3592 4816 Sed
3616 4759 3730 4814 sal-

2088 4852 2206 4903 tem
2233 4846 2546 4919 aliquando
2579 4845 2738 4902 disce
2769 4851 2978 4916 tacere;
3012 4846 3113 4920 qui
3145 4863 3442 4919 nunquam
3465 4843 3622 4916 loqui
3645 4843 3729 4900 di-

2088 4937 2306 4993 dicisti.

843 5059 1121 5143 Explzcit
1148 5061 1415 5143 reponsio
1442 5060 1659 5141 [ratrz's
1686 5059 2009 5123 Humberu'
2032 5062 2294 5144 episwpz'
2317 5069 2526 5124 contra
2556 5053 2780 5124 Nicetes
2810 5060 3221 5145 Masphemias.
