4004 6210
215 316 384 386 ίοοι

933 312 1034 378 DE
1081 313 1347 378 GESTlS
1395 312 1878 378 LEGATORUM
1925 313 2114 377 ROM.
2163 313 2393 377 PONT.
2439 315 2517 376 IN
2563 315 2773 380 URBE
2815 314 2934 379 CP.

3478 317 3635 383 1002

1791 639 2079 702 INCIPIT

672 791 1128 888 BREVIS
1197 793 1354 888 ET
1424 789 2120 888 SUCCINCTA
2191 789 3210 888 COMMEMORATIO

1826 1006 2045 1054 EORUM

395 1153 546 1225 Quae
573 1155 903 1232 gesserunt
930 1149 1290 1232 apocrisarii
1320 1149 1878 1232 sanctaszomanae
1905 1153 1970 1232 et
1997 1147 2353 1232 apostolicae
2393 1148 2554 1232 sedis
2590 1149 2657 1209 in
2692 1149 2868 1232 regia
2905 1150 3085 1226 urbe,
3120 1157 3183 1214 et
3212 1151 3480 1232 qualiter

1071 1230 1582 1294 anathematizati
1611 1233 1758 1291 sunt
1785 1227 2051 1290 Michael
2080 1245 2224 1291 cum
2252 1229 2620 1309 sequacibus
2649 1227 2799 1290 suis.

1735 1387 2142 1409 *1-

302 1523 348 1580 Ι.
367 1521 1483 1596 AnnoundeclmoimperiiConstantini
1507 1521 1877 1578 Monomachi
1905 1521 1962 1588 Α
1991 1521 2289 1594 pulverem
2320 1523 2534 1594 pedum
2557 1537 2798 1579 suorum
2828 1520 3205 1580 excusserein
3233 1522 3637 1582 testimonium

232 1610 552 1669 indictione
574 1629 674 1681 vn,
700 1612 826 1685 ipso
848 1612 940 1668 die
967 1613 1293 1669 nativitatis
1319 1612 1471 1669 beati
1498 1611 1744 1668 Joannis
1776 1613 1881 1668 Ba-

233 1701 448 1772 ptistae,
489 1701 930 1758 advenientibus
960 1719 994 1757 a
1024 1702 1270 1758 Domino
1314 1719 1468 1776 papa
1499 1702 1683 1757 Leone
1728 1717 1883 1756 nono

232 1788 608 1861 apocrisariis
638 1794 849 1847 sancta:
879 1790 1150 1846 Romana:
1181 1790 1358 1859 sedis,
1384 1789 1704 1846 Humberto
1725 1788 1884 1846 scili-

233 1881 328 1932 cet
353 1877 638 1934 cardinali
661 1879 930 1951 episcopo
947 1879 1114 1934 Silvae
1134 1879 1403 1936 Candidas
1429 1883 1486 1935 et
1499 1879 1668 1935 Petro
1690 1880 1795 1933 Am
1805 1877 1884 1934 al-

233 1965 612 2036 phitanorum
664 1967 1118 2041 archiepiscopo,
1154 1967 1444 2024 Friderico
1495 1982 1727 2039 quoque
1759 1966 1882 2021 dia-

233 2069 380 2109 cono
418 2058 474 2110 et
503 2054 870 2123 cancellario,
916 2057 987 2112 ad
1029 2057 1453 2113 monasterium
1495 2055 1685 2112 Studii
1732 2055 1885 2110 intra

231 2143 438 2199 urbem
483 2143 1208 2217 Constantinopolitanam.
1270 2145 1473 2201 Niceta
1532 2143 1879 2212 monachus,

231 2231 334 2303 qui
365 2235 422 2288 et
448 2233 806 2299 Pectoratus,
830 2237 964 2289 ante
992 2234 1363 2306 praesentiam
1388 2233 1610 2306 praefati
1630 2232 1885 2304 impera-

233 2319 380 2374 toris
425 2324 484 2376 et
511 2337 815 2393 procerum
847 2322 998 2393 ejus,
1033 2322 1444 2379 insistentibus
1485 2322 1630 2394 ipsis
1663 2321 1884 2376 nuntiis

233 2407 535 2477 Romanis,
569 2410 1078 2466 anathematizavit
1117 2413 1411 2484 quoddam
1440 2412 1727 2483 scriptum
1773 2409 1883 2464 sub

233 2513 343 2553 suo
401 2498 634 2554 nomine
664 2503 867 2555 contra
895 2500 1092 2555 sedem
1142 2500 1520 2572 apostolicam
1551 2504 1608 2555 et
1649 2514 1882 2554 omnem

235 2587 502 2643 Latinam
540 2587 858 2644 Ecclesiam
899 2589 1144 2658 editum,
1191 2594 1247 2645 et
1290 2589 1703 2662 praetitulatum
1739 2605 1751 2643 :
1804 2589 1885 2644 De

233 2691 456 2748 azyma,
481 2676 553 2732 de
573 2677 848 2744 Sabbato,
873 2678 946 2734 de
968 2679 1188 2751 nuptiis
1219 2679 1609 2734 sacerdotum.
1639 2679 1886 2748 Insuper

233 2763 748 2821 anathematizavit
769 2771 1030 2836 cunctos,
1063 2767 1163 2839 qui
1182 2766 1373 2838 ipsam
1404 2770 1669 2822 sanctam
1688 2764 1883 2820 Eccle-

235 2853 386 2909 siam
415 2854 741 2911 Romanam
773 2860 1054 2927 negarent
1086 2855 1338 2928 primam
1383 2855 1647 2911 omnium
1690 2853 1885 2909 Eccle-
1914 2892 1964 2956 B

234 2941 458 2999 siarum
489 2959 638 3010 esse,
669 2947 728 2999 et
752 2943 853 3015 qui
874 2943 1034 3001 illius
1055 2945 1230 3000 fidem
1254 2961 1485 3016 semper
1501 2943 1882 2999 orthodoxam

234 3035 658 3102 praeumerent
681 3031 741 3086 in
773 3031 968 3103 aliquo
991 3032 1434 3106 reprehendere.
1460 3031 1595 3088 Post
1615 3031 1733 3086 hmo
1763 3034 1882 3087 sta-

233 3117 343 3174 tim
375 3119 434 3174 in
457 3124 766 3193 conspectu
789 3121 1076 3190 omnium,
1100 3123 1174 3178 ad
1192 3121 1629 3195 suggestionem
1650 3137 1880 3177 eorum-

235 3207 370 3262 dem
402 3208 742 3264 nuntiorum
770 3209 1190 3277 Romanorum,
1213 3209 1399 3281 jussit
1421 3209 1574 3265 idem
1607 3208 1882 3266 orthodo-

232 3310 344 3350 xus
370 3294 687 3368 imperator
715 3299 1022 3370 przefatum
1071 3299 1303 3356 incendi
1337 3298 1647 3370 scriptum,
1681 3297 1882 3367 sicque

234 3383 346 3438 fuit
367 3383 715 3442 discessum.

306 3518 380 3573 Ῑῐ.
415 3519 692 3590 Sequenti
725 3523 920 3574 autem
952 3519 1044 3575 die
1069 3519 1377 3591 praedictus
1400 3519 1601 3574 Niceta
1621 3519 1769 3573 urbe
1795 3520 1885 3574 est

233 3622 511 3678 egressus
544 3625 556 3662 :
592 3607 742 3662 ultro
773 3608 918 3662 adiit
955 3607 1178 3680 legatos
1223 3608 1384 3679 ipsos
1415 3607 1569 3662 intra
1601 3607 1883 3679 palatium

235 3694 383 3766 Pigi.
415 3695 456 3748 A
487 3694 703 3766 quibus
735 3695 1027 3767 accipiens
1049 3696 1363 3767 perfectam
1397 3713 1638 3751 suarum
1675 3713 1884 3768 propo-

236 3781 521 3840 sitionum
536 3783 908 3852 solutionem,
925 3784 1137 3840 iterum
1153 3788 1360 3855 sponte
1377 3783 1887 3840 anathematizavit

236 3871 439 3929 omnia
474 3871 630 3927 dicta
658 3876 714 3928 et
745 3873 896 3928 facta
924 3872 1012 3928 vel
1043 3875 1268 3928 tentata
1307 3873 1588 3928 adversus
1631 3872 1882 3944 primam

237 3960 616 4033 apostolicam
647 3961 866 4017 sedem.
892 3960 994 4016 Hic
1016 3961 1087 4016 ab
1111 3960 1195 4016 eis
1212 3961 1271 4015 in
1294 3959 1770 4016 communionem
1797 3977 1885 4016 re-

238 4053 462 4122 ceptus,
493 4049 733 4106 etfectus
755 4053 1058 4106 esteorum
1099 4048 1409 4104 familiaris
1429 4047 1677 4104 amicus.
1711 4049 1886 4106 Porro

234 4138 392 4194 dicta
418 4139 502 4194 vel
537 4140 756 4212 scripta
775 4139 1117 4196 eorumdem
1139 4138 1482 4193 nuntiorum
1504 4137 1779 4193 adversus
1799 4139 1888 4193 di-

232 4242 434 4284 versas
457 4228 782 4284 calumnias
807 4229 1161 4295 Graecorum,
1185 4230 1242 4283 et
1259 4227 1512 4282 maxime
1529 4230 1732 4282 contra
1749 4227 1884 4282 scri-

235 4319 338 4388 pta
367 4315 666 4374 Michaelis
699 4315 1325 4388 Constantinopolitani
1369 4314 1650 4388 episcopi,
1683 4318 1740 4372 et
1771 4330 1880 4371 sae-

234 4404 450 4477 pedicti
479 4405 687 4462 Niceta:
720 4405 1012 4473 monachi,
1037 4407 1214 4476 jussu
1247 4404 1615 4476 imperatoris
1637 4405 1696 4459 in
1728 4405 1884 4460 Grae-

236 4509 374 4548 cum
405 4492 564 4548 fuere
612 4493 916 4563 translata,
957 4498 1016 4550 et
1057 4493 1117 4548 in
1155 4494 1360 4549 eadem
1410 4493 1553 4548 urbe
1599 4493 1884 4550 hactenus

240 4583 603 4636 conservata.

312 4713 414 4769 III.
449 4713 704 4771 Tandem
738 4715 1017 4771 Michaele
1043 4716 1416 4788 praesentiam
1455 4717 1798 4772 eorumdem
1831 4721 1889 4773 et

242 4801 601 4876 colloquium
635 4803 944 4871 devitante,
977 4807 1152 4875 atque
1181 4805 1240 4858 in
1273 4803 1524 4860 stultitia
1553 4821 1661 4860 sua
1689 4822 1886 4877 perse-

241 4897 500 4961 verante,
533 4893 754 4966 praefati
785 4892 981 4949 nuntii
1011 4909 1128 4948 xvn
1162 4892 1286 4949 Kal.
1327 4893 1578 4965 Augusti
1625 4893 1892 4949 adierunt

239 4980 560 5038 Ecclesiam
590 4983 813 5038 Sanctae
843 4980 1092 5054 Sophim,
1124 4984 1180 5036 et
1209 4998 1386 5053 super
1414 4981 1805 5038 obstinatione
1830 4982 1894 5037 il-

238 5068 357 5123 lius
382 5070 706 5141 conquesti,
737 5070 892 5126 clero
925 5087 994 5126 ex
1023 5086 1185 5125 more
1214 5069 1286 5124 ad
1320 5068 1532 5125 missas
1573 5074 1892 5143 praeparato

233 5155 365 5226 jam
389 5153 531 5210 hora
559 5157 730 5212 tertia
760 5157 876 5212 diei
908 5155 1171 5222 Sabbati,
1195 5155 1459 5211 chartam
1492 5159 1894 5214 excommuni-

1995 1610 2136 1680 illis,
2170 1612 2393 1667 dictum
2436 1611 2726 1684 Evangelii
2770 1611 3202 1685 proclamantes
3237 1629 3249 1666 :
3290 1613 3476 1668 Videat
3504 1615 3646 1671 Deus

1992 1708 2044 1755 et
2065 1700 2293 1771 judicet.
2329 1700 2474 1756 Hinc
2503 1701 2788 1756 ordinatis
2811 1701 3086 1758 Ecclesiis
3119 1701 3458 1759 Latinorum
3491 1702 3649 1761 intra

1995 1789 2187 1861 Ipsam
2201 1789 2763 1862 ConstantinOpolim
2774 1832 2786 1856 ,
2805 1794 2862 1845 et
2882 1791 3257 1847 anathemate
3272 1791 3409 1847 dato
3423 1793 3652 1849 cunctis

1994 1878 2093 1949 qui
2122 1877 2395 1949 deinceps
2426 1879 3006 1935 communicarentex
3019 1895 3198 1934 manu
3221 1879 3404 1936 Graeci
3434 1881 3644 1938 Roma-

1995 1982 2136 2022 num
2155 1966 2507 2022 sacriﬁcium
2521 1966 2638 2022 vitu
2648 1967 2926 2038 perantis,
2942 1967 3001 2022 in
3017 1967 3216 2023 osculo
3229 1967 3390 2039 pacis
3408 1973 3647 2040 accepta

1994 2055 2297 2110 orthodoxi
2311 2054 2679 2126 imperatoris
2697 2055 2932 2111 licentia
2945 2056 3647 2128 donisqueimperialibus

1994 2147 2194 2199 sancto
2226 2145 2392 2199 Petro
2424 2148 2480 2200 et
2510 2144 2641 2211 sibi,
2675 2145 2894 2201 alacres
2925 2161 3145 2217 cmpere
3177 2145 3384 2201 reverti
3413 2163 3486 2200 xv
3517 2145 3643 2202 Kal.

1992 2233 2268 2306 Augusti;
2290 2235 2391 2289 sed
2409 2233 2464 2287 ni
2477 2233 2592 2288 mia
2612 2234 2888 2289 instantia
2900 2251 3136 2306 precum
3156 2233 3458 2290 Michaelis
3475 2251 3648 2307 spon-

1994 2323 2186 2377 dentis
2216 2326 2357 2378 tunc
2382 2323 2620 2377 demum
2648 2338 2710 2377 se
2740 2323 3149 2378 conﬂicturum
3172 2339 3306 2377 cum
3329 2322 3436 2390 eis,
3465 2323 3647 2396 impe-

1995 2414 2154 2466 rator
2182 2410 2524 2482 compulsus
2556 2428 2588 2465 a
2619 2410 2935 2467 solembria
2965 2411 3176 2466 litteris
3207 2411 3332 2466 suis
3361 2427 3460 2466 eos
3484 2427 3645 2466 revo-

1994 2499 2144 2554 cavit
2172 2517 2277 2554 xm
2297 2499 2419 2553 Kal.
2443 2499 2713 2571 Augusti.
2737 2501 2860 2564 Quo
2881 2499 3057 2555 etiam
3080 2499 3172 2554 die
3195 2499 3537 2555 festinantes
3554 2515 3648 2555 re-

1995 2589 2181 2660 gressi
2213 2589 2570 2644 devenerunt
2600 2592 2671 2644 ad
2699 2587 2982 2661 palatium
3006 2587 3150 2660 Pigi.
3184 2589 3340 2652 Quos
3371 2587 3648 2660 praefatus

1997 2677 2238 2733 Michael
2282 2677 2627 2733 hmresiarca
2671 2677 3034 2749 comperiens
3080 2675 3319 2745 redisse,
3371 2676 3539 2748 quasi
3571 2677 3645 2732 ad

1995 2765 2308 2820 concilium
2343 2766 2663 2821 conabatur
2681 2765 2970 2822 adducere
2990 2766 3050 2820 in
3075 2765 3393 2822 Ecclesiam
3415 2767 3641 2822 Sancta

1993 2853 2239 2925 Sophim,
2275 2854 2540 2925 sequenti
2571 2854 2683 2922 die,
2708 2858 2773 2909 ut
2803 2859 3036 2910 ostensa
3056 2854 3279 2922 charta,
3304 2871 3482 2926 quam
3514 2871 3641 2911 om-

1994 2942 2134 2998 nino
2155 2947 2494 3015 corruperat
2512 2944 2935 3012 transferendo,
2961 2943 3349 3000 obruerentur
3373 2944 3590 3001 ibidem
3611 2961 3647 3000 a

1993 3030 2228 3104 populo.
2263 3031 2425 3095 Quod
2457 3033 2715 3104 prudens
2747 3031 3064 3104 imperator
3084 3049 3413 3105 praecavens
3444 3030 3636 3089 noluit

1992 3120 2192 3175 haberi
2205 3120 2439 3192 aliquod
2454 3121 2794 3193 concilium(
2811 3125 2818 3174 ἰ
2833 3123 2909 3192 2),
2925 3121 3040 3176 nisi
3055 3122 3248 3194 etipse
3261 3123 3490 3178 adesset
3504 3139 3642 3194 pre-

1993 3226 2148 3266 sens.
2183 3209 2446 3281 Cumque
2475 3209 2584 3266 hoc
2614 3211 2665 3265 ei
2696 3210 3010 3266 omimodis
3042 3210 3288 3267 Michael
3339 3210 3636 3268 contradi-

1992 3305 2164 3364 ceret,
2192 3298 2368 3369 jussit
2410 3302 2712 3371 Augustus
2744 3299 2902 3370 ipsos
2934 3300 3172 3355 nuntios
3203 3301 3512 3357 confestim
3542 3318 3635 3357 ar-

1992 3388 2181 3459 ripere
2211 3388 2339 3443 iter.
2372 3388 2532 3452 Quod
2565 3392 2620 3442 et
2649 3388 2866 3442 factum
2898 3391 3004 3443 est.
3038 3388 3213 3443 Porro
3243 3405 3495 3445 vesanus
3528 3389 3636 3444 Mi-

1991 3476 2156 3532 chael
2187 3475 2389 3532 dolens
2433 3492 2570 3530 suas
2605 3492 2719 3530 non
2750 3477 3060 3546 procedere
3089 3475 3355 3543 insidias,
3389 3478 3639 3533 concita-

1989 3567 2073 3621 vit
2119 3565 2451 3636 imperatori
2495 3563 2654 3635 vulgi
2705 3564 3052 3618 seditionem
3101 3565 3444 3634 maximam,
3474 3564 3635 3620 velut

1991 3654 2216 3710 nuntiis
2245 3655 2551 3724 cooperata
2580 3651 2751 3707 fuerit
2779 3653 2906 3722 ejus
2933 3652 3224 3707 voluntas.
3259 3653 3420 3709 Unde
3451 3653 3639 3725 impe-

1992 3745 2224 3816 perator
2252 3743 2508 3804 coactus,
2538 3740 2886 3810 interpretes
2927 3740 3267 3796 Latinorum
3291 3741 3538 3798 Paulum
3567 3759 3639 3800 ac

1995 3831 2181 3886 filium
2214 3829 2340 3900 ejus
2372 3829 2763 3900 Smaragdum
2785 3845 2965 3884 caesos
2986 3831 3043 3884 et
3071 3829 3346 3886 detonsos
3371 3829 3642 3886 Michaeli

1993 3918 2268 3984 tradidit;
2321 3916 2522 3987 sicque
2560 3917 2850 3972 tumultus
2898 3917 2995 3972 ille
3025 3917 3375 3989 conquievit.
3425 3918 3642 3976 Verum

1996 4009 2316 4079 imperator
2336 4008 2468 4077 post
2480 4005 2721 4060 nuntios
2736 4005 3027 4061 Romanos
3046 4005 3281 4062 directis
3293 4006 3440 4073 suis,
3456 4023 3646 4063 exem-

1996 4096 2125 4169 plar
2154 4093 2775 4152 excommunicationis
2794 4093 3167 4150 verissimum
3191 4113 3224 4151 a
3244 4095 3474 4152 civitate
3495 4096 3646 4153 Rus-

1997 4202 2196 4242 sorum
2230 4183 2545 4239 remissum
2579 4182 2689 4238 sibi
2720 4183 2963 4256 accepit,
2988 4183 3330 4256 civibusque
3357 4184 3642 4254 exhibuit,

1913 4253 1956 4319 (ἶ
1997 4291 2062 4331 ac
2092 4274 2327 4329 tandem
2372 4271 2718 4328 Michaelem
2750 4253 2992 4329 falsasse
3023 4253 3287 4329 chartam
3317 4253 3646 4347 legatorum

1992 4362 2276 4435 comperit
2301 4365 2477 4432 atque
2507 4360 2774 4416 convicit.
2811 4363 3010 4434 Itaque
3040 4366 3391 4433 commotus,
3423 4363 3646 4420 amicos

1995 4457 2052 4509 et
2080 4451 2286 4508 affines
2318 4449 2504 4522 ipsius
2529 4449 2851 4507 honoribus
2877 4451 3132 4524 privatos
3153 4469 3187 4508 a
3207 4451 3422 4525 palatio
3454 4452 3645 4509 elimi-

1995 4540 2172 4608 navit,
2204 4544 2520 4611 contraque
2550 4538 2745 4610 ipsum
2777 4556 2966 4612 usque
2991 4557 3146 4596 nunc
3177 4557 3380 4613 graves
3410 4541 3528 4597 iras
3562 4557 3648 4597 re-

1996 4629 2192 4685 tinuit.
2238 4628 2497 4700 Denique
2535 4629 2830 4700 exemplar
2867 4629 3082 4685 chartze
3114 4630 3647 4686 excommunicato-

1998 4719 2095 4774 τίω
2127 4722 2216 4773 est
2245 4717 2359 4773 tale
2395 4735 2406 4771 :

2077 4827 2103 4858 α
2149 4806 2528 4872 HUMBERTUS,
2578 4804 2678 4859 Dei
2733 4804 2921 4876 gratia
2969 4805 3284 4862 cardinalis
3333 4805 3646 4877 episcopus

2000 4899 2212 4952 sanctae
2243 4909 2495 4948 romanae
2540 4891 2842 4960 Ecclesiae;
2878 4893 3104 4964 PETRUS
3160 4892 3648 4948 Amalfitanorum

2001 4983 2516 5055 archiepiscopus;
2552 4980 2921 5050 FRIDERICUS,
2958 4982 3238 5037 diaconus
3277 4985 3333 5036 et
3371 4979 3651 5037 cancella-

2001 5073 2148 5140 rius,
2172 5071 2446 5127 omnibus
2472 5067 2770 5123 catholicae
2802 5070 3066 5126 Ecclesia:
3100 5069 3253 5124 filiis.

2079 5181 2106 5210 «
2136 5160 2350 5214 Sancta
2376 5160 2432 5211 et
2455 5157 2716 5211 Romana
2738 5157 2930 5228 prima
2949 5163 3004 5214 et
3033 5155 3351 5230 apostolica
3381 5159 3552 5216 sedes
3577 5159 3652 5217 ad

245 5240 494 5298 cationis
515 5260 690 5315 super
705 5243 1026 5316 principale
1042 5243 1222 5300 altare
1238 5249 1560 5315 posuerunt
1579 5248 1690 5302 sub
1711 5247 1897 5304 oculis
2006 5265 2183 5320 quam
2211 5250 2492 5316 tanquam
2527 5245 2600 5300 ad
2622 5249 2797 5316 caput
2819 5245 3149 5304 sollicitudo
3174 5247 3439 5304 omnium
3461 5248 3653 5306 Eccle-

244 5330 550 5406 przesentis
574 5331 711 5387 cleri
741 5336 798 5388 et
834 5331 1056 5405 populi.
1091 5332 1230 5388 Inde
1258 5349 1394 5388 mox
1423 5335 1665 5406 egressi,
1713 5337 1890 5392 etiam

2007 5337 2229 5394 siarum
2299 5332 2613 5405 specialius
2683 5335 2952 5406 pertinet,
3018 5336 3422 5394 ecclesiasticas
3491 5339 3654 5410 pacis

321 5501 435 5576 (12)
463 5498 977 5584 Narratcontraria
996 5499 1256 5587 Michael;
1279 5499 1656 5587 asseritenim
1677 5501 1897 5587 legatos
1927 5510 1974 5578 ι)
2006 5501 2810 5587 ίυίεξρηθξωρωῑῃμηίοαιοεε-
2836 5506 2982 5587 Vide
3012 5505 3316 5587 Michaelis
3347 5507 3656 5587 epistolam

251 5570 490 5650 semper
527 5571 794 5630 renuisse
847 5570 1161 5627 concilium
1199 5575 1258 5628 et
1307 5571 1679 5671 imperatoris
1719 5570 1896 5650 jussu
1931 5570 1968 5578 ⁷
2007 5577 2162 5654 apud
2194 5573 2438 5636 Coteler.
2473 5575 2733 5635 Monum.
2769 5577 3034 5638 Ecclesiis
3067 5580 3161 5638 Gr.
3192 5582 3333 5637 tom.
3369 5570 3440 5638 II.

567 5700 838 5770 Panos.
881 5696 1143 5767 CXLIII.
