4004 6210
346 356 382 414 ’1
394 355 512 415 003

1371 351 1853 418 HUMBEBTUS
1900 356 1965 417 S.
2014 352 2084 415 Η.
2133 352 2202 415 Ε.
2251 351 2744 419 CARDINALIS.

3605 352 3798 419 Π)οι

341 488 413 541 et
437 484 706 540 utilitatis
733 485 922 557 gratia
951 487 1021 540 ad
1057 486 1207 542 hanc
1237 488 1459 557 regiam
1490 488 1694 541 urbem
1727 503 1829 542 nos
1854 502 1993 557 apo-
2024 489 2079 554 Α
2108 487 2305 541 domni
2356 488 2538 543 nostri
2588 505 2746 559 papae
2781 489 2982 544 Leonis
3027 482 3364 542 admonitus
3409 486 3771 559 resipiscere

357 574 627 631 crisarios
676 591 814 631 suos
853 576 1040 631 facere
1086 576 1325 648 dignata
1373 580 1480 643 est,
1529 594 1605 631 ux
1640 577 1809 647 juxta
1839 577 1995 647 quod

356 663 640 735 scriptum
675 668 783 730 est,
817 665 1304 721 descenderemus
1336 670 1391 720 et
1420 665 1748 720 videremus
1799 671 1997 719 utrum

356 767 527 823 opere
557 753 881 824 completus
913 753 989 808 sit
1017 753 1256 820 clamor,
1283 754 1381 825 qui
1408 754 1532 807 sine
1563 753 1999 807 intermissione

357 855 425 896 ex
453 844 615 896 tanta
645 842 789 897 urbe
821 842 1157 897 conscendit
1185 843 1258 897 ad
1289 844 1415 913 ejus
1447 858 1638 913 aures,
1675 846 1773 896 aut
1802 842 1849 895 si
1883 858 1997 895 non

358 932 448 985 est
473 928 575 995 ita,
603 933 669 984 ut
691 930 884 985 sciret.
919 932 1305 996 Quamobrem
1338 934 1692 1002 cognoscant
1717 936 1848 984 ante
1872 947 2001 984 om-

359 1018 458 1074 nia
485 1018 723 1090 gloriosi
767 1019 1167 1090 imperatores,
1199 1019 1409 1085 clerus,
1444 1025 1681 1074 senatus
1710 1024 1766 1073 et
1818 1035 2001 1088 popu-

359 1106 455 1162 lus
484 1106 664 1179 hujus
694 1108 1349 1180 Constantinopolitanae
1378 1108 1561 1171 urbis,
1593 1111 1650 1161 et
1670 1106 1863 1161 omnis
1898 1108 1999 1160 lic-

360 1194 537 1250 clesia
566 1195 851 1251 catholica
880 1212 986 1251 nos
1019 1196 1110 1250 hic
1146 1195 1505 1267 perscnsisse
1535 1210 1815 1263 magnum
1849 1194 2003 1247 unde

361 1284 732 1340 vehementer
766 1285 825 1339 in
857 1285 1105 1339 Domino
1135 1284 1460 1355 gaudemus
1483 1285 1721 1350 bonum,
1749 1287 1806 1337 et
1828 1281 2004 1336 maxi-

362 1388 525 1428 mum
557 1374 711 1428 unde
731 1372 1140 1428 miserabiliter
1155 1372 1590 1436 contristamur,
1615 1370 1839 1430 malum
1858 1371 2002 1426 Nam

362 1464 650 1531 quantum
679 1461 751 1515 ad
773 1459 1077 1515 columnas
1110 1460 1338 1532 imperii
1370 1464 1425 1514 et
1446 1459 1758 1514 honoratos
1779 1460 1905 1529 ejus
1924 1458 2003 1513 ci—
2029 1472 2031 1475 '

361 1563 460 1603 ves
490 1548 781 1620 sapientes
826 1549 1326 1604 Christianissima
1354 1553 1410 1602 et
1443 1548 1761 1603 orthodoxa
1809 1552 1896 1602 est
1924 1547 2004 1601 ci-

361 1635 530 1691 vitas.
579 1639 871 1702 Quantum
904 1641 1097 1692 autem
1139 1638 1209 1691 ad
1245 1635 1586 1691 Michaelem
1619 1635 1854 1691 abusive
1884 1635 2002 1689 dic-

360 1728 489 1781 tum
520 1726 937 1797 patriarcham,
968 1731 1026 1781 et
1067 1726 1194 1797 ejus
1227 1724 1482 1781 stultitia)
1512 1727 1789 1791 fautores,
1825 1724 2006 1778 nimia

361 1816 583 1871 zizania
629 1816 923 1872 haereseon
977 1814 1238 1886 quotidie
1290 1816 1657 1869 seminantur
1705 1814 1763 1867 in
1814 1814 2004 1868 medio

361 1907 509 1977 ejus.
547 1905 694 1971 Quia
722 1906 874 1959 sicut
896 1903 1210 1959 Simoniaci
1231 1904 1448 1957 donum
1471 1904 1568 1957 Dei
1594 1904 1891 1971 vendunt;
1923 1904 2001 1959 si-

362 1999 460 2050 cut
490 1994 698 2050 Valesii
727 1993 989 2064 hospites
1016 2009 1155 2047 suos
1177 1996 1455 2058 castrant,
1480 1996 1537 2046 et
1566 2008 1679 2045 non
1715 1992 1904 2046 solum
1929 1992 1999 2046 ad

360 2082 696 2138 clericatum
729 2081 829 2137 sed
852 2081 1092 2151 insuper
1112 2080 1183 2134 ad
1206 2080 1607 2151 episcopatum
1641 2084 1999 2150 promovent;

360 2171 511 2227 sicut
537 2170 735 2227 Ariani
766 2169 1125 2241 rebaptizant
1156 2168 1212 2222 in
1247 2167 1479 2223 nomine
1511 2172 1721 2222 sanctae
1754 2169 2002 2222 Trinita-

360 2261 437 2317 tis
468 2261 812 2333 baptizatos,
837 2264 895 2313 et
926 2258 1178 2313 maxime
1202 2257 1434 2312 Latinos
1459 2274 1472 2319 ;
1506 2257 1657 2311 sicut
1686 2257 2000 2311 Donatista:

361 2350 678 2413 afﬁrmant,
710 2352 946 2418 excepta
976 2347 1303 2401 Graecorum
1352 2344 1628 2409 Ecclesia,
1681 2345 1997 2401 Ecclesiam

359 2436 570 2491 Christi
616 2439 671 2489 et
699 2450 899 2489 verum
929 2432 1278 2488 sacrificium
1312 2437 1484 2503 atque
1525 2433 1885 2504 baptismum
1934 2450 2001 2488 ex

359 2528 480 2579 toto
511 2523 730 2578 mundo
760 2522 1001 2594 periisse
1027 2547 1040 2589 ;
1091 2522 1241 2576 sicut
1269 2520 1561 2575 Nicolaitze
1605 2522 1866 2577 carnales
1898 2540 2001 2577 nu-

360 2611 511 2685 ptias
542 2612 868 2667 concedunt
898 2614 954 2665 et
982 2610 1303 2664 defendunt
1346 2610 1495 2665 sacri
1543 2610 1743 2666 altaris
1795 2611 1997 2667 minis-

358 2702 496 2771 tris;
525 2701 675 2757 sicut
694 2699 985 2756 Severiani
1016 2698 1383 2754 maledictum
1398 2700 1599 2754 dicunt
1619 2699 1803 2771 legem
1837 2701 2000 2772 Moy-

360 2790 476 2860 sis;
508 2791 660 2846 sicut
684 2788 1199 2843 Pneumatomachi
1229 2788 1317 2843 vel
1339 2787 1696 2843 Theumachi
1731 2790 1996 2844 abscide-

360 2883 500 2936 runt
528 2896 562 2934 a
590 2876 855 2951 symbolo
885 2876 1139 2949 Spiritus
1170 2877 1355 2933 sancti
1386 2877 1819 2949 proccssionem
1851 2895 1885 2933 a
1916 2878 1999 2931 Fi-

361 2969 469 3038 lio;
503 2968 654 3024 sicut
686 2966 988 3022 Manichaai
1018 2966 1168 3021 inter
1196 2967 1330 3037 alia,
1355 2967 1654 3038 quodlibet
1686 2967 1998 3021 fermenta-

363 3062 488 3115 tum
531 3058 788 3113 fatentur
827 3056 1157 3112 animatum
1183 3072 1343 3124 esse;
1378 3056 1529 3110 sicut
1560 3055 1840 3109 Nazareni
1880 3072 2001 3110 car-

363 3147 555 3204 nalem
581 3148 918 3203 Judaaorum
949 3145 1300 3200 munditiam
1323 3146 1465 3200 adeo
1487 3148 1737 3212 servant,
1774 3147 1837 3197 ut
1868 3161 1998 3215 par-

2036 1852 2080 1915 B

363 3236 531 3295 vulos
582 3236 896 3292 morientes
945 3238 1078 3290 ante
1130 3238 1398 3289 octavum
1447 3251 1481 3288 a
1520 3232 1816 3287 nativitate
1848 3233 2001 3287 diem
2034 3215 2074 3280 C

366 3327 647 3401 baptizari
670 3324 1088 3392 contradicunt,
1117 3328 1172 3378 et
1202 3322 1474 3377 mulieres
1498 3322 1556 3375 in
1588 3324 1887 3377 menstruo
1917 3321 2005 3377 vel

362 3417 425 3473 in
454 3406 625 3489 partu
656 3413 1052 3488 periclitantes
1097 3410 1536 3475 communicari,
1568 3409 1653 3464 vel
1686 3410 1735 3464 si
1768 3426 2004 3481 pagana:

364 3505 579 3562 fuerint
609 3504 889 3577 baptizari
921 3501 1289 3575 prohibeant,
1332 3504 1387 3555 et
1420 3498 1662 3570 capillos
1701 3498 1909 3569 capitis
1940 3514 2005 3552 ac

360 3596 551 3653 barba:
582 3595 905 3649 nutrientes
929 3608 1027 3647 eos
1049 3590 1149 3662 qui
1171 3604 1396 3644 comam
1426 3587 1691 3653 tundent,
1720 3590 1777 3640 et
1798 3602 2004 3641 secun-

358 3685 502 3741 dum
524 3675 1508 3739 institutionemltomanzeEcclesiae
1533 3675 1745 3730 barbas
1769 3674 2000 3741 radunt,

357 3775 419 3831 in
441 3772 852 3830 communione
882 3786 996 3825 non
1018 3767 1320 3840 recipiant.
1348 3766 1451 3820 Pro
1472 3765 1688 3835 quibus
1710 3761 2004 3818 erroribus

354 3866 416 3921 et
464 3861 595 3919 aliis
641 3860 910 3934 pluribus
952 3855 1119 3913 factis
1169 3855 1312 3925 suis,
1362 3855 1486 3926 ipse
1518 3850 1764 3908 Michael
1794 3849 2005 3907 litteris

425 4041 539 4119 (13)
569 4039 678 4108 Qui
709 4038 928 4116 azymis
959 4037 1018 4095 in
1043 4035 1329 4095 sacriﬁcio
1362 4034 1445 4091 uti
1479 4035 1785 4107 respuunt.

2107 576 2476 647 contempsit.
2512 578 2755 648 Insuper
2776 577 2944 633 nobis
2966 577 3189 632 nuntiis
3213 576 3395 643 illius,
3420 592 3604 632 causa
3624 582 3765 634 tan-

2107 670 2297 718 torum
2320 664 2606 719 malorum
2630 665 3055 722 rationabiliter
3076 664 3765 737 reprimerevolentibus,

2108 753 2476 823 praesentiam
2509 771 2675 809 suam
2708 760 2763 809 et
2792 755 3150 826 colloquium
3194 753 3523 826 denegavit,
3558 759 3617 810 et
3665 757 3771 813 Ec-

2110 841 2318 896 clesias
2353 843 2420 895 ad
2456 843 2670 899 missas
2703 846 2993 915 agendum
3018 842 3334 912 interdixit,
3352 844 3576 900 sicutet
3597 846 3770 917 prius

2113 931 2448 985 Latinorum
2472 932 2759 987 Ecclesiae
2782 934 3087 999 clauserat,
3122 937 3178 988 et
3207 949 3305 989 eos
3337 938 3635 1005 azymatas
3664 952 3772 991 vo-

2110 1036 2273 1084 cans,
2306 1020 2495 1075 verbis
2524 1025 2580 1075 et
2611 1022 2779 1077 factis
2814 1022 3034 1094 ubique
3056 1025 3399 1093 persecutus
3430 1022 3622 1079 fuerat
3652 1041 3665 1078 2
3702 1024 3768 1079 in

2111 1110 2358 1173 tantum,
2411 1111 2475 1161 ut
2507 1108 2565 1162 in
2610 1108 2747 1164 ﬁliis
2796 1111 2920 1165 suis
2957 1109 3507 1166 anathematizasset
3560 1114 3767 1168 sedem

2111 1193 2513 1264 apostolicam,
2538 1201 2741 1252 contra
2770 1214 2947 1268 quam
2971 1215 3032 1252 se
3054 1198 3246 1253 adhuc
3277 1197 3482 1253 scribit
3506 1215 3765 1255 mcume-

2112 1285 2307 1337 nicum
2333 1284 2908 1353 patriarcham.Undc
2932 1304 3037 1342 nos
3058 1286 3296 1357 quidem
3320 1292 3535 1342 sanctae
3559 1288 3763 1360 prima:

2112 1372 2441 1443 apostolicae
2475 1373 2628 1427 sedis
2662 1373 2986 1429 inauditam
3036 1374 3454 1430 contumeliam
3500 1381 3557 1431 et
3602 1376 3763 1448 inju-

2112 1460 2257 1515 riam
2307 1478 2422 1515 non
2480 1462 2749 1531 ferentes,
2800 1461 3269 1535 catholicamque
3328 1463 3499 1519 ﬁdem
3548 1463 3764 1520 subrui

2113 1548 2315 1604 multis
2346 1550 2538 1604 modis
2565 1551 2956 1619 attendentes,
2982 1550 3328 1608 auctoritate
3356 1556 3561 1608 sancta:
3580 1556 3639 1608 et
3668 1552 3766 1605 in-

2113 1636 2359 1690 dividua:
2392 1637 2693 1692 Trinitatis
2716 1643 2889 1710 atque
2911 1639 3241 1711 apostolicae
3274 1640 3451 1709 sedis,
3480 1640 3650 1709 cujus
3670 1639 3765 1692 le-

2113 1727 2344 1795 gatione
2378 1726 2700 1797 fungimur,
2725 1732 2781 1783 et
2801 1734 3143 1784 cunctorum
3175 1729 3629 1785 orthodoxorum
3654 1727 3767 1783 Pa-

2116 1817 2271 1866 trum
2305 1830 2373 1868 ex
2405 1814 2668 1870 conciliis
2697 1821 2921 1888 septem
2953 1823 3125 1889 atque
3154 1818 3337 1872 totius
3368 1816 3637 1873 Ecclesiae
3667 1831 3770 1871 ca-

2110 1900 2335 1955 tholica:
2366 1904 2744 1969 anathemati,
2786 1907 2934 1977 quod
2987 1911 3184 1960 noster
3230 1905 3771 1961 reverendissimus

2112 2005 2263 2061 papa
2294 1990 2491 2046 itidem
2525 1992 2789 2047 Michaeli
2821 1998 2877 2047 et
2903 1993 3027 2048 suis
3058 1993 3428 2063 sequacibus,
3466 1994 3581 2047 nisi
3617 1993 3773 2048 resi-

2112 2076 2422 2147 piscerent,
2456 2080 2840 2144 denuntiavit,
2876 2081 2950 2133 ita
2995 2079 3440 2134 subscribimus.

2184 2189 2210 2213 ‹‹
2248 2166 2468 2222 Michac
2497 2168 2774 2223 abusivus
2807 2166 3133 2237 patriarcha
3162 2166 3516 2237 necphytus,
3550 2170 3609 2220 et
3643 2166 3778 2223 solo

2112 2253 2366 2309 humano
2384 2256 2583 2310 timore
2598 2255 2859 2310 habitum
2878 2255 3300 2310 monachorum
3315 2256 3590 2324 adeptus,
3605 2272 3773 2310 nunc

2111 2342 2286 2396 etiam
2318 2343 2659 2397 criminibus
2708 2343 2980 2413 pessimis
3015 2342 3386 2406 diffamatus,
3419 2345 3593 2412 atque
3624 2359 3766 2397 cum

2110 2446 2175 2485 eo
2218 2431 2325 2485 Leo
2366 2431 2696 2485 Acridanus
2728 2430 3039 2502 episcOpus
3071 2430 3285 2495 dictus,
3328 2433 3386 2484 et
3416 2428 3768 2485 sacellarius

2109 2518 2294 2589 ipsius
2309 2518 2625 2583 Michaelis,
2640 2518 3082 2582 Constantinus,
3103 2517 3203 2589 qui
3218 2517 3558 2573 Latinorum
3582 2517 3770 2572 sacri-

2109 2608 2305 2662 ficium
2327 2608 2583 2679 profanis
2601 2607 3224 2677 conculcavitpedibus
3248 2611 3305 2662 et
3324 2622 3529 2662 omnes
3551 2622 3767 2677 sequa-

2109 2713 2204 2751 ces
2217 2713 2415 2751 eorum
2434 2696 2490 2750 in
2515 2696 2770 2767 praefatis
2783 2696 3080 2751 erroribus
3101 2699 3159 2750 et
3176 2694 3765 2767 prmsumptionibus,

2109 2785 2227 2839 sint
2257 2784 2571 2839 anathema
2602 2784 2963 2851 Maranatha,
2990 2800 3124 2838 cum
3164 2782 3536 2847 Simoniacis,
3566 2782 3762 2838 Valle-

2109 2874 2234 2941 siis,
2295 2873 2547 2938 Arianis,
2608 2872 2949 2937 Donatistis,
3022 2871 3343 2936 Nicolaitis,
3402 2870 3756 2941 Severianis,

2110 2960 2662 3016 Pneumatomachis
2677 2968 2733 3016 et
2748 2961 3101 3029 Manichazis,
3126 2964 3181 3015 et
3202 2959 3534 3029 Nazarenis,
3547 2963 3605 3014 et
3624 2975 3762 3014 cum

2109 3051 2384 3104 omnibus
2414 3050 2840 3115 hzereticis,imo
2859 3066 2991 3104 cum
3023 3048 3253 3104 diabolo
3276 3053 3335 3104 et
3354 3047 3581 3120 angelis
3609 3048 3763 3119 ejus,

2111 3137 2223 3193 nisi
2258 3138 2401 3192 forte
2424 3137 2798 3207 resipuerint.
2832 3138 3039 3203 Amen,
3075 3152 3266 3204 amen,
3300 3152 3492 3193 amen.
3531 3156 3558 3183 »

2113 3282 2246 3335 Item
2274 3280 2385 3333 alia
2414 3281 2902 3334 cxcommunicatz'o
2953 3279 3155 3334 ibidem
3185 3281 3331 3349 facta
3362 3280 3422 3333 in
3461 3279 3761 3350 praesentia

2282 3353 2626 3421 imperatoris
2674 3360 2722 3405 et
2751 3353 3078 3421 optimatum
3110 3351 3245 3421 ejus,
3278 3352 3402 3405 viva
3432 3366 3553 3406 voce
3572 3367 3591 3403 :

2187 3515 2213 3541 ‹‹
2256 3492 2595 3564 Quicunque
2631 3492 2763 3547 fidei
2795 3495 3008 3546 sanctae
3041 3492 3313 3547 Romanas
3344 3496 3401 3547 et
3431 3490 3765 3564 apostolicae

2114 3582 2269 3637 sedis
2301 3581 2545 3653 ejusque
2594 3581 2878 3635 sacriﬁcio
2911 3580 3285 3652 pertinaciter
3324 3570 3766 3649 contradixcrit,

2113 3670 2190 3724 sit
2219 3668 2553 3737 anathema,
2588 3668 2949 3735 Maranatha,
2999 3684 3102 3723 nec
3148 3667 3436 3725 habeatur
3476 3666 3765 3724 Christia-

2114 3776 2226 3815 nus
2256 3756 2598 3829 catholicus,
2633 3759 2733 3815 sed
2764 3756 3085 3832 prozymita
3114 3756 3225 3829 (13)
3256 3756 3586 3829 haereticus,
3612 3757 3763 3826 Fiat,

2113 3849 2236 3920 fiat,
2266 3848 2387 3905 ﬁat.
2420 3868 2445 3902 υ
