4004 6210
375 263 524 332 1011

1379 260 1864 329 HUMBERTUS
1910 265 1975 327 S.
2023 264 2098 327 R.
2144 265 2214 328 E.
2261 263 2754 329 CARDINALIS.

3623 259 3826 326 1012

371 400 437 460 X.
468 403 545 459 De
586 401 987 472 imperfectione
1016 399 1353 469 baptismatis
1381 399 1761 455 hazreticorum
1789 407 2011 453 senten-
2042 398 2099 465 Α
2124 398 2293 455 XVII.
2328 399 2723 471 Recapitulatio
2769 397 2921 454 unde
2967 413 3155 470 supra.
3196 393 3402 452 Deinde
3452 392 3602 451 beati
3671 394 3815 452 Au-

447 494 544 547 tize
570 492 881 545 sanctorum
910 490 1161 541 Patrum.

373 580 464 636 XI.
493 579 590 635 Ubi
612 585 926 631 sanctorum
964 578 1195 629 Patrum
1240 576 1528 630 sententia:
1571 577 1920 644 promuntur,
1955 576 2015 628 in

444 666 637 736 quibus
666 668 778 719 sint
810 665 1056 719 haeretici
1086 664 1323 718 vitandi.

375 754 493 811 XII.
526 757 600 809 De
640 754 1079 809 ordinationibus
1137 753 1537 817 tuereticorum,
1575 752 1744 822 juxta
1798 752 2018 805 beatum

446 845 840 901 Innocentium.

373 933 521 989 XIII.
558 932 703 988 Unde
725 948 910 1001 supra,
943 931 1241 985 secundum
1271 932 1484 985 beatum
1516 931 1854 998 Gregorium.

376 1021 519 1076 XIV.
568 1020 959 1091 Recapitulatio
1014 1020 1359 1089 superiorum
1414 1019 1807 1072 sententiarum
1871 1017 2019 1071 beati

451 1110 696 1177 Gregorii
724 1112 912 1163 contra
943 1109 1107 1173 falsos
1136 1111 1623 1177 argumentatores.

378 1198 497 1253 XV.
530 1199 604 1255 De
618 1199 859 1268 propriis
888 1200 939 1251 et
969 1197 1288 1266 impropriis
1314 1195 1661 1260 dictionibus,
1694 1197 1742 1249 et
1778 1195 2019 1249 vanitate

449 1288 908 1342 Simoniacorum.

376 1375 522 1433 XVI.
555 1374 833 1431 Sententia
858 1375 1038 1429 sancti
1066 1373 1337 1429 Ambrosii
1370 1373 1436 1429 de
1460 1371 1897 1431 ordinationibus
1931 1372 2016 1428 Si-

450 1465 849 1519 moniacorum.

2197 490 2405 559 gustini
2432 490 2727 544 sententia.

2128 578 2326 632 XVIII.
2353 579 2427 631 De
2454 577 2824 632 mercantibus
2848 576 3273 633 ecclesiasticam
3299 575 3629 645 dignitatem
3657 590 3811 630 san-

2198 673 2405 721 ctorum
2437 670 2669 720 Patrum
2696 667 3000 720 sententiae.

2130 754 2273 808 XIX.
2299 755 2555 824 Repulsio
2584 770 2771 809 eorum
2802 756 2898 824 qui
2924 754 3117 808 dicunt
3153 752 3500 809 Simoniaeos
3540 754 3815 823 gratiam

2203 843 2405 898 habere
2429 860 2462 897 α
2492 860 2599 913 qua
2630 843 2995 913 deponantur.

2129 930 2243 984 XX.
2281 931 2430 998 Quod
2460 930 2760 985 Simoniaei
2784 932 2902 986 sine
2932 930 3037 1001 ﬁde
3063 931 3197 998 sint,
3229 929 3475 1001 quodque
3501 931 3612 987 sibi
3657 947 3811 988 con-

2198 1020 2490 1074 sentientes
2520 1019 2627 1089 ﬁde
2652 1022 2891 1091 privent.

2130 1107 2270 1163 XXI.
2306 1109 2556 1178 tteputsio
2587 1125 2775 1164 eorum
2803 1110 2900 1180 qui
2929 1109 3115 1163 dicunt
3144 1107 3339 1163 haberi
3362 1112 3411 1163 et
3432 1109 3581 1180 juste
3614 1123 3812 1178 posse-

2198 1196 2324 1250 dari
2346 1196 2618 1267 Spiritum
2646 1206 2895 1252 sanctum
2927 1197 2995 1251 ab
3024 1212 3083 1251 eo
3114 1197 3212 1267 qui
3242 1196 3447 1263 iniuste
3477 1198 3711 1268 accepit.

2130 1284 2451 1354 Expliciunt
2478 1286 2725 1356 capitula
2755 1286 2890 1341 libri
2915 1286 3090 1357 primi
3130 1284 3568 1341 Antisimoniaci.

1234 1687 1695 1782 INCIPIT
1775 1686 2392 1781 LIBELLUS
2463 1688 2928 1782 PRIMUS

378 1861 591 1919 Contra
617 1862 918 1920 haereticos
948 1866 1005 1919 et
1034 1862 1283 1936 maxime
1312 1862 1698 1936 Simoniacos,
1731 1861 1917 1936 instar
1947 1860 2163 1936 dialggi
2185 1864 2306 1936 sub
2336 1864 2572 1920 nomine
2603 1865 2970 1936 Corruptoris
2999 1866 3056 1919 et
3085 1862 3463 1934 Correptoris,
3483 1860 3683 1918 editus
3719 1859 3797 1915 ab

1156 1933 1494 2001 Humberto,
1529 1937 1740 1989 sanctae
1769 1934 2039 1989 Romanis
2069 1933 2338 1990 Ecclesiae
2370 1936 2649 1991 cardinali
2702 1933 2991 2009 episcopo.

908 2166 1133 2222 CAPUT
1172 2166 1481 2221 PRIMUM.

447 2254 808 2313 Coannp'ron.
843 2254 906 2310 In
937 2255 1065 2327 ipso
1097 2254 1497 2310 controversiae
1530 2270 1651 2309 suae
1702 2252 2014 2319 vestibulo,

375 2344 624 2417 praefixis
655 2343 878 2415 aliquot
908 2344 979 2398 ad
1011 2342 1406 2398 defensionem
1432 2342 1521 2397 sui
1546 2358 1906 2413 suorumque
1928 2358 2019 2397 ca-

376 2431 785 2505 pitulis,quasi
817 2432 1171 2502 quibusdam
1204 2431 1552 2503 muscipulis
1578 2431 1790 2502 aptatis
1811 2435 2019 2486 autca-

377 2519 543 2575 sibus
557 2520 627 2574 ad
640 2518 1079 2592 illaqueandum
1094 2520 1356 2575 incautos
1372 2520 2018 2592 praetensis,subversus

377 2608 690 2665 subversor
730 2613 906 2680 atque
937 2609 1213 2663 seductus
1238 2609 1528 2675 seductor,
1543 2610 1777 2664 tandem
1808 2607 2020 2663 violen-

375 2701 473 2753 tus
486 2698 559 2752 ab
578 2696 925 2753 insidiarum
943 2697 1228 2754 cuniculis
1248 2699 1692 2771 emergit,atque
1713 2699 1770 2753 in
1791 2698 1909 2753 haec
1927 2716 2017 2754 ar-

377 2792 659 2859 gumenta
672 2787 742 2841 ad
759 2783 1163 2842 suﬁ‘ocanduin
1186 2786 1441 2841 irretitos
1465 2792 1698 2859 repente
1724 2787 1979 2857 erumpit
2003 2805 2016 2843 :

449 2876 815 2931 Connumoa.
832 2876 976 2930 «His
996 2892 1132 2948 ergo
1164 2875 1393 2931 reiectis
1425 2876 2018 2948 capitulis,ojustitia2

378 2962 707 3031 dilectores,
722 2962 1262 3034 liquidiusaudistis
1284 2964 1439 3034 quod
1459 2981 1491 3018 a
1507 2965 2021 3036 pseudoepiscopis

382 3050 672 3108 ordinatio
695 3053 846 3108 facta
874 3056 1074 3123 posset
1104 3057 1230 3108 rata
1258 3053 1601 3108 consistere.
1637 3076 1658 3104 »

448 3141 806 3196 Coannp'roa.
839 3141 1242 3197 Veneﬁcorum
1272 3146 1362 3197 est
1391 3141 1673 3196 mortiferi
1696 3139 1889 3212 poculi
1920 3156 2023 3195 ora

379 3228 743 3300 aliquantulo
765 3229 934 3285 melle
961 3229 1243 3300 imbuere,
1278 3235 1343 3285 ut
1375 3233 1727 3301 praegustata
1774 3227 2019 3284 dulcedo

376 3316 781 3374 incunctanter
810 3318 983 3374 faciat
1013 3319 1309 3375 absorberi
1344 3317 1627 3390 quidquid
1647 3322 1915 3388 superest
1944 3317 2019 3373 le-

372 3404 549 3462 thale.
583 3406 744 3470 Quod
776 3405 887 3462 iste
918 3405 1306 3462 calumniator
1335 3407 1542 3462 fecisse
1573 3405 1860 3477 arguitur,
1894 3406 2015 3474 ubi,

2046 2166 2095 2230 B
2127 2164 2326 2222 nulfus
2338 2184 2371 2221 a
2387 2167 2794 2239 CaroloMagno
2808 2166 3155 2237 imperatore
3168 2165 3545 2234 computatur
3556 2164 3791 2228 sextus,

2130 2260 2231 2310 aut
2246 2256 2716 2327 septimus.Quod
2735 2254 2783 2309 si
2806 2252 3129 2326 capitulum
3147 2251 3294 2307 illud
3310 2251 3527 2306 idcirco
3555 2266 3627 2306 ex
3643 2266 3790 2305 con-

2128 2342 2258 2398 cilio
2275 2343 2502 2398 Nicaeae
2519 2344 2741 2414 putavit
2763 2340 3265 2415 prmtitulandum,
3284 2339 3423 2411 quia
3448 2337 3679 2410 aliquot
3694 2354 3791 2394 ca-

2127 2430 2313 2502 pitula
2331 2447 2530 2487 eorum
2554 2448 2680 2504 qua:
2704 2431 3029 2502 subjunxit,
3053 2446 3122 2485 ex
3136 2428 3237 2485 illo
3258 2426 3505 2484 concilio
3525 2427 3672 2496 sint;
3692 2426 3785 2483 vel

2126 2520 2463 2575 admonitus
2477 2524 2792 2592 cognoscat
2808 2518 3038 2574 nullum
3056 2517 3201 2573 inibi
3221 2533 3283 2573 se
3296 2514 3618 2587 subjecisse
3641 2532 3786 2588 prae-

2126 2612 2214 2663 ter
2230 2608 2421 2664 solum
2444 2610 2515 2663 de
2534 2608 2796 2664 Catharis
2823 2608 3168 2679 capitulum.
3194 2606 3340 2662 Hinc
3369 2621 3507 2677 ergo
3539 2609 3786 2676 apparet

2128 2701 2384 2768 quantus
2415 2697 2491 2752 sit
2532 2696 2921 2753 calumniator
2970 2695 3093 2768 qui,
3122 2695 3310 2751 victus
3358 2709 3572 2759 errore,
3607 2709 3781 2749 men-

2127 2785 2325 2841 tiendo
2356 2802 2592 2858 quoque
2621 2789 2822 2842 contra
2844 2785 3168 2841 maximum
3186 2788 3244 2839 et
3260 2781 3657 2838 omnimundo
3681 2797 3783 2836 no-

2128 2875 2426 2930 tissimum
2441 2892 2544 2930 ven
2553 2875 2884 2946 erabileque
2896 2871 3611 2943 concilium,impudenter
3623 2869 3784 2926 labo—

2130 2967 2219 3018 rat
2239 2980 2517 3035 apparere
2534 2964 2852 3019 victor.Sed
2870 2964 2997 3035 jam
3021 2962 3177 3018 dicta
3214 2960 3374 3016 illius
3413 2957 3783 3019 eventilando

2131 3052 2558 3108 discernantur.

2768 3140 3002 3196 CAPUT
3044 3141 3114 3195 II.

2202 3229 2507 3286 Praemisso
2530 3230 2738 3286 Leonis
2759 3246 2920 3303 papae
2938 3229 3094 3285 beati
3114 3233 3172 3284 et
3193 3228 3391 3301 magni
3412 3227 3670 3283 doctoris
3691 3242 3783 3282 ca-

2128 3317 2337 3391 pitulo,
2366 3335 2621 3374 errorem
2653 3335 2829 3375 suum
2853 3318 3227 3374 corroborare
3269 3320 3514 3373 conatur
3562 3332 3632 3371 ex
3686 3330 3785 3383 eo,

2128 3407 2296 3478 quasi
2326 3407 2399 3462 de
2430 3406 2780 3463 Simoniacis
2812 3411 2913 3462 aut
2934 3412 3088 3462 certe
3111 3408 3181 3462 de
3207 3404 3339 3461 aliis
3369 3402 3658 3460 haereticis
3680 3402 3787 3459 alis-

372 3494 607 3551 ordiens
627 3494 1514 3566 tendiculascapitulorum,quze
1540 3510 2012 3565 quaquaversum
2045 3520 2088 3587 ρ
2127 3488 2259 3567 quis
2276 3495 2393 3552 illic
2415 3495 2466 3551 ei
2490 3496 2959 3563 fueritsermo,et
2981 3512 3095 3551 non
3122 3495 3314 3566 potius
3340 3494 3413 3550 de
3443 3491 3777 3562 catholicis,

371 3584 787 3639 emendicando
801 3588 858 3639 et
869 3601 986 3640 suae
1000 3583 1415 3655 disputationis
1430 3582 1652 3639 foribus
1665 3583 2014 3655 praeﬁgendo

373 3677 732 3745 corruperat,
763 3671 913 3727 inﬁt.

440 3761 842 3817 Connurron.«
862 3761 1083 3816 Abhinc
1109 3759 1385 3833 prmolara
1407 3764 1738 3832 sequuntur
1758 3761 2016 3817 testimo-

369 3848 488 3916 nia,
508 3849 723 3921 quibus
744 3866 904 3922 papa
919 3849 1177 3905 Formosi
1200 3849 1489 3905 ordinatio
1520 3854 1647 3905 rata
1677 3854 1735 3905 et
1755 3848 2017 3922 legitima

367 3953 495 3994 esse
527 3943 908 3994 monstratur.
946 3961 973 3987 »

437 4027 799 4083 Connsp'ron.
823 4028 983 4083 Hanc
1014 4027 1422 4084 sententiolam
1455 4044 1646 4097 suam,
1670 4032 1735 4083 ut
1764 4028 1812 4084 ei
1838 4029 2016 4084 maxi-

366 4131 532 4170 mum
563 4114 895 4171 conciliaret
924 4116 1197 4181 favorem,
1231 4121 1287 4171 et
1325 4117 1600 4172 omnibus
1629 4117 1885 4172 efﬁceret
1927 4132 2014 4171 re-

364 4203 680 4259 verendam
720 4203 810 4259 vel
857 4221 925 4261 ex
956 4205 1210 4260 maxime
1238 4208 1295 4260 et
1320 4205 1510 4277 primo
1555 4204 1761 4277 synodi
1809 4208 2013 4260 aucto-

366 4292 559 4357 ritate,
579 4291 723 4347 falso
747 4293 1119 4364 praetitulavit
1147 4310 1214 4349 ex
1244 4293 1489 4349 concilio
1518 4293 1772 4348 Nicaeno.

437 4380 502 4433 In
517 4396 633 4451 qua
653 4380 853 4453 utique
863 4381 1319 4454 praesumptione
1335 4380 1527 4452 qualis
1542 4380 1789 4437 habetur
1805 4380 1863 4436 in
1877 4382 2016 4437 sub-

365 4470 749 4540 sequentibus
780 4471 1057 4538 innotuit,
1092 4470 1192 4542 qui
1240 4469 1431 4541 ipsam
1479 4486 1596 4523 suaz
1657 4470 2010 4527 narrationis

355 4557 604 4629 januam
662 4559 986 4626 mendacio,
1020 4559 1161 4630 quin
1202 4558 1400 4630 potius
1429 4558 1753 4631 sacrilegio,
1779 4558 2008 4631 polluit.

360 4646 560 4718 Neque
580 4648 737 4704 enim
760 4648 1082 4721 capitulum
1106 4646 1250 4701 illud
1274 4646 1662 4718 primum,aut
1686 4647 2009 4705 versiculus

359 4734 421 4792 in
445 4739 573 4792 toto
594 4737 823 4793 Nicaeno
844 4736 931 4793 vel
957 4737 1017 4791 in
1036 4735 1230 4807 aliquo
1262 4740 1394 4807 post
1418 4735 1614 4808 ipsum
1646 4736 1888 4792 concilio
1919 4737 2006 4792 in-

357 4826 628 4895 venitur;
659 4842 763 4882 nec
794 4827 864 4881 de
896 4842 1059 4897 papa:
1093 4824 1355 4880 Formosi
1387 4824 1773 4893 ordinatione,
1807 4829 2004 4882 utrum

357 4917 485 4971 rata
515 4931 587 4970 an
621 4915 784 4970 irrita
807 4912 1076 4969 habenda
1107 4912 1202 4978 sit,
1232 4912 1557 4984 quidquam
1588 4914 1647 4968 in
1665 4914 2011 4979 Nicaeno,vel

355 5002 417 5059 in
444 5003 638 5075 aliquo
657 5006 788 5074 post
808 5002 1005 5075 ipsum
1028 5001 1270 5057 concilio
1292 5004 1704 5067 tractatur,aut
1725 5008 2012 5061 monstra-

355 5096 613 5161 tur,cum
634 5091 810 5147 etiam
831 5091 918 5146 vel
941 5090 1145 5145 leviter
1160 5089 1273 5145 tale
1295 5090 1439 5162 quid
1462 5091 1747 5162 suspicari
1769 5092 2008 5149 inﬁnitae

357 5179 592 5236 sultitiae
616 5184 932 5252 reputetur.
960 5180 1104 5235 Nam
1131 5179 1282 5234 inter
1303 5178 1597 5233 Nicaenam
1633 5180 1921 5252 synodum
1952 5187 2010 5238 et

356 5285 571 5341 papam
603 5269 945 5325 Formosum
981 5268 1286 5341 quingenti
1319 5271 1376 5333 et
1405 5266 1661 5338 amplius
1694 5269 1830 5323 anni
1855 5270 2007 5326 inve-

356 5357 605 5413 niuntur
633 5361 696 5412 ut
726 5362 869 5430 puta
901 5358 1053 5414 inter
1085 5358 1408 5413 maximum
1440 5355 1888 5412 Constantinum
1948 5365 2005 5415 et

351 5444 761 5514 imperatorem
790 5447 1121 5513 Arnulfum,
1154 5446 1324 5517 cujus
1372 5444 1659 5513 adjutorio
1686 5444 1999 5504 Formosus

355 5531 682 5588 Romanum
704 5534 1002 5605 praevaluit
1014 5535 1258 5591 retinere
1270 5530 1613 5605 pontiﬁcatu
1624 5549 1679 5589 In
1690 5534 1883 5590 .Porro
1898 5537 1999 5591 Ar-

2125 3584 2341 3656 siquos
2365 3585 2508 3640 forte
2526 3585 2816 3656 praepositi
2838 3583 3105 3640 Ecclesia
3123 3582 3473 3655 ignorantia,
3506 3598 3609 3638 seu
3638 3597 3779 3652 prm-

2125 3674 2479 3745 sumptione,
2502 3672 2590 3728 vel
2612 3672 2957 3728 necessitate
2977 3690 3094 3728 non
3125 3672 3451 3728 secundum
3474 3668 3775 3727 subtilita-

2124 3766 2243 3818 tem
2266 3778 2557 3818 canonum
2579 3766 3054 3828 consecrant,aut
3074 3760 3473 3817 consecrarint
3503 3757 3771 3831 aliquan-

2125 3850 2373 3907 do.Fieri
2393 3850 2546 3907 enim
2570 3851 2847 3923 potuit,et
2867 3850 3170 3922 poterit,ut
3189 3852 3293 3906 aut
3312 3846 3616 3915 unum,vel
3633 3847 3769 3917 duo,

2125 3943 2227 3995 aut
2244 3938 2423 3995 simul
2442 3939 2562 3994 haec
2582 3938 2695 3994 tria
2718 3937 2975 4010 capitula
2992 3937 3349 3995 consecratis
3366 3935 3644 4003 desint,id
3663 3939 3772 4005 est,

2124 4033 2191 4082 ut
2222 4044 2325 4083 nec
2353 4045 2387 4083 a
2412 4026 2636 4084 clericis
2669 4028 2787 4083 sint
2815 4026 3006 4093 electi,
3031 4042 3137 4082 nec
3160 4044 3194 4082 a
3223 4027 3495 4099 plebibus
3516 4024 3770 4097 expetiti,

2123 4131 2227 4172 nec
2250 4133 2283 4170 a
2311 4115 2765 4188 provincialibus
2797 4115 3087 4188 episcopis
3145 4132 3278 4171 cum
3340 4112 3766 4187 metropolitani

2113 4205 2338 4276 judicio
2363 4206 2725 4272 consecrati;
2760 4205 2977 4276 quibus
3002 4208 3200 4260 tamen
3249 4203 3611 4261 consecratio
3654 4218 3764 4257 non

2122 4295 2304 4362 deest,
2350 4295 2488 4367 quia
2526 4294 2653 4350 sine
2713 4293 3052 4366 pecuniaria
3115 4292 3428 4349 venalitate
3475 4293 3635 4348 facta
3686 4294 3770 4346 est

2122 4383 2392 4455 quamvis
2418 4399 2487 4438 ex
2514 4383 2705 4439 tribus
2736 4382 3091 4455 supradictis
3120 4370 3397 4454 capitulis
3423 4398 3574 4454 vaga
3601 4382 3659 4437 et
3680 4378 3762 4433 in-

2121 4471 2348 4528 stabilis
2396 4473 2638 4528 ﬂuctuet
2694 4477 2751 4527 et
2808 4471 3357 4543 aberret.Alioquin,
3389 4472 3438 4528 si
3499 4464 3662 4526 nulla
3699 4466 3756 4522 in

2119 4561 2204 4617 eis
2251 4564 2406 4617 esset
2452 4560 2711 4633 episcopi
2764 4559 3144 4628 consecratio,
3180 4559 3344 4616 nulla
3391 4577 3593 4616 eorum
3640 4574 3763 4613 om-

2120 4651 2258 4706 nino
2303 4655 2458 4705 esset
2495 4649 2805 4715 ordinatio,
2852 4648 3125 4720 quamvis
3175 4647 3417 4705 clericos
3461 4648 3520 4703 in
3572 4649 3759 4706 Eccle-

2118 4738 2242 4807 siis,
2276 4756 2402 4811 qua)
2433 4738 2505 4794 ad
2538 4737 2803 4810 proprios
2844 4737 3151 4810 episcopos
3200 4736 3585 4809 pertinebant,
3619 4752 3750 4792 con-

2120 4831 2284 4883 sueto
2291 4826 2518 4897 judicio
2548 4826 3009 4897 praesidentium,
3045 4830 3111 4881 ut
3141 4826 3222 4881 ita
3249 4824 3489 4890 dicatur,
3524 4823 3753 4897 ordina-

2041 4884 2089 4949 D
2121 4918 2267 4971 rent.
2291 4884 2499 4986 "Neque
2529 4884 2683 4969 enim
2721 4884 3007 4985 quaelibet
3026 4912 3301 4978 Ecclesia,
3331 4926 3435 4966 nec
3464 4884 3760 4983 quddlibet

2112 5003 2403 5076 judicium
2435 5003 2621 5057 eidem
2640 5000 3079 5073 praesidentium
3103 5001 3290 5074 potuit
3307 5003 3407 5056 aut
3425 5000 3639 5073 poterit
3657 5001 3755 5058 ali-

2120 5093 2353 5166 quando
2382 5091 2611 5147 efﬁcere
2642 5096 2707 5146 ut
2735 5090 2947 5162 aliquis
2982 5091 3168 5162 possit
3215 5088 3392 5145 alicui
3437 5088 3577 5146 dare
3606 5090 3753 5162 quod

2116 5181 2529 5253 comprobatur
2557 5180 2679 5250 ipse
2712 5178 2874 5234 nullo
2905 5180 3078 5235 modo
3108 5180 3340 5247 habere,
3372 5178 3753 5235 consecratio-

2116 5288 2249 5327 nem
2282 5273 2469 5324 ratam
2499 5266 2630 5322 aliis
2662 5267 2996 5322 ministrare
3046 5267 3306 5322 oratione
3339 5282 3449 5323 sua
3478 5272 3535 5323 et
3565 5284 3752 5340 opera-

2114 5361 2272 5416 tione
2304 5371 2481 5428 quam
2513 5355 2626 5409 sibi
2657 5354 2770 5425 ipsi
2801 5353 3135 5410 nullatenus
3158 5354 3353 5425 potuit
3373 5356 3751 5428 accipere,aut

2111 5450 2169 5503 in
2201 5463 2263 5503 se
2283 5441 2725 5500 habere.Nonne
2740 5441 3086 5499 laudabilior
3105 5442 3163 5497 in
3181 5443 3291 5499 hoc
3313 5444 3608 5503 ordinatio
3628 5444 3749 5504 laici

2108 5530 2379 5594 catholici
2392 5528 2703 5589 haberetur
2717 5546 2893 5602 quam
2906 5532 2997 5601 cuj
3008 5529 3222 5588 uslibet
3233 5531 3493 5591 haeretici
3508 5533 3751 5608 episcopi
