4004 6210
227 340 386 410 ῒο13

828 340 1251 407 ADVERSUS
1298 336 1768 407 SIMONIACOS
1814 333 2019 403 LIBRI
2064 336 2290 404 TRES.
2324 373 2402 389 —-
2435 338 2667 406 LIBER
2712 340 3030 406 PRIMUS.

3476 325 3637 402 40M

222 478 274 538 ei
295 478 422 537 solo
443 477 669 553 judicio
696 477 1106 552 episcoporum
1137 474 1400 533 ecclesiis
1429 474 1866 548 praesidentium
1896 474 1951 540 Α
1981 475 2280 543 munione,
2311 473 2447 533 licet
2474 492 2572 534 eos
2604 475 2827 550 jugiter
2866 473 3220 533 admoneant
3248 471 3437 530 facere
3471 472 3637 530 fruc-

226 573 426 642 posset
448 570 586 626 dare
617 585 795 641 quam
817 568 972 641 quod
997 584 1113 623 non
1146 566 1325 621 habet
1349 568 1370 619 i’
1398 565 1544 620 Nam
1574 564 1761 619 laicus
1775 580 1881 618 no-

226 662 366 723 ater,
380 659 429 714 si
445 658 760 715 necessitas
773 657 1053 729 postulat,
1068 656 1127 710 in
1148 654 1493 710 remissione
1512 656 1880 725 peccatorum

226 761 330 817 per
345 745 627 817 Spiritum
648 750 920 800 sanctum
945 743 1224 814 baptizat,
1250 742 1405 813 quod
1429 741 1735 795 haereticus
1758 739 1881 811 qui-

223 831 368 889 libet
382 834 614 889 etiamsi
636 834 947 905 episcopus
961 832 1212 899 dicatur,
1238 829 1382 885 nulli
1406 828 1721 900 aliquando
1735 846 1877 900 prae-

227 926 365 977 stat.
418 924 581 988 Quod
633 922 756 993 ipse
789 923 995 978 beatus
1028 922 1160 988 Leo,
1202 920 1261 974 in
1302 918 1434 973 aliis
1484 918 1876 973 Decretalibus

224 1010 373 1077 suis,
421 1012 505 1066 sic
539 1012 847 1081 proﬁtetur
887 1015 952 1066 ut
992 1009 1189 1082 ipsum
1220 1023 1451 1079 quoque
1481 1006 1773 1078 baptisma
1804 1007 1874 1061 ab

223 1098 512 1155 haereticis
536 1099 594 1154 in
637 1101 875 1156 nomine
905 1104 1120 1155 sanctae
1151 1096 1457 1153 Trinitatis
1500 1098 1723 1161 datum,
1772 1097 1874 1151 t'or-

223 1203 383 1243 mam
412 1191 643 1243 tantum
676 1188 957 1260 baptismi
991 1188 1115 1242 sine
1149 1184 1632 1242 sanctiﬁcationis
1662 1185 1874 1239 virtute

223 1275 442 1331 habere
472 1281 771 1347 protestet.
809 1277 896 1339 Hi,
926 1276 1224 1346 inquiens,
1257 1273 1355 1345 qui
1385 1272 1743 1344 baptismum
1802 1273 1873 1326 ab

224 1363 514 1419 haereticis
544 1369 912 1437 acceperunt,
947 1381 1083 1418 cum
1120 1362 1391 1434 baptizati
1424 1367 1556 1416 ante
1586 1378 1697 1415 non
1735 1360 1867 1416 fuis-

224 1457 356 1508 sent
386 1452 511 1507 sola
530 1452 714 1507 sancti
736 1452 988 1524 Spiritus
1013 1452 1391 1518 invocatione,
1417 1468 1519 1523 per
1549 1450 1873 1523 impositio-

223 1556 357 1596 nem
381 1557 687 1608 manuum,
714 1540 1101 1597 conﬁrmandi
1128 1545 1293 1607 sunt,
1316 1540 1456 1609 quia
1477 1541 1723 1595 formam
1750 1545 1873 1595 tan-

220 1633 350 1686 tum
381 1630 682 1702 baptismi,
705 1631 831 1686 sine
849 1629 1329 1686 sanctiﬁcationis
1348 1630 1582 1697 virtute,
1607 1646 1873 1701 sumpse-

222 1724 382 1776 runt.
420 1743 446 1768 υ
484 1721 554 1775 Et
582 1720 734 1776 hanc
767 1718 1050 1791 regulam,
1096 1723 1159 1773 ut
1197 1719 1379 1783 scitis,
1432 1720 1778 1775 servandam
1810 1721 1868 1775 in

1991 566 2088 617 tus
2118 564 2324 637 dignos
2348 568 2717 637 paenitentiae,
2743 572 2799 623 et
2818 566 3001 623 solam
3019 562 3444 637 indulgentiam
3474 578 3636 635 quae.

1991 668 2115 708 rere
2146 658 2203 708 et
2232 660 2585 727 exspectare.

2620 745 2855 801 CAPUT
2905 744 3004 799 ΙΙΙ.

2060 830 2117 885 Si
2150 847 2284 903 ergo
2314 833 2544 888 Cathari
2576 851 2677 905 pro
2709 835 2817 890 hoc
2851 833 3093 889 minimo
3124 846 3337 899 errore,
3370 830 3490 886 imo
3525 846 3631 903 pro

1986 916 2095 972 hac
2127 920 2375 976 nimium
2399 939 2597 977 severa
2617 927 2674 978 et
2697 922 2893 978 minus
2915 922 3165 977 discreta
3186 917 3474 975 sententia
3501 934 3631 985 sua,

1985 1010 2302 1078 computati
2339 1015 2476 1065 sunt
2501 1010 2775 1075 haeretici,
2807 1027 2943 1065 cum
2974 1011 3031 1064 in
3062 1008 3224 1064 nullo
3255 1007 3368 1063 alio
3398 1006 3633 1063 dissen-

1983 1094 2131 1148 tiant
2161 1113 2194 1150 a
2222 1099 2458 1152 veritate
2491 1098 2785 1153 catholicae
2810 1098 2968 1165 ﬁdei,
3000 1114 3101 1152 nec
3122 1097 3250 1152 sine
3282 1113 3495 1151 manus
3524 1096 3629 1153 im-

1984 1184 2271 1253 positione
2303 1192 2540 1255 possent
2585 1188 2655 1241 ad
2703 1187 2925 1241 clerum
2958 1185 3311 1240 catholicum
3372 1183 3631 1255 admitti,

1982 1276 2247 1342 potestne
2271 1279 2370 1327 aut
2404 1275 2614 1344 poterit
2638 1277 2928 1345 majorum
2960 1278 3019 1328 et
3050 1275 3315 1344 pejorum
3337 1272 3632 1329 haeretico-

1982 1377 2112 1415 rum
2162 1362 2469 1429 ordinatio,
2513 1368 2633 1429 aut,
2700 1368 2763 1418 ut
2802 1362 3037 1427 dicitur,
3099 1361 3459 1416 consecratio
3504 1365 3631 1417 rata

1981 1448 2203 1517 haberi,
2237 1468 2412 1523 quam
2436 1456 2788 1507 revertentes
2806 1450 3038 1506 Cathari
3063 1450 3188 1506 sine
3211 1466 3421 1505 manus
3443 1450 3629 1520 impo-

1980 1540 2191 1596 sitione
2223 1558 2333 1595 non
2369 1546 2618 1613 possunt
2648 1541 2915 1613 adipisci,
2953 1539 3040 1594 vel
3087 1538 3337 1594 retinere
3387 1537 3523 1605 sibi,
3554 1542 3631 1605 et,

1980 1633 2045 1683 ut
2076 1630 2411 1701 expressius
2459 1631 2674 1700 dicam,
2707 1649 2740 1685 a
2769 1628 3116 1685 simoniacis
3146 1626 3546 1683 ordinationes
3576 1629 3635 1681 et

1980 1720 2446 1773 consecrationes
2492 1723 2857 1791 praesumptae
2890 1718 3016 1773 sine
3057 1716 3257 1788 aliqua
3297 1714 3633 1770 considera-

219 1808 496 1865 omnibus
520 1808 794 1864 Ecclesiis
824 1807 1232 1880 praedicamus,
1268 1812 1332 1863 ut
1360 1807 1655 1863 lavacrum
1688 1808 1868 1864 semel
1900 1841 1948 1905 B
1977 1807 2132 1862 tione
2163 1812 2218 1861 et
2250 1807 2655 1862 retractatione
2678 1809 2734 1861 in
2759 1807 3105 1863 catholicam
3137 1804 3457 1861 Ecclesium
3487 1820 3628 1860 sus-

220 1896 437 1952 initum
468 1897 632 1952 nulla
661 1896 965 1952 iteratione
998 1895 1268 1963 violetur,
1302 1897 1529 1952 dicente
1557 1897 1865 1968 Apostolo:

228 2008 249 2035 α
287 1986 448 2041 Unus
478 1986 651 2052 Deus,
676 2003 793 2041 una
813 1986 981 2053 ﬁdes,
1006 2002 1191 2041 unum
1224 1985 1519 2057 baptisma
1540 1986 1761 2056 (Ephes.
1790 2003 1864 2052 ιν,

218 2075 298 2145 5),
334 2094 355 2126 ι
394 2076 562 2145 cujus
594 2073 814 2130 ablutio
846 2073 1007 2128 nulla
1038 2073 1341 2129 iteratione
1385 2076 1717 2129 temerenda
1758 2080 1865 2141 est,

220 2164 345 2230 sed,
391 2167 457 2218 ut
487 2163 742 2218 diximus
773 2162 899 2218 sola
942 2162 1322 2218 sanctiﬁcatio
1381 2164 1564 2218 sancti
1616 2163 1869 2235 Spiritus

218 2251 542 2309 invocanda
572 2257 684 2316 est,
716 2256 781 2305 ut
811 2251 966 2322 quod
1006 2252 1077 2306 ab
1109 2251 1398 2306 haereticis
1441 2268 1612 2308 nemo
1655 2253 1868 2325 accipit

222 2356 258 2409 ᾳ
287 2338 589 2394 catholicis
617 2339 1020 2393 sacerdotibus
1053 2344 1462 2410 consequatur.

232 2482 235 2485 ἰ
298 2426 508 2499 Liquet
537 2442 695 2499 ergo,
717 2444 786 2481 ex
815 2426 907 2482 his
930 2427 1249 2483 beatissimi
1275 2429 1479 2485 Leonis
1496 2430 1691 2498 dictis,
1726 2430 1866 2501 bap-

220 2514 403 2570 tisma
423 2514 825 2569 haereticorum
851 2509 1097 2568 formam
1116 2517 1344 2568 tantum
1364 2515 1452 2570 vel
1475 2517 1726 2586 speciem
1751 2515 1868 2571 veri

220 2602 597 2674 baptismatis
638 2602 871 2669 habere,
918 2605 974 2657 et
1021 2600 1314 2657 lavacrum
1363 2603 1479 2657 sive
1510 2603 1867 2659 ablutionem

220 2691 562 2763 corporibus
596 2690 991 2760 solummodo,
1024 2707 1139 2745 non
1162 2690 1336 2745 etiam
1361 2690 1691 2756 animabus,
1725 2710 1866 2763 prae-

219 2784 398 2847 stare,
446 2780 584 2852 quia
616 2779 743 2835 sine
772 2778 1255 2834 sanctiﬁcationis
1295 2779 1509 2835 virtute
1554 2784 1653 2835 aut
1683 2780 1869 2835 sancti

219 2868 474 2941 Spiritus
495 2868 954 2925 sanctiﬁcatione
977 2868 1151 2922 datur
1171 2872 1227 2923 et
1247 2868 1531 2939 accipitur
1553 2886 1566 2935 ;
1591 2869 1746 2940 quod
1764 2869 1871 2923 uti-

218 2973 335 3028 que
363 2957 435 3013 ab
468 2956 754 3013 haereticis
784 2972 953 3011 nemo
985 2955 1195 3027 accipit
1225 2956 1311 3011 vel
1363 2957 1759 3028 consequitur.
1810 2956 1867 3011 Si

217 3050 419 3104 autem
441 3044 802 3118 baptismum
826 3043 1097 3099 DominiJ
1105 3061 1229 3113 esu,
1246 3046 1572 3100 secundum
1596 3046 1867 3118 Baptistae

218 3134 301 3191 sit
329 3134 731 3190 testimonium
764 3134 821 3189 in
844 3133 1062 3205 Spiritu
1095 3140 1320 3201 sancto,
1347 3134 1413 3188 ﬁt
1434 3139 1491 3190 et
1515 3135 1632 3206 egit
1655 3139 1715 3190 ut
1745 3152 1860 3191 om-

1977 1896 2288 1967 cipientur,
2322 1912 2471 1966 quos
2512 1897 2738 1967 pejores
2768 1896 2997 1950 Arianis
3023 1895 3278 1966 septima
3305 1897 3363 1949 et
3390 1892 3623 1949 univer-

1975 1984 2116 2039 salis
2170 1984 2425 2056 synodus
2477 1984 2535 2038 in
2585 1984 2832 2055 epistola
2871 1983 3213 2055 patriarchae
3263 1982 3495 2037 Tarasii
3552 1983 3623 2037 ad

1973 2074 2293 2128 Adrianum
2326 2090 2538 2144 papam
2583 2073 2980 2127 indubitanter
3017 2070 3337 2126 difﬁnivit?
3370 2069 3629 2142 Denique

1971 2162 2169 2218 Ariani
2191 2178 2530 2234 quanquam
2552 2160 2611 2216 in
2634 2162 2743 2216 hoc
2755 2161 3005 2216 maxime
3027 2164 3221 2215 errent
3238 2160 3393 2231 quod
3412 2158 3623 2214 Filium

1974 2252 2255 2307 minorem
2280 2251 2444 2305 Patre
2465 2255 2521 2305 et
2542 2255 2864 2306 creaturam
2889 2266 3018 2306 esse
3032 2253 3321 2315 asserunt,
3338 2248 3624 2320 Spiritum

1974 2358 2206 2413 quoque
2228 2344 2496 2394 sanctum
2514 2341 2796 2395 minorem
2820 2344 2983 2411 patre
3004 2343 3060 2393 et
3082 2337 3246 2406 Filio,
3267 2342 3442 2409 atque
3462 2353 3623 2392 crea-

1973 2434 2164 2485 turam
2190 2448 2201 2485 :
2233 2430 2375 2484 dum
2398 2432 2595 2483 tamen
2632 2432 2948 2500 utrumque
2970 2427 3193 2490 dicunt,
3224 2431 3619 2497 neutrumque

1974 2535 2176 2574 eorum
2229 2517 2330 2572 ulli
2365 2516 2602 2572 omnino
2649 2521 2947 2582 creaturae,
2996 2515 3109 2571 nisi
3158 2514 3404 2571 Domino
3448 2514 3626 2581 Patri,

1974 2607 2231 2663 Creatori
2264 2605 2582 2661 visibilium
2614 2605 2878 2661 omnium
2910 2609 2967 2659 et
2996 2603 3404 2671 invisibilium,
3440 2601 3627 2674 subji-

1976 2712 2104 2751 cere
2154 2695 2536 2751 contendunt.
2588 2695 2660 2749 At
2702 2693 3041 2759 Simoniaei,
3084 2692 3326 2747 minime
3366 2691 3624 2747 contenti

1976 2788 2140 2838 tanto
2178 2783 2526 2838 Arianorum
2566 2782 2890 2853 sacrilegio,
2941 2780 3401 2853 omnipotentem
3443 2778 3630 2851 Spiri-

1974 2876 2098 2927 tum
2132 2876 2402 2928 sanctum
2436 2889 2550 2926 non
2573 2876 2808 2925 tantum
2839 2870 3125 2925 minorem
3167 2870 3333 2924 Patre
3370 2872 3429 2924 et
3458 2866 3625 2933 Filio,

1975 2977 2074 3016 seu
2091 2962 2419 3031 subjectum
2441 2960 2548 3015 soli
2564 2961 2718 3015 Patri
2732 2964 2787 3015 et
2801 2959 2964 3028 Filio,
2984 2959 3082 3014 sed
3098 2957 3273 3014 etiam
3293 2955 3625 3028 semetipsis

1970 3048 2327 3114 inferiorem,
2352 3054 2527 3122 atque
2557 3048 2943 3122 sibimetipsis
2977 3048 3303 3115 subditum,
3338 3052 3622 3118 tanquam

1973 3139 2274 3209 quodlibet
2292 3138 2494 3194 venale
2514 3143 2569 3193 et
2586 3139 2693 3194 vile
2717 3137 3076 3211 mancipium
3092 3138 3359 3203 credunt,
3385 3139 3468 3204 ut,
3485 3132 3627 3190 velit

221 3222 390 3277 nium
439 3222 706 3277 remissio
750 3226 1119 3294 peccatorum
1171 3238 1239 3276 ex
1285 3222 1385 3278 illo
1418 3222 1600 3279 valeat
1638 3224 1782 3293 ﬁeri,
1810 3228 1868 3279 et
1898 3207 1940 3274 (ἶ
1974 3207 2140 3293 nolit,
2172 3228 2406 3283 obcdiat
2425 3227 2822 3282 voluntatibus
2845 3207 3174 3283 ot-vocibus
3194 3242 3418 3293 eorum,
3446 3227 3625 3297 atque

215 3314 388 3367 vetus
419 3310 592 3367 homo
623 3314 820 3367 noster
839 3310 1122 3377 renovari,
1159 3316 1400 3383 apparet
1428 3312 1724 3384 baptisma
1753 3312 1868 3367 hae-

218 3399 557 3466 reticorum,
590 3400 729 3471 quia
751 3399 877 3455 sine
899 3399 1087 3454 sancti
1120 3400 1375 3471 Spiritus
1410 3402 1870 3457 sanctiﬁcatione

219 3492 471 3555 constat,
492 3488 714 3544 nullam
737 3488 956 3558 peccati
972 3488 1400 3554 remissionem,
1420 3487 1640 3543 nullam
1659 3490 1868 3545 veteris

218 3575 480 3632 hominis
502 3574 956 3641 renovationem,
982 3575 1080 3629 sed
1105 3574 1288 3629 solam
1314 3574 1601 3630 visibilem
1620 3577 1868 3632 ablutio-

219 3680 357 3719 nem
385 3662 632 3734 Operari.
663 3662 825 3727 Quod
858 3666 1011 3716 certe
1041 3678 1156 3716 non
1188 3665 1424 3732 pr0pter
1453 3662 1711 3734 aliquam
1743 3681 1872 3719 san-

214 3752 482 3809 ctitatem
516 3750 607 3806 sui
638 3750 725 3805 vel
757 3749 1140 3804 reverentiam
1184 3748 1453 3804 catholici
1505 3767 1619 3805 non
1661 3751 1870 3807 iterare

216 3842 663 3907 consenserunt,
688 3839 788 3894 sed
812 3836 1155 3895 scandalum
1178 3838 1548 3893 contentiosa;
1579 3843 1636 3893 et
1664 3840 1870 3911 ineptae

216 3928 621 3985 multitudinis
666 3927 983 4000 prudenter
1012 3925 1357 3990 devitantes,
1410 3930 1477 3981 ut
1521 3944 1871 4000 quocunque

218 4019 391 4074 modo
412 4017 641 4075 Christo
666 4015 864 4088 plures
880 4015 1243 4083 reducerent,
1268 4012 1561 4070 lavacrum
1580 4032 1780 4071 eorum
1802 4034 1872 4074 ex

219 4106 445 4164 meliori
476 4106 678 4178 utique
699 4109 865 4177 parte
885 4104 1291 4176 imperfectum
1324 4104 1715 4175 permiserunt
1742 4123 1870 4162 esse

219 4199 444 4263 ratum;
472 4195 557 4251 sic
580 4199 777 4250 tamen
810 4197 872 4249 ut
905 4210 938 4248 a
964 4191 1268 4248 catholicis
1317 4193 1736 4260 sacerdotibus,
1772 4212 1873 4267 per

220 4301 505 4341 manuum
542 4282 979 4356 impositionem
1013 4285 1069 4337 et
1105 4282 1291 4337 sancti
1345 4282 1596 4353 Spiritus
1642 4283 1870 4339 invoca-

219 4373 461 4439 tionem,
492 4373 782 4445 accipiant
804 4388 983 4443 quam
1016 4369 1240 4425 nullam
1273 4369 1559 4426 hactenus
1580 4371 1874 4429 habebant

220 4461 739 4518 sanctiﬁcationem
771 4460 829 4515 in
858 4464 1228 4532 peccatorum
1278 4460 1754 4517 emundationem
1786 4467 1870 4516 at-

220 4566 338 4622 que
349 4549 657 4603 vetustatis
672 4548 1126 4605 innovationem.
1150 4548 1216 4604 Et
1231 4549 1875 4605 utmanifestiusauim-

220 4638 599 4694 advertamus
648 4641 876 4707 quantae
928 4638 1388 4710 imperfectionis
1414 4637 1756 4709 judicentur
1785 4640 1872 4695 vel

219 4725 571 4796 habeantur,
596 4724 771 4780 etiam
796 4726 1133 4796 postipsam
1158 4726 1546 4797 receptionem
1570 4729 1876 4793 suamuni-

217 4812 434 4875 versali
452 4829 673 4869 canone
696 4814 996 4885 praeﬁxum
1016 4819 1103 4869 est
1130 4820 1195 4869 ut
1215 4832 1386 4870 nemo
1408 4815 1613 4871 talium
1638 4833 1875 4888 promo-

221 4908 430 4960 ventur
459 4902 533 4957 ad
565 4900 987 4959 catholicorum
1020 4901 1239 4957 clerum
1268 4920 1282 4969 ;
1314 4907 1369 4958 et
1398 4904 1446 4959 si
1471 4905 1543 4959 de
1572 4904 1745 4971 clero,
1778 4906 1880 4976 qui

224 4990 381 5065 apud
404 4992 708 5048 hmreticos
722 4994 962 5063 putatur
972 4989 1188 5057 existit,
1205 4990 1353 5047 laica
1373 4997 1602 5048 tantum
1618 5010 1879 5049 commu-

226 5081 403 5138 nione
434 5086 746 5137 contentus
777 5080 874 5145 sit,
918 5079 1174 5150 exceptis
1224 5079 1511 5147 Catharis,
1541 5099 1688 5154 quos
1727 5083 1881 5139 solos

229 5173 433 5228 sancta
462 5169 695 5225 Nicaena
715 5168 974 5242 synodus
1004 5167 1061 5222 in
1096 5166 1248 5222 clero
1281 5184 1383 5223 suo
1410 5169 1677 5225 inventos
1700 5171 1757 5227 in
1784 5190 1881 5228 ca-

226 5256 448 5315 tholica
477 5274 605 5314 esse
627 5257 928 5329 permittit,
963 5272 1066 5312 nec
1091 5260 1287 5311 tamen
1314 5255 1440 5312 sine
1461 5275 1674 5315 manus
1697 5260 1882 5332 impo-

229 5345 463 5408 sitione,
489 5344 756 5416 quamvis
788 5360 1015 5417 magnae
1036 5348 1091 5398 et
1114 5342 1400 5398 mirabilis
1433 5344 1552 5401 sint
1580 5347 1881 5404 conscien-

227 5435 343 5503 tias,
374 5450 479 5490 nec
521 5434 579 5488 in
612 5433 807 5505 aliquo
838 5433 1069 5488 devenit
1100 5449 1134 5487 a
1164 5431 1458 5488 catholicae
1489 5436 1621 5490 ﬁdei
1654 5438 1884 5493 confes-

229 5524 395 5581 sione
441 5526 500 5578 et
551 5520 878 5593 apostolicae
929 5519 1192 5576 Ecclesiae
1236 5518 1478 5586 unitate,
1517 5540 1622 5578 nec
1657 5524 1716 5578 in
1760 5525 1884 5580 sola

229 5614 705 5678 criminosorum,
739 5626 916 5683 quam
962 5609 1222 5665 devitant
1260 5609 1592 5680 exceptione
1624 5617 1680 5668 et
1722 5629 1880 5670 com-

1979 3315 2257 3371 funiculis
2288 3319 2545 3386 pecuniae
2575 3320 2857 3370 attractus
2881 3320 2982 3371 aut
3010 3314 3170 3370 velut
3198 3314 3392 3370 aureis
3418 3328 3623 3368 eorum

1978 3405 2198 3460 catenis
2245 3403 2541 3475 alligatus,
2575 3403 2940 3474 plenitudine
2971 3420 3088 3458 suae
3121 3400 3624 3469 sanctiﬁcationis,

1978 3498 2036 3548 et
2064 3492 2263 3563 gratiae
2294 3491 2592 3562 sacrilegis
2621 3490 2885 3563 ipsorum
2916 3490 3146 3556 ofﬁciis,
3172 3494 3229 3545 et
3256 3488 3629 3545 exsecrandis

1978 3578 2516 3635 consecrationibus
2547 3578 2939 3643 administret,
2972 3592 3294 3647 eorumque
3336 3574 3630 3630 venalitati

1980 3685 2083 3723 seu
2116 3666 2437 3738 Operationi
2470 3669 2828 3737 cooperetur.
2862 3666 3023 3729 Quod
3060 3670 3126 3720 ut
3154 3665 3225 3719 ad
3259 3666 3625 3719 momentum

1981 3754 2292 3817 aestimare,
2316 3753 2699 3809 intolerabilis
2713 3757 2803 3809 est
2822 3758 2878 3808 et
2895 3754 3040 3809 forte
3060 3750 3482 3808 irremissibilis
3504 3750 3632 3807 bla-

1980 3842 2284 3915 sphemiae,
2309 3842 2521 3913 quiain
2545 3842 2825 3913 Spiritum
2848 3846 2938 3898 est
2960 3856 3197 3913 peccare
3214 3844 3317 3896 aut
3335 3844 3490 3897 certe
3507 3857 3632 3896 ver-

1979 3934 2123 3987 bum
2151 3931 2210 3985 in
2234 3947 2369 3986 eum
2393 3931 2601 3986 dicere.
2621 3927 3631 3997 QuasolamstimationeSimonille,

1981 4026 2148 4076 sectae
2162 4035 2360 4075 eorum
2382 4019 2528 4091 prim
2538 4036 2606 4074 us
2620 4022 2822 4075 auctor
2837 4024 2893 4074 et
2904 4018 3147 4092 signifer
3159 4035 3192 4074 a
3204 4034 3319 4090 quo
3336 4022 3392 4074 et
3406 4017 3516 4089 ipsi
3535 4033 3631 4090 ag-

1981 4109 2383 4174 nominantur,
2398 4107 2928 4180 irrecuperabiliter
2943 4108 3257 4163 damnatus
3278 4111 3384 4163 est.
3399 4104 3507 4171 Qui
3520 4104 3633 4160 uti-

1980 4215 2093 4269 que
2115 4212 2348 4268 quoquo
2365 4196 2537 4251 modo
2552 4195 3121 4268 possetexcusarivel
3148 4194 3449 4269 religionis
3467 4193 3636 4250 novi-

1979 4284 2207 4351 tate,vcl
2227 4284 2319 4357 ign
2329 4284 2554 4340 orantia
2564 4287 2674 4341 sub
2689 4289 2848 4341 tanta
2859 4285 3108 4357 Spiritus
3121 4284 3307 4340 sancti
3323 4283 3633 4353 evidentia,

1982 4391 2100 4446 qua
2130 4373 2351 4428 scilicet
2380 4372 2703 4429 delectatus
2734 4378 2835 4429 aut
2855 4374 3318 4447 obstupefactus,
3347 4377 3635 4445 tanquam

1980 4463 2171 4518 adhuc
2201 4463 2363 4516 rudis
2396 4462 2452 4516 in
2481 4463 2792 4535 baptismo,
2814 4467 2868 4518 et
2891 4462 3219 4519 novitiusin
3246 4462 3375 4518 ﬁdei
3401 4462 3635 4529 notitia,

1904 4574 1949 4638 Β
1983 4556 2218 4624 repente
2250 4550 2337 4607 vel
2370 4554 2434 4607 ut
2458 4556 2736 4608 strenuus
2769 4557 2823 4607 et
2855 4553 3170 4624 impatiens
3202 4567 3502 4607 morarum
3518 4550 3640 4638 dis-

1982 4640 2235 4713 cipulus,
2282 4643 2402 4695 tam
2436 4640 2850 4696 inaestimabile
2880 4642 3099 4697 donum
3136 4639 3391 4695 scientiae
3422 4638 3494 4694 ab
3514 4637 3639 4693 efﬁ-

1987 4730 2221 4785 cacibus
2248 4728 2548 4800 magistris
2568 4729 2875 4785 aestimavit
2903 4714 3078 4785 etiam
3110 4745 3242 4783 cum
3276 4741 3510 4782 summa
3536 4740 3637 4797 pe-

1991 4818 2176 4874 cuniae
2222 4818 2611 4889 expetendum
2646 4818 2758 4873 sibi
2791 4822 2847 4873 et
2875 4817 3299 4890 accipiendum.
3333 4815 3442 4870 Sed
3474 4814 3639 4870 inex-

1990 4906 2271 4963 cusabilis
2316 4904 2536 4960 exstitit
2577 4906 2763 4961 beatis
2793 4906 3075 4977 apostolis
3108 4905 3273 4960 Petro
3316 4907 3374 4958 et
3398 4901 3637 4971 Joanni,

1990 4996 2131 5051 adeo
2164 4999 2228 5049 ut
2252 4993 2348 5048 ille
2381 4993 2737 5049 mitissimus
2768 4995 2996 5062 Petrus,
3027 4997 3084 5049 et
3114 4993 3226 5047 Bar
3263 4991 3448 5056 Jonas,
3478 4990 3636 5045 idem

1989 5086 2165 5139 Filius
2194 5082 2464 5138 columbae
2494 5080 2992 5151 simplicissimus,
3023 5085 3082 5136 et
3118 5078 3640 5135 innocentissimus

1992 5173 2156 5228 nulla
2187 5169 2639 5225 mansuetudine
2661 5174 2971 5235 reservata,
2991 5168 3174 5237 nulla,
3198 5171 3265 5222 ut
3286 5166 3530 5221 rudibus
3548 5183 3642 5223 as-

1993 5261 2142 5318 solet
2174 5259 2317 5325 ﬁeri,
2355 5258 2622 5312 modesta
2666 5257 3064 5328 increpatione
3106 5254 3432 5329 praemissa,
3481 5253 3645 5311 nulla

1994 5345 2391 5405 satisfactione
2422 5344 2724 5415 requisita,
2744 5344 2907 5400 nulla
2927 5344 3335 5399 emendatione
3355 5346 3646 5414 exspecta-

1992 5442 2072 5505 ta,
2105 5433 2269 5490 nulla
2298 5433 2689 5488 admonitione
2723 5438 2785 5487 ut
2816 5433 3090 5505 deinceps
3119 5431 3234 5488 tale
3279 5430 3419 5503 quid
3452 5434 3645 5486 atten-

1994 5530 2117 5580 tare
2144 5524 2372 5577 caveret
2412 5520 2691 5590 adhibita,
2736 5522 2793 5577 in
2842 5522 3241 5579 miserrimum
3284 5519 3452 5576 illum
3483 5522 3649 5576 tanto

1994 5613 2115 5670 zelo
2140 5610 2373 5682 exarsit,
2408 5615 2571 5668 tanta
2600 5611 2915 5684 asperitate
2945 5610 3251 5671 infremuit
3280 5613 3346 5668 ut
3377 5626 3493 5668 non
3527 5625 3647 5666 ser-
