4004 6210
355 338 516 410 1018

1362 340 1850 411 HUMBERTUS
1894 339 1960 404 S.
2006 337 2082 405 R.
2126 336 2199 405 E.
2246 337 2744 408 CARDINALIS.

3604 331 3770 402 {016

352 475 708 549 vatojudicii
730 478 950 549 ordine,
977 476 1140 552 prius
1162 477 1297 536 data
1321 473 1989 536 sententiairrevocabili
2017 473 2074 543 Α
2100 471 2362 548 ipsorum
2411 475 2639 550 primus
2675 476 3012 553 recogitent,
3043 480 3100 535 et
3126 471 3215 534 vel
3251 487 3380 533 sero
3428 472 3774 548 agnoscant

356 583 522 624 reum
537 568 907 625 anathemate
922 569 1360 624 feriretdicens:
1381 590 1407 618 ‹‹
1432 567 2006 624 Pecuniatuatecum
2115 565 2215 620 ubi
2240 567 2492 637 jaceant,
2525 571 2582 623 et
2608 569 2763 639 quod
2787 571 2914 641 jam
2954 585 3071 624 non
3102 566 3344 624 secundi
3380 564 3454 621 ab
3476 564 3628 636 ipso,
3661 565 3768 621 sed

358 656 436 713 sit
466 657 527 713 in
558 657 940 729 perditionem
976 659 1110 728 (Act.
1144 675 1267 722 vm,
1299 659 1388 728 20)
1416 675 1428 724 ;
1466 679 1492 705 ››
1527 655 1736 710 deinde
1775 669 2008 709 omnem

361 762 599 802 causam
630 749 822 812 tantae,
847 750 903 800 et
926 751 1044 802 tam
1069 746 1382 818 repentinae
1415 743 1810 800 damnationis
1841 743 2007 796 inno-

359 838 606 890 tesceret
648 833 1010 906 subjungens
1043 852 1056 888 :
1093 859 1119 883 ‹‹
1157 834 1441 900 Quoniam
1483 834 1702 887 donum
1735 832 1835 886 Dei
1866 831 2010 886 exis-

360 922 581 980 timasti
614 922 859 992 pecunia
882 922 1167 995 possideri
1201 922 1405 992 (Ibid.).
1435 943 1461 969 ››
1485 921 1615 976 Mox
1639 918 2011 991 qualemcun-

364 1027 474 1084 que
505 1010 827 1082 spiritualis
857 1011 1056 1083 gratiae
1088 1012 1412 1083 portionem
1436 1008 1853 1064 existimationi
1882 1009 2008 1077 ejus

363 1102 660 1171 denegans
688 1099 830 1155 dicit
861 1118 873 1155 :
913 1123 940 1150 ‹‹
973 1101 1096 1155 Non
1127 1104 1216 1153 est
1235 1099 1343 1154 tibi
1376 1115 1510 1170 pars
1541 1115 1728 1168 neque
1745 1114 1871 1152 sors
1888 1112 2008 1150 ser-

366 1205 536 1246 mone
567 1189 678 1244 isto
707 1188 862 1260 (Ibid.
899 1229 913 1254 ,
946 1190 1059 1260 21),
1082 1210 1109 1237 »
1133 1189 1355 1243 scilicet
1384 1187 1443 1240 in
1475 1187 1626 1242 dono
1657 1187 1788 1240 isto.
1821 1184 2012 1238 Aede-

366 1295 529 1334 mum
558 1278 644 1332 sic
677 1279 806 1348 ejus
831 1276 1151 1348 nequitiam
1175 1281 1231 1332 et
1263 1276 1454 1332 cordis
1484 1277 1829 1348 pravitatem
1863 1291 2018 1330 exse-

365 1371 582 1434 cratus,
605 1366 976 1421 vehementer
999 1367 1296 1437 redarguit
1318 1383 1329 1420 :
1353 1389 1379 1413 ‹‹
1400 1366 1508 1420 Cor
1524 1365 1680 1419 enim
1705 1369 1870 1419 tuum
1895 1379 2010 1417 non

365 1459 452 1512 est
493 1458 716 1510 rectum
747 1470 940 1509 coram
973 1453 1250 1520 Domino;
1285 1453 1344 1507 in
1375 1451 1502 1507 felle
1542 1451 1703 1507 enim
1735 1450 2014 1506 amaritu-

365 1543 542 1610 dinis,
569 1548 626 1598 et
655 1543 1008 1615 obligatione
1037 1542 1370 1614 iniquitatis
1399 1541 1563 1596 video
1595 1545 1650 1595 te
1680 1556 1807 1595 esse
1830 1539 2012 1608 (Ibid.,

363 1633 454 1702 21,
485 1633 598 1702 23).
634 1654 664 1680 ››
687 1631 1065 1701 Tandemque
1087 1631 1158 1685 ad
1187 1629 1585 1702 paenitentiam
1611 1632 2009 1699 provocatum,

365 1721 653 1776 incertum
702 1724 759 1774 et
803 1719 1054 1775 dubium
1085 1735 1154 1773 ex
1184 1723 1349 1773 tanta
1390 1715 1770 1788 blasphemiae
1813 1715 2015 1770 remis-

368 1809 531 1866 sione
559 1809 764 1872 ell'ecit,
799 1808 1000 1863 dicens
1035 1825 1047 1862 :
1083 1830 1109 1856 «
1147 1806 1545 1862 Pmnitentiam
1576 1805 1774 1875 itaque
1804 1820 1908 1874 age
1941 1803 2012 1858 ab

367 1897 476 1953 hac
503 1895 764 1968 nequitia
792 1900 912 1962 tua,
946 1900 1003 1950 et
1031 1911 1169 1966 roga
1198 1894 1533 1959 Dominum,
1567 1893 1616 1948 si
1648 1893 1793 1946 forte
1814 1891 2012 1946 remit-

369 1988 526 2040 tatur
555 1983 660 2039 tibi
685 1983 806 2037 hazc
827 1982 1098 2054 cogitatio
1119 1982 1309 2037 cordis
1331 1981 1413 2035 tui
1433 1981 1590 2051 (Ibid.
1626 1982 1738 2051 22).
1768 2001 1795 2029 »
1820 1982 1880 2035 In
1899 1997 2016 2051 qua

368 2073 572 2144 utique
601 2072 662 2126 B.
697 2072 848 2126 Petri
876 2071 1083 2126 ultima
1115 2071 1173 2125 in
1207 2069 1504 2126 Simonem
1537 2068 1843 2138 sententia,
1867 2067 2016 2122 nihil

369 2160 483 2216 nisi
513 2159 785 2231 cogitatio
834 2159 1027 2215 cordis
1078 2158 1472 2230 redarguitur,
1523 2157 1673 2213 sicut
1718 2161 1774 2211 et
1827 2156 2017 2228 prima

370 2247 720 2305 existimatio
742 2252 969 2304 tantum
1002 2248 1447 2302 condemnatur.

1002 2335 1237 2391 CAPUT
1287 2335 1381 2389 ιν.

445 2428 646 2496 Itaque
690 2425 818 2480 luce
865 2424 1080 2480 clarius
1130 2429 1219 2480 est
1269 2423 1544 2479 omnibus
1584 2422 1733 2478 sacri
1783 2421 2013 2494 capitis,

373 2515 631 2581 Petrum,
665 2513 859 2568 nimiae
891 2511 1181 2585 patientiae
1201 2516 1258 2568 et
1288 2511 1593 2567 rusticanza
1624 2509 2016 2582 simplicitatis

371 2602 587 2670 virum,
608 2618 980 2673 nequaquam
998 2618 1103 2657 suo
1118 2601 1396 2656 instinctu
1412 2600 2018 2672 ethumanapassione

376 2707 480 2748 seu
493 2691 928 2763 perturbatione
951 2695 1330 2758 commotum,
1353 2693 1474 2744 tam
1493 2689 1854 2761 repentinam
1874 2693 2020 2744 tam-

377 2795 492 2853 que
521 2779 848 2834 districtam
871 2779 1119 2835 dictasse
1141 2779 1510 2843 sententiam,
1544 2778 1644 2833 sed
1667 2778 1862 2849 ipsum
1883 2777 2020 2850 Spi-

377 2868 556 2924 ritum
587 2872 858 2923 sanctum
901 2867 960 2922 in
990 2868 1156 2924 Petro
1188 2867 1352 2938 quasi
1383 2867 1439 2921 in
1474 2866 1694 2938 templo
1723 2883 1830 2922 suo
1861 2866 2022 2921 habi-

376 2960 600 3014 tantem
629 2959 851 3011 tantam
883 2973 997 3012 non
1030 2955 1236 3012 tulisse
1257 2955 1556 3027 injuriam,
1593 2954 2019 3026 blasphemiam

379 3050 437 3103 et
452 3044 889 3116 contumeliam,
917 3044 1676 3118 penitusqueindignatum,
1697 3045 1872 3114 cujus
1891 3045 2018 3114 jam

379 3136 478 3191 irae
509 3151 679 3190 nemo
712 3135 980 3190 resistere
1011 3138 1222 3206 potest,
1257 3138 1451 3205 atque,
1488 3138 1553 3188 ut
1582 3133 1641 3187 in
1665 3132 1872 3188 Genesi
1899 3148 2020 3187 me-

2117 653 2302 709 multo
2333 654 2647 726 plusquam
2689 655 2987 712 millesimi
3018 655 3079 711 in
3109 653 3370 711 Ecclesia
3408 653 3774 720 subsistant,-

2118 744 2349 798 credere
2381 744 2506 799 ausi
2539 761 2602 799 se
2633 761 2734 816 per
2764 745 3071 818 pecuniam
3103 744 3436 800 sacerdotes
3462 742 3555 798 vel
3603 741 3774 799 aliud

2118 831 2419 902 quodlibet
2447 832 2821 889 ecclesiastici
2851 833 3072 890 ordinis
3100 849 3271 905 posse
3317 832 3464 900 ﬁeri,
3499 835 3601 887 aut
3630 848 3776 904 pro-

2119 921 2350 986 mereri,
2383 937 2483 976 seu
2511 922 2648 977 dare
2679 922 2855 977 alicui
2879 922 3060 995 gratis
3081 921 3169 977 vel
3200 921 3384 994 pretio
3411 939 3423 988 ;
3451 922 3606 993 quod
3628 938 3774 977 con-

2118 1014 2237 1064 stat
2269 1009 2428 1081 ipsos
2459 1009 2620 1066 nullo
2651 1012 2824 1067 modo
2859 1011 3119 1084 potuisse
3151 1027 3254 1083 per
3293 1010 3605 1082 pecuniam
3629 1010 3778 1066 -adi-=

2119 1098 2284 1170 pisci,
2316 1103 2672 1169 protestante
2694 1099 2954 1173 principe
2972 1098 3371 1172 apostolorum
3394 1098 3643 1170 principi
3675 1098 3774 1170 ip-

2119 1203 2319 1243 sorum
2350 1187 2572 1243 Simoni
2607 1206 2619 1243 :
2655 1211 2682 1239 «
2715 1190 2840 1245 Non
2872 1194 2960 1246 est
2990 1206 3127 1262 pars
3156 1189 3285 1258 tibi,
3321 1203 3513 1259 neque
3547 1203 3675 1243 sors
3703 1187 3771 1242 in

2119 1292 2386 1332 sermone
2436 1277 2548 1332 isto
2598 1278 2732 1349 (Act.
2764 1296 2890 1345 vm,
2920 1279 3033 1350 2t).
3073 1301 3100 1326 ››
3142 1279 3206 1332 In
3235 1293 3354 1348 qua
3385 1277 3589 1349 utique
3621 1293 3772 1349 prae-

2120 1365 2454 1436 sumptione
2466 1366 2747 1422 venialior
2766 1372 2854 1422 est
2869 1383 3030 1422 error
3050 1367 3226 1438 Magi,
3247 1365 3348 1438 qui
3362 1369 3590 1421 tantum
3613 1365 3774 1421 asti-

2122 1454 2302 1509 mavit
2317 1454 2536 1509 donum
2565 1455 2788 1510 Domini
2813 1455 3059 1528 pecunia
3073 1471 3244 1527 posse
3265 1453 3568 1526 possideri,
3584 1468 3772 1525 quam

2122 1542 2371 1598 istorum
2421 1544 2520 1613 qni
2551 1548 2798 1615 crepant
2825 1549 2882 1600 et
2929 1545 3254 1613 conﬁdunt,
3305 1544 3540 1616 insuper
3576 1545 3632 1598 et
3668 1541 3766 1596 di-

2123 1635 2265 1687 cunt
2295 1647 2356 1685 se
2388 1629 2534 1686 illud
2567 1631 2954 1689 nihilominus
2977 1634 3228 1705 pecunia
3259 1632 3544 1704 accepisse
3571 1629 3772 1701 possi-

2122 1720 2278 1784 dere,
2309 1725 2366 1774 et
2406 1719 2644 1776 cuilibet
2681 1722 2840 1778 dare.
2883 1723 3028 1777 Nam
3078 1723 3127 1777 si
3176 1721 3287 1777 hoc
3319 1737 3436 1776 non
3465 1719 3774 1776 crederent

2121 1807 2426 1879 episcopos
2455 1825 2518 1864 se
2547 1824 2650 1880 per
2679 1810 2989 1882 pecuniam
3023 1827 3137 1866 non
3178 1809 3441 1882 potuisse
3484 1806 3632 1872 fieri,
3661 1819 3768 1860 no-

2123 1896 2352 1951 hiscum
2383 1898 2440 1951 et
2468 1895 2582 1968 ipsi
2615 1898 3018 1969 praedicarent,
3055 1904 3112 1954 et
3142 1899 3403 1954 officium
3436 1911 3554 1952 non
3597 1907 3778 1950 suum

2124 2003 2409 2058 usurpare
2447 1991 2764 2053 cessarent,
2801 1988 3258 2059 perditionisque
3291 2003 3412 2040 suae
3445 1983 3784 2040 damnatio“

2125 2094 2258 2133 nem
2275 2078 2467 2149 potius
2483 2093 2657 2149 quam
2673 2076 2926 2147 aliquam
2940 2073 3281 2147 episcopalis
3294 2072 3606 2129 ministerii
3621 2073 3795 2129 ordi-

2126 2166 2444 2235 nationem,
2461 2183 2563 2222 seu
2581 2164 3072 2222 consecrationem
3086 2162 3216 2218 aliis
3231 2178 3348 2218 non
3361 2160 3785 2217 communica-

2125 2259 2275 2311 rent.
2297 2255 2355 2312 Si
2371 2257 2565 2311 autem
2581 2254 2839 2319 credunt,
2857 2251 3161 2307 manifeste
3171 2250 3426 2306 haeretici
3439 2252 3601 2317 sunt,
3617 2251 3782 2322 pejo-

2125 2361 2218 2400 res
2232 2343 2329 2399 illo
2343 2343 2442 2414 qui
2461 2343 2567 2397 hoc
2579 2341 2742 2413 prius
2759 2340 3114 2396 existimavit
3126 2339 3216 2394 vel
3234 2338 3780 2410 cogitavittantum.

2123 2433 2180 2486 Si
2214 2448 2345 2487 vero
2375 2447 2489 2488 non
2522 2430 2789 2497 credunt,
2818 2445 2922 2484 cur
2963 2428 3226 2484 officium
3269 2426 3529 2483 alienum
3559 2417 3783 2498 praesu-

2126 2525 2312 2588 munt,
2356 2523 2412 2574 et
2451 2519 2607 2590 quod
2649 2516 2759 2573 sibi
2810 2533 2926 2572 non
2975 2517 3196 2572 habent
3224 2531 3328 2570 nec
3359 2515 3419 2570 in
3450 2514 3781 2572 ministerio

2126 2609 2439 2665 concedere
2456 2624 2519 2664 se
2541 2606 2672 2663 aliis
2693 2623 2809 2662 non
2828 2621 3020 2677 posse,
3045 2621 3152 2660 cur
3173 2621 3288 2660 non
3308 2609 3737 2676 recognoscunt
3752 2605 3783 2659 ?

2196 2699 2265 2754 Et
2289 2697 2348 2752 in
2373 2697 2483 2752 hoc
2521 2711 2752 2768 quoque
2782 2693 3089 2750 manifeste
3129 2691 3385 2749 haeretici
3415 2695 3555 2748 sunt
3599 2697 3657 2747 et
3685 2692 3783 2748 de-

2128 2791 2387 2860 sperant,
2421 2789 2525 2842 aut
2549 2788 2703 2840 certe
2735 2783 2793 2838 in
2827 2799 2929 2855 spe
2959 2782 3362 2856 blasphemiae
3403 2780 3777 2853 quotidianae

2128 2877 2330 2950 primae
2363 2891 2480 2930 sua:
2507 2873 2565 2927 in
2589 2872 2872 2945 Spiritum
2895 2875 3166 2927 sanctum
3197 2869 3577 2942 blasphemiae
3595 2869 3781 2926 male-

2129 2964 2268 3020 dicti
2294 2963 2646 3034 adjungunt,
2679 2962 2901 3032 pejores
2919 2959 3017 3016 illo
3048 2976 3154 3016 suo
3185 2958 3466 3032 magistro
3495 2958 3619 3032 qui,
3651 2960 3786 3032 post

2130 3051 2526 3125 repulsionem
2558 3066 2749 3118 suam,
2785 3063 2891 3105 nec
2921 3064 2982 3105 se
3013 3048 3306 3120 accepisse
3325 3047 3414 3103 vel
3437 3047 3651 3104 habere
3680 3049 3789 3104 do-'

2129 3157 2273 3199 num
2296 3138 2550 3206 Domini,
2585 3142 2856 3194 sanctum
2885 3135 3151 3192 videlicet
3173 3135 3474 3208 Spiritum,
3508 3135 3780 3206 credidit,

377 3223 709 3296 taphoricos
735 3223 965 3296 legitur,
987 3202 1210 3279 tactum
1236 3202 1433 3279 dolore
1454 3222 1646 3278 cordis
1666 3221 2021 3279 intrinsecus
2051 3202 2095 3270 (ἶ
2133 3247 2238 3287 nec
2282 3202 2558 3300 cuiquam
2605 3242 2816 3282 manus
2865 3231 3102 3298 propter
3143 3202 3253 3281 hoc
3301 3202 3604 3297 imposuit,
3639 3202 3778 3280 cum

380 3314 533 3387 (Gen.
565 3331 642 3382 v1,
673 3315 748 3386 6),
783 3318 839 3369 et
869 3319 1286 3386 prazcaventem
1319 3314 1379 3367 in
1413 3314 1608 3368 futuro
1656 3312 2020 3368 animadver-

379 3403 541 3460 sione
570 3401 896 3459 detestabili
927 3407 982 3457 et
1002 3401 1247 3458 terribili
1277 3405 1480 3458 contra
1509 3399 1812 3456 avaritiam
1844 3401 2020 3475 Magi,

378 3496 436 3549 et
465 3495 818 3548 sectatorum
848 3493 976 3563 ejus
1004 3491 1408 3563 impudentem
1440 3495 1497 3545 et
1531 3506 1638 3544 sua
1666 3494 2020 3560 quaerentem

377 3580 912 3654 praesumptionem,
930 3579 1278 3636 venerabilis
1290 3578 1439 3634 Petri
1454 3577 1802 3644 defendisse,
1825 3581 1883 3633 et
1903 3579 2024 3634 vin-

377 3670 605 3726 dicasse
635 3669 832 3742 gratia
861 3685 984 3724 sua:
1016 3668 1365 3734 libertatem,
1401 3667 1538 3738 quia
1567 3667 1885 3737 putabatur
1923 3684 2022 3738 pe-

377 3758 548 3816 cunia
566 3775 737 3830 posse
758 3757 943 3829 redigi
966 3757 1026 3811 in
1049 3756 1404 3812 servitutem.
1434 3755 1608 3811 Porro
1637 3755 2019 3825 vesanusille,

378 3851 538 3902 tanto
569 3846 789 3902 tonitru
821 3844 1183 3915 fulmineque
1201 3845 1512 3900 verborum
1544 3844 2022 3916 perterrefactus,

379 3933 778 4007 apostolorum
799 3932 1266 3989 intercessionea
1294 3949 1356 3988 se
1376 3937 1598 3988 tantam
1622 3933 1723 3988 Dei
1754 3932 2022 4006 indigna-

377 4023 596 4080 tionem
628 4021 883 4078 amoveri
915 4020 1197 4092 quaasivit,
1219 4021 1419 4076 dicens
1445 4039 1457 4076 :
1491 4043 1518 4072 «
1545 4021 1762 4093 Rogate
1782 4039 1884 4078 vos
1914 4027 2024 4078 Do-

375 4112 606 4168 minum
637 4128 740 4182 pro
761 4114 944 4178 me,ut
965 4108 1110 4164 nihil
1130 4109 1324 4165 veniat
1352 4127 1530 4182 super
1549 4126 1642 4165 me
1663 4127 1864 4166 eorum
1896 4127 2023 4183 quae

373 4200 608 4257 dixistis
636 4201 772 4269 (Act.
805 4215 928 4266 vm,
960 4197 1072 4269 24).
1105 4220 1132 4248 ››
1166 4199 1328 4262 Quod
1360 4202 1553 4253 tamen
1585 4198 1818 4254 nullum
1849 4216 2026 4271 super

373 4288 484 4344 hoc
513 4287 585 4343 ab
616 4286 698 4342 eis
728 4285 964 4355 meruit,
990 4301 1095 4342 nec
1125 4292 1263 4342 tunc
1285 4303 1389 4343 nec
1420 4291 1623 4358 postea
1651 4304 2023 4359 responsum,

373 4380 441 4432 ut
498 4374 715 4447 posteri
780 4374 1073 4432 discerent
1131 4393 1308 4448 quam
1386 4392 1624 4431 enorme
1681 4375 2026 4432 incurrisset

374 4461 788 4537 praecipitium,
821 4463 912 4519 cui
945 4481 1050 4522 nec
1083 4465 1196 4537 ipsi
1228 4464 1414 4520 sancti
1460 4463 1706 4535 apostoli
1748 4481 2028 4536 praesum-

2128 3319 2226 3375 ille
2254 3318 2405 3373 hanc
2427 3319 2657 3371 tantum
2680 3318 3025 3386 potestatem
3049 3312 3412 3386 quaesivisset
3442 3313 3515 3369 ab
3546 3317 3780 3385 aposto-

2129 3409 2223 3478 lis,
2248 3411 2313 3462 ut
2342 3405 2669 3475 cuicunque
2699 3419 2909 3459 manus
2940 3403 3286 3475 imponeret,
3331 3402 3618 3474 acciperet
3646 3401 3780 3474 Spi-

2129 3497 2307 3552 ritum
2339 3497 2631 3550 sanctum.
2666 3491 2857 3548 Malus
2886 3491 3007 3558 ille,
3030 3491 3170 3563 quia
3199 3492 3272 3547 ad
3302 3490 3412 3548 hoc
3443 3490 3658 3546 obtulit
3686 3507 3783 3563 pe-

2130 3585 2393 3651 cuniam;
2428 3582 2654 3653 pejores
2685 3580 2804 3651 isti,
2839 3580 2978 3652 quia
3008 3597 3125 3636 non
3157 3579 3348 3638 solum
3372 3579 3643 3650 offerunt,
3677 3580 3780 3636 sed

2129 3674 2306 3730 etiam
2338 3669 2709 3744 pertinaciter
2730 3669 3054 3725 conferunt.
3075 3668 3263 3725 Malus
3293 3667 3409 3736 ille,
3441 3669 3600 3740 quia,
3633 3685 3778 3724 non-

2129 3763 2270 3818 dum
2302 3778 2336 3816 a
2365 3758 2738 3815 conversione
2761 3775 2868 3814 sua
2884 3757 3129 3813 dimidio
3161 3774 3313 3814 anno
3343 3756 3570 3830 expleto
3590 3757 3650 3812 in
3669 3756 3783 3814 hoc

2129 3848 2502 3921 sacrilegium
2527 3845 2706 3902 semel
2729 3845 2946 3914 evasit;
2972 3848 3191 3916 quanto
3213 3845 3439 3917 pejores
3466 3842 3586 3912 isti,
3619 3843 3782 3916 quia,

2131 3938 2202 3994 ab
2243 3941 2406 3993 utero
2443 3934 2695 3991 carnalis
2744 3932 2971 4001 matris,
3005 3933 3119 3989 ﬁde
3160 3933 3377 3989 Christi
3419 3938 3713 4005 suscepta,
3747 3949 3783 3988 a

2128 4026 2382 4100 pueritia
2439 4039 2628 4096 usque
2681 4023 2751 4078 ad
2809 4022 3040 4078 senium
3087 4021 3236 4077 nihil
3309 4020 3471 4077 aliud
3527 4020 3782 4094 cogitare

2129 4121 2233 4172 aut
2262 4131 2432 4187 agere
2462 4111 2792 4185 appetunt?
2817 4110 3144 4167 Sceleratus
3174 4109 3292 4179 ille,
3326 4111 3466 4182 quia
3501 4127 3608 4166 nec
3655 4127 3781 4166 cor-

2129 4209 2332 4277 reptus
2381 4206 2482 4258 aut
2511 4201 2846 4257 admonitus
2894 4200 3226 4273 pmnitendo
3279 4199 3553 4272 resipuit;
3595 4198 3780 4255 multo

2131 4292 2526 4350 sceleratiores
2556 4289 2675 4358 isti,
2700 4289 2837 4361 quia
2867 4286 3290 4362 incorrigibiles
3312 4292 3368 4344 et
3401 4287 3783 4360 impaeniten—

2130 4385 2218 4437 tes
2249 4379 2454 4447 effecti,
2489 4377 2770 4448 nullaque
2808 4377 3204 4450 increpatione
3249 4375 3338 4433 vel
3384 4376 3788 4434 admonitione

2133 4468 2490 4541 compuncti,
2551 4467 2806 4522 alienum
2867 4467 3125 4523 officium
3178 4465 3266 4521 vel
3322 4465 3560 4534 locum,
3607 4481 3782 4538 quem

374 4555 619 4626 pserunt
650 4552 942 4625 porrigere
973 4571 1092 4609 suae
1122 4551 1563 4609 intercessionis
1595 4569 1858 4622 manum,
1889 4554 2019 4625 jus-
2052 4574 2099 4639 D
2134 4559 2245 4614 sibi
2268 4559 2896 4630 praesumpseruntnon
2927 4556 3290 4628 relinquunt,
3311 4571 3416 4610 nec
3427 4555 3557 4628 jugi
3587 4571 3650 4611 se
3671 4571 3786 4627 pce-

372 4641 492 4698 ti'us
524 4640 794 4698 arbitrari
817 4659 952 4698 eum
974 4660 1008 4698 a
1035 4660 1144 4699 sua
1161 4640 1575 4698 communione
1595 4641 1923 4698 abscissum
1946 4642 2022 4698 ir-

372 4730 756 4788 revocabilem
787 4732 885 4786 iraa
930 4732 1164 4788 Domini
1195 4730 1670 4801 relinquendum,
1703 4731 1842 4802 quia
1871 4732 2027 4788 inex-

371 4819 585 4893 piabile
613 4820 1154 4877 animadvertebant
1182 4822 1309 4892 ejus
1340 4818 1658 4890 piaculum.
1694 4820 1855 4884 Quod
1879 4821 1927 4876 si
1961 4826 2026 4878 ut

369 4909 820 4981 Chrysostomus
839 4908 940 4974 ait,
977 4928 998 4956 α
1031 4908 1203 4963 ruina
1225 4907 1680 4980 praecedentium
1702 4909 2023 4965 admonitio

370 4996 542 5054 debet
570 5013 698 5053 esse
726 4996 1121 5066 sequentium,
1158 5018 1186 5046 »
1219 4995 1589 5052 considerare
1620 4997 1903 5053 debemus
1929 5015 2021 5054 se-

369 5087 628 5144 cundum
651 5084 809 5156 quod
835 5084 992 5139 idem
1015 5086 1216 5141 doctor
1241 5084 1570 5157 subjungit,
1604 5085 1741 5157 quia
1771 5109 1800 5137 ‹‹
1835 5087 1882 5142 si
1909 5088 2019 5143 fre-

370 5178 617 5248 quenter
645 5171 1028 5230 ceciderimus
1058 5173 1118 5228 in
1163 5173 1375 5241 ipsam,
1408 5172 1598 5244 magis
1645 5172 1876 5229 veniam
1904 5190 2022 5230 me-

368 5268 572 5320 rentur
600 5260 685 5316 illi
720 5261 821 5332 qui
853 5260 1027 5332 primi
1054 5261 1389 5318 ceciderunt
1431 5277 1609 5332 quam
1659 5278 1765 5317 nos
1803 5262 1903 5333 qui
1935 5281 2020 5319 se-

347 5351 566 5409 'cundi.
604 5373 633 5400 »
663 5349 846 5416 Unde,
880 5367 1039 5424 rogo,
1073 5351 1313 5407 tandem
1335 5350 1816 5422 expergiscantur
1835 5351 2019 5408 Simo-

368 5440 542 5505 niaci,
575 5442 632 5494 et
660 5453 863 5493 eorum
893 5439 1085 5495 intimi
1115 5437 1458 5495 cubicularii
1481 5443 1656 5510 atque
1685 5438 1784 5493 ﬁdi
1816 5440 2017 5510 pedis-

369 5527 555 5598 sequi,
590 5530 674 5593 ut,
705 5525 969 5584 videntes
1000 5534 1281 5601 quantam
1313 5527 1546 5584 ruinam
1576 5527 1910 5596 incurrerit,
1941 5532 2013 5586 ad

371 5619 895 5685 quantumcunque
930 5615 1317 5687 prwcipitium
1358 5615 1665 5672 devolutus
1706 5615 1782 5671 sit
1814 5622 2015 5676 auctor

2136 4646 2389 4702 nitentia:
2445 4644 2803 4714 subducunt,
2859 4643 2910 4700 si
2968 4644 3112 4700 forte
3169 4644 3505 4699 remittatur
3549 4643 3635 4700 eis
3679 4642 3786 4698 ali-

2134 4736 2371 4807 quando
2423 4734 2576 4806 quod
2629 4749 2828 4789 secum
2883 4731 3100 4788 multos
3158 4731 3556 4805 perdiderunt,
3605 4733 3799 4801 atque

2132 4822 2530 4879 damnationis
2553 4838 2673 4878 suae
2695 4820 2964 4893 contagio
2981 4819 3299 4876 Ecclesiam
3321 4816 3529 4875 Christi
3559 4817 3618 4871 in
3629 4816 3784 4874 fece-

2131 4917 2288 4968 runt.
2317 4912 2581 4983 Nequam
2601 4910 2718 4979 ille,
2743 4910 2901 4982 quia.
2920 4909 3015 4964 vix
3035 4910 3175 4965 dum
3194 4923 3341 4964 anno
3367 4905 3547 4962 altero
3578 4921 3612 4961 a
3639 4921 3784 4976 pas-

2131 5001 2296 5056 sione
2326 4998 2559 5055 Domini
2589 4999 2857 5070 incoapto,
2885 4997 3227 5069 hujusmodi
3248 5009 3560 5068 aggressus
3576 4996 3670 5050 est
3695 4993 3787 5050 fa-

2131 5089 2320 5158 cinus,
2355 5086 2576 5144 nullius
2626 5091 2863 5160 propter
2893 5086 2999 5142 hoc
3050 5085 3341 5159 reprobati
3382 5081 3651 5156 exemplo
3686 5083 3791 5140 ’ἀθά

2127 5178 2365 5234 territus
2389 5194 2402 5242 ;
2437 5175 2623 5231 multo
2644 5180 2840 5231 tamen
2863 5175 3174 5248 nequiores
3191 5172 3459 5246 isti,quia
3478 5171 3788 5245 postmille

2127 5269 2184 5321 et
2214 5263 2469 5336 amplius
2485 5281 2519 5319 a
2542 5261 3046 5330 condemnatione,
3073 5267 3128 5318 et
3153 5260 3568 5334 reprobatione
3595 5259 3784 5332 ipsius

2127 5353 2279 5427 Magi
2305 5369 2508 5422 annos,
2525 5351 2804 5424 exemplis
2826 5350 3346 5407 innumerabilium
3367 5350 3782 5405 damnatorum

2125 5443 2294 5515 quasi
2321 5440 2662 5496 audaciores
2691 5441 2898 5510 effecti,
2932 5457 3048 5495 non
3081 5439 3362 5495 desinunt
3403 5441 3639 5494 tantum
3677 5436 3788 5491 cri-

2123 5548 2257 5588 men
2290 5529 2555 5602 aggredi,
2585 5533 2641 5584 et
2671 5527 2803 5600 plus
2825 5529 2952 5600 ipso
2979 5526 3263 5600 magistro
3295 5543 3404 5583 suo
3435 5525 3584 5582 inea
3612 5524 3784 5597 culpa

2122 5617 2544 5694 perseverando
2558 5617 2888 5690 transgredi
2905 5621 3225 5689 contraque
3240 5613 3792 5674 manifestam-Veri-
