4004 6210
225 332 386 402 1017

825 331 1245 434 ADVERSUS
1291 321 1768 397 SIMONIACOS
1793 324 2024 394 LIBRI
2067 328 2295 396 TRES.
2325 363 2404 377 —-
2433 329 2666 398 LIBER
2707 329 3030 398 PRIMUS.

3477 326 3638 396 1010

224 469 392 538 tatis,
415 483 544 543 qua
571 463 842 526 Christus
884 471 993 534 est,
1026 467 1377 524 sententiam
1408 467 1732 537 credentes,
1764 465 1872 520 do-
1903 461 1961 530 Α
1989 464 2254 533 sacratio,
2288 463 2441 523 sicut
2471 483 2650 540 supra
2670 466 2816 525 satis
2833 463 3185 534 ostenditur,
3221 463 3321 522 sed
3349 463 3489 540 quia
3509 464 3635 524 sine

230 564 431 618 centes
461 563 518 615 et
537 556 840 628 iacientes,
867 556 1151 629 Spiritum
1175 560 1440 612 sanctum
1474 571 1590 610 non
1611 554 1793 626 gratis
1815 567 1876 610 se

231 649 546 721 accepisse,
579 652 681 704 aut
708 648 850 702 dare
895 645 1218 712 conﬁdunt,
1253 644 1381 716 ipsa
1409 643 1661 700 Veritate
1687 647 1876 716 prote-

230 742 444 806 stante,
481 759 508 788 ‹‹
534 736 724 792 Gratis
753 733 1083 807 accepistis,
1105 733 1289 805 gratis
1303 733 1434 788 date
1452 733 1656 802 (Matth.
1678 733 1825 799 x,8).
1849 753 1876 779 ››

230 826 377 883 Hinc
408 842 544 898 ergo
575 829 736 897 patet
757 823 895 896 quia
927 837 1300 893 nequaquam
1319 821 1599 892 Spiritum
1621 819 1879 874 veritatis

233 913 533 986 accipiunt
549 913 648 986 qui
665 929 777 968 non
799 911 981 984 gratis
1002 909 1258 981 accipere
1271 912 1558 982 quaerunt.
1579 907 1724 974 Quid
1743 924 1880 979 ergo

230 1003 473 1060 tandem
497 1001 827 1074 accipiunt?
847 999 1120 1072 spiritum
1137 997 1340 1070 utique
1369 997 1678 1061 mendacii,
1704 1011 1878 1067 quem

230 1093 358 1148 sine
376 1091 556 1147 dubio
569 1092 712 1147 dant
729 1089 846 1146 sive
861 1106 977 1144 non
1001 1088 1182 1161 gratis
1195 1087 1316 1142 sive
1337 1087 1519 1158 gratis
1535 1085 1746 1156 cuique
1765 1100 1882 1139 ma-

232 1180 692 1253 nusimponunt;
713 1195 900 1250 neque
920 1177 1075 1234 enim
1097 1176 1254 1231 aliud
1274 1192 1450 1248 quam
1475 1174 1629 1246 quod
1651 1189 1881 1246 accepe-

231 1272 376 1324 runt
393 1268 532 1324 dare
553 1265 963 1339 possunt,quia
978 1279 1168 1336 neque
1178 1263 1250 1318 de
1270 1262 1506 1317 tribulis
1522 1263 1882 1332 ﬁcus,neque

234 1357 308 1412 de
329 1357 477 1412 rubo
497 1355 892 1411 vindemiatur
910 1352 1226 1424 aliquando
1240 1368 1369 1407 uva.
1396 1352 1653 1423 Denique
1672 1350 1880 1422 gratia,

235 1444 349 1501 nisi
376 1444 561 1516 gratis
591 1443 932 1516 accipiatur,
966 1441 1156 1514 gratia
1186 1458 1300 1496 non
1323 1445 1430 1509 est,
1467 1457 1572 1495 nec
1595 1439 1708 1494 dici
1731 1443 1883 1494 recte

234 1536 444 1606 potest.
475 1531 790 1588 Simoniaci
821 1533 1018 1587 autem
1039 1546 1154 1585 non
1185 1529 1368 1601 gratis
1400 1528 1697 1600 accipiunt
1725 1527 1882 1598 quod

235 1619 550 1692 accipiunt.
585 1620 768 1692 Igitur
797 1619 1046 1692 gratiam
1078 1635 1203 1689 quas
1235 1617 1487 1672 maxime
1518 1616 1577 1671 in
1613 1615 1881 1672 ecclesia-

237 1708 402 1766 sticis
423 1708 732 1765 ordinibus
743 1711 1018 1780 operatur
1034 1723 1149 1762 non
1164 1705 1534 1778 accipiunt,si
1548 1708 1742 1760 autem
1767 1720 1883 1759 non

239 1796 554 1869 accipiunt,
588 1813 694 1854 nec
723 1797 976 1895 habent;
1010 1796 1060 1850 si
1104 1812 1219 1895 non
1250 1795 1486 1859 habent,
1520 1810 1622 1849 nec
1656 1792 1839 1895 gratis
1867 1809 1882 1860 ;
1917 1829 1967 1895 B

239 1903 430 1960 neque
462 1902 577 1942 non
607 1886 791 1956 gratis
821 1884 1096 1956 cuiquam
1141 1885 1280 1940 dare
1306 1887 1556 1956 possunt
1585 1881 1740 1954 quod
1773 1898 1887 1936 non

240 1976 476 2032 habent.
494 1975 641 2040 Quid
657 1990 794 2046 ergo
815 1974 994 2028 dant?
1014 1973 1271 2044 profecto
1297 1972 1453 2043 quod
1477 1972 1710 2026 habent.
1741 1969 1889 2036 Quid

240 2068 438 2121 autem
456 2063 700 2120 habent!
725 2061 994 2134 spiritum
1025 2061 1227 2133 utique
1248 2059 1557 2117 mendacii.
1591 2059 1890 2124 Quomodo

239 2152 351 2209 hoc
383 2151 744 2225 probamus?
785 2150 932 2218 Quia
969 2150 1018 2206 si
1047 2149 1298 2222 Spiritus
1327 2148 1611 2214 veritatis,
1641 2151 1892 2203 testante

241 2241 373 2312 ipsa
398 2239 656 2296 Veritate
687 2240 758 2294 de
789 2255 907 2310 qua
934 2238 1214 2310 procedit,
1246 2237 1427 2310 gratis
1454 2236 1759 2308 accipitur,
1793 2234 1892 2307 qui

245 2345 365 2385 non
395 2328 578 2401 gratis
607 2327 891 2398 accipitur
915 2326 1115 2399 procul
1137 2327 1315 2383 dubio
1337 2325 1581 2399 spiritus
1605 2323 1893 2382 mendacii

254 2432 386 2474 esse
415 2414 794 2472 convincitur.

909 2501 1138 2558 CAPUT
1172 2503 1240 2556 V.

326 2593 438 2650 Sed
452 2592 721 2664 bincjam
734 2592 807 2647 ad
822 2590 1248 2648 discussionem
1267 2590 1546 2662 propositi
1559 2589 1795 2662 capituli
1815 2605 1900 2646 re-

248 2686 571 2750 vertamur,
603 2684 661 2736 et
681 2681 918 2736 beatum
943 2678 1346 2748 Leonem,illic
1371 2679 1897 2751 pseudoepiscopos

254 2773 835 2836 commemorantem,
911 2786 1026 2824 non
1091 2773 1293 2824 contra
1364 2767 1726 2824 Simoniacos
1795 2783 1898 2823 seu

252 2874 638 2932 quoscunque
681 2857 826 2913 alios
874 2856 1195 2923 haereticos,
1239 2856 1340 2912 sed
1373 2860 1574 2912 contra
1613 2857 1899 2927 quosdam

251 2946 575 3004 catholicos
602 2961 738 3002 eum
777 2945 939 3002 illius
969 2947 1127 3002 modi
1177 2944 1409 3018 regulas
1455 2945 1777 3018 praeﬁxisse
1801 2946 1898 3000 de-

251 3039 671 3093 monstremus.
705 3035 772 3090 Et
800 3036 872 3090 de
921 3034 1271 3091 Simoniacis
1319 3035 1580 3107 quidem,
1628 3051 1729 3090 seu
1765 3033 1900 3090 aliis

255 3125 710 3198 quibuscumque
743 3123 1029 3181 hmreticis
1050 3141 1164 3180 non
1186 3141 1320 3180 eum
1340 3123 1419 3178 ibi
1450 3123 1709 3180 locutum
1741 3125 1902 3180 suffi-

1986 553 2138 610 clero
2156 559 2213 611 et
2234 553 2419 627 plebe,
2433 560 2490 612 et
2505 555 2937 629 metrOpolitani
2958 553 3179 611 auctori
3191 559 3330 623 tate,
3345 559 3402 613 et
3421 555 3634 612 idcirco

1987 659 2103 699 non
2116 660 2243 700 esse
2259 644 2647 701 dubitandum
2663 645 3005 714 hujusmodi
3021 645 3324 717 episcopos
3337 643 3634 717 indignos,

1988 733 2203 803 quibus
2227 733 2520 790 tribuatur
2547 735 2700 806 quod
2724 735 2967 790 docetur
2988 750 3102 788 non
3137 733 3316 789 fuisse
3341 734 3480 788 dum
3503 749 3638 789 con-

1989 825 2359 877 secrarentur
2438 822 2734 890 collatum,
2798 826 2954 878 certa
3009 821 3232 878 scilicet
3288 821 3640 895 propriaque

1989 910 2284 981 parochia,
2312 914 2370 966 et
2411 916 2598 967 certos
2625 912 3006 983 propriosque
3039 910 3282 966 clericos
3327 909 3639 966 ordinandi

1990 999 2327 1062 auctoritas,
2362 1004 2462 1054 aut
2490 1001 2990 1072 quemadmodum
3025 1000 3096 1054 de
3122 999 3477 1071 presbyteris
3511 999 3638 1056 sine

1991 1086 2228 1142 nomine
2276 1087 2579 1142 titulorum
2620 1087 2903 1142 ordinatis
2962 1086 3021 1141 in
3067 1087 3335 1142 Africano
3395 1086 3639 1143 concilio

1990 1173 2223 1246 legitur,
2259 1193 2551 1247 nusquam
2585 1175 2920 1231 ministrent
2936 1182 3033 1230 aut
3064 1176 3358 1246 ordinent,
3378 1177 3449 1232 ad
3483 1176 3638 1246 inju-

1993 1262 2141 1317 riam
2172 1279 2374 1319 eorum
2407 1263 2506 1334 qui
2528 1263 2674 1319 tales
2705 1281 2821 1318 non
2845 1263 3123 1319 canonice
3145 1263 3504 1320 ordinavere.
3531 1263 3640 1320 Ubi

1991 1353 2187 1406 tamen
2219 1356 2276 1406 et
2305 1351 2361 1406 in
2396 1351 2632 1423 quibus,
2683 1355 2740 1406 et
2771 1368 2872 1423 per
2903 1367 3076 1422 quos,
3124 1356 3181 1406 et
3211 1350 3460 1422 qualiter
3487 1351 3642 1408 ordi-

1993 1438 2366 1495 natiotalium
2393 1439 2575 1512 possit
2597 1440 2837 1505 stare,in
2861 1441 2988 1511 ipso
3007 1437 3262 1510 capitulo
3279 1441 3644 1511 subjungens

1993 1529 2215 1585 curavit
2244 1529 2664 1584 demonstrare.
2710 1529 2767 1583 Si
2811 1529 2910 1600 qui
2959 1532 3157 1583 autem
3191 1526 3383 1584 clerici
3412 1528 3484 1583 ab
3516 1529 3646 1584 istis

1993 1616 2512 1690 pseudoepiscopis
2553 1617 2611 1671 in
2635 1616 2908 1673 Ecclesiis
2940 1615 3192 1671 ordinati
3224 1619 3382 1681 sunt,
3417 1632 3546 1687 quae
3573 1617 3644 1671 ad

1993 1705 2262 1778 proprios
2291 1706 2596 1777 episcopos
2627 1705 3018 1777 pertinebant,
3037 1708 3094 1760 et
3124 1703 3412 1759 ordinatio
3441 1719 3644 1760 eorum

1995 1799 2276 1851 consueto
2291 1794 2514 1863 judicio
2536 1794 2975 1865 praesidentium
2999 1793 3151 1849 facta
3165 1797 3278 1859 est,
3305 1796 3496 1864 potest
3524 1797 3650 1850 rata

2000 1882 2224 1949 haberi,
2275 1882 2354 1936 ita
2403 1887 2468 1936 ut
2509 1881 2655 1953 ipsis
2703 1881 2978 1937 Ecclesiis
3027 1885 3413 1954 perseverent.
3464 1880 3650 1936 Aliter

2001 1976 2198 2028 autem
2230 1988 2380 2026 vana
2412 1970 2682 2026 habenda
2728 1975 2817 2026 est
2862 1970 3172 2036 ordinatio,
3221 1986 3346 2041 qum
3386 1986 3492 2024 nec
3524 1969 3648 2027 loco

2002 2061 2246 2116 fundata
2274 2063 2363 2116 est
2385 2075 2489 2115 nec
2522 2059 2865 2115 auctoritate
2888 2059 3306 2114 munita.Patet
3327 2073 3464 2130 ergo
3484 2059 3646 2130 quia,

2002 2149 2051 2204 si
2070 2148 2309 2205 clericos
2330 2165 2815 2220 quorumcunque
2831 2147 3240 2220 episcoporum
3267 2146 3530 2218 proprias
3554 2147 3651 2203 Ec-

2003 2236 2213 2294 clesias
2245 2236 2831 2308 habentium,judicio
2853 2253 3056 2292 eorum
3086 2240 3146 2291 et
3173 2251 3463 2291 consensu
3493 2235 3650 2292 ordi-

2002 2326 2288 2392 naverint,
2318 2329 2441 2380 rata
2458 2325 2749 2380 ordinatio
2767 2324 2968 2381 haberi
2991 2325 3198 2398 possit,
3220 2325 3302 2380 ita
3323 2331 3383 2380 ut
3412 2339 3650 2397 perma»

2003 2419 2181 2472 neant
2210 2413 2402 2470 clerici
2426 2415 2496 2469 ab
2510 2413 2595 2470 eis
2614 2415 2867 2470 ordinati
2889 2415 2948 2469 in
2970 2430 3212 2470 suorum
3241 2414 3649 2485 episcoporum

2005 2503 2298 2572 Ecclesiis,
2331 2502 2474 2574 quia
2502 2501 2632 2558 istis
2664 2495 2780 2557 non
2816 2505 2954 2558 sunt
2983 2518 3130 2574 quas
3161 2502 3298 2558 dent
3345 2518 3379 2556 a
3408 2518 3470 2557 se
3490 2501 3654 2556 ordi-

2005 2591 2149 2648 nati.
2187 2593 2269 2648 Ita
2295 2591 2452 2647 enim
2487 2591 2844 2650 consecratio
2872 2607 3074 2648 eorum
3103 2591 3386 2648 hactenus
3415 2590 3656 2646 instabi-

2007 2680 2079 2736 lis
2096 2681 2721 2738 muniturauotoritate
2737 2686 3076 2738 ceterorum
3091 2679 3655 2753 episcoporum,funv

2007 2769 2182 2825 datur
2208 2769 2356 2839 loco,
2387 2769 2447 2826 in
2478 2769 2756 2826 Ecclesiis
2788 2769 3008 2826 scilicet
3037 2786 3259 2826 eorum.

2641 2859 2877 2915 CAPUT
2914 2859 3009 2915 VI.

2082 2948 2226 3003 Hinc
2243 2964 2316 3004 ne
2339 2948 2472 3021 quis
2499 2965 2764 3022 perverse
2787 2949 3098 3006 contendat
3115 2947 3454 3019 hujusmodi
3472 2963 3651 3020 pseu-

2010 3036 2390 3111 doepiscopos
2414 3055 2529 3094 non
2551 3054 2722 3111 posse
2753 3037 3069 3111 aliquando
3101 3041 3258 3094 ratas
3284 3037 3469 3093 facere
3499 3035 3652 3092 ordi-

2011 3126 2297 3193 nationes,
2331 3128 2624 3198 quomodo
2658 3144 2762 3182 nec
2800 3126 3164 3183 Simoniacos
3214 3143 3316 3182 seu
3365 3124 3658 3198 quoslibet

254 3197 475 3270 cienter
500 3216 591 3269 est
646 3213 915 3284 superius
963 3213 1452 3282 demonstratum,
1503 3229 1659 3268 nunc
1703 3218 1900 3270 autem
1931 3197 1974 3265 (ἶ
2013 3213 2158 3270 alios
2189 3197 2490 3271 haereticos
2515 3233 2528 3284 ;
2561 3220 2665 3270 aut
2684 3221 2837 3271 certe
2856 3215 3217 3272 Simoniacos
3239 3230 3340 3270 seu
3367 3197 3656 3288 quoslibet

251 3302 409 3373 quod
429 3301 502 3357 de
522 3302 1056 3374 pseudoepiscopis,
1075 3306 1268 3358 tamen
1291 3300 1613 3370 catholicis,
1628 3301 1902 3374 loquatur

253 3393 348 3447 est
393 3391 940 3447 demonstrandum.
995 3391 1340 3463 Quicunque
1378 3395 1752 3448 consecratur
1777 3391 1898 3464 epi-

252 3495 470 3551 scopus
519 3480 845 3536 secundum
895 3479 1214 3536 decretales
1263 3485 1601 3537 sanctorum
1643 3481 1898 3553 regulas,

247 3567 420 3640 prius
449 3572 538 3622 est
567 3584 601 3622 a
639 3566 790 3622 clero
839 3565 1168 3639 eligendus,
1217 3569 1426 3624 deinde
1473 3586 1508 3624 a
1538 3568 1702 3640 plebe
1730 3585 1898 3640 expe-

247 3656 488 3719 tendus,
540 3655 896 3724 tandemque
927 3672 962 3709 a
997 3655 1582 3726 comprovincialibus
1612 3656 1901 3728 episcopis

249 3757 391 3800 cum
441 3739 875 3813 metrOpolitani
917 3741 1143 3813 judicio
1191 3745 1644 3798 consecrandus.
1702 3744 1901 3816 Neque

249 3830 411 3889 enim
434 3829 606 3886 aliter
635 3835 830 3885 certus
860 3834 918 3885 et
947 3830 1250 3896 fundatus,
1282 3830 1370 3886 vel
1391 3846 1563 3886 verus
1591 3832 1901 3906 episcopus

250 3920 369 3976 dici
398 3918 486 3976 vel
518 3918 719 3974 haberi
750 3917 979 3991 poterit,
1013 3917 1128 3973 nisi
1174 3926 1394 3975 cerlum
1426 3918 1646 3975 clerum
1696 3925 1752 3976 et
1793 3938 1901 3993 po-

252 4007 461 4082 pulum
488 4007 705 4079 quibus
734 4006 931 4080 praasit
969 4006 1259 4073 habuerit,
1293 4011 1351 4062 et
1379 4023 1413 4062 a
1441 4009 1899 4080 comprovincia-

251 4097 411 4154 libus
442 4097 566 4153 suis
598 4095 942 4152 auctoritate
981 4095 1436 4168 metropolitani,
1469 4097 1539 4152 ad
1574 4114 1747 4169 quem
1776 4099 1900 4156 vice

253 4185 586 4260 apostolicis
603 4185 759 4241 sedis
781 4201 922 4241 cura
950 4184 1138 4258 ipsius
1159 4184 1467 4257 provincia:
1489 4185 1739 4258 pertinet
1764 4204 1898 4244 con-

252 4275 576 4333 secrandus
625 4275 840 4344 fuerit;
894 4289 1001 4330 nec
1043 4277 1257 4342 certus,
1308 4290 1413 4330 nec
1461 4275 1761 4344 fundatus,
1796 4293 1900 4333 nec

251 4379 449 4433 verus,
477 4364 578 4420 sed
602 4363 1139 4436 pseudoepiscopus
1175 4363 1458 4419 dicendus
1482 4368 1571 4420 est
1596 4368 1652 4419 et
1681 4364 1898 4421 haben-

254 4445 389 4521 dus,
419 4468 525 4508 nec
545 4453 696 4509 inter
717 4453 993 4509 canonice
1017 4453 1308 4526 plantatos
1334 4452 1423 4508 vel
1458 4453 1640 4508 factos
1677 4455 1898 4526 episco-

2009 3302 2156 3360 alios
2216 3303 2516 3360 haereticos
2572 3308 2730 3360 ratas
2771 3304 3168 3360 ordinationes
3214 3304 3402 3360 facere
3459 3319 3653 3375 posse,

2009 3393 2302 3464 quomodo
2332 3397 2389 3448 et
2419 3393 2564 3448 istos
2589 3411 2603 3461 ;
2636 3397 2814 3464 atque
2845 3410 2962 3449 uno
2997 3393 3170 3448 modo
3192 3391 3492 3448 habendos
3514 3393 3657 3448 istos

2005 3488 2062 3538 et
2091 3481 2242 3550 illos,
2278 3484 2546 3554 uttputa,
2575 3482 2852 3554 quoniam
2879 3479 3360 3552 pseudoepiscopi
3382 3480 3661 3535 dicuntur

2009 3571 2106 3626 isti
2155 3570 2328 3625 sicuti
2384 3575 2443 3624 et
2498 3569 2604 3637 illi,
2665 3569 2886 3624 scilicet
2943 3568 3073 3623 falsi
3133 3567 3410 3640 episcopi,
3470 3567 3656 3622 anim-

2009 3659 2289 3723 advertat,
2358 3657 2628 3728 quisquis
2689 3656 2785 3712 ille
2860 3660 2968 3724 est,
3030 3654 3244 3710 falsum
3322 3671 3436 3708 non
3502 3670 3656 3710 sem-

2009 3764 2112 3818 per
2158 3745 2527 3801 uniformiter
2577 3745 2712 3813 dici,
2747 3747 2847 3801 sed
2881 3744 3199 3816 aliquando
3228 3759 3296 3798 ex
3325 3745 3508 3814 parte,
3544 3741 3653 3798 ali-

2009 3835 2243 3907 quando
2273 3851 2342 3890 cx
2360 3837 2502 3900 toto,
2529 3835 2683 3906 quod
2702 3834 2809 3890 hoc
2831 3832 3170 3906 quotidiana
3193 3831 3468 3889 facillime
3498 3849 3658 3889 com-

2009 3923 2291 3996 probatur
2310 3921 2596 3994 exemplo.
2621 3922 2842 3977 Dicitur
2857 3922 3128 3993 equidem
3147 3936 3428 3977 nummus
3450 3919 3657 3992 falsus,

2011 4011 2111 4084 qui
2146 4019 2337 4067 tamen
2359 4009 2532 4066 aliter
2551 4028 2612 4068 se
2634 4011 2810 4066 habet
2825 4010 2988 4066 visus
3018 4027 3051 4066 a
3069 4008 3468 4082 vigilantibus,
3492 4008 3661 4066 aliter

2010 4117 2044 4156 a
2073 4098 2526 4155 dormientibus.
2558 4099 2704 4155 Nam
2737 4098 2841 4168 illi,
2862 4104 2965 4156 aut
2991 4099 3053 4154 in
3085 4101 3439 4171 caragmate,
3463 4101 3566 4154 aut
3596 4098 3656 4154 in

2009 4188 2270 4257 materie,
2305 4192 2408 4244 aut
2433 4192 2585 4245 certe
2605 4192 2836 4245 tantum
2861 4189 2920 4244 in
2945 4189 3200 4262 pondere
3229 4187 3398 4253 fallit,
3429 4187 3539 4243 iste
3561 4203 3660 4243 au-

2008 4281 2125 4334 tem
2155 4278 2215 4332 in
2249 4277 2498 4345 cunctis,
2549 4277 2688 4350 quia
2739 4294 2846 4334 nec
2875 4277 3116 4346 exstitit,
3167 4293 3274 4332 nec
3302 4274 3520 4341 existit,
3552 4291 3657 4331 nec

2007 4366 2234 4434 existet,
2265 4366 2368 4422 sed
2399 4382 2468 4422 ex
2495 4371 2616 4422 toto
2666 4383 2728 4424 se
2758 4367 2976 4423 falsum
3007 4371 3114 4436 est,
3165 4369 3223 4422 et
3261 4363 3429 4420 nihil.
3463 4364 3656 4421 Unum

2007 4456 2246 4527 quidem
2273 4455 2382 4511 etsi
2405 4454 2664 4512 humana
2682 4456 3062 4529 praesumptio
3084 4454 3343 4511 maximo
3365 4458 3466 4511 aut
3488 4453 3658 4510 mini-

254 4557 366 4613 pos
417 4542 884 4629 computandus;
937 4541 1095 4614 quia,
1137 4557 1272 4597 cum
1323 4540 1631 4613 episcopus
1672 4543 1902 4599 dicatur
1927 4564 1977 4629 D
2007 4561 2104 4600 mo
2135 4545 2225 4600 sui
2257 4548 2455 4601 tenore
2487 4546 2737 4612 fraudat,
2770 4551 2967 4602 tamen
2990 4544 3078 4602 vel
3111 4561 3318 4618 parum
3347 4547 3448 4600 aut
3473 4543 3660 4616 pluri-

256 4628 732 4700 superintendcns,
783 4633 885 4686 aut
935 4630 1396 4701 superinspiciens
1451 4629 1545 4684 cui
1602 4631 1754 4685 clero
1799 4635 1901 4686 aut

253 4716 350 4775 cui
383 4713 597 4789 populo
626 4715 722 4772 hic
750 4716 888 4772 talis
911 4717 1358 4789 superintendit,
1381 4718 1481 4790 qui
1500 4716 1719 4774 nullius
1737 4718 1899 4790 cleri,

222 4853 224 4856 μ
253 4805 598 4877 n'ulliusque
625 4804 825 4878 populi
857 4805 1072 4877 quibus
1096 4806 1540 4880 superintendat
1558 4807 1898 4864 electionem

257 4895 488 4964 habuit,
521 4895 764 4968 insuper
787 4898 844 4951 et
871 4895 1302 4966 metropolitani
1337 4900 1513 4968 atque
1542 4898 1900 4970 comprovin-

254 4984 493 5043 cialium
514 4985 857 5041 auctoritate
878 4982 1105 5039 caruit?
1121 4985 1284 5048 Quod
1307 4989 1500 5040 autem
1522 4985 1581 5042 in
1603 4986 1900 5058 proposito

257 5075 644 5147 subsequitur
689 5071 978 5146 capitulo:
1040 5094 1068 5122 «
1122 5071 1284 5128 Unde
1328 5090 1478 5145 saepe
1537 5076 1782 5146 quaestio
1830 5076 1901 5131 de

255 5162 413 5220 male
437 5167 669 5236 accepto
691 5163 913 5219 honore
935 5165 1234 5228 nascatur,
1257 5161 1392 5232 quis
1411 5163 1672 5235 ambigat
1689 5181 1902 5237 nequa-

260 5267 442 5324 quam
463 5251 596 5308 istis
615 5251 995 5308 tribuendum
1012 5249 1171 5322 quod
1192 5250 1431 5305 docetur
1449 5268 1565 5308 non
1588 5253 1771 5310 fuisse
1795 5255 1905 5311 col-

253 5340 461 5408 latum,
499 5361 528 5390 »
557 5340 641 5397 ita
687 5346 777 5397 est
820 5339 1289 5411 intelligendum,
1336 5339 1617 5397 honorem
1663 5344 1902 5414 quidem

253 5428 665 5503 episcopalem,
721 5428 942 5485 scilicet
997 5427 1516 5498 consecrationem,
1576 5437 1900 5504 acceptum,

252 5523 354 5580 sed
379 5517 552 5588 male,
587 5535 703 5576 non
735 5518 874 5591 quia
900 5534 1002 5590 per
1032 5517 1343 5590 pecuniam
1361 5519 1448 5574 vel
1475 5535 1510 5574 a
1531 5518 1901 5591 Simoniacis,

235 5608 450 5670 taliter
470 5606 626 5666 enim
657 5605 828 5676 nulla
849 5605 1166 5681 praevenire
1195 5609 1393 5677 posset
1414 5612 1512 5663 aut
1541 5607 1742 5664 haberi
1773 5625 1906 5668 con-

2009 4651 2172 4690 mum
2201 4633 2391 4690 eidem
2441 4635 2560 4689 dat.
2609 4634 2870 4690 Alterum
2921 4633 3212 4690 diabolica
3241 4633 3437 4688 illusio
3477 4631 3658 4688 totius

2008 4722 2314 4795 probitatis
2344 4739 2592 4778 vacuum
2638 4724 2827 4796 ﬁngit,
2873 4723 3070 4795 nilque
3103 4722 3185 4778 illi
3234 4726 3442 4794 praeter
3470 4719 3658 4776 solam

2009 4811 2406 4884 deceptionem
2439 4811 2726 4868 attribuit.
2757 4812 2788 4868 J
2795 4829 2896 4867 ure
2923 4828 3058 4884 ergo
3080 4828 3149 4866 ex
3168 4807 3470 4866 catholicis
3492 4824 3660 4880 pseu-

2008 4901 2395 4973 doepiscopus
2418 4899 2563 4956 falso
2591 4900 2829 4972 quidem
2854 4917 3096 4956 nummo
3124 4901 3530 4971 comparatur;
3555 4898 3657 4954 sed

2009 5006 2186 5062 quem
2219 4989 2479 5044 humana
2505 5005 2620 5055 ars,
2655 4988 2763 5044 etsi
2794 4989 2853 5044 in
2885 4988 3184 5060 aliquibus
3224 4985 3654 5057 imperfectum,

2009 5079 2069 5134 in
2100 5077 2396 5150 aliquibus
2416 5080 2611 5132 tamen
2640 5077 2958 5148 perfectum
2982 5077 3212 5132 format.
3248 5075 3422 5130 Porro
3452 5089 3520 5129 ex
3540 5073 3656 5129 ha:-

2011 5166 2208 5224 reticis
2239 5165 2773 5237 pseudoepiscopus
2806 5164 2952 5220 falso
3001 5163 3202 5219 itidem
3254 5177 3499 5217 nummo
3528 5162 3657 5232 iure

2011 5253 2372 5312 assimilatur
2401 5253 2502 5309 sed
2534 5269 2708 5325 quem
2741 5251 3028 5308 diabolica
3059 5269 3154 5308 ars
3182 5253 3241 5307 in
3273 5267 3335 5306 se
3362 5254 3483 5305 toto
3509 5248 3656 5305 nihil

2011 5343 2374 5403 existentem,
2408 5341 2469 5396 in
2500 5341 2625 5398 sola
2658 5345 2851 5397 tamen
2885 5340 3158 5396 illusione
3188 5339 3510 5414 perfectum
3541 5340 3656 5395 for-

2013 5435 2155 5487 mat.
2189 5431 2261 5485 At
2291 5434 2491 5485 noster
2509 5446 2812 5497 nummus,
2849 5430 3117 5502 quamvis
3167 5429 3374 5494 falsus,
3407 5426 3658 5499 alicujus

2013 5524 2212 5574 tamen
2239 5517 2407 5591 pretii
2461 5518 2591 5588 erit,
2626 5524 3096 5592 quantaecunque
3143 5517 3420 5576 falsitatis
3447 5517 3646 5576 fuerit.

2012 5609 2159 5668 Nam
2182 5607 2231 5666 si
2265 5608 2609 5682 reprobatur
2633 5624 2703 5666 ex
2723 5610 2998 5686 pondere,
3024 5608 3371 5686 probabitur
3387 5623 3458 5665 ex
3471 5611 3653 5670 mate-
