  <div class='ocr_page' id='page_1' title='image "/cluster/home/n/w/nwhite01/storage/ocr_20150623/143/uva.x000829790/533.png"; bbox 0 0 4004 6210; ppageno 0'>
   <div class='ocr_carea' id='block_1_1' title="bbox 368 278 525 349">
    <p class='ocr_par' dir='ltr' id='par_1_1' title="bbox 368 278 525 349">
     <span class='ocr_line' id='line_1_1' title="bbox 368 278 525 349; baseline 0.013 -2"><span class='ocrx_word' id='word_1_1' title='bbox 368 278 525 349; x_wconf 69' lang='grc'>4019</span> 
     </span>
    </p>
   </div>
   <div class='ocr_carea' id='block_1_2' title="bbox 1282 275 2761 348">
    <p class='ocr_par' dir='ltr' id='par_1_2' title="bbox 1282 275 2761 348">
     <span class='ocr_line' id='line_1_2' title="bbox 1282 275 2761 348; baseline 0 -2"><span class='ocrx_word' id='word_1_2' title='bbox 1282 318 1287 325; x_wconf 84' lang='grc'><strong>·</strong></span> <span class='ocrx_word' id='word_1_3' title='bbox 1381 280 1866 348; x_wconf 84' lang='lat' dir='ltr'>HUMBER&#39;I‘US</span> <span class='ocrx_word' id='word_1_4' title='bbox 1912 278 1976 343; x_wconf 91' lang='lat' dir='ltr'>S.</span> <span class='ocrx_word' id='word_1_5' title='bbox 2027 276 2099 341; x_wconf 84' lang='lat' dir='ltr'>R.</span> <span class='ocrx_word' id='word_1_6' title='bbox 2145 275 2218 343; x_wconf 87' lang='lat' dir='ltr'>E.</span> <span class='ocrx_word' id='word_1_7' title='bbox 2264 279 2761 348; x_wconf 77' lang='lat' dir='ltr'>CARDlNALlS.</span> 
     </span>
    </p>
   </div>
   <div class='ocr_carea' id='block_1_3' title="bbox 3619 278 3789 349">
    <p class='ocr_par' dir='ltr' id='par_1_3' title="bbox 3619 278 3789 349">
     <span class='ocr_line' id='line_1_3' title="bbox 3619 278 3789 349; baseline 0.006 -1"><span class='ocrx_word' id='word_1_8' title='bbox 3619 278 3789 349; x_wconf 69' lang='lat'>1020</span> 
     </span>
    </p>
   </div>
   <div class='ocr_carea' id='block_1_4' title="bbox 372 407 3779 492">
    <p class='ocr_par' dir='ltr' id='par_1_4' title="bbox 372 407 3779 492">
     <span class='ocr_line' id='line_1_4' title="bbox 372 407 3779 492; baseline 0 -15"><span class='ocrx_word' id='word_1_9' title='bbox 372 420 477 489; x_wconf 88' lang='lat' dir='ltr'>rie,</span> <span class='ocrx_word' id='word_1_10' title='bbox 509 424 566 477; x_wconf 86' lang='lat' dir='ltr'>et</span> <span class='ocrx_word' id='word_1_11' title='bbox 595 436 664 477; x_wconf 86' lang='lat' dir='ltr'>ex</span> <span class='ocrx_word' id='word_1_12' title='bbox 693 422 1053 491; x_wconf 83' lang='lat' dir='ltr'>caragmate;</span> <span class='ocrx_word' id='word_1_13' title='bbox 1086 422 1187 475; x_wconf 89' lang='lat' dir='ltr'>aut</span> <span class='ocrx_word' id='word_1_14' title='bbox 1215 418 1262 476; x_wconf 90' lang='lat' dir='ltr'>si</span> <span class='ocrx_word' id='word_1_15' title='bbox 1296 436 1409 475; x_wconf 89' lang='lat' dir='ltr'>non</span> <span class='ocrx_word' id='word_1_16' title='bbox 1443 435 1511 475; x_wconf 82' lang='lat' dir='ltr'>ex</span> <span class='ocrx_word' id='word_1_17' title='bbox 1550 418 1780 475; x_wconf 90' lang='lat' dir='ltr'>duobus</span> <span class='ocrx_word' id='word_1_18' title='bbox 1812 416 2011 485; x_wconf 86' lang='lat' dir='ltr'>simul,</span> <span class='ocrx_word' id='word_1_19' title='bbox 2042 412 2097 482; x_wconf 82' lang='lat' dir='ltr'><strong>A</strong></span> <span class='ocrx_word' id='word_1_20' title='bbox 2126 422 2192 475; x_wconf 91' lang='lat' dir='ltr'>ut</span> <span class='ocrx_word' id='word_1_21' title='bbox 2206 416 2459 492; x_wconf 85' lang='lat' dir='ltr'>episcopi</span> <span class='ocrx_word' id='word_1_22' title='bbox 2481 407 3226 492; x_wconf 74' lang='lat' dir='ltr'>uniuscujusquedimcesis</span> <span class='ocrx_word' id='word_1_23' title='bbox 3247 414 3318 475; x_wconf 89' lang='lat' dir='ltr'>ad</span> <span class='ocrx_word' id='word_1_24' title='bbox 3335 412 3629 477; x_wconf 78' lang='lat' dir='ltr'>Ecclesiae</span> <span class='ocrx_word' id='word_1_25' title='bbox 3651 434 3779 477; x_wconf 82' lang='lat' dir='ltr'>non</span> 
     </span>
    </p>
   </div>
   <div class='ocr_carea' id='block_1_5' title="bbox 371 508 2021 581">
    <p class='ocr_par' dir='ltr' id='par_1_5' title="bbox 371 508 2021 581">
     <span class='ocr_line' id='line_1_5' title="bbox 371 508 2021 581; baseline -0.001 -14"><span class='ocrx_word' id='word_1_26' title='bbox 371 528 438 567; x_wconf 86' lang='lat' dir='ltr'>ex</span> <span class='ocrx_word' id='word_1_27' title='bbox 469 528 583 566; x_wconf 91' lang='lat' dir='ltr'>uno</span> <span class='ocrx_word' id='word_1_28' title='bbox 602 515 792 566; x_wconf 89' lang='lat' dir='ltr'>tamen</span> <span class='ocrx_word' id='word_1_29' title='bbox 817 510 1027 565; x_wconf 88' lang='lat' dir='ltr'>horum</span> <span class='ocrx_word' id='word_1_30' title='bbox 1050 508 1228 563; x_wconf 86' lang='lat' dir='ltr'>trium</span> <span class='ocrx_word' id='word_1_31' title='bbox 1260 508 1456 581; x_wconf 88' lang='lat' dir='ltr'>aliquo</span> <span class='ocrx_word' id='word_1_32' title='bbox 1485 510 1657 565; x_wconf 89' lang='lat' dir='ltr'>modo</span> <span class='ocrx_word' id='word_1_33' title='bbox 1677 509 2021 581; x_wconf 89' lang='lat' dir='ltr'>approbabi-</span> 
     </span>
    </p>
   </div>
   <div class='ocr_carea' id='block_1_6' title="bbox 369 598 2019 669">
    <p class='ocr_par' dir='ltr' id='par_1_6' title="bbox 369 598 2019 669">
     <span class='ocr_line' id='line_1_6' title="bbox 369 598 2019 669; baseline -0.001 -15"><span class='ocrx_word' id='word_1_34' title='bbox 369 601 575 654; x_wconf 87' lang='lat' dir='ltr'>tur.lta</span> <span class='ocrx_word' id='word_1_35' title='bbox 606 602 694 653; x_wconf 90' lang='lat' dir='ltr'>est</span> <span class='ocrx_word' id='word_1_36' title='bbox 715 602 911 652; x_wconf 89' lang='lat' dir='ltr'>noster</span> <span class='ocrx_word' id='word_1_37' title='bbox 935 598 1469 669; x_wconf 85' lang='lat' dir='ltr'>pseudoepiscopus</span> <span class='ocrx_word' id='word_1_38' title='bbox 1496 602 2019 669; x_wconf 81' lang='lat' dir='ltr'>quantumcunque</span> 
     </span>
    </p>
   </div>
   <div class='ocr_carea' id='block_1_7' title="bbox 370 686 2017 758">
    <p class='ocr_par' dir='ltr' id='par_1_7' title="bbox 370 686 2017 758">
     <span class='ocr_line' id='line_1_7' title="bbox 370 686 2017 758; baseline 0 -16"><span class='ocrx_word' id='word_1_39' title='bbox 370 686 567 742; x_wconf 89' lang='lat' dir='ltr'>minus</span> <span class='ocrx_word' id='word_1_40' title='bbox 590 686 833 756; x_wconf 70' lang='lat' dir='ltr'>justitize</span> <span class='ocrx_word' id='word_1_41' title='bbox 866 688 922 740; x_wconf 91' lang='lat' dir='ltr'>in</span> <span class='ocrx_word' id='word_1_42' title='bbox 968 703 1028 741; x_wconf 89' lang='lat' dir='ltr'>se</span> <span class='ocrx_word' id='word_1_43' title='bbox 1061 686 1289 751; x_wconf 85' lang='lat' dir='ltr'>habeat,</span> <span class='ocrx_word' id='word_1_44' title='bbox 1326 691 1521 741; x_wconf 90' lang='lat' dir='ltr'>tamen</span> <span class='ocrx_word' id='word_1_45' title='bbox 1554 687 1835 757; x_wconf 77' lang='lat' dir='ltr'>probatur</span> <span class='ocrx_word' id='word_1_46' title='bbox 1863 688 2017 758; x_wconf 87' lang='lat' dir='ltr'>apud</span> 
     </span>
    </p>
   </div>
   <div class='ocr_carea' id='block_1_8' title="bbox 368 774 2014 844">
    <p class='ocr_par' dir='ltr' id='par_1_8' title="bbox 368 774 2014 844">
     <span class='ocr_line' id='line_1_8' title="bbox 368 774 2014 844; baseline 0 -15"><span class='ocrx_word' id='word_1_47' title='bbox 368 774 551 830; x_wconf 90' lang='lat' dir='ltr'>Deum</span> <span class='ocrx_word' id='word_1_48' title='bbox 584 780 640 828; x_wconf 90' lang='lat' dir='ltr'>et</span> <span class='ocrx_word' id='word_1_49' title='bbox 684 774 950 829; x_wconf 85' lang='lat' dir='ltr'>homines</span> <span class='ocrx_word' id='word_1_50' title='bbox 991 793 1143 829; x_wconf 70' lang='lat' dir='ltr'>sanae</span> <span class='ocrx_word' id='word_1_51' title='bbox 1190 776 1424 844; x_wconf 88' lang='lat' dir='ltr'>mentis,</span> <span class='ocrx_word' id='word_1_52' title='bbox 1477 780 1577 829; x_wconf 88' lang='lat' dir='ltr'>aut</span> <span class='ocrx_word' id='word_1_53' title='bbox 1621 792 1689 829; x_wconf 82' lang='lat' dir='ltr'>ex</span> <span class='ocrx_word' id='word_1_54' title='bbox 1742 776 1874 829; x_wconf 83' lang='lat' dir='ltr'>ﬁdei</span> <span class='ocrx_word' id='word_1_55' title='bbox 1928 775 2014 831; x_wconf 90' lang='lat' dir='ltr'>vel</span> 
     </span>
    </p>
   </div>
   <div class='ocr_carea' id='block_1_9' title="bbox 367 864 2012 932">
    <p class='ocr_par' dir='ltr' id='par_1_9' title="bbox 367 864 2012 932">
     <span class='ocr_line' id='line_1_9' title="bbox 367 864 2012 932; baseline 0.001 -14"><span class='ocrx_word' id='word_1_56' title='bbox 367 864 494 918; x_wconf 71' lang='lat' dir='ltr'>vitae</span> <span class='ocrx_word' id='word_1_57' title='bbox 550 881 668 918; x_wconf 61' lang='lat' dir='ltr'>suae</span> <span class='ocrx_word' id='word_1_58' title='bbox 724 864 1075 932; x_wconf 81' lang='lat' dir='ltr'>sinceritate,</span> <span class='ocrx_word' id='word_1_59' title='bbox 1129 870 1229 919; x_wconf 87' lang='lat' dir='ltr'>aut</span> <span class='ocrx_word' id='word_1_60' title='bbox 1284 882 1351 919; x_wconf 83' lang='lat' dir='ltr'>ex</span> <span class='ocrx_word' id='word_1_61' title='bbox 1392 864 1516 919; x_wconf 87' lang='lat' dir='ltr'>sola</span> <span class='ocrx_word' id='word_1_62' title='bbox 1560 865 2012 932; x_wconf 85' lang='lat' dir='ltr'>consecratione,</span> 
     </span>
    </p>
   </div>
   <div class='ocr_carea' id='block_1_10' title="bbox 369 953 2017 1025">
    <p class='ocr_par' dir='ltr' id='par_1_10' title="bbox 369 953 2017 1025">
     <span class='ocr_line' id='line_1_10' title="bbox 369 953 2017 1025; baseline 0.003 -21"><span class='ocrx_word' id='word_1_63' title='bbox 369 953 636 1021; x_wconf 82' lang='lat' dir='ltr'>quamvis</span> <span class='ocrx_word' id='word_1_64' title='bbox 684 955 1025 1025; x_wconf 83' lang='lat' dir='ltr'>reprobetur</span> <span class='ocrx_word' id='word_1_65' title='bbox 1055 971 1122 1008; x_wconf 83' lang='lat' dir='ltr'>ex</span> <span class='ocrx_word' id='word_1_66' title='bbox 1179 953 1461 1009; x_wconf 83' lang='lat' dir='ltr'>electione</span> <span class='ocrx_word' id='word_1_67' title='bbox 1517 954 1911 1008; x_wconf 85' lang='lat' dir='ltr'>stertentium.</span> <span class='ocrx_word' id='word_1_68' title='bbox 1945 957 2017 1009; x_wconf 90' lang='lat' dir='ltr'>At</span> 
     </span>
    </p>
   </div>
   <div class='ocr_carea' id='block_1_11' title="bbox 368 1039 2017 1115">
    <p class='ocr_par' dir='ltr' id='par_1_11' title="bbox 368 1039 2017 1115">
     <span class='ocr_line' id='line_1_11' title="bbox 368 1039 2017 1115; baseline 0.001 -21"><span class='ocrx_word' id='word_1_69' title='bbox 368 1039 552 1095; x_wconf 87' lang='lat' dir='ltr'>falsus</span> <span class='ocrx_word' id='word_1_70' title='bbox 568 1047 1337 1115; x_wconf 78' lang='lat' dir='ltr'>nummus,quantaecunque</span> <span class='ocrx_word' id='word_1_71' title='bbox 1356 1042 1726 1113; x_wconf 80' lang='lat' dir='ltr'>perfectionis</span> <span class='ocrx_word' id='word_1_72' title='bbox 1742 1046 2017 1113; x_wconf 77' lang='lat' dir='ltr'>appareat</span> 
     </span>
    </p>
   </div>
   <div class='ocr_carea' id='block_1_12' title="bbox 369 1129 2017 1203">
    <p class='ocr_par' dir='ltr' id='par_1_12' title="bbox 369 1129 2017 1203">
     <span class='ocr_line' id='line_1_12' title="bbox 369 1129 2017 1203; baseline 0.001 -19"><span class='ocrx_word' id='word_1_73' title='bbox 369 1129 449 1184; x_wconf 90' lang='lat' dir='ltr'>nil</span> <span class='ocrx_word' id='word_1_74' title='bbox 481 1134 589 1194; x_wconf 90' lang='lat' dir='ltr'>est,</span> <span class='ocrx_word' id='word_1_75' title='bbox 624 1130 842 1186; x_wconf 87' lang='lat' dir='ltr'>nullius</span> <span class='ocrx_word' id='word_1_76' title='bbox 874 1138 961 1185; x_wconf 85' lang='lat' dir='ltr'>est</span> <span class='ocrx_word' id='word_1_77' title='bbox 994 1132 1159 1203; x_wconf 80' lang='lat' dir='ltr'>pretii</span> <span class='ocrx_word' id='word_1_78' title='bbox 1188 1137 1287 1185; x_wconf 90' lang='lat' dir='ltr'>aut</span> <span class='ocrx_word' id='word_1_79' title='bbox 1311 1131 1587 1186; x_wconf 85' lang='lat' dir='ltr'>momenti</span> <span class='ocrx_word' id='word_1_80' title='bbox 1613 1132 1669 1184; x_wconf 93' lang='lat' dir='ltr'>in</span> <span class='ocrx_word' id='word_1_81' title='bbox 1694 1129 2017 1201; x_wconf 87' lang='lat' dir='ltr'>quamlibet</span> 
     </span>
    </p>
   </div>
   <div class='ocr_carea' id='block_1_13' title="bbox 367 1219 2011 1291">
    <p class='ocr_par' dir='ltr' id='par_1_13' title="bbox 367 1219 2011 1291">
     <span class='ocr_line' id='line_1_13' title="bbox 367 1219 2011 1291; baseline 0 -18"><span class='ocrx_word' id='word_1_82' title='bbox 367 1224 590 1290; x_wconf 89' lang='lat' dir='ltr'>partem</span> <span class='ocrx_word' id='word_1_83' title='bbox 614 1219 703 1274; x_wconf 91' lang='lat' dir='ltr'>sui</span> <span class='ocrx_word' id='word_1_84' title='bbox 736 1224 951 1287; x_wconf 80' lang='lat' dir='ltr'>exstat;</span> <span class='ocrx_word' id='word_1_85' title='bbox 973 1238 1146 1291; x_wconf 86' lang='lat' dir='ltr'>quem</span> <span class='ocrx_word' id='word_1_86' title='bbox 1170 1220 1253 1274; x_wconf 85' lang='lat' dir='ltr'>vel</span> <span class='ocrx_word' id='word_1_87' title='bbox 1277 1222 1509 1275; x_wconf 78' lang='lat' dir='ltr'>credere</span> <span class='ocrx_word' id='word_1_88' title='bbox 1534 1236 1842 1274; x_wconf 92' lang='lat' dir='ltr'>nummum</span> <span class='ocrx_word' id='word_1_89' title='bbox 1865 1235 2011 1285; x_wconf 87' lang='lat' dir='ltr'>esse,</span> 
     </span>
    </p>
   </div>
   <div class='ocr_carea' id='block_1_14' title="bbox 366 1308 2017 1381">
    <p class='ocr_par' dir='ltr' id='par_1_14' title="bbox 366 1308 2017 1381">
     <span class='ocr_line' id='line_1_14' title="bbox 366 1308 2017 1381; baseline -0.001 -19"><span class='ocrx_word' id='word_1_90' title='bbox 366 1308 568 1374; x_wconf 86' lang='lat' dir='ltr'>fuisse,</span> <span class='ocrx_word' id='word_1_91' title='bbox 591 1308 678 1364; x_wconf 85' lang='lat' dir='ltr'>vel</span> <span class='ocrx_word' id='word_1_92' title='bbox 715 1310 851 1375; x_wconf 88' lang='lat' dir='ltr'>fore,</span> <span class='ocrx_word' id='word_1_93' title='bbox 887 1309 1279 1381; x_wconf 89' lang='lat' dir='ltr'>perniciosum</span> <span class='ocrx_word' id='word_1_94' title='bbox 1308 1314 1398 1363; x_wconf 88' lang='lat' dir='ltr'>est</span> <span class='ocrx_word' id='word_1_95' title='bbox 1428 1308 1821 1364; x_wconf 82' lang='lat' dir='ltr'>mendacium.</span> <span class='ocrx_word' id='word_1_96' title='bbox 1858 1308 1937 1362; x_wconf 87' lang='lat' dir='ltr'>Ita</span> <span class='ocrx_word' id='word_1_97' title='bbox 1960 1312 2017 1362; x_wconf 90' lang='lat' dir='ltr'>et</span> 
     </span>
    </p>
   </div>
   <div class='ocr_carea' id='block_1_15' title="bbox 364 1395 2014 1469">
    <p class='ocr_par' dir='ltr' id='par_1_15' title="bbox 364 1395 2014 1469">
     <span class='ocr_line' id='line_1_15' title="bbox 364 1395 2014 1469; baseline -0.001 -19"><span class='ocrx_word' id='word_1_98' title='bbox 364 1395 769 1453; x_wconf 67' lang='lat' dir='ltr'>haereticorum</span> <span class='ocrx_word' id='word_1_99' title='bbox 786 1397 1821 1469; x_wconf 70' lang='lat' dir='ltr'>pseudoepiscopus,quantmcunque</span> <span class='ocrx_word' id='word_1_100' title='bbox 1839 1395 2014 1450; x_wconf 93' lang='lat' dir='ltr'>conti-</span> 
     </span>
    </p>
   </div>
   <div class='ocr_carea' id='block_1_16' title="bbox 364 1485 2010 1556">
    <p class='ocr_par' dir='ltr' id='par_1_16' title="bbox 364 1485 2010 1556">
     <span class='ocr_line' id='line_1_16' title="bbox 364 1485 2010 1556; baseline 0 -17"><span class='ocrx_word' id='word_1_101' title='bbox 364 1485 595 1551; x_wconf 69' lang='lat' dir='ltr'>nentiae,</span> <span class='ocrx_word' id='word_1_102' title='bbox 628 1485 714 1539; x_wconf 87' lang='lat' dir='ltr'>vel</span> <span class='ocrx_word' id='word_1_103' title='bbox 750 1486 1092 1553; x_wconf 83' lang='lat' dir='ltr'>sanctitatis,</span> <span class='ocrx_word' id='word_1_104' title='bbox 1121 1487 1169 1541; x_wconf 88' lang='lat' dir='ltr'>si</span> <span class='ocrx_word' id='word_1_105' title='bbox 1202 1486 1312 1542; x_wconf 92' lang='lat' dir='ltr'>dici</span> <span class='ocrx_word' id='word_1_106' title='bbox 1336 1487 1528 1555; x_wconf 83' lang='lat' dir='ltr'>debet,</span> <span class='ocrx_word' id='word_1_107' title='bbox 1551 1486 1831 1548; x_wconf 86' lang='lat' dir='ltr'>videatur,</span> <span class='ocrx_word' id='word_1_108' title='bbox 1857 1485 2010 1556; x_wconf 91' lang='lat' dir='ltr'>apud</span> 
     </span>
    </p>
   </div>
   <div class='ocr_carea' id='block_1_17' title="bbox 363 1572 2015 1645">
    <p class='ocr_par' dir='ltr' id='par_1_17' title="bbox 363 1572 2015 1645">
     <span class='ocr_line' id='line_1_17' title="bbox 363 1572 2015 1645; baseline 0 -18"><span class='ocrx_word' id='word_1_109' title='bbox 363 1572 546 1627; x_wconf 88' lang='lat' dir='ltr'>Deum</span> <span class='ocrx_word' id='word_1_110' title='bbox 578 1578 776 1629; x_wconf 89' lang='lat' dir='ltr'>tamen</span> <span class='ocrx_word' id='word_1_111' title='bbox 807 1574 1146 1630; x_wconf 86' lang='lat' dir='ltr'>ethomines</span> <span class='ocrx_word' id='word_1_112' title='bbox 1170 1574 1464 1645; x_wconf 80' lang='lat' dir='ltr'>pervigilis</span> <span class='ocrx_word' id='word_1_113' title='bbox 1486 1575 1677 1629; x_wconf 90' lang='lat' dir='ltr'>cordis</span> <span class='ocrx_word' id='word_1_114' title='bbox 1696 1572 1839 1628; x_wconf 87' lang='lat' dir='ltr'>nihil</span> <span class='ocrx_word' id='word_1_115' title='bbox 1862 1590 2015 1628; x_wconf 89' lang='lat' dir='ltr'>com-</span> 
     </span>
    </p>
   </div>
   <div class='ocr_carea' id='block_1_18' title="bbox 362 1662 2007 1734">
    <p class='ocr_par' dir='ltr' id='par_1_18' title="bbox 362 1662 2007 1734">
     <span class='ocr_line' id='line_1_18' title="bbox 362 1662 2007 1734; baseline -0.001 -18"><span class='ocrx_word' id='word_1_116' title='bbox 362 1665 621 1733; x_wconf 88' lang='lat' dir='ltr'>putatur,</span> <span class='ocrx_word' id='word_1_117' title='bbox 656 1662 792 1733; x_wconf 87' lang='lat' dir='ltr'>quia</span> <span class='ocrx_word' id='word_1_118' title='bbox 821 1663 1103 1734; x_wconf 84' lang='lat' dir='ltr'>quidquid</span> <span class='ocrx_word' id='word_1_119' title='bbox 1138 1663 1263 1718; x_wconf 88' lang='lat' dir='ltr'>sine</span> <span class='ocrx_word' id='word_1_120' title='bbox 1288 1664 1400 1717; x_wconf 85' lang='lat' dir='ltr'>fide</span> <span class='ocrx_word' id='word_1_121' title='bbox 1433 1667 1540 1727; x_wconf 88' lang='lat' dir='ltr'>est,</span> <span class='ocrx_word' id='word_1_122' title='bbox 1568 1666 1868 1733; x_wconf 86' lang='lat' dir='ltr'>peccatum</span> <span class='ocrx_word' id='word_1_123' title='bbox 1901 1665 2007 1716; x_wconf 91' lang='lat' dir='ltr'>est.</span> 
     </span>
    </p>
   </div>
   <div class='ocr_carea' id='block_1_19' title="bbox 2129 506 3783 581">
    <p class='ocr_par' dir='ltr' id='par_1_19' title="bbox 2129 506 3783 581">
     <span class='ocr_line' id='line_1_19' title="bbox 2129 506 3783 581; baseline 0.002 -19"><span class='ocrx_word' id='word_1_124' title='bbox 2129 508 2280 563; x_wconf 90' lang='lat' dir='ltr'>irent</span> <span class='ocrx_word' id='word_1_125' title='bbox 2305 513 2625 564; x_wconf 85' lang='lat' dir='ltr'>extraneas.</span> <span class='ocrx_word' id='word_1_126' title='bbox 2652 508 2769 563; x_wconf 88' lang='lat' dir='ltr'>Hoc</span> <span class='ocrx_word' id='word_1_127' title='bbox 2799 507 2955 563; x_wconf 91' lang='lat' dir='ltr'>enim</span> <span class='ocrx_word' id='word_1_128' title='bbox 2988 506 3261 580; x_wconf 87' lang='lat' dir='ltr'>primitus</span> <span class='ocrx_word' id='word_1_129' title='bbox 3309 510 3548 580; x_wconf 83' lang='lat' dir='ltr'>propter</span> <span class='ocrx_word' id='word_1_130' title='bbox 3578 525 3783 581; x_wconf 63' lang='lat' dir='ltr'>persec-</span> 
     </span>
    </p>
   </div>
   <div class='ocr_carea' id='block_1_20' title="bbox 2127 596 3781 670">
    <p class='ocr_par' dir='ltr' id='par_1_20' title="bbox 2127 596 3781 670">
     <span class='ocr_line' id='line_1_20' title="bbox 2127 596 3781 670; baseline 0.001 -17"><span class='ocrx_word' id='word_1_131' title='bbox 2127 597 2381 653; x_wconf 89' lang='lat' dir='ltr'>outionis</span> <span class='ocrx_word' id='word_1_132' title='bbox 2402 596 3043 669; x_wconf 77' lang='lat' dir='ltr'>tempusindiﬂ&#39;erenter</span> <span class='ocrx_word' id='word_1_133' title='bbox 3055 596 3657 669; x_wconf 84' lang='lat' dir='ltr'>agebatur,siquidem</span> <span class='ocrx_word' id='word_1_134' title='bbox 3671 614 3781 670; x_wconf 89' lang='lat' dir='ltr'>pro</span> 
     </span>
    </p>
   </div>
   <div class='ocr_carea' id='block_1_21' title="bbox 2128 684 3786 760">
    <p class='ocr_par' dir='ltr' id='par_1_21' title="bbox 2128 684 3786 760">
     <span class='ocr_line' id='line_1_21' title="bbox 2128 684 3786 760; baseline 0.001 -18"><span class='ocrx_word' id='word_1_135' title='bbox 2128 685 2319 742; x_wconf 87' lang='lat' dir='ltr'>taliter</span> <span class='ocrx_word' id='word_1_136' title='bbox 2348 686 2628 741; x_wconf 88' lang='lat' dir='ltr'>ordinatis</span> <span class='ocrx_word' id='word_1_137' title='bbox 2660 684 2834 740; x_wconf 88' lang='lat' dir='ltr'>talem</span> <span class='ocrx_word' id='word_1_138' title='bbox 2858 685 3121 756; x_wconf 89' lang='lat' dir='ltr'>regulam</span> <span class='ocrx_word' id='word_1_139' title='bbox 3148 685 3262 741; x_wconf 89' lang='lat' dir='ltr'>alia</span> <span class='ocrx_word' id='word_1_140' title='bbox 3282 686 3542 758; x_wconf 77' lang='lat' dir='ltr'>synodus</span> <span class='ocrx_word' id='word_1_141' title='bbox 3572 704 3786 760; x_wconf 80' lang='lat' dir='ltr'>propo-</span> 
     </span>
    </p>
   </div>
   <div class='ocr_carea' id='block_1_22' title="bbox 2130 774 3776 846">
    <p class='ocr_par' dir='ltr' id='par_1_22' title="bbox 2130 774 3776 846">
     <span class='ocr_line' id='line_1_22' title="bbox 2130 774 3776 846; baseline 0.001 -16"><span class='ocrx_word' id='word_1_142' title='bbox 2130 776 2282 830; x_wconf 84' lang='lat' dir='ltr'>suit:</span> <span class='ocrx_word' id='word_1_143' title='bbox 2319 799 2346 825; x_wconf 80' lang='grc'>‹‹</span> <span class='ocrx_word' id='word_1_144' title='bbox 2380 776 2437 830; x_wconf 91' lang='lat' dir='ltr'>Si</span> <span class='ocrx_word' id='word_1_145' title='bbox 2471 774 2602 846; x_wconf 88' lang='lat' dir='ltr'>quis</span> <span class='ocrx_word' id='word_1_146' title='bbox 2635 774 2943 846; x_wconf 89' lang='lat' dir='ltr'>episcopus</span> <span class='ocrx_word' id='word_1_147' title='bbox 2973 774 3275 829; x_wconf 89' lang='lat' dir='ltr'>ordinatus</span> <span class='ocrx_word' id='word_1_148' title='bbox 3306 775 3379 829; x_wconf 91' lang='lat' dir='ltr'>ad</span> <span class='ocrx_word' id='word_1_149' title='bbox 3413 776 3776 845; x_wconf 86' lang='lat' dir='ltr'>parochiam,</span> 
     </span>
    </p>
   </div>
   <div class='ocr_carea' id='block_1_23' title="bbox 2126 863 3779 935">
    <p class='ocr_par' dir='ltr' id='par_1_23' title="bbox 2126 863 3779 935">
     <span class='ocr_line' id='line_1_23' title="bbox 2126 863 3779 935; baseline 0.002 -18"><span class='ocrx_word' id='word_1_150' title='bbox 2126 863 2185 918; x_wconf 91' lang='lat' dir='ltr'>in</span> <span class='ocrx_word' id='word_1_151' title='bbox 2218 881 2334 935; x_wconf 89' lang='lat' dir='ltr'>qua</span> <span class='ocrx_word' id='word_1_152' title='bbox 2365 864 2668 919; x_wconf 74' lang='lat' dir='ltr'>ordinatus</span> <span class='ocrx_word' id='word_1_153' title='bbox 2698 868 2804 930; x_wconf 90' lang='lat' dir='ltr'>est,</span> <span class='ocrx_word' id='word_1_154' title='bbox 2832 863 3053 918; x_wconf 88' lang='lat' dir='ltr'>uimine</span> <span class='ocrx_word' id='word_1_155' title='bbox 3076 863 3491 935; x_wconf 81' lang='lat' dir='ltr'>proficiscitur,</span> <span class='ocrx_word' id='word_1_156' title='bbox 3516 881 3628 920; x_wconf 91' lang='lat' dir='ltr'>non</span> <span class='ocrx_word' id='word_1_157' title='bbox 3662 882 3779 921; x_wconf 85' lang='lat' dir='ltr'>sua</span> 
     </span>
    </p>
   </div>
   <div class='ocr_carea' id='block_1_24' title="bbox 2128 952 3777 1026">
    <p class='ocr_par' dir='ltr' id='par_1_24' title="bbox 2128 952 3777 1026">
     <span class='ocr_line' id='line_1_24' title="bbox 2128 952 3777 1026; baseline 0 -18"><span class='ocrx_word' id='word_1_158' title='bbox 2128 955 2320 1025; x_wconf 89' lang='lat' dir='ltr'>culpa,</span> <span class='ocrx_word' id='word_1_159' title='bbox 2354 955 2475 1019; x_wconf 87' lang='lat' dir='ltr'>sed,</span> <span class='ocrx_word' id='word_1_160' title='bbox 2508 954 2627 1009; x_wconf 87' lang='lat' dir='ltr'>sive</span> <span class='ocrx_word' id='word_1_161' title='bbox 2657 952 2870 1025; x_wconf 92' lang='lat' dir='ltr'>populo</span> <span class='ocrx_word' id='word_1_162' title='bbox 2912 956 3241 1024; x_wconf 89' lang='lat' dir='ltr'>respuente,</span> <span class='ocrx_word' id='word_1_163' title='bbox 3272 957 3374 1008; x_wconf 91' lang='lat' dir='ltr'>aut</span> <span class='ocrx_word' id='word_1_164' title='bbox 3402 957 3640 1026; x_wconf 88' lang='lat' dir='ltr'>propter</span> <span class='ocrx_word' id='word_1_165' title='bbox 3667 953 3777 1009; x_wconf 87' lang='lat' dir='ltr'>ali-</span> 
     </span>
    </p>
   </div>
   <div class='ocr_carea' id='block_1_25' title="bbox 2126 1041 3774 1115">
    <p class='ocr_par' dir='ltr' id='par_1_25' title="bbox 2126 1041 3774 1115">
     <span class='ocr_line' id='line_1_25' title="bbox 2126 1041 3774 1115; baseline 0 -18"><span class='ocrx_word' id='word_1_166' title='bbox 2126 1043 2449 1115; x_wconf 90' lang='lat' dir='ltr'>quamlibet</span> <span class='ocrx_word' id='word_1_167' title='bbox 2477 1042 2651 1098; x_wconf 91' lang='lat' dir='ltr'>aliam</span> <span class='ocrx_word' id='word_1_168' title='bbox 2683 1059 2943 1109; x_wconf 89' lang='lat' dir='ltr'>causam,</span> <span class='ocrx_word' id='word_1_169' title='bbox 2976 1058 3090 1096; x_wconf 90' lang='lat' dir='ltr'>non</span> <span class='ocrx_word' id='word_1_170' title='bbox 3141 1041 3485 1097; x_wconf 88' lang='lat' dir='ltr'>necessitate</span> <span class='ocrx_word' id='word_1_171' title='bbox 3532 1042 3774 1112; x_wconf 88' lang='lat' dir='ltr'>factam,</span> 
     </span>
    </p>
   </div>
   <div class='ocr_carea' id='block_1_26' title="bbox 2124 1130 3768 1201">
    <p class='ocr_par' dir='ltr' id='par_1_26' title="bbox 2124 1130 3768 1201">
     <span class='ocr_line' id='line_1_26' title="bbox 2124 1130 3768 1201; baseline -0.001 -14"><span class='ocrx_word' id='word_1_172' title='bbox 2124 1132 2277 1187; x_wconf 90' lang='lat' dir='ltr'>hunc</span> <span class='ocrx_word' id='word_1_173' title='bbox 2310 1133 2589 1187; x_wconf 90' lang='lat' dir='ltr'>honorem</span> <span class='ocrx_word' id='word_1_174' title='bbox 2643 1131 3081 1201; x_wconf 90' lang='lat' dir='ltr'>ministerioque</span> <span class='ocrx_word' id='word_1_175' title='bbox 3128 1130 3465 1201; x_wconf 86' lang='lat' dir='ltr'>participari</span> <span class='ocrx_word' id='word_1_176' title='bbox 3515 1134 3768 1199; x_wconf 88' lang='lat' dir='ltr'>tantum,</span> 
     </span>
    </p>
   </div>
   <div class='ocr_carea' id='block_1_27' title="bbox 2124 1218 3768 1290">
    <p class='ocr_par' dir='ltr' id='par_1_27' title="bbox 2124 1218 3768 1290">
     <span class='ocr_line' id='line_1_27' title="bbox 2124 1218 3768 1290; baseline -0.001 -13"><span class='ocrx_word' id='word_1_177' title='bbox 2124 1238 2229 1277; x_wconf 90' lang='lat' dir='ltr'>nec</span> <span class='ocrx_word' id='word_1_178' title='bbox 2259 1237 2394 1276; x_wconf 86' lang='lat' dir='ltr'>eum</span> <span class='ocrx_word' id='word_1_179' title='bbox 2429 1220 2657 1275; x_wconf 87' lang='lat' dir='ltr'>misceri</span> <span class='ocrx_word' id='word_1_180' title='bbox 2687 1220 2861 1275; x_wconf 88' lang='lat' dir='ltr'>rebus</span> <span class='ocrx_word' id='word_1_181' title='bbox 2893 1218 3183 1285; x_wconf 80' lang='lat' dir='ltr'>Ecclesiae,</span> <span class='ocrx_word' id='word_1_182' title='bbox 3220 1219 3280 1273; x_wconf 92' lang='lat' dir='ltr'>in</span> <span class='ocrx_word' id='word_1_183' title='bbox 3313 1236 3431 1290; x_wconf 89' lang='lat' dir='ltr'>qua</span> <span class='ocrx_word' id='word_1_184' title='bbox 3461 1219 3768 1275; x_wconf 88' lang='lat' dir='ltr'>collectam</span> 
     </span>
    </p>
   </div>
   <div class='ocr_carea' id='block_1_28' title="bbox 2123 1308 3767 1380">
    <p class='ocr_par' dir='ltr' id='par_1_28' title="bbox 2123 1308 3767 1380">
     <span class='ocr_line' id='line_1_28' title="bbox 2123 1308 3767 1380; baseline -0.001 -15"><span class='ocrx_word' id='word_1_185' title='bbox 2123 1310 2375 1365; x_wconf 87' lang='lat' dir='ltr'>celebrat</span> <span class='ocrx_word' id='word_1_186' title='bbox 2424 1308 2705 1375; x_wconf 67' lang='lat' dir='ltr'>Ecclesiae,</span> <span class='ocrx_word' id='word_1_187' title='bbox 2757 1308 2857 1363; x_wconf 89' lang='lat' dir='ltr'>sed</span> <span class='ocrx_word' id='word_1_188' title='bbox 2907 1308 3194 1363; x_wconf 90' lang='lat' dir='ltr'>sustinere</span> <span class='ocrx_word' id='word_1_189' title='bbox 3252 1308 3407 1378; x_wconf 90' lang='lat' dir='ltr'>quod</span> <span class='ocrx_word' id='word_1_190' title='bbox 3458 1308 3767 1380; x_wconf 70' lang='lat' dir='ltr'>provinciae</span> 
     </span>
    </p>
   </div>
   <div class='ocr_carea' id='block_1_29' title="bbox 2124 1396 3765 1471">
    <p class='ocr_par' dir='ltr' id='par_1_29' title="bbox 2124 1396 3765 1471">
     <span class='ocr_line' id='line_1_29' title="bbox 2124 1396 3765 1471; baseline -0.001 -18"><span class='ocrx_word' id='word_1_191' title='bbox 2124 1399 2383 1471; x_wconf 81' lang='lat' dir='ltr'>synodus</span> <span class='ocrx_word' id='word_1_192' title='bbox 2413 1416 2518 1453; x_wconf 92' lang='lat' dir='ltr'>suo</span> <span class='ocrx_word' id='word_1_193' title='bbox 2533 1397 2757 1469; x_wconf 86' lang='lat' dir='ltr'>judicio</span> <span class='ocrx_word' id='word_1_194' title='bbox 2788 1396 3206 1452; x_wconf 87' lang='lat' dir='ltr'>terminaverit.</span> <span class='ocrx_word' id='word_1_195' title='bbox 3240 1418 3267 1446; x_wconf 74' lang='grc' dir='ltr'>›ι</span> <span class='ocrx_word' id='word_1_196' title='bbox 3295 1396 3437 1452; x_wconf 88' lang='lat' dir='ltr'>Hinc</span> <span class='ocrx_word' id='word_1_197' title='bbox 3467 1412 3601 1469; x_wconf 88' lang='lat' dir='ltr'>ergo</span> <span class='ocrx_word' id='word_1_198' title='bbox 3630 1414 3765 1468; x_wconf 86' lang='lat' dir='ltr'>per-</span> 
     </span>
    </p>
   </div>
   <div class='ocr_carea' id='block_1_30' title="bbox 2123 1484 3764 1559">
    <p class='ocr_par' dir='ltr' id='par_1_30' title="bbox 2123 1484 3764 1559">
     <span class='ocr_line' id='line_1_30' title="bbox 2123 1484 3764 1559; baseline -0.002 -17"><span class='ocrx_word' id='word_1_199' title='bbox 2123 1488 2414 1559; x_wconf 81' lang='lat' dir='ltr'>pendetur</span> <span class='ocrx_word' id='word_1_200' title='bbox 2446 1492 2676 1542; x_wconf 91' lang='lat' dir='ltr'>nostros</span> <span class='ocrx_word' id='word_1_201' title='bbox 2705 1485 3022 1541; x_wconf 89' lang='lat' dir='ltr'>catholicos</span> <span class='ocrx_word' id='word_1_202' title='bbox 3052 1484 3190 1541; x_wconf 93' lang='lat' dir='ltr'>olim</span> <span class='ocrx_word' id='word_1_203' title='bbox 3214 1490 3271 1541; x_wconf 90' lang='lat' dir='ltr'>et</span> <span class='ocrx_word' id='word_1_204' title='bbox 3296 1490 3489 1558; x_wconf 89' lang='lat' dir='ltr'>postea</span> <span class='ocrx_word' id='word_1_205' title='bbox 3505 1486 3628 1540; x_wconf 89' lang='lat' dir='ltr'>sine</span> <span class='ocrx_word' id='word_1_206' title='bbox 3656 1485 3764 1540; x_wconf 86' lang='lat' dir='ltr'>tri-</span> 
     </span>
    </p>
   </div>
   <div class='ocr_carea' id='block_1_31' title="bbox 2123 1574 3758 1647">
    <p class='ocr_par' dir='ltr' id='par_1_31' title="bbox 2123 1574 3758 1647">
     <span class='ocr_line' id='line_1_31' title="bbox 2123 1574 3758 1647; baseline -0.002 -16"><span class='ocrx_word' id='word_1_207' title='bbox 2123 1577 2234 1631; x_wconf 91' lang='lat' dir='ltr'>bus</span> <span class='ocrx_word' id='word_1_208' title='bbox 2258 1576 2374 1631; x_wconf 93' lang='lat' dir='ltr'>illis</span> <span class='ocrx_word' id='word_1_209' title='bbox 2388 1574 2659 1647; x_wconf 90' lang='lat' dir='ltr'>capitulis</span> <span class='ocrx_word' id='word_1_210' title='bbox 2682 1575 3175 1632; x_wconf 86' lang='lat' dir='ltr'>consecrationem</span> <span class='ocrx_word' id='word_1_211' title='bbox 3198 1578 3382 1630; x_wconf 88' lang='lat' dir='ltr'>ratam</span> <span class='ocrx_word' id='word_1_212' title='bbox 3402 1574 3758 1640; x_wconf 83' lang='lat' dir='ltr'>obtinuisse;</span> 
     </span>
    </p>
   </div>
   <div class='ocr_carea' id='block_1_32' title="bbox 2120 1663 3760 1732">
    <p class='ocr_par' dir='ltr' id='par_1_32' title="bbox 2120 1663 3760 1732">
     <span class='ocr_line' id='line_1_32' title="bbox 2120 1663 3760 1732; baseline -0.002 -12"><span class='ocrx_word' id='word_1_213' title='bbox 2120 1664 2422 1720; x_wconf 66' lang='lat' dir='ltr'>haereticos</span> <span class='ocrx_word' id='word_1_214' title='bbox 2451 1682 2586 1721; x_wconf 89' lang='lat' dir='ltr'>vero</span> <span class='ocrx_word' id='word_1_215' title='bbox 2616 1681 2842 1732; x_wconf 91' lang='lat' dir='ltr'>omnes,</span> <span class='ocrx_word' id='word_1_216' title='bbox 2891 1668 2948 1719; x_wconf 89' lang='lat' dir='ltr'>et</span> <span class='ocrx_word' id='word_1_217' title='bbox 2998 1664 3345 1721; x_wconf 89' lang='lat' dir='ltr'>nominatim</span> <span class='ocrx_word' id='word_1_218' title='bbox 3375 1663 3760 1727; x_wconf 89' lang='lat' dir='ltr'>Simoniacos,</span> 
     </span>
    </p>
   </div>
   <div class='ocr_carea' id='block_1_33' title="bbox 361 1748 3764 1847">
    <p class='ocr_par' dir='ltr' id='par_1_33' title="bbox 361 1748 3764 1847">
     <span class='ocr_line' id='line_1_33' title="bbox 361 1748 3764 1847; baseline 0 -43"><span class='ocrx_word' id='word_1_219' title='bbox 361 1750 542 1814; x_wconf 89' lang='lat' dir='ltr'>Quem</span> <span class='ocrx_word' id='word_1_220' title='bbox 574 1752 727 1822; x_wconf 94' lang='lat' dir='ltr'>quod</span> <span class='ocrx_word' id='word_1_221' title='bbox 777 1751 1061 1806; x_wconf 88' lang='lat' dir='ltr'>hactenus</span> <span class='ocrx_word' id='word_1_222' title='bbox 1091 1752 1322 1806; x_wconf 85' lang='lat' dir='ltr'>credere</span> <span class='ocrx_word' id='word_1_223' title='bbox 1364 1750 1701 1822; x_wconf 86' lang='lat' dir='ltr'>episcOpum</span> <span class='ocrx_word' id='word_1_224' title='bbox 1736 1766 1850 1803; x_wconf 91' lang='lat' dir='ltr'>non</span> <span class='ocrx_word' id='word_1_225' title='bbox 1882 1754 2009 1804; x_wconf 86' lang='lat' dir='ltr'>tan-</span> <span class='ocrx_word' id='word_1_226' title='bbox 2039 1783 2087 1847; x_wconf 81' lang='grc' dir='ltr'><strong>Β</strong></span> <span class='ocrx_word' id='word_1_227' title='bbox 2119 1753 2341 1809; x_wconf 89' lang='lat' dir='ltr'>nullam</span> <span class='ocrx_word' id='word_1_228' title='bbox 2375 1754 2612 1810; x_wconf 89' lang='lat' dir='ltr'>omnino</span> <span class='ocrx_word' id='word_1_229' title='bbox 2645 1770 2750 1810; x_wconf 91' lang='lat' dir='ltr'>nec</span> <span class='ocrx_word' id='word_1_230' title='bbox 2789 1758 2949 1820; x_wconf 90' lang='lat' dir='ltr'>tunc,</span> <span class='ocrx_word' id='word_1_231' title='bbox 2980 1770 3086 1809; x_wconf 90' lang='lat' dir='ltr'>nec</span> <span class='ocrx_word' id='word_1_232' title='bbox 3120 1757 3341 1825; x_wconf 88' lang='lat' dir='ltr'>postea,</span> <span class='ocrx_word' id='word_1_233' title='bbox 3388 1751 3619 1808; x_wconf 88' lang='lat' dir='ltr'>etiamsi</span> <span class='ocrx_word' id='word_1_234' title='bbox 3643 1748 3764 1805; x_wconf 85' lang='lat' dir='ltr'>illis</span> 
     </span>
    </p>
   </div>
   <div class='ocr_carea' id='block_1_34' title="bbox 359 1838 2005 1912">
    <p class='ocr_par' dir='ltr' id='par_1_34' title="bbox 359 1838 2005 1912">
     <span class='ocr_line' id='line_1_34' title="bbox 359 1838 2005 1912; baseline -0.001 -18"><span class='ocrx_word' id='word_1_235' title='bbox 359 1840 665 1895; x_wconf 88' lang='lat' dir='ltr'>tummodo</span> <span class='ocrx_word' id='word_1_236' title='bbox 696 1845 1018 1912; x_wconf 90' lang='lat' dir='ltr'>peccatum,</span> <span class='ocrx_word' id='word_1_237' title='bbox 1053 1840 1153 1895; x_wconf 91' lang='lat' dir='ltr'>sed</span> <span class='ocrx_word' id='word_1_238' title='bbox 1177 1840 1433 1893; x_wconf 88' lang='lat' dir='ltr'>immane</span> <span class='ocrx_word' id='word_1_239' title='bbox 1458 1856 1690 1910; x_wconf 88' lang='lat' dir='ltr'>quoque</span> <span class='ocrx_word' id='word_1_240' title='bbox 1710 1842 1799 1893; x_wconf 88' lang='lat' dir='ltr'>est</span> <span class='ocrx_word' id='word_1_241' title='bbox 1828 1838 2005 1893; x_wconf 90' lang='lat' dir='ltr'>sacri-</span> 
     </span>
    </p>
   </div>
   <div class='ocr_carea' id='block_1_35' title="bbox 359 1926 2002 1999">
    <p class='ocr_par' dir='ltr' id='par_1_35' title="bbox 359 1926 2002 1999">
     <span class='ocr_line' id='line_1_35' title="bbox 359 1926 2002 1999; baseline -0.001 -18"><span class='ocrx_word' id='word_1_242' title='bbox 359 1927 600 1999; x_wconf 85' lang='lat' dir='ltr'>legium,</span> <span class='ocrx_word' id='word_1_243' title='bbox 637 1928 771 1982; x_wconf 88' lang='lat' dir='ltr'>hinc</span> <span class='ocrx_word' id='word_1_244' title='bbox 795 1929 866 1982; x_wconf 86' lang='lat' dir='ltr'>ad</span> <span class='ocrx_word' id='word_1_245' title='bbox 899 1932 1109 1982; x_wconf 68' lang='lat' dir='ltr'>nostrae</span> <span class='ocrx_word' id='word_1_246' title='bbox 1153 1927 1493 1982; x_wconf 83' lang='lat' dir='ltr'>assertionis</span> <span class='ocrx_word' id='word_1_247' title='bbox 1525 1926 2002 1993; x_wconf 82' lang='lat' dir='ltr'>afﬁrmationem,</span> 
     </span>
    </p>
   </div>
   <div class='ocr_carea' id='block_1_36' title="bbox 354 2015 2003 2088">
    <p class='ocr_par' dir='ltr' id='par_1_36' title="bbox 354 2015 2003 2088">
     <span class='ocr_line' id='line_1_36' title="bbox 354 2015 2003 2088; baseline 0 -19"><span class='ocrx_word' id='word_1_248' title='bbox 354 2015 498 2070; x_wconf 91' lang='lat' dir='ltr'>libet</span> <span class='ocrx_word' id='word_1_249' title='bbox 518 2015 653 2071; x_wconf 90' lang='lat' dir='ltr'>huic</span> <span class='ocrx_word' id='word_1_250' title='bbox 683 2016 966 2088; x_wconf 90' lang='lat' dir='ltr'>opusculo</span> <span class='ocrx_word' id='word_1_251' title='bbox 996 2016 1328 2087; x_wconf 87' lang='lat' dir='ltr'>aliquorum</span> <span class='ocrx_word' id='word_1_252' title='bbox 1362 2016 1617 2071; x_wconf 89' lang='lat' dir='ltr'>inserere</span> <span class='ocrx_word' id='word_1_253' title='bbox 1650 2032 2003 2070; x_wconf 90' lang='lat' dir='ltr'>commemo-</span> 
     </span>
    </p>
   </div>
   <div class='ocr_carea' id='block_1_37' title="bbox 358 2103 2001 2177">
    <p class='ocr_par' dir='ltr' id='par_1_37' title="bbox 358 2103 2001 2177">
     <span class='ocr_line' id='line_1_37' title="bbox 358 2103 2001 2177; baseline -0.001 -19"><span class='ocrx_word' id='word_1_254' title='bbox 358 2105 667 2172; x_wconf 86' lang='lat' dir='ltr'>rationem,</span> <span class='ocrx_word' id='word_1_255' title='bbox 701 2105 801 2177; x_wconf 89' lang='lat' dir='ltr'>qui</span> <span class='ocrx_word' id='word_1_256' title='bbox 832 2121 935 2159; x_wconf 91' lang='lat' dir='ltr'>nec</span> <span class='ocrx_word' id='word_1_257' title='bbox 967 2122 1001 2159; x_wconf 92' lang='lat' dir='ltr'>a</span> <span class='ocrx_word' id='word_1_258' title='bbox 1030 2104 1181 2159; x_wconf 90' lang='lat' dir='ltr'>clero</span> <span class='ocrx_word' id='word_1_259' title='bbox 1209 2104 1366 2159; x_wconf 90' lang='lat' dir='ltr'>fuere</span> <span class='ocrx_word' id='word_1_260' title='bbox 1395 2103 1583 2168; x_wconf 89' lang='lat' dir='ltr'>electi,</span> <span class='ocrx_word' id='word_1_261' title='bbox 1621 2120 1725 2158; x_wconf 91' lang='lat' dir='ltr'>nec</span> <span class='ocrx_word' id='word_1_262' title='bbox 1757 2120 1791 2158; x_wconf 89' lang='lat' dir='ltr'>a</span> <span class='ocrx_word' id='word_1_263' title='bbox 1820 2103 2001 2174; x_wconf 90' lang='lat' dir='ltr'>plebi-</span> 
     </span>
    </p>
   </div>
   <div class='ocr_carea' id='block_1_38' title="bbox 356 2192 2005 2265">
    <p class='ocr_par' dir='ltr' id='par_1_38' title="bbox 356 2192 2005 2265">
     <span class='ocr_line' id='line_1_38' title="bbox 356 2192 2005 2265; baseline -0.002 -17"><span class='ocrx_word' id='word_1_264' title='bbox 356 2193 467 2249; x_wconf 88' lang='lat' dir='ltr'>bus</span> <span class='ocrx_word' id='word_1_265' title='bbox 490 2194 743 2265; x_wconf 84' lang='lat' dir='ltr'>expetiti,</span> <span class='ocrx_word' id='word_1_266' title='bbox 770 2210 872 2249; x_wconf 91' lang='lat' dir='ltr'>nec</span> <span class='ocrx_word' id='word_1_267' title='bbox 897 2192 1565 2265; x_wconf 88' lang='lat' dir='ltr'>metropolitanijudicio</span> <span class='ocrx_word' id='word_1_268' title='bbox 1590 2210 1623 2248; x_wconf 92' lang='lat' dir='ltr'>a</span> <span class='ocrx_word' id='word_1_269' title='bbox 1643 2192 2005 2264; x_wconf 87' lang='lat' dir='ltr'>comprovin-</span> 
     </span>
    </p>
   </div>
   <div class='ocr_carea' id='block_1_39' title="bbox 355 2280 2001 2353">
    <p class='ocr_par' dir='ltr' id='par_1_39' title="bbox 355 2280 2001 2353">
     <span class='ocr_line' id='line_1_39' title="bbox 355 2280 2001 2353; baseline -0.001 -16"><span class='ocrx_word' id='word_1_270' title='bbox 355 2281 601 2337; x_wconf 89' lang='lat' dir='ltr'>cialibus</span> <span class='ocrx_word' id='word_1_271' title='bbox 632 2281 920 2353; x_wconf 89' lang='lat' dir='ltr'>episcopis</span> <span class='ocrx_word' id='word_1_272' title='bbox 949 2282 1293 2347; x_wconf 83' lang='lat' dir='ltr'>consecrati,</span> <span class='ocrx_word' id='word_1_273' title='bbox 1317 2286 1373 2337; x_wconf 90' lang='lat' dir='ltr'>et</span> <span class='ocrx_word' id='word_1_274' title='bbox 1402 2286 1598 2336; x_wconf 88' lang='lat' dir='ltr'>tamen</span> <span class='ocrx_word' id='word_1_275' title='bbox 1627 2297 1692 2335; x_wconf 82' lang='lat' dir='ltr'>ex</span> <span class='ocrx_word' id='word_1_276' title='bbox 1716 2280 1838 2336; x_wconf 92' lang='lat' dir='ltr'>sola</span> <span class='ocrx_word' id='word_1_277' title='bbox 1869 2298 2001 2336; x_wconf 89' lang='lat' dir='ltr'>con-</span> 
     </span>
    </p>
   </div>
   <div class='ocr_carea' id='block_1_40' title="bbox 356 2369 2002 2435">
    <p class='ocr_par' dir='ltr' id='par_1_40' title="bbox 356 2369 2002 2435">
     <span class='ocr_line' id='line_1_40' title="bbox 356 2369 2002 2435; baseline -0.001 -10"><span class='ocrx_word' id='word_1_278' title='bbox 356 2370 678 2425; x_wconf 86' lang='lat' dir='ltr'>secratione</span> <span class='ocrx_word' id='word_1_279' title='bbox 699 2374 871 2424; x_wconf 58' lang='lat' dir='ltr'>tanta)</span> <span class='ocrx_word' id='word_1_280' title='bbox 890 2370 1275 2433; x_wconf 85' lang='lat' dir='ltr'>auctoritatis,</span> <span class='ocrx_word' id='word_1_281' title='bbox 1296 2369 1713 2435; x_wconf 87' lang='lat' dir='ltr'>sanctitatis,et</span> <span class='ocrx_word' id='word_1_282' title='bbox 1733 2369 2002 2424; x_wconf 90' lang='lat' dir='ltr'>utilitatis</span> 
     </span>
    </p>
   </div>
   <div class='ocr_carea' id='block_1_41' title="bbox 355 2456 2001 2514">
    <p class='ocr_par' dir='ltr' id='par_1_41' title="bbox 355 2456 2001 2514">
     <span class='ocr_line' id='line_1_41' title="bbox 355 2456 2001 2514; baseline -0.001 -3"><span class='ocrx_word' id='word_1_283' title='bbox 355 2456 572 2511; x_wconf 89' lang='lat' dir='ltr'>inventi</span> <span class='ocrx_word' id='word_1_284' title='bbox 605 2461 740 2512; x_wconf 89' lang='lat' dir='ltr'>sunt</span> <span class='ocrx_word' id='word_1_285' title='bbox 775 2458 831 2511; x_wconf 91' lang='lat' dir='ltr'>in</span> <span class='ocrx_word' id='word_1_286' title='bbox 862 2458 1117 2513; x_wconf 89' lang='lat' dir='ltr'>Ecclesia</span> <span class='ocrx_word' id='word_1_287' title='bbox 1142 2458 1355 2513; x_wconf 89' lang='lat' dir='ltr'>Christi</span> <span class='ocrx_word' id='word_1_288' title='bbox 1388 2462 1448 2512; x_wconf 89' lang='lat' dir='ltr'>ut</span> <span class='ocrx_word' id='word_1_289' title='bbox 1477 2475 1647 2513; x_wconf 90' lang='lat' dir='ltr'>nemo</span> <span class='ocrx_word' id='word_1_290' title='bbox 1679 2458 1790 2514; x_wconf 92' lang='lat' dir='ltr'>nisi</span> <span class='ocrx_word' id='word_1_291' title='bbox 1824 2457 2001 2512; x_wconf 81' lang='lat' dir='ltr'>sacri-</span> 
     </span>
    </p>
   </div>
   <div class='ocr_carea' id='block_1_42' title="bbox 352 2543 2003 2618">
    <p class='ocr_par' dir='ltr' id='par_1_42' title="bbox 352 2543 2003 2618">
     <span class='ocr_line' id='line_1_42' title="bbox 352 2543 2003 2618; baseline 0.001 -18"><span class='ocrx_word' id='word_1_292' title='bbox 352 2543 520 2615; x_wconf 84' lang='lat' dir='ltr'>legus</span> <span class='ocrx_word' id='word_1_293' title='bbox 548 2549 864 2617; x_wconf 74' lang='lat' dir='ltr'>prmsumat</span> <span class='ocrx_word' id='word_1_294' title='bbox 894 2562 992 2600; x_wconf 90' lang='lat' dir='ltr'>eos</span> <span class='ocrx_word' id='word_1_295' title='bbox 1014 2546 1540 2617; x_wconf 90' lang='lat' dir='ltr'>pseudoepiscopos</span> <span class='ocrx_word' id='word_1_296' title='bbox 1564 2546 1620 2600; x_wconf 91' lang='lat' dir='ltr'>in</span> <span class='ocrx_word' id='word_1_297' title='bbox 1648 2545 1843 2618; x_wconf 87' lang='lat' dir='ltr'>aliquo</span> <span class='ocrx_word' id='word_1_298' title='bbox 1875 2562 2003 2617; x_wconf 86' lang='lat' dir='ltr'>pro-</span> 
     </span>
    </p>
   </div>
   <div class='ocr_carea' id='block_1_43' title="bbox 356 2633 1999 2707">
    <p class='ocr_par' dir='ltr' id='par_1_43' title="bbox 356 2633 1999 2707">
     <span class='ocr_line' id='line_1_43' title="bbox 356 2633 1999 2707; baseline -0.001 -18"><span class='ocrx_word' id='word_1_299' title='bbox 356 2633 524 2689; x_wconf 82' lang='lat' dir='ltr'>fiteri.</span> <span class='ocrx_word' id='word_1_300' title='bbox 561 2638 625 2689; x_wconf 87' lang='lat' dir='ltr'>Et</span> <span class='ocrx_word' id='word_1_301' title='bbox 654 2634 842 2706; x_wconf 90' lang='lat' dir='ltr'>primo</span> <span class='ocrx_word' id='word_1_302' title='bbox 873 2635 1110 2705; x_wconf 88' lang='lat' dir='ltr'>quidem</span> <span class='ocrx_word' id='word_1_303' title='bbox 1138 2634 1509 2690; x_wconf 88' lang='lat' dir='ltr'>beatissimos</span> <span class='ocrx_word' id='word_1_304' title='bbox 1544 2634 1840 2707; x_wconf 90' lang='lat' dir='ltr'>apostolos</span> <span class='ocrx_word' id='word_1_305' title='bbox 1869 2634 1999 2689; x_wconf 92' lang='lat' dir='ltr'>uni—</span> 
     </span>
    </p>
   </div>
   <div class='ocr_carea' id='block_1_44' title="bbox 350 2722 2001 2796">
    <p class='ocr_par' dir='ltr' id='par_1_44' title="bbox 350 2722 2001 2796">
     <span class='ocr_line' id='line_1_44' title="bbox 350 2722 2001 2796; baseline -0.001 -18"><span class='ocrx_word' id='word_1_306' title='bbox 350 2724 593 2779; x_wconf 90' lang='lat' dir='ltr'>versalis</span> <span class='ocrx_word' id='word_1_307' title='bbox 640 2722 907 2779; x_wconf 71' lang='lat' dir='ltr'>Ecclesiae</span> <span class='ocrx_word' id='word_1_308' title='bbox 958 2724 1295 2779; x_wconf 86' lang='lat' dir='ltr'>fundatores</span> <span class='ocrx_word' id='word_1_309' title='bbox 1341 2728 1398 2779; x_wconf 90' lang='lat' dir='ltr'>et</span> <span class='ocrx_word' id='word_1_310' title='bbox 1452 2724 1745 2796; x_wconf 90' lang='lat' dir='ltr'>principes</span> <span class='ocrx_word' id='word_1_311' title='bbox 1802 2724 1860 2778; x_wconf 89' lang='lat' dir='ltr'>in</span> <span class='ocrx_word' id='word_1_312' title='bbox 1892 2724 2001 2779; x_wconf 88' lang='lat' dir='ltr'>hoc</span> 
     </span>
    </p>
   </div>
   <div class='ocr_carea' id='block_1_45' title="bbox 354 2812 2005 2883">
    <p class='ocr_par' dir='ltr' id='par_1_45' title="bbox 354 2812 2005 2883">
     <span class='ocr_line' id='line_1_45' title="bbox 354 2812 2005 2883; baseline 0.001 -17"><span class='ocrx_word' id='word_1_313' title='bbox 354 2828 903 2879; x_wconf 90' lang='lat' dir='ltr'>commcmoremus,</span> <span class='ocrx_word' id='word_1_314' title='bbox 962 2812 1074 2868; x_wconf 90' lang='lat' dir='ltr'>nisi</span> <span class='ocrx_word' id='word_1_315' title='bbox 1119 2813 1523 2883; x_wconf 89' lang='lat' dir='ltr'>justissimum</span> <span class='ocrx_word' id='word_1_316' title='bbox 1583 2814 2005 2868; x_wconf 84' lang='lat' dir='ltr'>arbitraremur</span> 
     </span>
    </p>
   </div>
   <div class='ocr_carea' id='block_1_46' title="bbox 354 2900 2000 2971">
    <p class='ocr_par' dir='ltr' id='par_1_46' title="bbox 354 2900 2000 2971">
     <span class='ocr_line' id='line_1_46' title="bbox 354 2900 2000 2971; baseline 0.001 -17"><span class='ocrx_word' id='word_1_317' title='bbox 354 2900 511 2971; x_wconf 87' lang='lat' dir='ltr'>leges</span> <span class='ocrx_word' id='word_1_318' title='bbox 540 2903 597 2954; x_wconf 89' lang='lat' dir='ltr'>et</span> <span class='ocrx_word' id='word_1_319' title='bbox 627 2904 866 2956; x_wconf 86' lang='lat' dir='ltr'>naturas</span> <span class='ocrx_word' id='word_1_320' title='bbox 909 2901 1239 2958; x_wconf 89' lang='lat' dir='ltr'>necessario</span> <span class='ocrx_word' id='word_1_321' title='bbox 1276 2906 1489 2969; x_wconf 82' lang='lat' dir='ltr'>tacere,</span> <span class='ocrx_word' id='word_1_322' title='bbox 1524 2902 1621 2956; x_wconf 91' lang='lat' dir='ltr'>ubi</span> <span class='ocrx_word' id='word_1_323' title='bbox 1650 2900 2000 2957; x_wconf 89' lang='lat' dir='ltr'>benedictio-</span> 
     </span>
    </p>
   </div>
   <div class='ocr_carea' id='block_1_47' title="bbox 357 2989 2005 3064">
    <p class='ocr_par' dir='ltr' id='par_1_47' title="bbox 357 2989 2005 3064">
     <span class='ocr_line' id='line_1_47' title="bbox 357 2989 2005 3064; baseline 0.001 -21"><span class='ocrx_word' id='word_1_324' title='bbox 357 3005 513 3058; x_wconf 88' lang='lat' dir='ltr'>nem,</span> <span class='ocrx_word' id='word_1_325' title='bbox 545 2989 794 3061; x_wconf 83' lang='lat' dir='ltr'>gratiam</span> <span class='ocrx_word' id='word_1_326' title='bbox 822 2994 878 3045; x_wconf 90' lang='lat' dir='ltr'>et</span> <span class='ocrx_word' id='word_1_327' title='bbox 906 2990 1153 3064; x_wconf 89' lang='lat' dir='ltr'>gloriam</span> <span class='ocrx_word' id='word_1_328' title='bbox 1188 2991 1347 3047; x_wconf 90' lang='lat' dir='ltr'>dedit</span> <span class='ocrx_word' id='word_1_329' title='bbox 1378 2991 1676 3064; x_wconf 86' lang='lat' dir='ltr'>legislator</span> <span class='ocrx_word' id='word_1_330' title='bbox 1701 2995 1757 3046; x_wconf 90' lang='lat' dir='ltr'>et</span> <span class='ocrx_word' id='word_1_331' title='bbox 1774 2994 2005 3045; x_wconf 86' lang='lat' dir='ltr'>natura-</span> 
     </span>
    </p>
   </div>
   <div class='ocr_carea' id='block_1_48' title="bbox 357 3078 828 3135">
    <p class='ocr_par' dir='ltr' id='par_1_48' title="bbox 357 3078 828 3135">
     <span class='ocr_line' id='line_1_48' title="bbox 357 3078 828 3135; baseline 0 -2"><span class='ocrx_word' id='word_1_332' title='bbox 357 3094 489 3133; x_wconf 91' lang='lat' dir='ltr'>rum</span> <span class='ocrx_word' id='word_1_333' title='bbox 522 3078 828 3135; x_wconf 91' lang='lat' dir='ltr'>Dominus.</span> 
     </span>
    </p>
   </div>
   <div class='ocr_carea' id='block_1_49' title="bbox 2116 1840 3764 1914">
    <p class='ocr_par' dir='ltr' id='par_1_49' title="bbox 2116 1840 3764 1914">
     <span class='ocr_line' id='line_1_49' title="bbox 2116 1840 3764 1914; baseline -0.002 -17"><span class='ocrx_word' id='word_1_334' title='bbox 2116 1843 2227 1898; x_wconf 90' lang='lat' dir='ltr'>tria</span> <span class='ocrx_word' id='word_1_335' title='bbox 2251 1842 2351 1898; x_wconf 90' lang='lat' dir='ltr'>illa</span> <span class='ocrx_word' id='word_1_336' title='bbox 2368 1843 2563 1898; x_wconf 89' lang='lat' dir='ltr'>adsint</span> <span class='ocrx_word' id='word_1_337' title='bbox 2582 1842 2857 1914; x_wconf 89' lang='lat' dir='ltr'>capitula,</span> <span class='ocrx_word' id='word_1_338' title='bbox 2880 1841 3150 1897; x_wconf 74' lang='lat' dir='ltr'>videlicet</span> <span class='ocrx_word' id='word_1_339' title='bbox 3168 1841 3370 1897; x_wconf 89' lang='lat' dir='ltr'>electio</span> <span class='ocrx_word' id='word_1_340' title='bbox 3393 1840 3554 1906; x_wconf 90' lang='lat' dir='ltr'>cleri,</span> <span class='ocrx_word' id='word_1_341' title='bbox 3588 1854 3764 1908; x_wconf 84' lang='lat' dir='ltr'>expo-</span> 
     </span>
    </p>
   </div>
   <div class='ocr_carea' id='block_1_50' title="bbox 2116 1924 3770 2002">
    <p class='ocr_par' dir='ltr' id='par_1_50' title="bbox 2116 1924 3770 2002">
     <span class='ocr_line' id='line_1_50' title="bbox 2116 1924 3770 2002; baseline -0.005 -16"><span class='ocrx_word' id='word_1_342' title='bbox 2116 1930 2355 1986; x_wconf 90' lang='lat' dir='ltr'>stulatio</span> <span class='ocrx_word' id='word_1_343' title='bbox 2380 1929 3025 2002; x_wconf 90' lang='lat' dir='ltr'>populi,judiciumque</span> <span class='ocrx_word' id='word_1_344' title='bbox 3048 1926 3496 1998; x_wconf 87' lang='lat' dir='ltr'>metropolitani,</span> <span class='ocrx_word' id='word_1_345' title='bbox 3521 1926 3664 1996; x_wconf 87' lang='lat' dir='ltr'>quia</span> <span class='ocrx_word' id='word_1_346' title='bbox 3682 1924 3770 1979; x_wconf 87' lang='lat' dir='ltr'>in-</span> 
     </span>
    </p>
   </div>
   <div class='ocr_carea' id='block_1_51' title="bbox 2116 2012 3768 2086">
    <p class='ocr_par' dir='ltr' id='par_1_51' title="bbox 2116 2012 3768 2086">
     <span class='ocr_line' id='line_1_51' title="bbox 2116 2012 3768 2086; baseline -0.003 -14"><span class='ocrx_word' id='word_1_347' title='bbox 2116 2018 2389 2073; x_wconf 88' lang='lat' dir='ltr'>fidelibus</span> <span class='ocrx_word' id='word_1_348' title='bbox 2409 2017 2555 2073; x_wconf 89' lang='lat' dir='ltr'>nihil</span> <span class='ocrx_word' id='word_1_349' title='bbox 2580 2016 2881 2072; x_wconf 60' lang='lat' dir='ltr'>munditia:</span> <span class='ocrx_word' id='word_1_350' title='bbox 2902 2015 2986 2070; x_wconf 89' lang='lat' dir='ltr'>vel</span> <span class='ocrx_word' id='word_1_351' title='bbox 3009 2016 3205 2086; x_wconf 63' lang='lat' dir='ltr'>gratiae</span> <span class='ocrx_word' id='word_1_352' title='bbox 3223 2017 3413 2085; x_wconf 86' lang='lat' dir='ltr'>potest</span> <span class='ocrx_word' id='word_1_353' title='bbox 3435 2012 3768 2078; x_wconf 64' lang='lat' dir='ltr'>adhaerere,</span> 
     </span>
    </p>
   </div>
   <div class='ocr_carea' id='block_1_52' title="bbox 2114 2101 3764 2162">
    <p class='ocr_par' dir='ltr' id='par_1_52' title="bbox 2114 2101 3764 2162">
     <span class='ocr_line' id='line_1_52' title="bbox 2114 2101 3764 2162; baseline -0.004 0"><span class='ocrx_word' id='word_1_354' title='bbox 2114 2107 2295 2162; x_wconf 92' lang='lat' dir='ltr'>donec</span> <span class='ocrx_word' id='word_1_355' title='bbox 2326 2107 2500 2162; x_wconf 90' lang='lat' dir='ltr'>corda</span> <span class='ocrx_word' id='word_1_356' title='bbox 2546 2122 2747 2161; x_wconf 90' lang='lat' dir='ltr'>eorum</span> <span class='ocrx_word' id='word_1_357' title='bbox 2780 2105 2890 2159; x_wconf 85' lang='lat' dir='ltr'>ﬁde</span> <span class='ocrx_word' id='word_1_358' title='bbox 2935 2102 3310 2157; x_wconf 88' lang='lat' dir='ltr'>mundentur.</span> <span class='ocrx_word' id='word_1_359' title='bbox 3372 2101 3505 2156; x_wconf 64' lang='lat' dir='ltr'>Haec</span> <span class='ocrx_word' id='word_1_360' title='bbox 3554 2104 3764 2156; x_wconf 86' lang='lat' dir='ltr'>tamen</span> 
     </span>
    </p>
   </div>
   <div class='ocr_carea' id='block_1_53' title="bbox 2112 2187 3762 2261">
    <p class='ocr_par' dir='ltr' id='par_1_53' title="bbox 2112 2187 3762 2261">
     <span class='ocr_line' id='line_1_53' title="bbox 2112 2187 3762 2261; baseline -0.005 -10"><span class='ocrx_word' id='word_1_361' title='bbox 2112 2195 2382 2261; x_wconf 89' lang='lat' dir='ltr'>dicendo,</span> <span class='ocrx_word' id='word_1_362' title='bbox 2414 2195 2495 2249; x_wconf 91' lang='lat' dir='ltr'>ita</span> <span class='ocrx_word' id='word_1_363' title='bbox 2524 2197 2856 2250; x_wconf 88' lang='lat' dir='ltr'>sanctorum</span> <span class='ocrx_word' id='word_1_364' title='bbox 2887 2192 3124 2245; x_wconf 89' lang='lat' dir='ltr'>Patrum</span> <span class='ocrx_word' id='word_1_365' title='bbox 3153 2193 3489 2245; x_wconf 87' lang='lat' dir='ltr'>nostrorum</span> <span class='ocrx_word' id='word_1_366' title='bbox 3520 2187 3762 2243; x_wconf 91' lang='lat' dir='ltr'>ordina-</span> 
     </span>
    </p>
   </div>
   <div class='ocr_carea' id='block_1_54' title="bbox 2110 2278 3759 2348">
    <p class='ocr_par' dir='ltr' id='par_1_54' title="bbox 2110 2278 3759 2348">
     <span class='ocr_line' id='line_1_54' title="bbox 2110 2278 3759 2348; baseline -0.003 -11"><span class='ocrx_word' id='word_1_367' title='bbox 2110 2282 2324 2338; x_wconf 88' lang='lat' dir='ltr'>tionem</span> <span class='ocrx_word' id='word_1_368' title='bbox 2349 2297 2613 2336; x_wconf 88' lang='lat' dir='ltr'>veneram</span> <span class='ocrx_word' id='word_1_369' title='bbox 2623 2296 2792 2345; x_wconf 85' lang='lat' dir='ltr'>ur,ex</span> <span class='ocrx_word' id='word_1_370' title='bbox 2809 2278 3157 2334; x_wconf 88' lang='lat' dir='ltr'>necessitate</span> <span class='ocrx_word' id='word_1_371' title='bbox 3178 2278 3461 2348; x_wconf 87' lang='lat' dir='ltr'>temporis</span> <span class='ocrx_word' id='word_1_372' title='bbox 3481 2279 3538 2331; x_wconf 92' lang='lat' dir='ltr'>et</span> <span class='ocrx_word' id='word_1_373' title='bbox 3553 2293 3759 2332; x_wconf 91' lang='lat' dir='ltr'>eorum</span> 
     </span>
    </p>
   </div>
   <div class='ocr_carea' id='block_1_55' title="bbox 2113 2364 3757 2438">
    <p class='ocr_par' dir='ltr' id='par_1_55' title="bbox 2113 2364 3757 2438">
     <span class='ocr_line' id='line_1_55' title="bbox 2113 2364 3757 2438; baseline -0.003 -12"><span class='ocrx_word' id='word_1_374' title='bbox 2113 2372 2365 2427; x_wconf 80' lang='lat' dir='ltr'>maxima</span> <span class='ocrx_word' id='word_1_375' title='bbox 2377 2368 2741 2435; x_wconf 90' lang='lat' dir='ltr'>auctoritate,</span> <span class='ocrx_word' id='word_1_376' title='bbox 2758 2372 2822 2422; x_wconf 92' lang='lat' dir='ltr'>ut</span> <span class='ocrx_word' id='word_1_377' title='bbox 2843 2367 3095 2438; x_wconf 89' lang='lat' dir='ltr'>posteris</span> <span class='ocrx_word' id='word_1_378' title='bbox 3113 2367 3329 2422; x_wconf 89' lang='lat' dir='ltr'>nostris</span> <span class='ocrx_word' id='word_1_379' title='bbox 3341 2370 3396 2420; x_wconf 91' lang='lat' dir='ltr'>et</span> <span class='ocrx_word' id='word_1_380' title='bbox 3418 2364 3589 2421; x_wconf 91' lang='lat' dir='ltr'>nobis</span> <span class='ocrx_word' id='word_1_381' title='bbox 3610 2364 3757 2436; x_wconf 87' lang='lat' dir='ltr'>ipsis</span> 
     </span>
    </p>
   </div>
   <div class='ocr_carea' id='block_1_56' title="bbox 2111 2453 3758 2530">
    <p class='ocr_par' dir='ltr' id='par_1_56' title="bbox 2111 2453 3758 2530">
     <span class='ocr_line' id='line_1_56' title="bbox 2111 2453 3758 2530; baseline -0.003 -16"><span class='ocrx_word' id='word_1_382' title='bbox 2111 2476 2213 2530; x_wconf 90' lang='lat' dir='ltr'>per</span> <span class='ocrx_word' id='word_1_383' title='bbox 2233 2459 2430 2514; x_wconf 89' lang='lat' dir='ltr'>omnia</span> <span class='ocrx_word' id='word_1_384' title='bbox 2451 2461 2847 2513; x_wconf 90' lang='lat' dir='ltr'>contestemur</span> <span class='ocrx_word' id='word_1_385' title='bbox 2866 2454 3289 2511; x_wconf 83' lang='lat' dir='ltr'>ecclesiasticas</span> <span class='ocrx_word' id='word_1_386' title='bbox 3311 2453 3543 2526; x_wconf 85' lang='lat' dir='ltr'>regulas</span> <span class='ocrx_word' id='word_1_387' title='bbox 3563 2454 3758 2509; x_wconf 87' lang='lat' dir='ltr'>obser-</span> 
     </span>
    </p>
   </div>
   <div class='ocr_carea' id='block_1_57' title="bbox 2109 2541 3756 2618">
    <p class='ocr_par' dir='ltr' id='par_1_57' title="bbox 2109 2541 3756 2618">
     <span class='ocr_line' id='line_1_57' title="bbox 2109 2541 3756 2618; baseline -0.003 -15"><span class='ocrx_word' id='word_1_388' title='bbox 2109 2553 2305 2604; x_wconf 86' lang='lat' dir='ltr'>vatum</span> <span class='ocrx_word' id='word_1_389' title='bbox 2338 2546 2428 2613; x_wconf 90' lang='lat' dir='ltr'>iri,</span> <span class='ocrx_word' id='word_1_390' title='bbox 2462 2546 2601 2618; x_wconf 87' lang='lat' dir='ltr'>quia</span> <span class='ocrx_word' id='word_1_391' title='bbox 2628 2545 2905 2616; x_wconf 87' lang='lat' dir='ltr'>antiquos</span> <span class='ocrx_word' id='word_1_392' title='bbox 2939 2546 3176 2599; x_wconf 83' lang='lat' dir='ltr'>excusat</span> <span class='ocrx_word' id='word_1_393' title='bbox 3212 2541 3531 2597; x_wconf 89' lang='lat' dir='ltr'>necessitas</span> <span class='ocrx_word' id='word_1_394' title='bbox 3560 2545 3618 2597; x_wconf 92' lang='lat' dir='ltr'>et</span> <span class='ocrx_word' id='word_1_395' title='bbox 3646 2559 3756 2598; x_wconf 90' lang='lat' dir='ltr'>sua</span> 
     </span>
    </p>
   </div>
   <div class='ocr_carea' id='block_1_58' title="bbox 2110 2628 3755 2703">
    <p class='ocr_par' dir='ltr' id='par_1_58' title="bbox 2110 2628 3755 2703">
     <span class='ocr_line' id='line_1_58' title="bbox 2110 2628 3755 2703; baseline -0.003 -12"><span class='ocrx_word' id='word_1_396' title='bbox 2110 2636 2349 2691; x_wconf 89' lang='lat' dir='ltr'>libertas</span> <span class='ocrx_word' id='word_1_397' title='bbox 2373 2654 2386 2703; x_wconf 90' lang='lat'>;</span> <span class='ocrx_word' id='word_1_398' title='bbox 2418 2636 2729 2690; x_wconf 87' lang='lat' dir='ltr'>modernos</span> <span class='ocrx_word' id='word_1_399' title='bbox 2760 2637 2957 2689; x_wconf 88' lang='lat' dir='ltr'>autem</span> <span class='ocrx_word' id='word_1_400' title='bbox 2989 2634 3225 2687; x_wconf 91' lang='lat' dir='ltr'>accusat</span> <span class='ocrx_word' id='word_1_401' title='bbox 3254 2629 3383 2687; x_wconf 82' lang='lat' dir='ltr'>sola</span> <span class='ocrx_word' id='word_1_402' title='bbox 3410 2646 3515 2686; x_wconf 90' lang='lat' dir='ltr'>sua</span> <span class='ocrx_word' id='word_1_403' title='bbox 3543 2628 3755 2686; x_wconf 90' lang='lat' dir='ltr'>volun-</span> 
     </span>
    </p>
   </div>
   <div class='ocr_carea' id='block_1_59' title="bbox 2111 2722 2632 2779">
    <p class='ocr_par' dir='ltr' id='par_1_59' title="bbox 2111 2722 2632 2779">
     <span class='ocr_line' id='line_1_59' title="bbox 2111 2722 2632 2779; baseline -0.006 0"><span class='ocrx_word' id='word_1_404' title='bbox 2111 2727 2203 2779; x_wconf 84' lang='lat' dir='ltr'>tas</span> <span class='ocrx_word' id='word_1_405' title='bbox 2225 2726 2282 2779; x_wconf 91' lang='lat' dir='ltr'>et</span> <span class='ocrx_word' id='word_1_406' title='bbox 2312 2722 2632 2779; x_wconf 88' lang='lat' dir='ltr'>temeritas.</span> 
     </span>
    </p>
   </div>
   <div class='ocr_carea' id='block_1_60' title="bbox 2734 2809 3124 2866">
    <p class='ocr_par' dir='ltr' id='par_1_60' title="bbox 2734 2809 3124 2866">
     <span class='ocr_line' id='line_1_60' title="bbox 2734 2809 3124 2866; baseline -0.01 0"><span class='ocrx_word' id='word_1_407' title='bbox 2734 2809 2964 2866; x_wconf 83' lang='lat' dir='ltr'>CAPUT</span> <span class='ocrx_word' id='word_1_408' title='bbox 3002 2809 3124 2863; x_wconf 89' lang='lat' dir='ltr'>VII.</span> 
     </span>
    </p>
   </div>
   <div class='ocr_carea' id='block_1_61' title="bbox 2182 2895 3756 2969">
    <p class='ocr_par' dir='ltr' id='par_1_61' title="bbox 2182 2895 3756 2969">
     <span class='ocr_line' id='line_1_61' title="bbox 2182 2895 3756 2969; baseline -0.004 -12"><span class='ocrx_word' id='word_1_409' title='bbox 2182 2902 2550 2957; x_wconf 73' lang='lat' dir='ltr'>Conaur&#39;ron.</span> <span class='ocrx_word' id='word_1_410' title='bbox 2567 2899 2829 2955; x_wconf 85' lang='lat' dir='ltr'>Audistis</span> <span class='ocrx_word' id='word_1_411' title='bbox 2841 2898 3014 2954; x_wconf 89' lang='lat' dir='ltr'>etiam</span> <span class='ocrx_word' id='word_1_412' title='bbox 3037 2895 3195 2969; x_wconf 89' lang='lat' dir='ltr'>quia,</span> <span class='ocrx_word' id='word_1_413' title='bbox 3215 2895 3367 2953; x_wconf 89' lang='lat' dir='ltr'>sicut</span> <span class='ocrx_word' id='word_1_414' title='bbox 3384 2896 3575 2951; x_wconf 91' lang='lat' dir='ltr'>denuo</span> <span class='ocrx_word' id='word_1_415' title='bbox 3598 2895 3756 2967; x_wconf 88' lang='lat' dir='ltr'>quis—</span> 
     </span>
    </p>
   </div>
   <div class='ocr_carea' id='block_1_62' title="bbox 2112 2985 3755 3062">
    <p class='ocr_par' dir='ltr' id='par_1_62' title="bbox 2112 2985 3755 3062">
     <span class='ocr_line' id='line_1_62' title="bbox 2112 2985 3755 3062; baseline -0.001 -17"><span class='ocrx_word' id='word_1_416' title='bbox 2112 3007 2289 3062; x_wconf 91' lang='lat' dir='ltr'>quam</span> <span class='ocrx_word' id='word_1_417' title='bbox 2319 2989 2600 3061; x_wconf 89' lang='lat' dir='ltr'>baptizari</span> <span class='ocrx_word' id='word_1_418' title='bbox 2635 3004 2750 3043; x_wconf 92' lang='lat' dir='ltr'>non</span> <span class='ocrx_word' id='word_1_419' title='bbox 2783 2988 2974 3053; x_wconf 90' lang='lat' dir='ltr'>debet,</span> <span class='ocrx_word' id='word_1_420' title='bbox 3001 2986 3086 3042; x_wconf 89' lang='lat' dir='ltr'>ita</span> <span class='ocrx_word' id='word_1_421' title='bbox 3106 3001 3210 3041; x_wconf 91' lang='lat' dir='ltr'>nec</span> <span class='ocrx_word' id='word_1_422' title='bbox 3239 2986 3429 3041; x_wconf 90' lang='lat' dir='ltr'>denuo</span> <span class='ocrx_word' id='word_1_423' title='bbox 3460 2985 3519 3040; x_wconf 89' lang='lat' dir='ltr'>in</span> <span class='ocrx_word' id='word_1_424' title='bbox 3549 2985 3755 3043; x_wconf 87' lang='lat' dir='ltr'>eodem</span> 
     </span>
    </p>
   </div>
   <div class='ocr_carea' id='block_1_63' title="bbox 2112 3078 2914 3150">
    <p class='ocr_par' dir='ltr' id='par_1_63' title="bbox 2112 3078 2914 3150">
     <span class='ocr_line' id='line_1_63' title="bbox 2112 3078 2914 3150; baseline -0.006 -15"><span class='ocrx_word' id='word_1_425' title='bbox 2112 3079 2317 3135; x_wconf 89' lang='lat' dir='ltr'>ordine</span> <span class='ocrx_word' id='word_1_426' title='bbox 2347 3078 2674 3134; x_wconf 88' lang='lat' dir='ltr'>consecrari</span> <span class='ocrx_word' id='word_1_427' title='bbox 2705 3079 2914 3150; x_wconf 87' lang='lat' dir='ltr'>potest.</span> 
     </span>
    </p>
   </div>
   <div class='ocr_carea' id='block_1_64' title="bbox 428 3148 3754 3240">
    <p class='ocr_par' dir='ltr' id='par_1_64' title="bbox 428 3148 3754 3240">
     <span class='ocr_line' id='line_1_64' title="bbox 428 3148 3754 3240; baseline -0 -19"><span class='ocrx_word' id='word_1_428' title='bbox 428 3166 591 3223; x_wconf 90' lang='lat' dir='ltr'>Unde</span> <span class='ocrx_word' id='word_1_429' title='bbox 621 3172 783 3223; x_wconf 89' lang='lat' dir='ltr'>tanta</span> <span class='ocrx_word' id='word_1_430' title='bbox 806 3167 1129 3240; x_wconf 89' lang='lat' dir='ltr'>taliumque</span> <span class='ocrx_word' id='word_1_431' title='bbox 1172 3169 1608 3224; x_wconf 87' lang='lat' dir='ltr'>ordinationum</span> <span class='ocrx_word' id='word_1_432' title='bbox 1641 3168 1834 3223; x_wconf 88' lang='lat' dir='ltr'>debita</span> <span class='ocrx_word' id='word_1_433' title='bbox 1863 3183 1996 3223; x_wconf 92' lang='lat' dir='ltr'>cum</span> <span class='ocrx_word' id='word_1_434' title='bbox 2030 3148 2072 3215; x_wconf 72' lang='grc' dir='ltr'>Ο</span> <span class='ocrx_word' id='word_1_435' title='bbox 2180 3168 2549 3224; x_wconf 74' lang='lat' dir='ltr'>Coaaur&#39;roa.</span> <span class='ocrx_word' id='word_1_436' title='bbox 2584 3148 2724 3232; x_wconf 83' lang='lat' dir='ltr'>Quis</span> <span class='ocrx_word' id='word_1_437' title='bbox 2753 3165 2896 3221; x_wconf 89' lang='lat' dir='ltr'>dicit</span> <span class='ocrx_word' id='word_1_438' title='bbox 2924 3167 3026 3219; x_wconf 91' lang='lat' dir='ltr'>aut</span> <span class='ocrx_word' id='word_1_439' title='bbox 3067 3164 3245 3219; x_wconf 87' lang='lat' dir='ltr'>sentit</span> <span class='ocrx_word' id='word_1_440' title='bbox 3273 3164 3463 3219; x_wconf 89' lang='lat' dir='ltr'>denuo</span> <span class='ocrx_word' id='word_1_441' title='bbox 3494 3161 3754 3235; x_wconf 88' lang='lat' dir='ltr'>aliquem</span> 
     </span>
    </p>
   </div>
   <div class='ocr_carea' id='block_1_65' title="bbox 356 3255 2001 3328">
    <p class='ocr_par' dir='ltr' id='par_1_65' title="bbox 356 3255 2001 3328">
     <span class='ocr_line' id='line_1_65' title="bbox 356 3255 2001 3328; baseline 0.001 -18"><span class='ocrx_word' id='word_1_442' title='bbox 356 3255 677 3311; x_wconf 87' lang='lat' dir='ltr'>reverentia</span> <span class='ocrx_word' id='word_1_443' title='bbox 713 3255 966 3311; x_wconf 89' lang='lat' dir='ltr'>salutata</span> <span class='ocrx_word' id='word_1_444' title='bbox 996 3258 1634 3328; x_wconf 64' lang='lat' dir='ltr'>przetermittentesmec</span> <span class='ocrx_word' id='word_1_445' title='bbox 1660 3274 1773 3311; x_wconf 89' lang='lat' dir='ltr'>non</span> <span class='ocrx_word' id='word_1_446' title='bbox 1814 3260 1870 3311; x_wconf 89' lang='lat' dir='ltr'>et</span> <span class='ocrx_word' id='word_1_447' title='bbox 1901 3256 2001 3312; x_wconf 83' lang='lat' dir='ltr'>illa</span> 
     </span>
    </p>
   </div>
   <div class='ocr_carea' id='block_1_66' title="bbox 356 3344 1998 3418">
    <p class='ocr_par' dir='ltr' id='par_1_66' title="bbox 356 3344 1998 3418">
     <span class='ocr_line' id='line_1_66' title="bbox 356 3344 1998 3418; baseline -0.002 -18"><span class='ocrx_word' id='word_1_448' title='bbox 356 3361 533 3417; x_wconf 90' lang='lat' dir='ltr'>quam</span> <span class='ocrx_word' id='word_1_449' title='bbox 556 3345 667 3417; x_wconf 86' lang='lat' dir='ltr'>ipsi</span> <span class='ocrx_word' id='word_1_450' title='bbox 691 3345 842 3401; x_wconf 89' lang='lat' dir='ltr'>beati</span> <span class='ocrx_word' id='word_1_451' title='bbox 861 3345 1105 3417; x_wconf 85' lang='lat' dir='ltr'>apostoli</span> <span class='ocrx_word' id='word_1_452' title='bbox 1124 3346 1387 3418; x_wconf 84' lang='lat' dir='ltr'>exemplo</span> <span class='ocrx_word' id='word_1_453' title='bbox 1402 3345 1635 3400; x_wconf 89' lang='lat' dir='ltr'>Domini</span> <span class='ocrx_word' id='word_1_454' title='bbox 1657 3348 1713 3399; x_wconf 87' lang='lat' dir='ltr'>et</span> <span class='ocrx_word' id='word_1_455' title='bbox 1736 3344 1998 3415; x_wconf 89' lang='lat' dir='ltr'>magistri</span> 
     </span>
    </p>
   </div>
   <div class='ocr_carea' id='block_1_67' title="bbox 355 3433 1998 3506">
    <p class='ocr_par' dir='ltr' id='par_1_67' title="bbox 355 3433 1998 3506">
     <span class='ocr_line' id='line_1_67' title="bbox 355 3433 1998 3506; baseline -0.001 -16"><span class='ocrx_word' id='word_1_456' title='bbox 355 3434 449 3490; x_wconf 91' lang='lat' dir='ltr'>sui</span> <span class='ocrx_word' id='word_1_457' title='bbox 478 3434 698 3503; x_wconf 91' lang='lat' dir='ltr'>Asiam,</span> <span class='ocrx_word' id='word_1_458' title='bbox 750 3435 1061 3506; x_wconf 89' lang='lat' dir='ltr'>Europam,</span> <span class='ocrx_word' id='word_1_459' title='bbox 1108 3439 1165 3490; x_wconf 90' lang='lat' dir='ltr'>et</span> <span class='ocrx_word' id='word_1_460' title='bbox 1192 3436 1443 3490; x_wconf 83' lang='lat' dir='ltr'>Africam</span> <span class='ocrx_word' id='word_1_461' title='bbox 1478 3433 1767 3505; x_wconf 81' lang='lat' dir='ltr'>episCOpis</span> <span class='ocrx_word' id='word_1_462' title='bbox 1793 3433 1998 3503; x_wconf 87' lang='lat' dir='ltr'>hujus-</span> 
     </span>
    </p>
   </div>
   <div class='ocr_carea' id='block_1_68' title="bbox 356 3522 1998 3595">
    <p class='ocr_par' dir='ltr' id='par_1_68' title="bbox 356 3522 1998 3595">
     <span class='ocr_line' id='line_1_68' title="bbox 356 3522 1998 3595; baseline -0.001 -16"><span class='ocrx_word' id='word_1_463' title='bbox 356 3522 513 3579; x_wconf 92' lang='lat' dir='ltr'>modi</span> <span class='ocrx_word' id='word_1_464' title='bbox 545 3522 1312 3595; x_wconf 82' lang='lat' dir='ltr'>illustrarunt,maximeque</span> <span class='ocrx_word' id='word_1_465' title='bbox 1331 3527 1557 3587; x_wconf 87' lang='lat' dir='ltr'>Petrus,</span> <span class='ocrx_word' id='word_1_466' title='bbox 1576 3522 1671 3594; x_wconf 90' lang='lat' dir='ltr'>qui</span> <span class='ocrx_word' id='word_1_467' title='bbox 1700 3538 1867 3577; x_wconf 89' lang='lat' dir='ltr'>suam</span> <span class='ocrx_word' id='word_1_468' title='bbox 1888 3522 1998 3577; x_wconf 93' lang='lat' dir='ltr'>Ita-</span> 
     </span>
    </p>
   </div>
   <div class='ocr_carea' id='block_1_69' title="bbox 354 3608 2001 3683">
    <p class='ocr_par' dir='ltr' id='par_1_69' title="bbox 354 3608 2001 3683">
     <span class='ocr_line' id='line_1_69' title="bbox 354 3608 2001 3683; baseline -0.002 -16"><span class='ocrx_word' id='word_1_469' title='bbox 354 3612 515 3680; x_wconf 91' lang='lat' dir='ltr'>liam,</span> <span class='ocrx_word' id='word_1_470' title='bbox 541 3616 597 3667; x_wconf 91' lang='lat' dir='ltr'>et</span> <span class='ocrx_word' id='word_1_471' title='bbox 613 3616 851 3667; x_wconf 89' lang='lat' dir='ltr'>cunctas</span> <span class='ocrx_word' id='word_1_472' title='bbox 874 3611 1093 3668; x_wconf 86' lang='lat' dir='ltr'>Gallias</span> <span class='ocrx_word' id='word_1_473' title='bbox 1116 3611 1351 3667; x_wconf 90' lang='lat' dir='ltr'>directis</span> <span class='ocrx_word' id='word_1_474' title='bbox 1372 3610 1848 3683; x_wconf 66' lang='lat' dir='ltr'>prcedicatoribus</span> <span class='ocrx_word' id='word_1_475' title='bbox 1864 3608 2001 3666; x_wconf 81' lang='lat' dir='ltr'>tali-</span> 
     </span>
    </p>
   </div>
   <div class='ocr_carea' id='block_1_70' title="bbox 353 3699 2002 3773">
    <p class='ocr_par' dir='ltr' id='par_1_70' title="bbox 353 3699 2002 3773">
     <span class='ocr_line' id='line_1_70' title="bbox 353 3699 2002 3773; baseline -0.002 -15"><span class='ocrx_word' id='word_1_476' title='bbox 353 3706 440 3758; x_wconf 90' lang='lat' dir='ltr'>ter</span> <span class='ocrx_word' id='word_1_477' title='bbox 465 3719 499 3757; x_wconf 89' lang='lat' dir='ltr'>a</span> <span class='ocrx_word' id='word_1_478' title='bbox 526 3718 588 3757; x_wconf 89' lang='lat' dir='ltr'>se</span> <span class='ocrx_word' id='word_1_479' title='bbox 632 3701 917 3757; x_wconf 91' lang='lat' dir='ltr'>ordinatis</span> <span class='ocrx_word' id='word_1_480' title='bbox 949 3705 1082 3773; x_wconf 89' lang='lat' dir='ltr'>post</span> <span class='ocrx_word' id='word_1_481' title='bbox 1126 3701 1423 3755; x_wconf 88' lang='lat' dir='ltr'>Christum</span> <span class='ocrx_word' id='word_1_482' title='bbox 1469 3716 1701 3755; x_wconf 90' lang='lat' dir='ltr'>currere</span> <span class='ocrx_word' id='word_1_483' title='bbox 1746 3699 1899 3767; x_wconf 85' lang='lat' dir='ltr'>fecit,</span> <span class='ocrx_word' id='word_1_484' title='bbox 1934 3716 2002 3755; x_wconf 87' lang='lat' dir='ltr'>ex</span> 
     </span>
    </p>
   </div>
   <div class='ocr_carea' id='block_1_71' title="bbox 354 3789 1999 3862">
    <p class='ocr_par' dir='ltr' id='par_1_71' title="bbox 354 3789 1999 3862">
     <span class='ocr_line' id='line_1_71' title="bbox 354 3789 1999 3862; baseline -0.001 -18"><span class='ocrx_word' id='word_1_485' title='bbox 354 3789 605 3862; x_wconf 88' lang='lat' dir='ltr'>posteris</span> <span class='ocrx_word' id='word_1_486' title='bbox 652 3806 853 3845; x_wconf 90' lang='lat' dir='ltr'>eorum</span> <span class='ocrx_word' id='word_1_487' title='bbox 886 3789 1061 3861; x_wconf 85' lang='lat' dir='ltr'>longo</span> <span class='ocrx_word' id='word_1_488' title='bbox 1092 3792 1224 3861; x_wconf 86' lang='lat' dir='ltr'>post</span> <span class='ocrx_word' id='word_1_489' title='bbox 1270 3792 1532 3861; x_wconf 90' lang='lat' dir='ltr'>tempore</span> <span class='ocrx_word' id='word_1_490' title='bbox 1576 3789 1724 3844; x_wconf 93' lang='lat' dir='ltr'>duos</span> <span class='ocrx_word' id='word_1_491' title='bbox 1770 3793 1999 3844; x_wconf 89' lang='lat' dir='ltr'>tantum</span> 
     </span>
    </p>
   </div>
   <div class='ocr_carea' id='block_1_72' title="bbox 352 3877 2003 3950">
    <p class='ocr_par' dir='ltr' id='par_1_72' title="bbox 352 3877 2003 3950">
     <span class='ocr_line' id='line_1_72' title="bbox 352 3877 2003 3950; baseline 0 -17"><span class='ocrx_word' id='word_1_492' title='bbox 352 3878 897 3934; x_wconf 89' lang='lat' dir='ltr'>commemorandos</span> <span class='ocrx_word' id='word_1_493' title='bbox 929 3878 1305 3943; x_wconf 88' lang='lat' dir='ltr'>arbitramur,</span> <span class='ocrx_word' id='word_1_494' title='bbox 1332 3877 1431 3950; x_wconf 91' lang='lat' dir='ltr'>qui</span> <span class='ocrx_word' id='word_1_495' title='bbox 1457 3878 1583 3949; x_wconf 86' lang='lat' dir='ltr'>jam</span> <span class='ocrx_word' id='word_1_496' title='bbox 1617 3877 2003 3949; x_wconf 88' lang='lat' dir='ltr'>promulgatis</span> 
     </span>
    </p>
   </div>
   <div class='ocr_carea' id='block_1_73' title="bbox 352 3965 1999 4032">
    <p class='ocr_par' dir='ltr' id='par_1_73' title="bbox 352 3965 1999 4032">
     <span class='ocr_line' id='line_1_73' title="bbox 352 3965 1999 4032; baseline -0.001 -11"><span class='ocrx_word' id='word_1_497' title='bbox 352 3966 486 4022; x_wconf 90' lang='lat' dir='ltr'>inde</span> <span class='ocrx_word' id='word_1_498' title='bbox 529 3968 711 4022; x_wconf 88' lang='lat' dir='ltr'>sacris</span> <span class='ocrx_word' id='word_1_499' title='bbox 762 3966 1086 4023; x_wconf 88' lang='lat' dir='ltr'>canonibus</span> <span class='ocrx_word' id='word_1_500' title='bbox 1129 3965 1325 4022; x_wconf 88' lang='lat' dir='ltr'>taliter</span> <span class='ocrx_word' id='word_1_501' title='bbox 1357 3965 1610 4021; x_wconf 88' lang='lat' dir='ltr'>ordinati</span> <span class='ocrx_word' id='word_1_502' title='bbox 1658 3969 1999 4032; x_wconf 89' lang='lat' dir='ltr'>noscuntur,</span> 
     </span>
    </p>
   </div>
   <div class='ocr_carea' id='block_1_74' title="bbox 351 4053 2003 4128">
    <p class='ocr_par' dir='ltr' id='par_1_74' title="bbox 351 4053 2003 4128">
     <span class='ocr_line' id='line_1_74' title="bbox 351 4053 2003 4128; baseline -0.001 -17"><span class='ocrx_word' id='word_1_503' title='bbox 351 4056 504 4112; x_wconf 89' lang='lat' dir='ltr'>sicut</span> <span class='ocrx_word' id='word_1_504' title='bbox 534 4055 592 4110; x_wconf 91' lang='lat' dir='ltr'>in</span> <span class='ocrx_word' id='word_1_505' title='bbox 638 4055 892 4113; x_wconf 89' lang='lat' dir='ltr'>Historia</span> <span class='ocrx_word' id='word_1_506' title='bbox 938 4056 1262 4128; x_wconf 89' lang='lat' dir='ltr'>Tripartita</span> <span class='ocrx_word' id='word_1_507' title='bbox 1315 4055 1554 4128; x_wconf 87' lang='lat' dir='ltr'>legitur.</span> <span class='ocrx_word' id='word_1_508' title='bbox 1604 4053 1913 4126; x_wconf 90' lang='lat' dir='ltr'>Perigenes</span> <span class='ocrx_word' id='word_1_509' title='bbox 1941 4053 2003 4109; x_wconf 90' lang='lat' dir='ltr'>in</span> 
     </span>
    </p>
   </div>
   <div class='ocr_carea' id='block_1_75' title="bbox 351 4142 2001 4221">
    <p class='ocr_par' dir='ltr' id='par_1_75' title="bbox 351 4142 2001 4221">
     <span class='ocr_line' id='line_1_75' title="bbox 351 4142 2001 4221; baseline -0.002 -20"><span class='ocrx_word' id='word_1_510' title='bbox 351 4144 534 4201; x_wconf 90' lang='lat' dir='ltr'>Petris</span> <span class='ocrx_word' id='word_1_511' title='bbox 566 4145 872 4221; x_wconf 76' lang='lat' dir='ltr'>ordinatur</span> <span class='ocrx_word' id='word_1_512' title='bbox 899 4145 1234 4216; x_wconf 90' lang='lat' dir='ltr'>episcopus,</span> <span class='ocrx_word' id='word_1_513' title='bbox 1267 4148 1323 4199; x_wconf 91' lang='lat' dir='ltr'>et</span> <span class='ocrx_word' id='word_1_514' title='bbox 1369 4142 1649 4215; x_wconf 90' lang='lat' dir='ltr'>quoniam</span> <span class='ocrx_word' id='word_1_515' title='bbox 1681 4142 1835 4198; x_wconf 88' lang='lat' dir='ltr'>cives</span> <span class='ocrx_word' id='word_1_516' title='bbox 1866 4158 2001 4198; x_wconf 90' lang='lat' dir='ltr'>eum</span> 
     </span>
    </p>
   </div>
   <div class='ocr_carea' id='block_1_76' title="bbox 352 4230 2003 4305">
    <p class='ocr_par' dir='ltr' id='par_1_76' title="bbox 352 4230 2003 4305">
     <span class='ocr_line' id='line_1_76' title="bbox 352 4230 2003 4305; baseline -0.002 -17"><span class='ocrx_word' id='word_1_517' title='bbox 352 4233 649 4305; x_wconf 89' lang='lat' dir='ltr'>suscipere</span> <span class='ocrx_word' id='word_1_518' title='bbox 693 4234 1028 4302; x_wconf 89' lang='lat' dir='ltr'>noluerunt,</span> <span class='ocrx_word' id='word_1_519' title='bbox 1084 4233 1357 4288; x_wconf 72' lang='lat' dir='ltr'>Romana:</span> <span class='ocrx_word' id='word_1_520' title='bbox 1400 4231 1650 4286; x_wconf 86' lang='lat' dir='ltr'>civitatis</span> <span class='ocrx_word' id='word_1_521' title='bbox 1692 4230 2003 4303; x_wconf 88' lang='lat' dir='ltr'>episcopus</span> 
     </span>
    </p>
   </div>
   <div class='ocr_carea' id='block_1_77' title="bbox 344 4319 2007 4394">
    <p class='ocr_par' dir='ltr' id='par_1_77' title="bbox 344 4319 2007 4394">
     <span class='ocr_line' id='line_1_77' title="bbox 344 4319 2007 4394; baseline -0.001 -17"><span class='ocrx_word' id='word_1_522' title='bbox 344 4321 676 4394; x_wconf 88' lang='lat' dir='ltr'>jussiteum</span> <span class='ocrx_word' id='word_1_523' title='bbox 700 4322 1081 4378; x_wconf 88' lang='lat' dir='ltr'>inthronizari</span> <span class='ocrx_word' id='word_1_524' title='bbox 1106 4321 1165 4376; x_wconf 90' lang='lat' dir='ltr'>in</span> <span class='ocrx_word' id='word_1_525' title='bbox 1181 4319 2007 4392; x_wconf 85' lang='lat' dir='ltr'>Corinthometropoli,defun-</span> 
     </span>
    </p>
   </div>
   <div class='ocr_carea' id='block_1_78' title="bbox 351 4407 2004 4484">
    <p class='ocr_par' dir='ltr' id='par_1_78' title="bbox 351 4407 2004 4484">
     <span class='ocr_line' id='line_1_78' title="bbox 351 4407 2004 4484; baseline -0.003 -15"><span class='ocrx_word' id='word_1_526' title='bbox 351 4414 443 4469; x_wconf 86' lang='lat' dir='ltr'>cto</span> <span class='ocrx_word' id='word_1_527' title='bbox 474 4411 602 4481; x_wconf 87' lang='lat' dir='ltr'>ejus</span> <span class='ocrx_word' id='word_1_528' title='bbox 648 4412 939 4484; x_wconf 90' lang='lat' dir='ltr'>episcopo,</span> <span class='ocrx_word' id='word_1_529' title='bbox 991 4410 1180 4482; x_wconf 89' lang='lat' dir='ltr'>eique,</span> <span class='ocrx_word' id='word_1_530' title='bbox 1224 4410 1408 4465; x_wconf 91' lang='lat' dir='ltr'>donec</span> <span class='ocrx_word' id='word_1_531' title='bbox 1458 4408 1694 4479; x_wconf 82' lang='lat' dir='ltr'>advixit,</span> <span class='ocrx_word' id='word_1_532' title='bbox 1732 4407 2004 4465; x_wconf 71' lang='lat' dir='ltr'>Ecclesiae</span> 
     </span>
    </p>
   </div>
   <div class='ocr_carea' id='block_1_79' title="bbox 2112 3251 3752 3324">
    <p class='ocr_par' dir='ltr' id='par_1_79' title="bbox 2112 3251 3752 3324">
     <span class='ocr_line' id='line_1_79' title="bbox 2112 3251 3752 3324; baseline -0.002 -13"><span class='ocrx_word' id='word_1_533' title='bbox 2112 3258 2171 3311; x_wconf 89' lang='lat' dir='ltr'>in</span> <span class='ocrx_word' id='word_1_534' title='bbox 2205 3256 2406 3312; x_wconf 89' lang='lat' dir='ltr'>eodem</span> <span class='ocrx_word' id='word_1_535' title='bbox 2437 3254 2643 3310; x_wconf 88' lang='lat' dir='ltr'>ordine</span> <span class='ocrx_word' id='word_1_536' title='bbox 2671 3253 3000 3310; x_wconf 89' lang='lat' dir='ltr'>consecrari</span> <span class='ocrx_word' id='word_1_537' title='bbox 3031 3252 3240 3324; x_wconf 83' lang='lat' dir='ltr'>posse?</span> <span class='ocrx_word' id='word_1_538' title='bbox 3268 3251 3442 3308; x_wconf 84' lang='lat' dir='ltr'>Absit</span> <span class='ocrx_word' id='word_1_539' title='bbox 3465 3252 3636 3308; x_wconf 88' lang='lat' dir='ltr'>nobis</span> <span class='ocrx_word' id='word_1_540' title='bbox 3667 3252 3752 3308; x_wconf 87' lang='lat' dir='ltr'>sic</span> 
     </span>
    </p>
   </div>
   <div class='ocr_carea' id='block_1_80' title="bbox 2111 3338 3751 3415">
    <p class='ocr_par' dir='ltr' id='par_1_80' title="bbox 2111 3338 3751 3415">
     <span class='ocr_line' id='line_1_80' title="bbox 2111 3338 3751 3415; baseline -0.003 -16"><span class='ocrx_word' id='word_1_541' title='bbox 2111 3341 2339 3415; x_wconf 81' lang='lat' dir='ltr'>sapere!</span> <span class='ocrx_word' id='word_1_542' title='bbox 2376 3341 2531 3396; x_wconf 86' lang='lat' dir='ltr'>Inter</span> <span class='ocrx_word' id='word_1_543' title='bbox 2550 3339 2665 3395; x_wconf 84' lang='lat' dir='ltr'>alia</span> <span class='ocrx_word' id='word_1_544' title='bbox 2693 3339 2964 3411; x_wconf 90' lang='lat' dir='ltr'>equidem</span> <span class='ocrx_word' id='word_1_545' title='bbox 2985 3356 3113 3410; x_wconf 69' lang='lat' dir='ltr'>quae</span> <span class='ocrx_word' id='word_1_546' title='bbox 3145 3356 3323 3410; x_wconf 90' lang='lat' dir='ltr'>super</span> <span class='ocrx_word' id='word_1_547' title='bbox 3346 3338 3455 3394; x_wconf 89' lang='lat' dir='ltr'>hoc</span> <span class='ocrx_word' id='word_1_548' title='bbox 3476 3355 3511 3394; x_wconf 92' lang='lat' dir='ltr'>a</span> <span class='ocrx_word' id='word_1_549' title='bbox 3530 3339 3751 3394; x_wconf 87' lang='lat' dir='ltr'>sanctis</span> 
     </span>
    </p>
   </div>
   <div class='ocr_carea' id='block_1_81' title="bbox 2111 3426 3753 3501">
    <p class='ocr_par' dir='ltr' id='par_1_81' title="bbox 2111 3426 3753 3501">
     <span class='ocr_line' id='line_1_81' title="bbox 2111 3426 3753 3501; baseline -0.002 -15"><span class='ocrx_word' id='word_1_550' title='bbox 2111 3432 2378 3487; x_wconf 89' lang='lat' dir='ltr'>Patribus</span> <span class='ocrx_word' id='word_1_551' title='bbox 2407 3428 2761 3501; x_wconf 90' lang='lat' dir='ltr'>accepimus,</span> <span class='ocrx_word' id='word_1_552' title='bbox 2789 3428 2965 3484; x_wconf 90' lang='lat' dir='ltr'>etiam</span> <span class='ocrx_word' id='word_1_553' title='bbox 2998 3427 3150 3483; x_wconf 89' lang='lat' dir='ltr'>beati</span> <span class='ocrx_word' id='word_1_554' title='bbox 3181 3444 3342 3499; x_wconf 67' lang='lat' dir='ltr'>papee</span> <span class='ocrx_word' id='word_1_555' title='bbox 3372 3426 3632 3499; x_wconf 85' lang='lat' dir='ltr'>Gregorii</span> <span class='ocrx_word' id='word_1_556' title='bbox 3663 3444 3753 3483; x_wconf 86' lang='lat' dir='ltr'>ca-</span> 
     </span>
    </p>
   </div>
   <div class='ocr_carea' id='block_1_82' title="bbox 2111 3516 3754 3592">
    <p class='ocr_par' dir='ltr' id='par_1_82' title="bbox 2111 3516 3754 3592">
     <span class='ocr_line' id='line_1_82' title="bbox 2111 3516 3754 3592; baseline -0.002 -17"><span class='ocrx_word' id='word_1_557' title='bbox 2111 3518 2365 3592; x_wconf 90' lang='lat' dir='ltr'>pitulum</span> <span class='ocrx_word' id='word_1_558' title='bbox 2390 3518 2754 3591; x_wconf 91' lang='lat' dir='ltr'>propositum</span> <span class='ocrx_word' id='word_1_559' title='bbox 2771 3516 3343 3573; x_wconf 86' lang='lat' dir='ltr'>debitaveneratione</span> <span class='ocrx_word' id='word_1_560' title='bbox 3363 3516 3754 3588; x_wconf 88' lang='lat' dir='ltr'>suscepimus.</span> 
     </span>
    </p>
   </div>
   <div class='ocr_carea' id='block_1_83' title="bbox 2112 3604 3759 3678">
    <p class='ocr_par' dir='ltr' id='par_1_83' title="bbox 2112 3604 3759 3678">
     <span class='ocr_line' id='line_1_83' title="bbox 2112 3604 3759 3678; baseline -0.001 -15"><span class='ocrx_word' id='word_1_561' title='bbox 2112 3609 2273 3664; x_wconf 87' lang='lat' dir='ltr'>Sicut</span> <span class='ocrx_word' id='word_1_562' title='bbox 2290 3608 2447 3662; x_wconf 90' lang='lat' dir='ltr'>enim</span> <span class='ocrx_word' id='word_1_563' title='bbox 2476 3608 2600 3678; x_wconf 88' lang='lat' dir='ltr'>ipse</span> <span class='ocrx_word' id='word_1_564' title='bbox 2622 3606 2840 3662; x_wconf 91' lang='lat' dir='ltr'>ibidem</span> <span class='ocrx_word' id='word_1_565' title='bbox 2858 3604 3338 3675; x_wconf 87' lang='lat' dir='ltr'>testatur,merito</span> <span class='ocrx_word' id='word_1_566' title='bbox 3353 3604 3656 3674; x_wconf 87' lang='lat' dir='ltr'>judicatus</span> <span class='ocrx_word' id='word_1_567' title='bbox 3670 3609 3759 3661; x_wconf 81' lang='lat' dir='ltr'>est</span> 
     </span>
    </p>
   </div>
   <div class='ocr_carea' id='block_1_84' title="bbox 2113 3692 3760 3769">
    <p class='ocr_par' dir='ltr' id='par_1_84' title="bbox 2113 3692 3760 3769">
     <span class='ocr_line' id='line_1_84' title="bbox 2113 3692 3760 3769; baseline -0.001 -17"><span class='ocrx_word' id='word_1_568' title='bbox 2113 3697 2211 3769; x_wconf 93' lang='lat' dir='ltr'>qui</span> <span class='ocrx_word' id='word_1_569' title='bbox 2238 3696 2354 3752; x_wconf 91' lang='lat' dir='ltr'>tale</span> <span class='ocrx_word' id='word_1_570' title='bbox 2384 3696 2604 3768; x_wconf 89' lang='lat' dir='ltr'>aliquid</span> <span class='ocrx_word' id='word_1_571' title='bbox 2631 3696 2814 3761; x_wconf 72' lang='lat' dir='ltr'>facere</span> <span class='ocrx_word' id='word_1_572' title='bbox 2837 3695 2949 3749; x_wconf 86' lang='lat' dir='ltr'>fuit</span> <span class='ocrx_word' id='word_1_573' title='bbox 2972 3692 3451 3763; x_wconf 88' lang='lat' dir='ltr'>ausus,vi_delicet</span> <span class='ocrx_word' id='word_1_574' title='bbox 3471 3694 3609 3766; x_wconf 90' lang='lat' dir='ltr'>quia</span> <span class='ocrx_word' id='word_1_575' title='bbox 3627 3695 3760 3751; x_wconf 91' lang='lat' dir='ltr'>Pro-</span> 
     </span>
    </p>
   </div>
   <div class='ocr_carea' id='block_1_85' title="bbox 2113 3781 3761 3857">
    <p class='ocr_par' dir='ltr' id='par_1_85' title="bbox 2113 3781 3761 3857">
     <span class='ocr_line' id='line_1_85' title="bbox 2113 3781 3761 3857; baseline -0.001 -17"><span class='ocrx_word' id='word_1_576' title='bbox 2113 3786 2256 3840; x_wconf 92' lang='lat' dir='ltr'>bum</span> <span class='ocrx_word' id='word_1_577' title='bbox 2291 3785 2454 3857; x_wconf 89' lang='lat' dir='ltr'>prius</span> <span class='ocrx_word' id='word_1_578' title='bbox 2485 3783 2718 3856; x_wconf 89' lang='lat' dir='ltr'>lapsum</span> <span class='ocrx_word' id='word_1_579' title='bbox 2750 3784 2822 3839; x_wconf 92' lang='lat' dir='ltr'>ab</span> <span class='ocrx_word' id='word_1_580' title='bbox 2852 3782 3043 3839; x_wconf 82' lang='lat' dir='ltr'>officio</span> <span class='ocrx_word' id='word_1_581' title='bbox 3074 3781 3345 3855; x_wconf 88' lang='lat' dir='ltr'>deposuit</span> <span class='ocrx_word' id='word_1_582' title='bbox 3386 3785 3445 3838; x_wconf 89' lang='lat' dir='ltr'>et</span> <span class='ocrx_word' id='word_1_583' title='bbox 3473 3784 3761 3855; x_wconf 65' lang='lat' dir='ltr'>poeniten-</span> 
     </span>
    </p>
   </div>
   <div class='ocr_carea' id='block_1_86' title="bbox 2111 3870 3763 3945">
    <p class='ocr_par' dir='ltr' id='par_1_86' title="bbox 2111 3870 3763 3945">
     <span class='ocr_line' id='line_1_86' title="bbox 2111 3870 3763 3945; baseline 0 -17"><span class='ocrx_word' id='word_1_584' title='bbox 2111 3873 2204 3929; x_wconf 68' lang='lat' dir='ltr'>tia:</span> <span class='ocrx_word' id='word_1_585' title='bbox 2241 3873 2587 3945; x_wconf 90' lang='lat' dir='ltr'>supposuit;</span> <span class='ocrx_word' id='word_1_586' title='bbox 2644 3889 2760 3945; x_wconf 88' lang='lat' dir='ltr'>qua</span> <span class='ocrx_word' id='word_1_587' title='bbox 2805 3871 3053 3943; x_wconf 87' lang='lat' dir='ltr'>expleta,</span> <span class='ocrx_word' id='word_1_588' title='bbox 3106 3870 3379 3927; x_wconf 88' lang='lat' dir='ltr'>eumdem</span> <span class='ocrx_word' id='word_1_589' title='bbox 3437 3889 3644 3928; x_wconf 90' lang='lat' dir='ltr'>rursus</span> <span class='ocrx_word' id='word_1_590' title='bbox 3701 3873 3763 3929; x_wconf 90' lang='lat' dir='ltr'>in</span> 
     </span>
    </p>
   </div>
   <div class='ocr_carea' id='block_1_87' title="bbox 2116 3960 3763 4033">
    <p class='ocr_par' dir='ltr' id='par_1_87' title="bbox 2116 3960 3763 4033">
     <span class='ocr_line' id='line_1_87' title="bbox 2116 3960 3763 4033; baseline -0.001 -15"><span class='ocrx_word' id='word_1_591' title='bbox 2116 3963 2319 4018; x_wconf 87' lang='lat' dir='ltr'>eodem</span> <span class='ocrx_word' id='word_1_592' title='bbox 2352 3962 2576 4025; x_wconf 89' lang='lat' dir='ltr'>ordine,</span> <span class='ocrx_word' id='word_1_593' title='bbox 2622 3962 2791 4033; x_wconf 90' lang='lat' dir='ltr'>quasi</span> <span class='ocrx_word' id='word_1_594' title='bbox 2850 3961 3151 4033; x_wconf 84' lang='lat' dir='ltr'>presbyter</span> <span class='ocrx_word' id='word_1_595' title='bbox 3195 3976 3501 4032; x_wconf 88' lang='lat' dir='ltr'>nunquam</span> <span class='ocrx_word' id='word_1_596' title='bbox 3535 3960 3763 4032; x_wconf 83' lang='lat' dir='ltr'>fuisset,</span> 
     </span>
    </p>
   </div>
   <div class='ocr_carea' id='block_1_88' title="bbox 2117 4048 3766 4122">
    <p class='ocr_par' dir='ltr' id='par_1_88' title="bbox 2117 4048 3766 4122">
     <span class='ocr_line' id='line_1_88' title="bbox 2117 4048 3766 4122; baseline 0.001 -17"><span class='ocrx_word' id='word_1_597' title='bbox 2117 4049 2492 4106; x_wconf 85' lang='lat' dir='ltr'>consecravit.</span> <span class='ocrx_word' id='word_1_598' title='bbox 2536 4050 2696 4113; x_wconf 90' lang='lat' dir='ltr'>Quod</span> <span class='ocrx_word' id='word_1_599' title='bbox 2746 4050 2950 4122; x_wconf 89' lang='lat' dir='ltr'>utique</span> <span class='ocrx_word' id='word_1_600' title='bbox 2999 4048 3159 4105; x_wconf 90' lang='lat' dir='ltr'>nullo</span> <span class='ocrx_word' id='word_1_601' title='bbox 3204 4049 3377 4105; x_wconf 90' lang='lat' dir='ltr'>modo</span> <span class='ocrx_word' id='word_1_602' title='bbox 3404 4049 3515 4105; x_wconf 87' lang='lat' dir='ltr'>fuit</span> <span class='ocrx_word' id='word_1_603' title='bbox 3543 4054 3646 4105; x_wconf 90' lang='lat' dir='ltr'>aut</span> <span class='ocrx_word' id='word_1_604' title='bbox 3674 4054 3766 4107; x_wconf 84' lang='lat' dir='ltr'>est</span> 
     </span>
    </p>
   </div>
   <div class='ocr_carea' id='block_1_89' title="bbox 2114 4137 3763 4212">
    <p class='ocr_par' dir='ltr' id='par_1_89' title="bbox 2114 4137 3763 4212">
     <span class='ocr_line' id='line_1_89' title="bbox 2114 4137 3763 4212; baseline 0.001 -19"><span class='ocrx_word' id='word_1_605' title='bbox 2114 4139 2428 4212; x_wconf 89' lang='lat' dir='ltr'>agendum,</span> <span class='ocrx_word' id='word_1_606' title='bbox 2458 4138 2559 4194; x_wconf 90' lang='lat' dir='ltr'>sed</span> <span class='ocrx_word' id='word_1_607' title='bbox 2589 4139 2639 4194; x_wconf 90' lang='lat' dir='ltr'>si</span> <span class='ocrx_word' id='word_1_608' title='bbox 2686 4138 2987 4210; x_wconf 89' lang='lat' dir='ltr'>depositus</span> <span class='ocrx_word' id='word_1_609' title='bbox 3029 4137 3280 4210; x_wconf 88' lang='lat' dir='ltr'>quisque</span> <span class='ocrx_word' id='word_1_610' title='bbox 3310 4138 3530 4209; x_wconf 88' lang='lat' dir='ltr'>injuste</span> <span class='ocrx_word' id='word_1_611' title='bbox 3560 4144 3763 4210; x_wconf 87' lang='lat' dir='ltr'>postea</span> 
     </span>
    </p>
   </div>
   <div class='ocr_carea' id='block_1_90' title="bbox 2112 4226 3764 4299">
    <p class='ocr_par' dir='ltr' id='par_1_90' title="bbox 2112 4226 3764 4299">
     <span class='ocr_line' id='line_1_90' title="bbox 2112 4226 3764 4299; baseline 0.001 -16"><span class='ocrx_word' id='word_1_612' title='bbox 2112 4227 2393 4284; x_wconf 89' lang='lat' dir='ltr'>innocens</span> <span class='ocrx_word' id='word_1_613' title='bbox 2416 4226 2755 4299; x_wconf 90' lang='lat' dir='ltr'>reperiatur,</span> <span class='ocrx_word' id='word_1_614' title='bbox 2781 4228 2934 4284; x_wconf 90' lang='lat' dir='ltr'>sicut</span> <span class='ocrx_word' id='word_1_615' title='bbox 2954 4226 3264 4283; x_wconf 86' lang='lat' dir='ltr'>concilium</span> <span class='ocrx_word' id='word_1_616' title='bbox 3288 4226 3633 4284; x_wconf 90' lang='lat' dir='ltr'>Toletanum</span> <span class='ocrx_word' id='word_1_617' title='bbox 3649 4234 3764 4284; x_wconf 88' lang='lat' dir='ltr'>sta-</span> 
     </span>
    </p>
   </div>
   <div class='ocr_carea' id='block_1_91' title="bbox 2112 4314 3765 4389">
    <p class='ocr_par' dir='ltr' id='par_1_91' title="bbox 2112 4314 3765 4389">
     <span class='ocr_line' id='line_1_91' title="bbox 2112 4314 3765 4389; baseline 0 -16"><span class='ocrx_word' id='word_1_618' title='bbox 2112 4318 2250 4383; x_wconf 91' lang='lat' dir='ltr'>tuit,</span> <span class='ocrx_word' id='word_1_619' title='bbox 2272 4317 2543 4389; x_wconf 89' lang='lat' dir='ltr'>episcopo</span> <span class='ocrx_word' id='word_1_620' title='bbox 2574 4316 2742 4389; x_wconf 88' lang='lat' dir='ltr'>virga</span> <span class='ocrx_word' id='word_1_621' title='bbox 2773 4320 2829 4372; x_wconf 90' lang='lat' dir='ltr'>et</span> <span class='ocrx_word' id='word_1_622' title='bbox 2860 4316 3135 4384; x_wconf 88' lang='lat' dir='ltr'>annulus,</span> <span class='ocrx_word' id='word_1_623' title='bbox 3160 4316 3496 4388; x_wconf 83' lang='lat' dir='ltr'>presbytero</span> <span class='ocrx_word' id='word_1_624' title='bbox 3529 4314 3765 4389; x_wconf 86' lang='lat' dir='ltr'>planeta</span> 
     </span>
    </p>
   </div>
   <div class='ocr_carea' id='block_1_92' title="bbox 2112 4404 3763 4477">
    <p class='ocr_par' dir='ltr' id='par_1_92' title="bbox 2112 4404 3763 4477">
     <span class='ocr_line' id='line_1_92' title="bbox 2112 4404 3763 4477; baseline -0.001 -16"><span class='ocrx_word' id='word_1_625' title='bbox 2112 4410 2170 4461; x_wconf 90' lang='lat' dir='ltr'>et</span> <span class='ocrx_word' id='word_1_626' title='bbox 2199 4405 2455 4461; x_wconf 88' lang='lat' dir='ltr'>orarium</span> <span class='ocrx_word' id='word_1_627' title='bbox 2487 4404 2719 4472; x_wconf 89' lang='lat' dir='ltr'>dantur,</span> <span class='ocrx_word' id='word_1_628' title='bbox 2754 4409 2811 4461; x_wconf 92' lang='lat' dir='ltr'>et</span> <span class='ocrx_word' id='word_1_629' title='bbox 2841 4405 2942 4472; x_wconf 90' lang='lat' dir='ltr'>sic,</span> <span class='ocrx_word' id='word_1_630' title='bbox 2970 4420 3073 4477; x_wconf 90' lang='lat' dir='ltr'>per</span> <span class='ocrx_word' id='word_1_631' title='bbox 3102 4407 3338 4461; x_wconf 66' lang='lat' dir='ltr'>caeteros</span> <span class='ocrx_word' id='word_1_632' title='bbox 3359 4404 3613 4474; x_wconf 88' lang='lat' dir='ltr'>ordines,</span> <span class='ocrx_word' id='word_1_633' title='bbox 3631 4406 3763 4461; x_wconf 89' lang='lat' dir='ltr'>uni-</span> 
     </span>
    </p>
   </div>
   <div class='ocr_carea' id='block_1_93' title="bbox 351 4492 3764 4579">
    <p class='ocr_par' dir='ltr' id='par_1_93' title="bbox 351 4492 3764 4579">
     <span class='ocr_line' id='line_1_93' title="bbox 351 4492 3764 4579; baseline -0.001 -24"><span class='ocrx_word' id='word_1_634' title='bbox 351 4499 602 4572; x_wconf 68' lang='lat' dir='ltr'>praafuit.</span> <span class='ocrx_word' id='word_1_635' title='bbox 627 4500 779 4556; x_wconf 90' lang='lat' dir='ltr'>Sisin</span> <span class='ocrx_word' id='word_1_636' title='bbox 791 4501 922 4556; x_wconf 89' lang='lat' dir='ltr'>nius</span> <span class='ocrx_word' id='word_1_637' title='bbox 944 4516 1177 4571; x_wconf 92' lang='lat' dir='ltr'>quoque</span> <span class='ocrx_word' id='word_1_638' title='bbox 1198 4497 1883 4570; x_wconf 88' lang='lat' dir='ltr'>Constantinopolitanus</span> <span class='ocrx_word' id='word_1_639' title='bbox 1905 4515 2003 4554; x_wconf 90' lang='lat' dir='ltr'>an-</span> <span class='ocrx_word' id='word_1_640' title='bbox 2033 4516 2083 4579; x_wconf 77' lang='grc' dir='ltr'>ι)</span> <span class='ocrx_word' id='word_1_641' title='bbox 2112 4494 2324 4566; x_wconf 91' lang='lat' dir='ltr'>cuique</span> <span class='ocrx_word' id='word_1_642' title='bbox 2338 4494 2493 4566; x_wconf 91' lang='lat' dir='ltr'>quod</span> <span class='ocrx_word' id='word_1_643' title='bbox 2507 4492 2768 4549; x_wconf 89' lang='lat' dir='ltr'>ablatum</span> <span class='ocrx_word' id='word_1_644' title='bbox 2791 4494 3764 4566; x_wconf 87' lang='lat' dir='ltr'>fuit,cumdeponeretur.lnventus</span> 
     </span>
    </p>
   </div>
   <div class='ocr_carea' id='block_1_94' title="bbox 348 4586 1999 4658">
    <p class='ocr_par' dir='ltr' id='par_1_94' title="bbox 348 4586 1999 4658">
     <span class='ocr_line' id='line_1_94' title="bbox 348 4586 1999 4658; baseline -0.002 -13"><span class='ocrx_word' id='word_1_645' title='bbox 348 4589 518 4645; x_wconf 88' lang='lat' dir='ltr'>tistes</span> <span class='ocrx_word' id='word_1_646' title='bbox 550 4588 815 4645; x_wconf 91' lang='lat' dir='ltr'>Proclum</span> <span class='ocrx_word' id='word_1_647' title='bbox 845 4589 905 4644; x_wconf 89' lang='lat' dir='ltr'>in</span> <span class='ocrx_word' id='word_1_648' title='bbox 933 4587 1131 4643; x_wconf 89' lang='lat' dir='ltr'>Cituco</span> <span class='ocrx_word' id='word_1_649' title='bbox 1158 4586 1538 4654; x_wconf 90' lang='lat' dir='ltr'>consecravit,</span> <span class='ocrx_word' id='word_1_650' title='bbox 1564 4588 1662 4657; x_wconf 91' lang='lat' dir='ltr'>qui</span> <span class='ocrx_word' id='word_1_651' title='bbox 1685 4591 1999 4658; x_wconf 89' lang='lat' dir='ltr'>antequam</span> 
     </span>
    </p>
   </div>
   <div class='ocr_carea' id='block_1_95' title="bbox 350 4675 1995 4751">
    <p class='ocr_par' dir='ltr' id='par_1_95' title="bbox 350 4675 1995 4751">
     <span class='ocr_line' id='line_1_95' title="bbox 350 4675 1995 4751; baseline -0.001 -18"><span class='ocrx_word' id='word_1_652' title='bbox 350 4677 816 4751; x_wconf 80' lang='lat' dir='ltr'>proﬁcisceretur</span> <span class='ocrx_word' id='word_1_653' title='bbox 855 4676 1130 4744; x_wconf 89' lang='lat' dir='ltr'>Cizicum,</span> <span class='ocrx_word' id='word_1_654' title='bbox 1174 4677 1327 4731; x_wconf 89' lang='lat' dir='ltr'>cives</span> <span class='ocrx_word' id='word_1_655' title='bbox 1354 4676 1732 4748; x_wconf 89' lang='lat' dir='ltr'>procedentes</span> <span class='ocrx_word' id='word_1_656' title='bbox 1764 4675 1995 4731; x_wconf 84' lang='lat' dir='ltr'>Dalma-</span> 
     </span>
    </p>
   </div>
   <div class='ocr_carea' id='block_1_96' title="bbox 349 4763 1995 4836">
    <p class='ocr_par' dir='ltr' id='par_1_96' title="bbox 349 4763 1995 4836">
     <span class='ocr_line' id='line_1_96' title="bbox 349 4763 1995 4836; baseline -0.002 -13"><span class='ocrx_word' id='word_1_657' title='bbox 349 4767 499 4823; x_wconf 92' lang='lat' dir='ltr'>tium</span> <span class='ocrx_word' id='word_1_658' title='bbox 571 4767 927 4823; x_wconf 89' lang='lat' dir='ltr'>monachum</span> <span class='ocrx_word' id='word_1_659' title='bbox 974 4764 1312 4836; x_wconf 82' lang='lat' dir='ltr'>episcopum</span> <span class='ocrx_word' id='word_1_660' title='bbox 1356 4763 1591 4819; x_wconf 88' lang='lat' dir='ltr'>sibimet</span> <span class='ocrx_word' id='word_1_661' title='bbox 1630 4764 1995 4821; x_wconf 87' lang='lat' dir='ltr'>ordinarunt.</span> 
     </span>
    </p>
   </div>
   <div class='ocr_carea' id='block_1_97' title="bbox 351 4850 2006 4927">
    <p class='ocr_par' dir='ltr' id='par_1_97' title="bbox 351 4850 2006 4927">
     <span class='ocr_line' id='line_1_97' title="bbox 351 4850 2006 4927; baseline -0.002 -16"><span class='ocrx_word' id='word_1_662' title='bbox 351 4855 569 4911; x_wconf 89' lang='lat' dir='ltr'>Mansit</span> <span class='ocrx_word' id='word_1_663' title='bbox 586 4872 722 4927; x_wconf 85' lang='lat' dir='ltr'>ergo</span> <span class='ocrx_word' id='word_1_664' title='bbox 746 4852 987 4909; x_wconf 86' lang='lat' dir='ltr'>Proclus</span> <span class='ocrx_word' id='word_1_665' title='bbox 1008 4869 1120 4907; x_wconf 91' lang='lat' dir='ltr'>non</span> <span class='ocrx_word' id='word_1_666' title='bbox 1136 4851 1359 4907; x_wconf 89' lang='lat' dir='ltr'>habens</span> <span class='ocrx_word' id='word_1_667' title='bbox 1379 4850 1693 4908; x_wconf 89' lang='lat' dir='ltr'>Ecclesiam</span> <span class='ocrx_word' id='word_1_668' title='bbox 1714 4853 2006 4925; x_wconf 89' lang='lat' dir='ltr'>propriam</span> 
     </span>
    </p>
   </div>
   <div class='ocr_carea' id='block_1_98' title="bbox 351 4939 2008 5016">
    <p class='ocr_par' dir='ltr' id='par_1_98' title="bbox 351 4939 2008 5016">
     <span class='ocr_line' id='line_1_98' title="bbox 351 4939 2008 5016; baseline -0.001 -17"><span class='ocrx_word' id='word_1_669' title='bbox 351 4943 449 5016; x_wconf 85' lang='lat' dir='ltr'>qui</span> <span class='ocrx_word' id='word_1_670' title='bbox 468 4948 663 4999; x_wconf 88' lang='lat' dir='ltr'>tamen</span> <span class='ocrx_word' id='word_1_671' title='bbox 688 4943 747 4997; x_wconf 90' lang='lat' dir='ltr'>in</span> <span class='ocrx_word' id='word_1_672' title='bbox 769 4940 1035 4997; x_wconf 87' lang='lat' dir='ltr'>doctrina</span> <span class='ocrx_word' id='word_1_673' title='bbox 1051 4939 1410 4995; x_wconf 87' lang='lat' dir='ltr'>Eeclsiarum</span> <span class='ocrx_word' id='word_1_674' title='bbox 1423 4939 2008 5011; x_wconf 87' lang='lat' dir='ltr'>Constantinopoleos</span> 
     </span>
    </p>
   </div>
   <div class='ocr_carea' id='block_1_99' title="bbox 347 5028 2005 5102">
    <p class='ocr_par' dir='ltr' id='par_1_99' title="bbox 347 5028 2005 5102">
     <span class='ocr_line' id='line_1_99' title="bbox 347 5028 2005 5102; baseline -0.002 -14"><span class='ocrx_word' id='word_1_675' title='bbox 347 5032 512 5088; x_wconf 90' lang='lat' dir='ltr'>valde</span> <span class='ocrx_word' id='word_1_676' title='bbox 531 5031 793 5098; x_wconf 84' lang='lat' dir='ltr'>florebat;</span> <span class='ocrx_word' id='word_1_677' title='bbox 815 5033 1016 5102; x_wconf 90' lang='lat' dir='ltr'>postea</span> <span class='ocrx_word' id='word_1_678' title='bbox 1034 5029 1093 5082; x_wconf 88' lang='lat' dir='ltr'>in</span> <span class='ocrx_word' id='word_1_679' title='bbox 1108 5028 1752 5099; x_wconf 83' lang='lat' dir='ltr'>Constantinopolitana</span> <span class='ocrx_word' id='word_1_680' title='bbox 1768 5030 1903 5086; x_wconf 90' lang='lat' dir='ltr'>sede</span> <span class='ocrx_word' id='word_1_681' title='bbox 1917 5030 2005 5085; x_wconf 84' lang='lat' dir='ltr'>iu-</span> 
     </span>
    </p>
   </div>
   <div class='ocr_carea' id='block_1_100' title="bbox 348 5117 2005 5191">
    <p class='ocr_par' dir='ltr' id='par_1_100' title="bbox 348 5117 2005 5191">
     <span class='ocr_line' id='line_1_100' title="bbox 348 5117 2005 5191; baseline -0.001 -14"><span class='ocrx_word' id='word_1_682' title='bbox 348 5120 737 5177; x_wconf 86' lang='lat' dir='ltr'>thronizatus.</span> <span class='ocrx_word' id='word_1_683' title='bbox 763 5122 1166 5191; x_wconf 85' lang='lat' dir='ltr'>Apparetergo</span> <span class='ocrx_word' id='word_1_684' title='bbox 1181 5121 1454 5172; x_wconf 89' lang='lat' dir='ltr'>neutrum</span> <span class='ocrx_word' id='word_1_685' title='bbox 1470 5134 1504 5171; x_wconf 89' lang='lat' dir='ltr'>a</span> <span class='ocrx_word' id='word_1_686' title='bbox 1517 5117 1667 5173; x_wconf 91' lang='lat' dir='ltr'>clero</span> <span class='ocrx_word' id='word_1_687' title='bbox 1686 5117 1773 5173; x_wconf 87' lang='lat' dir='ltr'>vel</span> <span class='ocrx_word' id='word_1_688' title='bbox 1792 5119 2005 5190; x_wconf 89' lang='lat' dir='ltr'>populo</span> 
     </span>
    </p>
   </div>
   <div class='ocr_carea' id='block_1_101' title="bbox 350 5205 2007 5278">
    <p class='ocr_par' dir='ltr' id='par_1_101' title="bbox 350 5205 2007 5278">
     <span class='ocr_line' id='line_1_101' title="bbox 350 5205 2007 5278; baseline -0.002 -13"><span class='ocrx_word' id='word_1_689' title='bbox 350 5210 534 5265; x_wconf 88' lang='lat' dir='ltr'>fuisse</span> <span class='ocrx_word' id='word_1_690' title='bbox 547 5206 728 5263; x_wconf 89' lang='lat' dir='ltr'>electu</span> <span class='ocrx_word' id='word_1_691' title='bbox 740 5224 972 5278; x_wconf 88' lang='lat' dir='ltr'>m,quos</span> <span class='ocrx_word' id='word_1_692' title='bbox 988 5222 1106 5261; x_wconf 91' lang='lat' dir='ltr'>non</span> <span class='ocrx_word' id='word_1_693' title='bbox 1120 5209 1381 5278; x_wconf 88' lang='lat' dir='ltr'>receptos</span> <span class='ocrx_word' id='word_1_694' title='bbox 1395 5208 1482 5260; x_wconf 91' lang='lat' dir='ltr'>est</span> <span class='ocrx_word' id='word_1_695' title='bbox 1498 5205 2007 5262; x_wconf 88' lang='lat' dir='ltr'>manifestum.Su-</span> 
     </span>
    </p>
   </div>
   <div class='ocr_carea' id='block_1_102' title="bbox 351 5293 2003 5370">
    <p class='ocr_par' dir='ltr' id='par_1_102' title="bbox 351 5293 2003 5370">
     <span class='ocr_line' id='line_1_102' title="bbox 351 5293 2003 5370; baseline -0.001 -17"><span class='ocrx_word' id='word_1_696' title='bbox 351 5297 551 5370; x_wconf 89' lang='lat' dir='ltr'>perius</span> <span class='ocrx_word' id='word_1_697' title='bbox 572 5295 745 5351; x_wconf 88' lang='lat' dir='ltr'>etiam</span> <span class='ocrx_word' id='word_1_698' title='bbox 782 5296 983 5351; x_wconf 88' lang='lat' dir='ltr'>eadem</span> <span class='ocrx_word' id='word_1_699' title='bbox 1012 5294 1265 5349; x_wconf 90' lang='lat' dir='ltr'>Historia</span> <span class='ocrx_word' id='word_1_700' title='bbox 1283 5293 1639 5349; x_wconf 90' lang='lat' dir='ltr'>mentionem</span> <span class='ocrx_word' id='word_1_701' title='bbox 1664 5294 1883 5350; x_wconf 86' lang='lat' dir='ltr'>faciens</span> <span class='ocrx_word' id='word_1_702' title='bbox 1914 5312 2003 5351; x_wconf 87' lang='lat' dir='ltr'>se-</span> 
     </span>
    </p>
   </div>
   <div class='ocr_carea' id='block_1_103' title="bbox 351 5381 2001 5454">
    <p class='ocr_par' dir='ltr' id='par_1_103' title="bbox 351 5381 2001 5454">
     <span class='ocr_line' id='line_1_103' title="bbox 351 5381 2001 5454; baseline -0.001 -14"><span class='ocrx_word' id='word_1_703' title='bbox 351 5384 529 5441; x_wconf 87' lang='lat' dir='ltr'>cundi</span> <span class='ocrx_word' id='word_1_704' title='bbox 545 5383 891 5439; x_wconf 90' lang='lat' dir='ltr'>universalis</span> <span class='ocrx_word' id='word_1_705' title='bbox 910 5381 1393 5448; x_wconf 86' lang='lat' dir='ltr'>concilii,seiliret</span> <span class='ocrx_word' id='word_1_706' title='bbox 1411 5381 2001 5454; x_wconf 88' lang='lat' dir='ltr'>Constantinopolita-</span> 
     </span>
    </p>
   </div>
   <div class='ocr_carea' id='block_1_104' title="bbox 353 5469 2001 5539">
    <p class='ocr_par' dir='ltr' id='par_1_104' title="bbox 353 5469 2001 5539">
     <span class='ocr_line' id='line_1_104' title="bbox 353 5469 2001 5539; baseline 0.001 -12"><span class='ocrx_word' id='word_1_707' title='bbox 353 5471 614 5539; x_wconf 87' lang='lat' dir='ltr'>ni,dicit:</span> <span class='ocrx_word' id='word_1_708' title='bbox 636 5471 1035 5531; x_wconf 83' lang='lat' dir='ltr'>Firmaverunt</span> <span class='ocrx_word' id='word_1_709' title='bbox 1060 5486 1268 5525; x_wconf 89' lang='lat' dir='ltr'>rursus</span> <span class='ocrx_word' id='word_1_710' title='bbox 1291 5471 1488 5525; x_wconf 88' lang='lat' dir='ltr'>Patres</span> <span class='ocrx_word' id='word_1_711' title='bbox 1511 5469 1802 5525; x_wconf 70' lang='lat' dir='ltr'>Nicaanam</span> <span class='ocrx_word' id='word_1_712' title='bbox 1826 5472 2001 5528; x_wconf 84' lang='lat' dir='ltr'>ﬁdem</span> 
     </span>
    </p>
   </div>
   <div class='ocr_carea' id='block_1_105' title="bbox 353 5558 2004 5634">
    <p class='ocr_par' dir='ltr' id='par_1_105' title="bbox 353 5558 2004 5634">
     <span class='ocr_line' id='line_1_105' title="bbox 353 5558 2004 5634; baseline 0.001 -17"><span class='ocrx_word' id='word_1_713' title='bbox 353 5564 410 5618; x_wconf 84' lang='lat' dir='ltr'>et</span> <span class='ocrx_word' id='word_1_714' title='bbox 419 5558 779 5634; x_wconf 88' lang='lat' dir='ltr'>patriarchas</span> <span class='ocrx_word' id='word_1_715' title='bbox 791 5558 1664 5624; x_wconf 86' lang='lat' dir='ltr'>constituerunt,distribuentes</span> <span class='ocrx_word' id='word_1_716' title='bbox 1677 5559 2004 5631; x_wconf 89' lang='lat' dir='ltr'>provincias</span> 
     </span>
    </p>
   </div>
   <div class='ocr_carea' id='block_1_106' title="bbox 2115 4582 3768 4654">
    <p class='ocr_par' dir='ltr' id='par_1_106' title="bbox 2115 4582 3768 4654">
     <span class='ocr_line' id='line_1_106' title="bbox 2115 4582 3768 4654; baseline 0 -15"><span class='ocrx_word' id='word_1_717' title='bbox 2115 4588 2309 4640; x_wconf 83' lang='lat' dir='ltr'>autem</span> <span class='ocrx_word' id='word_1_718' title='bbox 2339 4584 2399 4637; x_wconf 87' lang='lat' dir='ltr'>in</span> <span class='ocrx_word' id='word_1_719' title='bbox 2430 4582 2627 4654; x_wconf 90' lang='lat' dir='ltr'>aliquo</span> <span class='ocrx_word' id='word_1_720' title='bbox 2658 4598 2896 4639; x_wconf 84' lang='lat' dir='ltr'>excersu</span> <span class='ocrx_word' id='word_1_721' title='bbox 2925 4582 3146 4649; x_wconf 91' lang='lat' dir='ltr'>leviori,</span> <span class='ocrx_word' id='word_1_722' title='bbox 3168 4582 3395 4653; x_wconf 85' lang='lat' dir='ltr'>privata</span> <span class='ocrx_word' id='word_1_723' title='bbox 3424 4583 3768 4654; x_wconf 69' lang='lat' dir='ltr'>paenitentia</span> 
     </span>
    </p>
   </div>
   <div class='ocr_carea' id='block_1_107' title="bbox 2109 4670 3764 4744">
    <p class='ocr_par' dir='ltr' id='par_1_107' title="bbox 2109 4670 3764 4744">
     <span class='ocr_line' id='line_1_107' title="bbox 2109 4670 3764 4744; baseline -0.001 -15"><span class='ocrx_word' id='word_1_724' title='bbox 2109 4672 2430 4729; x_wconf 83' lang='lat' dir='ltr'>satisfactio</span> <span class='ocrx_word' id='word_1_725' title='bbox 2454 4672 2535 4727; x_wconf 93' lang='lat' dir='ltr'>ita</span> <span class='ocrx_word' id='word_1_726' title='bbox 2557 4672 2637 4743; x_wconf 88' lang='lat' dir='ltr'>inj</span> <span class='ocrx_word' id='word_1_727' title='bbox 2649 4672 2887 4744; x_wconf 87' lang='lat' dir='ltr'>ungitur</span> <span class='ocrx_word' id='word_1_728' title='bbox 2904 4676 2970 4727; x_wconf 91' lang='lat' dir='ltr'>ut</span> <span class='ocrx_word' id='word_1_729' title='bbox 2996 4675 3196 4727; x_wconf 86' lang='lat' dir='ltr'>tamen</span> <span class='ocrx_word' id='word_1_730' title='bbox 3229 4687 3342 4726; x_wconf 89' lang='lat' dir='ltr'>non</span> <span class='ocrx_word' id='word_1_731' title='bbox 3372 4670 3764 4742; x_wconf 76' lang='lat' dir='ltr'>dep‘onantur,</span> 
     </span>
    </p>
   </div>
   <div class='ocr_carea' id='block_1_108' title="bbox 2115 4761 3761 4833">
    <p class='ocr_par' dir='ltr' id='par_1_108' title="bbox 2115 4761 3761 4833">
     <span class='ocr_line' id='line_1_108' title="bbox 2115 4761 3761 4833; baseline -0.003 -16"><span class='ocrx_word' id='word_1_732' title='bbox 2115 4763 2219 4817; x_wconf 91' lang='lat' dir='ltr'>sed</span> <span class='ocrx_word' id='word_1_733' title='bbox 2232 4761 2471 4818; x_wconf 87' lang='lat' dir='ltr'>omnino</span> <span class='ocrx_word' id='word_1_734' title='bbox 2489 4761 2572 4816; x_wconf 82' lang='lat' dir='ltr'>eis</span> <span class='ocrx_word' id='word_1_735' title='bbox 2586 4762 2727 4817; x_wconf 90' lang='lat' dir='ltr'>ordo</span> <span class='ocrx_word' id='word_1_736' title='bbox 2745 4778 2916 4833; x_wconf 90' lang='lat' dir='ltr'>quem</span> <span class='ocrx_word' id='word_1_737' title='bbox 2931 4762 3150 4817; x_wconf 87' lang='lat' dir='ltr'>habent</span> <span class='ocrx_word' id='word_1_738' title='bbox 3160 4763 3761 4828; x_wconf 65' lang='lat' dir='ltr'>conservetur,quem-,</span> 
     </span>
    </p>
   </div>
   <div class='ocr_carea' id='block_1_109' title="bbox 2118 4845 3761 4923">
    <p class='ocr_par' dir='ltr' id='par_1_109' title="bbox 2118 4845 3761 4923">
     <span class='ocr_line' id='line_1_109' title="bbox 2118 4845 3761 4923; baseline -0.002 -17"><span class='ocrx_word' id='word_1_739' title='bbox 2118 4850 2438 4907; x_wconf 90' lang='lat' dir='ltr'>admodum</span> <span class='ocrx_word' id='word_1_740' title='bbox 2468 4851 2593 4920; x_wconf 89' lang='lat' dir='ltr'>ipse</span> <span class='ocrx_word' id='word_1_741' title='bbox 2639 4849 2848 4905; x_wconf 89' lang='lat' dir='ltr'>beatus</span> <span class='ocrx_word' id='word_1_742' title='bbox 2878 4849 3194 4923; x_wconf 86' lang='lat' dir='ltr'>Gregorius</span> <span class='ocrx_word' id='word_1_743' title='bbox 3226 4850 3282 4904; x_wconf 89' lang='lat' dir='ltr'>in</span> <span class='ocrx_word' id='word_1_744' title='bbox 3315 4848 3424 4902; x_wconf 82' lang='lat' dir='ltr'>fine</span> <span class='ocrx_word' id='word_1_745' title='bbox 3452 4845 3761 4917; x_wconf 68' lang='lat' dir='ltr'>praesentis</span> 
     </span>
    </p>
   </div>
   <div class='ocr_carea' id='block_1_110' title="bbox 2117 4933 3767 5011">
    <p class='ocr_par' dir='ltr' id='par_1_110' title="bbox 2117 4933 3767 5011">
     <span class='ocr_line' id='line_1_110' title="bbox 2117 4933 3767 5011; baseline -0.001 -16"><span class='ocrx_word' id='word_1_746' title='bbox 2117 4938 2356 5010; x_wconf 90' lang='lat' dir='ltr'>capituli</span> <span class='ocrx_word' id='word_1_747' title='bbox 2388 4937 2644 4993; x_wconf 88' lang='lat' dir='ltr'>sensisse</span> <span class='ocrx_word' id='word_1_748' title='bbox 2673 4939 3077 5010; x_wconf 85' lang='lat' dir='ltr'>cognoscitur;</span> <span class='ocrx_word' id='word_1_749' title='bbox 3101 4938 3255 5011; x_wconf 91' lang='lat' dir='ltr'>quod</span> <span class='ocrx_word' id='word_1_750' title='bbox 3284 4935 3377 4991; x_wconf 93' lang='lat' dir='ltr'>hic</span> <span class='ocrx_word' id='word_1_751' title='bbox 3397 4933 3767 4993; x_wconf 85' lang='lat' dir='ltr'>subtraxisse</span> 
     </span>
    </p>
   </div>
   <div class='ocr_carea' id='block_1_111' title="bbox 2115 5022 3769 5098">
    <p class='ocr_par' dir='ltr' id='par_1_111' title="bbox 2115 5022 3769 5098">
     <span class='ocr_line' id='line_1_111' title="bbox 2115 5022 3769 5098; baseline -0.002 -14"><span class='ocrx_word' id='word_1_752' title='bbox 2115 5027 2535 5098; x_wconf 89' lang='lat' dir='ltr'>comprobatur</span> <span class='ocrx_word' id='word_1_753' title='bbox 2564 5025 2724 5081; x_wconf 88' lang='lat' dir='ltr'>vafer</span> <span class='ocrx_word' id='word_1_754' title='bbox 2743 5024 2841 5081; x_wconf 92' lang='lat' dir='ltr'>ille</span> <span class='ocrx_word' id='word_1_755' title='bbox 2862 5030 2920 5082; x_wconf 90' lang='lat' dir='ltr'>et</span> <span class='ocrx_word' id='word_1_756' title='bbox 2949 5026 3241 5098; x_wconf 90' lang='lat' dir='ltr'>impurus,</span> <span class='ocrx_word' id='word_1_757' title='bbox 3275 5024 3413 5097; x_wconf 89' lang='lat' dir='ltr'>quia</span> <span class='ocrx_word' id='word_1_758' title='bbox 3439 5022 3629 5080; x_wconf 88' lang='lat' dir='ltr'>sensit</span> <span class='ocrx_word' id='word_1_759' title='bbox 3643 5026 3769 5081; x_wconf 87' lang='lat' dir='ltr'>evi-</span> 
     </span>
    </p>
   </div>
   <div class='ocr_carea' id='block_1_112' title="bbox 2115 5112 3767 5185">
    <p class='ocr_par' dir='ltr' id='par_1_112' title="bbox 2115 5112 3767 5185">
     <span class='ocr_line' id='line_1_112' title="bbox 2115 5112 3767 5185; baseline -0.002 -12"><span class='ocrx_word' id='word_1_760' title='bbox 2115 5118 2323 5173; x_wconf 90' lang='lat' dir='ltr'>denter</span> <span class='ocrx_word' id='word_1_761' title='bbox 2364 5113 2648 5170; x_wconf 90' lang='lat' dir='ltr'>obsistere</span> <span class='ocrx_word' id='word_1_762' title='bbox 2686 5114 2811 5170; x_wconf 89' lang='lat' dir='ltr'>suis</span> <span class='ocrx_word' id='word_1_763' title='bbox 2855 5114 3342 5171; x_wconf 89' lang='lat' dir='ltr'>cavillationibus.</span> <span class='ocrx_word' id='word_1_764' title='bbox 3394 5112 3453 5168; x_wconf 88' lang='lat' dir='ltr'>Si</span> <span class='ocrx_word' id='word_1_765' title='bbox 3483 5112 3641 5185; x_wconf 90' lang='lat' dir='ltr'>quis,</span> <span class='ocrx_word' id='word_1_766' title='bbox 3672 5113 3767 5170; x_wconf 88' lang='lat' dir='ltr'>in-</span> 
     </span>
    </p>
   </div>
   <div class='ocr_carea' id='block_1_113' title="bbox 2116 5201 3762 5279">
    <p class='ocr_par' dir='ltr' id='par_1_113' title="bbox 2116 5201 3762 5279">
     <span class='ocr_line' id='line_1_113' title="bbox 2116 5201 3762 5279; baseline -0.002 -17"><span class='ocrx_word' id='word_1_767' title='bbox 2116 5206 2346 5279; x_wconf 89' lang='lat' dir='ltr'>quiens,</span> <span class='ocrx_word' id='word_1_768' title='bbox 2380 5203 2439 5257; x_wconf 91' lang='lat' dir='ltr'>in</span> <span class='ocrx_word' id='word_1_769' title='bbox 2490 5201 2599 5258; x_wconf 91' lang='lat' dir='ltr'>levi</span> <span class='ocrx_word' id='word_1_770' title='bbox 2650 5203 2895 5259; x_wconf 90' lang='lat' dir='ltr'>forsitan</span> <span class='ocrx_word' id='word_1_771' title='bbox 2948 5202 3121 5276; x_wconf 90' lang='lat' dir='ltr'>culpa</span> <span class='ocrx_word' id='word_1_772' title='bbox 3151 5221 3185 5259; x_wconf 90' lang='lat' dir='ltr'>a</span> <span class='ocrx_word' id='word_1_773' title='bbox 3231 5201 3557 5259; x_wconf 88' lang='lat' dir='ltr'>sacerdotio</span> <span class='ocrx_word' id='word_1_774' title='bbox 3585 5202 3762 5271; x_wconf 89' lang='lat' dir='ltr'>venit,</span> 
     </span>
    </p>
   </div>
   <div class='ocr_carea' id='block_1_114' title="bbox 2113 5291 3764 5369">
    <p class='ocr_par' dir='ltr' id='par_1_114' title="bbox 2113 5291 3764 5369">
     <span class='ocr_line' id='line_1_114' title="bbox 2113 5291 3764 5369; baseline -0.001 -19"><span class='ocrx_word' id='word_1_775' title='bbox 2113 5292 2452 5369; x_wconf 87' lang='lat' dir='ltr'>poenitentia</span> <span class='ocrx_word' id='word_1_776' title='bbox 2472 5291 2646 5346; x_wconf 91' lang='lat' dir='ltr'>indici</span> <span class='ocrx_word' id='word_1_777' title='bbox 2666 5292 2856 5359; x_wconf 88' lang='lat' dir='ltr'>debet,</span> <span class='ocrx_word' id='word_1_778' title='bbox 2880 5298 2938 5349; x_wconf 91' lang='lat' dir='ltr'>et</span> <span class='ocrx_word' id='word_1_779' title='bbox 2961 5297 3160 5349; x_wconf 90' lang='lat' dir='ltr'>tamen</span> <span class='ocrx_word' id='word_1_780' title='bbox 3184 5294 3328 5349; x_wconf 90' lang='lat' dir='ltr'>ordo</span> <span class='ocrx_word' id='word_1_781' title='bbox 3351 5291 3592 5348; x_wconf 89' lang='lat' dir='ltr'>servari.</span> <span class='ocrx_word' id='word_1_782' title='bbox 3617 5292 3764 5348; x_wconf 86' lang='lat' dir='ltr'>Nam</span> 
     </span>
    </p>
   </div>
   <div class='ocr_carea' id='block_1_115' title="bbox 2113 5379 3768 5458">
    <p class='ocr_par' dir='ltr' id='par_1_115' title="bbox 2113 5379 3768 5458">
     <span class='ocr_line' id='line_1_115' title="bbox 2113 5379 3768 5458; baseline -0.002 -18"><span class='ocrx_word' id='word_1_783' title='bbox 2113 5400 2217 5458; x_wconf 90' lang='lat' dir='ltr'>pro</span> <span class='ocrx_word' id='word_1_784' title='bbox 2248 5379 2654 5437; x_wconf 88' lang='lat' dir='ltr'>criminalibus</span> <span class='ocrx_word' id='word_1_785' title='bbox 2679 5382 2839 5451; x_wconf 87' lang='lat' dir='ltr'>juste</span> <span class='ocrx_word' id='word_1_786' title='bbox 2871 5381 3197 5453; x_wconf 91' lang='lat' dir='ltr'>depositus,</span> <span class='ocrx_word' id='word_1_787' title='bbox 3231 5385 3335 5437; x_wconf 91' lang='lat' dir='ltr'>aut</span> <span class='ocrx_word' id='word_1_788' title='bbox 3364 5397 3505 5448; x_wconf 89' lang='lat' dir='ltr'>non,</span> <span class='ocrx_word' id='word_1_789' title='bbox 3545 5384 3646 5436; x_wconf 91' lang='lat' dir='ltr'>aut</span> <span class='ocrx_word' id='word_1_790' title='bbox 3673 5380 3768 5437; x_wconf 65' lang='lat' dir='ltr'>vii</span> 
     </span>
    </p>
   </div>
   <div class='ocr_carea' id='block_1_116' title="bbox 2112 5465 3768 5541">
    <p class='ocr_par' dir='ltr' id='par_1_116' title="bbox 2112 5465 3768 5541">
     <span class='ocr_line' id='line_1_116' title="bbox 2112 5465 3768 5541; baseline -0.003 -13"><span class='ocrx_word' id='word_1_791' title='bbox 2112 5469 2409 5528; x_wconf 89' lang='lat' dir='ltr'>invenitur</span> <span class='ocrx_word' id='word_1_792' title='bbox 2425 5465 2558 5536; x_wconf 89' lang='lat' dir='ltr'>quis</span> <span class='ocrx_word' id='word_1_793' title='bbox 2580 5465 2735 5523; x_wconf 91' lang='lat' dir='ltr'>licite</span> <span class='ocrx_word' id='word_1_794' title='bbox 2759 5469 3086 5526; x_wconf 89' lang='lat' dir='ltr'>restitutus.</span> <span class='ocrx_word' id='word_1_795' title='bbox 3102 5470 3264 5535; x_wconf 89' lang='lat' dir='ltr'>Quod</span> <span class='ocrx_word' id='word_1_796' title='bbox 3290 5469 3339 5525; x_wconf 92' lang='lat' dir='ltr'>si</span> <span class='ocrx_word' id='word_1_797' title='bbox 3362 5469 3581 5539; x_wconf 89' lang='lat' dir='ltr'>injuste</span> <span class='ocrx_word' id='word_1_798' title='bbox 3597 5468 3768 5541; x_wconf 91' lang='lat' dir='ltr'>depo-</span> 
     </span>
    </p>
   </div>
   <div class='ocr_carea' id='block_1_117' title="bbox 2112 5553 3771 5628">
    <p class='ocr_par' dir='ltr' id='par_1_117' title="bbox 2112 5553 3771 5628">
     <span class='ocr_line' id='line_1_117' title="bbox 2112 5553 3771 5628; baseline -0.002 -9"><span class='ocrx_word' id='word_1_799' title='bbox 2112 5562 2282 5626; x_wconf 89' lang='lat' dir='ltr'>situs,</span> <span class='ocrx_word' id='word_1_800' title='bbox 2315 5553 2669 5625; x_wconf 89' lang='lat' dir='ltr'>restituitur,</span> <span class='ocrx_word' id='word_1_801' title='bbox 2702 5558 3201 5628; x_wconf 89' lang='lat' dir='ltr'>quemadmodum</span> <span class='ocrx_word' id='word_1_802' title='bbox 3233 5575 3302 5615; x_wconf 85' lang='lat' dir='ltr'>ex</span> <span class='ocrx_word' id='word_1_803' title='bbox 3331 5556 3578 5615; x_wconf 88' lang='lat' dir='ltr'>concilio</span> <span class='ocrx_word' id='word_1_804' title='bbox 3609 5557 3771 5615; x_wconf 87' lang='lat' dir='ltr'>Tole-</span> 
     </span>
    </p>
   </div>
  </div>
