4004 6210
256 312 409 389 1021

860 317 1283 386 ADVERSUS
1329 314 1802 381 SIMONIACOS
1850 315 2055 382 LIBRI
2098 315 2326 385 TRES.
2356 352 2433 370 -
2461 320 2694 385 LIBER
2737 319 3061 388 PRIMUS.

3509 320 3666 389 4022

252 457 393 528 tunc
423 470 604 528 supra
621 452 1256 526 dicitur;justeautem
1283 452 1583 525 depositus
1608 468 1903 525 nusquam
1936 452 1993 521 Α
2018 454 2115 512 isti
2147 458 2276 529 ejus
2304 457 2575 532 discipuli
2626 459 2967 532 probantur.
3000 461 3125 524 Qua
3169 460 3323 516 certe
3370 458 3667 534 parilitate

253 547 313 601 et
333 544 805 617 nunquamlicite
826 543 1173 600 restituitur.
1201 545 1473 597 Inventus
1495 546 1688 597 autem
1712 542 1769 597 in
1796 542 1901 596 mi-

255 651 371 691 nus
390 634 662 707 gravibus
682 633 1042 698 excessibus,
1061 648 1175 687 non
1191 631 1427 702 quidem
1446 630 1775 702 deponitur,
1800 631 1900 685 sed

254 722 444 779 eidem
478 739 583 779 suo
614 722 1117 778 ordinereservato
1149 719 1492 791 aliquandiu
1517 719 1589 773 ab
1618 718 1744 790 ipso
1767 735 1901 774 sus-

248 811 543 883 penditur.
576 811 717 875 Quis
740 811 979 867 tandem
1002 811 1191 865 denuo
1210 806 1561 863 acatholicis
1597 823 1899 862 consecra-

249 902 350 956 tus
379 901 682 972 arguitur?
711 899 1028 971 siquidem,
1062 896 1315 969 exceptis
1368 894 1898 966 irreprehensibilis

248 987 379 1043 vita:
412 988 662 1057 clericis,
696 988 952 1060 amplius
982 986 1073 1042 his
1107 986 1295 1040 tribus
1343 983 1696 1056 supradictis
1728 999 1899 1055 gene-

250 1076 418 1132 ribus
447 1077 506 1132 in
539 1077 825 1134 catholica
850 1095 965 1132 non
988 1074 1375 1147 reperiuntur.
1412 1075 1528 1127 Aut
1556 1072 1712 1126 enim
1735 1074 1897 1142 juste

256 1165 509 1237 depositi
543 1171 731 1233 erunt,
756 1171 859 1222 aut
890 1166 1125 1236 injuste,
1151 1166 1251 1219 aut
1282 1165 1433 1218 certe
1465 1177 1578 1216 non
1610 1160 1894 1231 depositi;

249 1258 308 1311 et
328 1254 378 1311 si
401 1255 461 1310 in
482 1254 795 1311 levioribus
813 1254 1004 1325 culpis
1027 1252 1382 1322 inventijam
1404 1252 1743 1323 quicunque
1766 1250 1899 1321 plus

248 1344 345 1401 his
376 1349 535 1410 sunt,
567 1347 726 1400 extra
755 1342 1107 1399 catholicam
1135 1340 1455 1397 Ecclesiam
1488 1340 1688 1413 procul
1719 1340 1896 1395 dubio

251 1436 410 1489 sunt.
435 1433 585 1488 Sunt
607 1432 764 1488 enim
797 1430 1051 1487 haeretici
1076 1435 1177 1486 aut
1204 1430 1484 1503 episcopi,
1516 1435 1619 1486 aut
1656 1430 1895 1503 presby-

247 1521 381 1590 teri,
411 1538 514 1578 seu
535 1520 787 1587 diaconi,
834 1520 926 1577 vel
956 1520 1366 1592 cujuscunque
1399 1520 1643 1577 alterius
1675 1521 1896 1593 gradus

249 1609 444 1667 clerici
477 1610 641 1667 dicti.

320 1699 483 1757 Unde
515 1716 577 1756 se
598 1715 832 1772 quoque
859 1698 1115 1765 nolente,
1135 1698 1485 1771 Spinosulus
1509 1700 1619 1770 (14)
1639 1699 1747 1755 iste
1777 1716 1896 1756 suae

251 1804 535 1862 perversm
564 1788 906 1845 intentionis
937 1787 1193 1857 initium,
1240 1788 1709 1861 progressionem
1741 1794 1798 1845 et
1827 1790 1898 1844 ti-
1933 1820 1981 1886 Β

250 1894 409 1944 nem,
441 1877 785 1951 procedente
815 1877 1230 1950 disputatione,
1256 1878 1518 1933 noscitur
1529 1878 1655 1949 jam
1685 1877 1902 1934 revela-

252 1982 336 2033 re,
368 1971 425 2023 et
443 1966 603 2024 velut
630 1966 951 2040 implicitus
979 1966 1191 2023 ericius
1212 1972 1388 2039 caput
1417 1985 1614 2035 suum,
1634 1972 1691 2023 et
1721 1969 1899 2040 pedes

250 2056 638 2129 caudamque,
662 2057 969 2113 accedente
989 2072 1160 2128 aqua,
1178 2056 1406 2128 cogitur
1425 2056 1731 2128 explicare.
1759 2058 1901 2113 Con-

251 2148 369 2201 stat
391 2144 548 2202 enim
580 2162 716 2202 eum
756 2145 1128 2218 pertinaciter
1165 2145 1474 2201 defendere
1505 2146 1577 2201 ab
1608 2144 1899 2202 haereticis

251 2236 309 2290 et
328 2233 658 2305 specialiter
686 2233 1083 2289 aSimoniacis
1106 2233 1424 2301 ordinatos,
1449 2233 1588 2305 quia
1604 2233 1662 2287 in
1697 2235 1894 2290 catho-

250 2321 384 2390 lica,
398 2322 621 2378 sicutin
639 2321 1038 2393 superioribus
1055 2323 1285 2377 abundo
1311 2327 1688 2391 monstratur,
1708 2324 1892 2381 semel

252 2415 529 2482 acceptus
560 2411 701 2466 ordo
722 2427 837 2466 non
870 2410 1131 2466 iteratur.
1158 2412 1407 2468 Laborat
1433 2430 1663 2485 quoque
1693 2414 1895 2483 variis,

251 2499 354 2554 sed
386 2497 553 2555 vanis
585 2497 950 2568 argumentis
982 2502 1241 2554 astruere
1272 2500 1426 2570 quod
1466 2517 1500 2555 a
1547 2500 1896 2559 Simoniacis

248 2584 502 2642 ordinati
532 2586 659 2641 sine
690 2585 1029 2657 poenitentia
1070 2590 1127 2641 et
1157 2602 1366 2642 manus
1398 2587 1768 2659 impositione
1797 2592 1893 2647 de-

248 2674 389 2730 bent
418 2673 479 2730 in
507 2673 657 2730 clero
688 2673 977 2730 catholico
1007 2673 1229 2743 haberi,
1265 2678 1322 2729 et
1344 2674 1402 2729 in
1433 2692 1498 2730 eo
1531 2693 1893 2747 permanere,

247 2767 314 2819 ut
344 2766 487 2835 puta
514 2763 732 2835 quibus
765 2762 909 2819 nihil
934 2764 1088 2819 desit
1114 2763 1174 2817 in
1207 2762 1366 2819 nulla
1392 2764 1597 2836 gratia.
1627 2766 1743 2821 Nos
1762 2784 1895 2823 vero

248 2851 682 2908 sufficientibus
703 2856 1046 2908 sanctorum
1071 2852 1306 2908 Patrum
1330 2851 1602 2924 superius
1632 2870 1897 2927 compro-

247 2939 519 2996 bavimus
548 2940 907 2996 testimoniis
935 2940 1295 2997 Simoniacos
1334 2940 1636 2997 haereticos
1668 2944 1896 3015 pejores

245 3044 376 3085 esse
405 3028 678 3101 pessimis
709 3029 959 3085 Arianis.
984 3031 1053 3085 Et
1083 3030 1132 3086 si
1163 3029 1354 3085 adhuc
1384 3030 1687 3085 dubitatur
1707 3048 1780 3086 an
1815 3032 1897 3087 Si-

244 3116 500 3173 moniaci
531 3117 649 3173 sint
678 3117 929 3173 habendi
953 3118 1229 3187 haeretici,
1253 3118 1621 3174 revolvantur
1649 3120 1891 3176 catholi-

244 3222 449 3263 corum
480 3205 718 3262 Patrum
746 3207 817 3263 de
846 3207 1092 3263 diversis
1112 3184 1430 3263 haeresibus
1450 3198 1605 3275 libri,
1631 3209 1726 3265 SS.
1759 3209 1889 3281 Epi-
1923 3184 1965 3252 (ἶ

241 3294 466 3368 phanii,
498 3295 816 3361 Philastrii,
840 3296 1174 3369 Augustini,
1205 3300 1661 3367 caeterorumque
1680 3297 1780 3369 qui
1801 3298 1889 3353 in-

242 3384 316 3441 de
338 3387 479 3440 sunt
497 3384 750 3441 scribere
762 3386 973 3453 conati,
996 3389 1054 3441 et
1073 3387 1132 3441 in
1153 3386 1427 3442 omnibus
1441 3386 1889 3458 deprehendun-

238 3476 338 3529 tur
366 3473 706 3539 Simoniaci,
758 3474 858 3545 qui
887 3478 944 3529 et
973 3474 1285 3530 Simoniaci
1318 3474 1377 3528 in
1408 3474 1684 3548 Catalogo
1717 3476 1891 3531 haere-

237 3578 380 3630 seon
410 3562 694 3633 primum,
719 3578 973 3633 quorum
991 3565 1194 3618 auctor
1214 3562 1437 3628 Simon,
1464 3564 1512 3617 si
1535 3564 1802 3619 damnari
1827 3569 1891 3619 ut

236 3650 589 3706 manifestus
637 3649 945 3705 haereticus
986 3649 1219 3714 meruit,
1269 3648 1408 3718 quia
1451 3650 1759 3705 aestimavit
1802 3651 1886 3706 vel

234 3737 516 3810 cogitavit
534 3737 817 3809 Spiritum
840 3740 1111 3793 sanctum
1126 3736 1371 3807 pecunia
1394 3753 1455 3791 se
1477 3754 1648 3807 posse
1667 3754 1886 3794 merca-

230 3832 366 3884 tum
395 3825 489 3894 iri,
522 3830 580 3881 et
618 3825 837 3897 quibus
868 3824 1040 3880 vellet
1068 3823 1264 3896 largiri
1291 3842 1305 3892 ;
1338 3825 1571 3881 videant
1604 3826 1712 3898 ipsi
1745 3827 1885 3899 quid

234 3919 572 3971 mereantur
587 3912 728 3986 quia
742 3912 1070 3971 certissime
1090 3913 1335 3969 credunt
1357 3930 1415 3969 se
1437 3914 1759 3987 episcopos;
1786 3932 1882 3988 pe-

234 4004 408 4061 cunia
437 4004 851 4070 intercedente,
883 4020 1055 4075 posse
1082 4003 1172 4059 vel
1194 4003 1453 4075 potuisse
1484 4004 1631 4076 fieri,
1665 4009 1722 4060 et
1742 4022 1884 4061 con-

232 4093 588 4151 secrationes
601 4092 691 4148 vel
716 4091 1116 4149 ordinationes
1144 4092 1574 4150 ecclesiasticas
1603 4095 1880 4167 cuiquam

231 4183 543 4255 impertiri.
576 4182 702 4239 Nisi
726 4182 884 4239 enim
916 4182 1026 4238 hoc
1058 4199 1120 4238 se
1149 4198 1322 4255 posse
1343 4183 1662 4250 crederent,
1696 4202 1730 4240 a
1760 4188 1885 4241 tan-

228 4275 292 4328 ta
322 4271 775 4345 praesumptione
804 4289 867 4329 se
896 4273 1341 4345 suspenderent.
1364 4274 1441 4328 Ex
1461 4289 1575 4344 qua
1596 4277 1750 4329 certe
1773 4291 1882 4329 sua

226 4359 637 4429 aestimatione,
669 4361 720 4417 si
751 4362 952 4419 Simon
982 4361 1082 4419 ille
1109 4362 1386 4435 pessimis
1433 4363 1663 4418 Arianis
1714 4363 1879 4435 pejor

226 4448 524 4505 evidenter
570 4450 939 4521 pradicatur,
970 4451 1249 4523 quoniam
1282 4451 1395 4507 sibi
1425 4452 1707 4523 Spiritum
1740 4468 1875 4507 san-

2012 563 2319 613 concussa,
2352 565 2586 605 necesse
2618 548 2726 604 erit
2747 548 3106 605 Simoniacos
3127 565 3260 604 cum
3288 550 3399 605 sibi
3418 551 3658 622 paribus

2008 636 2238 694 Arianis
2271 655 2468 709 parem
2492 638 2665 693 etiam
2690 643 2892 693 contra
2918 655 2978 693 se
3000 637 3303 693 catholicis
3322 643 3657 710 exspectare

2011 726 2381 781 sententiam.
2415 728 2613 799 Itaque
2646 728 2760 797 jam
2798 745 2911 781 non
2944 726 3178 794 nostris,
3213 727 3313 783 sed
3363 727 3651 798 antiquis-

2009 813 2318 880 simorum,
2350 819 2406 870 et
2423 832 2525 887 per
2546 815 2743 871 omnia
2772 815 3193 870 catholicorum
3224 820 3281 870 et
3308 815 3655 872 orthodoxe-

2012 921 2142 958 rum
2179 904 2414 959 Patrum
2440 905 2798 976 impetantur
2828 904 3071 976 spiculis
3093 908 3151 959 et
3180 904 3505 960 obruantur
3527 922 3663 960 sen-

2008 992 2225 1058 tentiis,
2261 997 2344 1057 ut,
2377 994 2699 1048 secundum
2730 993 3057 1048 Salomonis
3088 993 3297 1064 elogia,
3335 995 3435 1064 qui
3484 1011 3544 1049 se
3575 995 3661 1050 di-

2008 1081 2153 1135 vites
2170 1082 2461 1148 afi‘ectant,
2498 1082 2642 1135 nihil
2667 1099 2752 1146 se,
2777 1082 2889 1136 nisi
2914 1081 3529 1153 extremaminopiam,
3554 1083 3656 1138 ha-

2009 1169 2143 1224 bere
2176 1170 2355 1239 (Prov.
2398 1188 2477 1235 x1,
2508 1172 2631 1239 22);
2656 1170 2743 1225 vel
2770 1186 2898 1224 sero
2928 1170 3295 1233 erubescant,
3324 1169 3463 1239 sive,
3491 1172 3660 1241 juxta

2012 1258 2107 1312 Dei
2140 1262 2314 1329 atque
2356 1258 2541 1312 Patris
2572 1259 2699 1327 ejus
2732 1256 3187 1319 attestationem,
3223 1257 3321 1313 ubi
3352 1258 3657 1330 evigilave-

2009 1346 2127 1400 rint
2165 1363 2199 1401 a
2241 1363 2448 1401 somno
2480 1363 2586 1401 suo
2627 1362 2834 1401 omnes
2872 1345 2977 1399 viri
3012 1345 3370 1413 divitiarum,
3422 1346 3567 1401 nihil
3600 1347 3659 1403 in

2009 1434 2284 1491 manibus
2343 1435 2486 1502 suis,
2545 1434 2604 1489 id
2662 1439 2753 1490 est
2809 1432 3279 1489 ordinationibus
3330 1434 3662 1490 inveniatur

2008 1524 2178 1596 (Psal.
2212 1541 2374 1590 Lxxv,
2401 1526 2477 1592 6).
2511 1524 2705 1579 Primo
2738 1527 2932 1579 tamen
2979 1521 3074 1576 hic
3106 1520 3412 1576 calumnia:
3460 1540 3659 1579 eorum

2008 1628 2245 1668 summa
2274 1613 2606 1684 suffigatur,
2649 1629 2715 1667 ac
2752 1611 2961 1666 deinde
3007 1609 3375 1666 evidentibus
3421 1610 3660 1669 Patrum

2009 1700 2356 1757 fulminibus
2378 1700 2765 1757 confodiatur.

2096 1788 2101 1792 ’
2616 1789 2851 1845 CAPUT
2901 1788 3050 1844 VIII.

2081 1880 2447 1935 CORRUPTOR.
2498 1879 2662 1934 Unde
2693 1895 2876 1949 supra
2904 1877 2964 1932 in
2995 1876 3323 1932 canonibus
3369 1876 3661 1949 apostolo-

2011 1984 2164 2034 rum,
2197 1984 2345 2039 quos
2376 1971 2615 2023 sanctus
2650 1966 2909 2022 Isidorus
2957 1966 3324 2037 recipiendos
3365 1983 3493 2021 esse
3522 1982 3659 2021 con-

2008 2055 2206 2111 ﬁrmat
2237 2073 2249 2111 :
2288 2078 2315 2107 α
2347 2056 2405 2111 Si
2429 2055 2561 2127 quis
2583 2055 2913 2127 episcopus,
2939 2057 3040 2108 aut
3061 2054 3381 2126 presbyter,
3404 2058 3505 2109 aut
3536 2055 3657 2109 dia-

2008 2161 2192 2201 conus
2222 2145 2539 2200 secundam
2573 2160 2784 2199 manus
2806 2141 3241 2215 impositionem
3274 2140 3557 2213 acceperit
3586 2141 3660 2198 ab

2008 2232 2226 2305 aliquo,
2259 2234 2605 2305 deponatur,
2638 2236 2695 2287 et
2723 2232 2851 2303 ipse
2882 2232 2979 2303 qui
3013 2244 3149 2286 eum
3167 2230 3436 2286 ordinare
3469 2235 3659 2286 tenta-

2004 2321 2166 2377 verit.
2185 2322 2330 2377 Nam
2354 2339 2451 2377 eos
2473 2321 2568 2392 qui
2594 2322 2664 2376 ab
2689 2320 2976 2391 ejusmodi
3003 2318 3276 2389 baptizati
3300 2318 3536 2389 fuerint,
3570 2318 3657 2375 vel

2005 2410 2276 2477 ordinati,
2307 2427 2493 2482 neque
2524 2409 2747 2477 fideles,
2788 2425 2978 2480 neque
3010 2406 3252 2463 clericos
3285 2424 3413 2463 esse
3463 2409 3658 2479 possi-

2004 2499 2120 2555 bile
2151 2503 2259 2555 est.
2297 2523 2322 2548 υ
3360 2552 3383 2571 ,

2075 2588 2439 2645 Coaasr'ron.
2472 2587 2616 2642 Cum
2665 2586 2826 2652 dicit,
2859 2586 3012 2641 unde
3058 2601 3258 2657 supra,
3292 2587 3449 2655 patet
3499 2585 3653 2656 quod

2004 2678 2335 2748 praecedens
2360 2681 2536 2749 caput
2564 2675 2750 2731 sancti
2772 2673 3032 2747 Gregorii
3058 2674 3365 2745 supposito
3396 2672 3652 2745 capitulo

2003 2765 2400 2838 apostolorum
2419 2765 2545 2820 ideo
2567 2765 2889 2837 conjungat
2913 2767 2973 2817 ut
2991 2761 3072 2817 nil
3091 2762 3320 2817 differre
3341 2760 3656 2816 catholico«

2004 2872 2136 2910 rum
2166 2860 2223 2910 et
2262 2854 2668 2910 haereticorum
2718 2852 3147 2909 ordinationem
3192 2854 3439 2918 astruat,
3483 2850 3651 2919 dum,

2004 2944 2157 3015 quod
2172 2944 2229 2999 S.
2250 2943 2563 3015 Gregorius
2585 2959 2762 3015 super
2782 2940 3203 2997 catholicorum
3226 2938 3651 2996 ordinationem

2003 3032 2331 3105 specialiter
2350 3036 2725 3105 protestetur,
2753 3033 2864 3089 iste
2880 3031 2951 3086 ad
2985 3030 3390 3086 haereticorum
3424 3033 3649 3101 partem

2002 3122 2348 3192 generaliter
2376 3122 2691 3178 transferre
2712 3126 2974 3187 conatur,
2999 3118 3168 3191 quasi
3187 3115 3433 3190 apostoli
3455 3122 3649 3173 vetue-

2001 3211 2119 3266 rint
2148 3212 2219 3266 ab
2251 3211 2557 3277 haereticis,
2613 3215 2678 3265 ut
2707 3210 2941 3277 dicitur,
2986 3209 3285 3263 ordinatos
3329 3206 3649 3262 secundam

2000 3317 2213 3356 manus
2244 3300 2677 3371 impositionem
2702 3316 2735 3353 a
2755 3296 3053 3353 catholicis
3076 3294 3550 3368 accipere.'Hinc,
3584 3312 3653 3351 ex

1997 3387 2765 3460 apostolorum‘canonibus
2810 3386 2936 3442 sola
2981 3385 3237 3458 capitula
3282 3402 3300 3439 ι
3349 3384 3483 3456 (I5),
3532 3402 3649 3440 non

1996 3481 2227 3533 tantum
2246 3477 2588 3532 auctoritate
2600 3475 2752 3531 beati
2770 3474 2971 3530 Isidori
2988 3479 3269 3545 quantam
3289 3473 3650 3528 sanctissimi

1996 3583 2160 3637 papze
2190 3564 2506 3622 Clementis
2551 3568 2606 3620 et
2635 3563 3027 3635 plurimorum
3060 3577 3466 3617 successorum
3500 3561 3647 3629 ejus,

1996 3655 2267 3710 novimus
2297 3653 2506 3708 debere
2527 3651 2735 3722 recipi:
2769 3652 2893 3718 sed,
2918 3651 3073 3706 sicut
3103 3667 3172 3705 ex
3202 3647 3562 3705 authenticis
3594 3653 3652 3705 et

1996 3740 2252 3812 antiquis
2282 3739 2716 3811 exemplaribus
2738 3738 2953 3810 poterit
2984 3738 3239 3810 probari,
3265 3751 3519 3807 praesens
3552 3753 3645 3791 ca-

1994 3828 2249 3901 pitulum
2296 3832 2523 3883 constat
2572 3826 2702 3882 istic
2734 3825 2967 3898 proprio
2999 3842 3176 3881 sensu
3208 3829 3264 3880 et
3312 3823 3648 3897 integritate

1992 3916 2146 3973 circa
2185 3916 2276 3972 sui
2307 3916 2483 3972 ﬁnem
2515 3914 2773 3971 fraudari
2805 3920 2861 3970 et
2890 3914 3124 3985 privari,
3160 3917 3218 3970 et
3243 3912 3498 3969 alienum
3534 3914 3647 3986 fig-

1993 4008 2258 4061 mentum
2289 4004 2477 4060 eidem
2508 4002 2843 4076 appositum
2872 4002 2981 4058 sub
3014 4001 3205 4073 specie
3234 4000 3373 4057 veri.
3407 4001 3553 4056 Nam
3584 4002 3645 4057 in

1992 4093 2423 4167 antiquioribus
2454 4098 2511 4149 et
2538 4090 2931 4148 veracioribus
2954 4089 3279 4146 canonibus
3304 4090 3385 4145 ita
3415 4090 3642 4145 inveni-

1992 4187 2089 4238 tur
2112 4201 2125 4239 :
2162 4206 2188 4233 ‹‹
2212 4184 2272 4239 Si
2294 4182 2427 4254 quis
2447 4181 2768 4238 secundam
2795 4197 3006 4236 manus
3030 4179 3465 4252 impositionem
3491 4195 3645 4234 acce-

1992 4274 2159 4345 perit,
2192 4273 2499 4342 dejiciatur
2520 4272 2665 4344 ipse,
2694 4276 2743 4327 et
2778 4271 2880 4344 qui
2907 4288 3041 4327 eum
3074 4270 3409 4326 reordinare
3454 4272 3642 4325 tenta-

1987 4363 2151 4431 verit,
2186 4363 2298 4419 nisi
2331 4363 2479 4420 forte
2507 4379 2641 4418 eum
2674 4365 2746 4418 ab
2779 4361 3070 4418 haereticis
3108 4361 3445 4417 ordinatum
3477 4376 3643 4415 com-

1988 4451 2338 4523 probaverit.
2373 4474 2401 4501 ››
2435 4452 2610 4508 Porro
2654 4452 2811 4523 quod
2855 4467 3040 4522 caupo
3074 4449 3169 4505 ille
3214 4448 3639 4521 nequissimus,

226 4540 391 4592 ctum
423 4537 711 4608 subjicere
731 4540 1017 4609 quaesivit,
1049 4539 1364 4597 Simoniaci
1407 4540 1558 4611 ejus,
1593 4540 1874 4613 quoniam
1908 4548 1953 4614 ι)
1985 4540 2284 4597 subtracto
2315 4540 2446 4596 vino
2477 4541 2670 4609 Sorec,
2706 4539 3025 4596 admiscuit
3054 4556 3122 4595 ex
3153 4538 3416 4595 cisternas
3465 4537 3640 4594 dissi-

226 4623 470 4682 omnino
500 4627 730 4691 tantum
751 4627 915 4683 nefas
947 4629 1215 4695 credunt,
1248 4627 1465 4699 quibus
1490 4629 1617 4699 jam
1648 4629 1873 4701 pejores

223 4712 449 4770 erunt?
492 4712 692 4784 Neque
740 4714 897 4769 enim
950 4717 1177 4787 pejores
1212 4717 1445 4774 Ariauis
1475 4717 1534 4771 in
1576 4717 1871 4774 hazreseon

222 4799 500 4874 Catalogo
520 4800 967 4873 dignoscuntur.
990 4804 1188 4860 Palam
1210 4821 1347 4878 ergo
1373 4805 1756 4876 Simoniacos,
1792 4805 1869 4861 si-

223 4893 325 4947 cut
353 4893 617 4963 tempore
646 4890 729 4947 ita
748 4894 805 4945 et
826 4907 1037 4959 errore,
1061 4892 1302 4965 reliquis
1332 4894 1623 4951 haereticis
1645 4894 1869 4967 priores

221 4993 373 5034 esse.
404 4979 649 5046 Verum,
681 4995 754 5036 ne
774 4996 954 5052 supra
978 4981 1218 5036 modum
1242 4983 1587 5054 prmgravari
1614 5000 1676 5039 se
1698 5000 1732 5039 a
1763 5001 1867 5040 no-

218 5066 314 5124 bis
343 5072 606 5137 causent,
628 5085 801 5142 pares
820 5083 919 5126 eos
939 5068 1169 5124 Arianis
1194 5071 1431 5127 tandem
1464 5073 1868 5139 concedimus,

219 5156 489 5226 quamvis
520 5161 818 5214 auctorem
840 5173 1043 5213 eorum
1064 5156 1361 5213 Simonem
1382 5160 1869 5233 Arianis'perver-

217 5241 442 5300 siorem
465 5246 1107 5315 prmmonstraverimus
1129 5262 1245 5317 quo
1266 5246 1469 5318 utique
1481 5250 1869 5320 perversiores

288 5382 402 5459 (Η)
433 5383 560 5459 Non
590 5385 837 5459 videtur,
869 5386 1062 5459 inquit
1088 5386 1389 5459 Fabricius
1411 5389 1693 5459 (Biblioth.
1727 5390 1866 5445 med.

214 5459 267 5512 et
297 5456 400 5533 inf.
587 5457 683 5525 IV,
706 5458 833 5533 306)
854 5456 981 5533 esse
1011 5475 1224 5533 nomen
1247 5456 1513 5533 hominis
1541 5461 1864 5533 proprium,

216 5527 318 5584 sed
350 5527 610 5610 ppsitum
642 5527 890 5610 convicti
922 5528 1048 5587 loco
1079 5530 1138 5585 in
1172 5528 1503 5601 spinosiora
1541 5527 1865 5588 adversarii

212 5600 504 5658 acumina.
532 5600 689 5659 Enrr.
722 5604 965 5659 Paraoc.

1982 4634 2127 4702 pata:
2160 4630 2350 4702 aquis,
2376 4634 2439 4684 ut
2458 4630 2796 4703 propinaret
2827 4646 2861 4684 a
2895 4646 2957 4685 se
2976 4628 3261 4700 deceptis,
3291 4628 3534 4684 dicendo
3566 4628 3637 4683 ab

1980 4719 2271 4789 ejusmodi
2304 4719 2645 4790 baptizatos,
2670 4717 3093 4784 vclordinatos,
3113 4734 3227 4772 non
3246 4733 3417 4788 posse
3448 4732 3640 4786 neque

1980 4806 2181 4862 fideles
2231 4822 2419 4877 neque
2448 4806 2690 4861 clericos
2722 4821 2871 4874 esse,
2914 4802 3023 4860 'nec
3055 4804 3114 4858 in
3148 4804 3257 4859 iste
3300 4806 3636 4859 sanctorum

1980 4894 2403 4968 apostolorum,
2419 4910 2523 4949 nec
2545 4894 2604 4948 in
2627 4893 2823 4965 aliquo
2855 4892 3274 4948 catholicorum
3296 4891 3527 4945 Patrum
3545 4890 3633 4946 in-

1976 4984 2209 5039 venitur
2254 4999 2494 5039 canone.
2532 4983 2595 5037 In
2628 4999 2745 5053 qua
2775 4998 2884 5037 sua
2927 4980 3310 5036 fraudulenta
3357 4995 3635 5049 praesum-

1979 5072 2198 5144 ptione,
2235 5071 2324 5127 vel
2356 5071 2610 5141 profanos
2640 5070 2798 5125 vocis
2830 5069 3106 5134 novitate,
3141 5066 3264 5123 sole
3294 5067 3510 5123 clarius
3543 5068 3632 5122 in-

1980 5160 2230 5216 notescit
2261 5176 2437 5231 quam
2469 5158 2548 5213 sit
2596 5156 2987 5229 recipiendus,
3028 5155 3116 5211 vel
3161 5154 3509 5222 audiendus,
3570 5155 3631 5211 in

1979 5245 2325 5319 praacedenti
2351 5249 2453 5301 aut
2473 5244 2853 5316 subsequenti
2877 5261 2986 5299 sua
3008 5242 3425 5315 disputatione.
3450 5244 3628 5300 Mani-

2051 5389 2161 5461 (15)
2194 5385 2360 5443 Solos
2408 5385 2837 5461 quinquaginta
2877 5401 3128 5461 canones
3172 5384 3430 5461 admittit
3464 5384 3629 5441 Gela-

1978 5456 2125 5524 sius,
2146 5456 2543 5586 sequentibus
2574 5456 2736 5513 inter
2764 5456 3097 5529 apocrypha
3140 5456 3464 5522 recensitis,
3497 5475 3627 5514 can.

1978 5530 2197 5586 Sancta.
2274 5534 2365 5586 ist.
2402 5531 2488 5586 15.

1978 5530 2197 5599 Sancta,
2231 5530 2365 5586 dist.
2402 5531 2488 5586 15.
