4004 6210
375 292 529 362 {023

1385 297 1868 365 HUMBERTUS
1913 296 1980 363 S.
2026 298 2100 365 Β.
2147 297 2216 365 E.
2264 299 2758 366 CARDINALIS.

3621 297 3795 367 ιωι

369 430 517 490 festa
535 430 692 489 enim
723 431 1048 506 impugnat,
1081 435 1156 502 et,
1191 437 1478 506 quantum
1500 431 1559 490 in
1591 448 1652 490 se
1683 437 1792 500 est,
1817 435 2013 491 cassat
2040 434 2096 504 Α
2124 449 2279 493 rum.
2312 433 2370 493 Si
2403 451 2540 510 ergo
2572 434 2976 494 haereticorum
3006 451 3218 493 manus
3248 429 3548 508 impositio
3598 447 3792 508 prava

370 529 427 580 et
453 538 730 580 evacuare
752 523 1048 580 contendit
1069 529 1332 580 sanctam
1374 525 1664 580 Nicesnam
1697 525 2012 596 synodum,

369 629 495 684 quae
523 611 697 666 etiam
730 612 1075 682 capitulum,
1107 615 1261 684 quod
1300 613 1468 668 nobis
1514 613 1887 684 phreneticus
1918 610 2016 667 ille

367 700 594 773 putavit
623 701 694 754 ad
717 701 1114 757 defensionem
1141 703 1231 757 sui
1257 704 1313 757 in
1337 703 1834 774 subsequentibus
1865 701 2013 772 obji-

365 789 661 853 ciendum,
695 791 987 856 continet;
1022 790 1080 844 in
1107 808 1220 862 quo
1241 791 1492 859 Cathari,
1528 791 1745 847 scilicet
1773 789 2015 846 vicinio-

365 895 458 934 res
487 877 786 933 catholica:
822 879 954 934 ﬁdei
983 879 1260 944 haeretici,
1306 881 1350 936 si
1387 881 1621 952 quando
1661 882 1732 936 ad
1765 878 2015 934 catholi-

364 983 492 1022 cam
525 967 790 1036 veniunt,
816 985 1024 1023 manus
1047 967 1478 1040 impositionem
1507 969 1789 1040 accipere,
1813 969 2013 1039 sicque

363 1055 422 1110 in
445 1055 726 1112 catholico
751 1056 902 1112 clero
927 1062 1610 1128 permanerecensentur.
1633 1058 1830 1128 Neque
1855 1057 2012 1112 enim

361 1148 690 1218 putandum
713 1152 802 1202 est
823 1152 1057 1202 sanctos
1081 1147 1276 1202 Patres
1300 1148 1353 1202 id
1378 1148 1652 1202 statuisse
1666 1148 1734 1202 de
1747 1146 2012 1202 Novatio-

360 1254 571 1293 norum
595 1237 782 1302 laicis,
817 1237 916 1308 qui
941 1236 1161 1291 nullam
1196 1253 1407 1292 manus
1439 1236 1876 1309 impositionem
1909 1251 2012 1306 pro

359 1327 758 1399 adipiscendis
789 1325 1096 1381 ordinibus
1128 1330 1504 1397 acceperunt;
1540 1327 1639 1380 sed
1673 1326 1744 1380 de
1775 1325 2011 1380 illorum

359 1417 607 1482 clericis,
644 1416 859 1488 quibus
890 1433 924 1470 a
955 1433 1071 1470 sua:
1103 1420 1274 1471 secta:
1294 1415 1620 1488 praepositis
1654 1432 1860 1470 manus
1899 1415 2011 1469 im-

360 1505 548 1578 posita
571 1505 698 1568 fuit,
719 1504 861 1559 utad
878 1503 1177 1576 quodlibet
1199 1503 1588 1558 ministerium
1609 1520 2013 1575 promoveren-

359 1600 456 1652 tur
477 1595 699 1650 altaris.
727 1595 949 1660 Quibus
964 1595 1034 1649 ad
1059 1593 1405 1648 catholicam
1431 1594 1799 1649 venientibus
1821 1610 1954 1648 cum
1977 1610 2012 1649 a

360 1685 660 1741 catholicis
684 1683 1084 1739 sacerdotibus
1109 1699 1318 1738 manus
1343 1683 1684 1753 imponitur,
1705 1699 1896 1738 nonne
1918 1700 2008 1738 se-

359 1775 611 1830 cundam
645 1790 855 1828 manus
886 1771 1320 1842 impositionem
1354 1772 1614 1842 accipere
1647 1772 2008 1826 noscuntur?
2037 1801 2085 1865 B

358 1865 536 1929 Quam
573 1861 702 1917 ideo
737 1879 769 1915 a
799 1859 1102 1915 catholicis
1142 1858 1460 1930 accipiunt,
1494 1859 1632 1930 quia
1673 1860 1745 1914 ab
1774 1859 1999 1914 hazreti-

357 1950 440 2007 cis
471 1948 719 2006 ordinati
752 1949 1226 2020 comprobantur,
1250 1956 1314 2002 ut
1331 1946 1390 2001 in
1410 1964 1588 2019 supra
1610 1949 1762 2003 dicto
1783 1964 2004 2003 canone

356 2038 751 2112 apostolorum
774 2037 1098 2093 secundum
1121 2036 1426 2108 antiquam
1448 2036 1749 2092 veritatem
1766 2037 2001 2108 legitur,

355 2144 533 2200 quam
567 2126 659 2182 hic
691 2127 1010 2182 mendosus
1041 2125 1379 2180 emendator
1399 2125 1741 2180 subtrahere
1766 2143 1878 2180 non
1909 2141 2002 2179 ve-

356 2216 526 2280 ritus,
558 2215 736 2272 etiam
771 2219 974 2270 sancto
1003 2213 1230 2269 Niczeno
1263 2213 1506 2269 concilio
1542 2213 1806 2286 publicas
1847 2213 2001 2284 inju-

356 2304 474 2360 rias
505 2305 796 2376 irrogasse
827 2302 1299 2371 deprehenditur.
1333 2301 1483 2367 Quin
1513 2301 1688 2357 etiam
1732 2301 1831 2356 illa
1875 2303 2003 2372 ejus

357 2392 660 2449 conclusio
683 2391 1180 2458 consideretur,in
1203 2408 1319 2462 qua
1332 2391 1603 2446 difﬁnivit
1621 2392 1691 2446 ab
1714 2391 2003 2460 ejusmodi

359 2481 716 2552 baptizatos,
743 2479 828 2534 vel
850 2479 1148 2535 ordinatos
1160 2495 1264 2534 nec
1288 2479 1486 2535 fideles
1505 2496 1607 2534 nec
1625 2479 1864 2535 clericos
1876 2495 2005 2534 esse

358 2586 550 2643 posse.
581 2570 742 2634 Quod
770 2569 820 2624 si
854 2569 933 2623 ita
955 2573 1064 2634 est,
1099 2573 1161 2623 ut
1192 2569 1263 2623 de
1293 2568 1512 2624 caateris
1543 2568 1778 2624 interim
1801 2573 2001 2623 tacea-

359 2663 474 2726 tur,
531 2661 760 2713 constat
805 2657 1155 2712 Novatianos
1206 2656 1506 2712 haereticos
1539 2657 1606 2712 ad
1657 2655 2003 2712 catholicam

357 2751 750 2812 transeuntes,
777 2746 943 2817 quasi
965 2762 998 2800 a
1027 2745 1168 2800 facie
1197 2744 1382 2800 leonis
1414 2746 1630 2817 fugere,
1663 2745 1764 2800 sed
1797 2761 2003 2799 ursum

363 2837 448 2892 eis
463 2850 787 2900 occurrere,
805 2836 968 2900 dum,
995 2851 1098 2906 per
1115 2833 1549 2906 impositionem
1573 2850 1784 2890 manus
1806 2834 2004 2889 catho-

364 2924 460 2980 lici
491 2923 830 2990 sacerdotis,
863 2923 971 2978 hoc
1002 2923 1086 2978 eis
1117 2924 1187 2978 ad
1218 2923 1535 2995 perniciem
1584 2924 1900 2989 confertur,
1934 2938 2005 2978 ne

363 3012 636 3084 deinceps
668 3013 799 3086 ipsi,
832 3012 919 3068 vel
952 3013 1022 3069 ab
1053 3013 1103 3068 ei
1139 3012 1410 3085 baptizati
1443 3017 1540 3068 aut
1572 3012 1846 3078 ordinati,
1872 3028 2003 3083 pos-

364 3103 484 3160 sint
514 3101 713 3158 ﬁdeles
744 3107 843 3158 aut
872 3101 1061 3158 clerici
1089 3102 1310 3157 haberi.
1343 3106 1492 3158 Sane
1522 3102 1629 3157 hoc
1662 3110 1828 3174 pacto
1858 3099 2004 3154 tole-

2122 530 2232 593 est,
2265 525 2685 582 catholicorum
2717 531 2910 583 autem
2939 531 3117 593 recta,
3150 529 3308 598 patet
3338 523 3501 581 illam
3533 541 3784 598 pravam

2122 631 2190 671 ex
2219 617 2469 687 quadam
2502 621 2654 671 recte
2681 616 2917 672 omnino
2937 633 3086 672 vana
3117 613 3508 671 similitudine
3537 615 3786 674 abusive

2123 706 2234 761 dici
2267 706 2607 771 secundam,
2634 722 2768 761 cum
2803 705 2965 761 nulla
2996 703 3465 762 substantialiter
3485 720 3591 760 seu
3625 707 3783 762 acci-

2122 795 2429 852 dentaliter
2467 796 2537 850 ad
2578 795 2821 851 invicem
2867 796 3120 852 habeant
3165 794 3782 853 connumerationem.

2121 885 2289 954 Nam,
2324 885 2369 940 si
2405 884 2525 939 haec
2559 901 2685 955 quae
2728 885 2964 941 abusive
2992 884 3205 940 dicitur
3234 882 3514 946 secunda,
3560 883 3782 941 nihilo-

2123 973 2319 1028 minus
2360 991 2535 1046 prava
2585 973 2672 1028 vel
2725 975 2954 1044 pravior
2991 978 3165 1040 esset,
3201 987 3317 1026 non
3350 971 3478 1040 jam
3511 973 3775 1044 abusive,

2122 1063 2220 1118 sed
2249 1079 2381 1118 vere
2411 1063 2703 1118 diceretur
2724 1063 3003 1118 secunda.
3046 1063 3211 1118 Nunc
3230 1075 3389 1127 vero,
3411 1074 3546 1115 cum
3570 1061 3647 1117 sit
3671 1061 3780 1118 illa

2121 1169 2318 1224 prava,
2353 1152 2468 1208 ista
2497 1157 2690 1208 autem
2723 1156 2898 1219 recta,
2931 1156 3161 1208 constat
3203 1151 3262 1205 in
3309 1148 3544 1206 duabus
3571 1153 3770 1221 rebus,

2121 1241 2234 1296 sibi
2269 1241 2505 1297 omnino
2537 1241 2843 1296 contrariis
2873 1247 2928 1297 et
2958 1240 3369 1306 dissimilibus,
3412 1259 3528 1299 non
3559 1242 3774 1299 debere

2122 1330 2234 1384 dici
2268 1331 2517 1402 primam
2540 1334 2596 1385 et
2615 1331 2956 1398 secundam,
2982 1331 3082 1387 sed
3102 1348 3280 1388 unam
3312 1332 3497 1400 illam,
3521 1349 3696 1388 unam
3711 1337 3774 1388 et

2121 1417 2317 1474 istam.
2342 1418 2666 1474 Identidem
2697 1417 3067 1474 sentiendum
3084 1423 3142 1474 et
3169 1420 3240 1475 de
3271 1421 3768 1488 ordinationibus,

2121 1507 2261 1574 sive,
2313 1512 2376 1561 ut
2405 1507 2821 1562 obtrectatores
2851 1508 3238 1576 contendunt,
3279 1510 3349 1565 de
3383 1509 3760 1565 reordinatio-

2120 1595 2314 1650 nibus.
2352 1595 2611 1666 Denique
2642 1596 2690 1650 si
2723 1595 3028 1652 haereticus
3061 1601 3194 1669 post
3221 1597 3553 1654 hazreticum
3581 1594 3765 1652 alicui

2120 1700 2332 1738 manus
2364 1683 2646 1755 imponat,
2682 1701 2858 1756 prava
2885 1685 2972 1741 vel
3005 1687 3236 1758 pravior
3269 1691 3361 1743 est
3392 1683 3766 1749 reordinatio,

2121 1779 2171 1827 et
2203 1771 2331 1826 ideo
2364 1789 2468 1828 nec
2511 1773 2823 1839 ordinatio,
2856 1773 2957 1829 sed
2993 1774 3165 1829 unica
3185 1776 3484 1848 purgatio;
3509 1789 3686 1846 quam
3708 1771 3764 1827 si

2115 1860 2439 1916 catholicus
2461 1864 2593 1932 post
2613 1861 2964 1917 catholicum
2980 1861 3189 1918 iterare
3217 1864 3305 1935 (ut
3326 1863 3590 1935 putatur)
3621 1878 3766 1934 prm-

2113 1949 2313 2016 sumit,
2348 1954 2572 2004 rectum
2595 1950 2721 2004 sine
2741 1949 3121 2021 ambiguitate
3153 1967 3326 2022 pravo
3357 1949 3686 2017 confundit;
3712 1952 3774 2004 et

2114 2038 2242 2094 ideo
2265 2055 2379 2093 non
2403 2039 2685 2094 dicendus
2705 2045 2789 2094 est
2813 2039 3192 2103 reordinasse,
3218 2039 3317 2093 sed
3346 2055 3408 2094 se
3440 2043 3497 2094 et
3520 2037 3708 2093 alium
3735 2054 3777 2093 θ.

2114 2131 2268 2184 recto
2297 2128 2370 2182 ad
2402 2143 2642 2199 pravum
2676 2127 2976 2181 seduxisse
3005 2126 3091 2181 vel
3123 2126 3452 2182 attraxisse.
3515 2127 3778 2196 Propter

2115 2218 2268 2288 quod
2287 2215 2588 2287 praemisso
2610 2213 3004 2286 apostolorum
3025 2214 3277 2286 capitulo
3292 2213 3602 2285 judicandi
3626 2218 3771 2270 sunt

2114 2304 2308 2371 ambo,
2341 2303 2562 2358 scilicet
2593 2303 2939 2373 deponendi,
2973 2303 3111 2374 quia
3137 2302 3488 2358 catholicam
3528 2301 3765 2358 ordina-

2112 2393 2329 2448 tionem
2367 2391 2689 2445 iterandam
2722 2395 3014 2463 putantes,
3034 2409 3140 2462 par
3155 2390 3482 2462 periculum
3504 2390 3767 2447 incurre-

2112 2485 2268 2536 runt.
2293 2479 2423 2534 Haec
2439 2495 2574 2533 cum
2601 2479 2684 2534 ita
2705 2479 2843 2549 sint,
2876 2479 3015 2535 solis
3035 2479 3387 2534 Simoniacis
3410 2479 3643 2551 praefata
3662 2479 3767 2535 Pa-

2111 2573 2268 2624 trum
2300 2567 2503 2640 regula
2525 2567 2583 2621 in
2612 2565 2774 2622 nullo
2791 2571 3031 2638 putatur
3052 2583 3180 2624 esse
3206 2567 3558 2635 necessaria,
3590 2567 3760 2638 quasi

2113 2657 2225 2730 ipsi
2256 2661 2358 2711 aut
2405 2672 2520 2710 non
2554 2655 2935 2728 computandi
2977 2655 3097 2711 sint
3143 2655 3434 2724 haeretici;
3477 2658 3577 2711 aut
3607 2659 3764 2710 certe

2113 2744 2422 2818 ejusmodi,
2457 2745 2671 2816 quibus
2712 2761 2746 2800 a
2775 2743 3062 2800 catholica
3091 2745 3172 2800 nil
3204 2745 3402 2818 gratiae
3434 2742 3760 2816 spiritualis

2114 2834 2301 2908 possit
2357 2832 2626 2898 conferri,
2687 2836 2896 2903 utputa
2953 2832 3166 2903 quibus
3225 2831 3528 2903 plenitudo
3575 2830 3759 2885 sancti

2114 2923 2368 2995 Spiritus
2399 2921 2470 2976 ad
2502 2924 2722 2987 votum,
2757 2919 2876 2976 sive
2906 2920 3110 2992 gratis,
3134 2920 3255 2976 sive
3286 2937 3401 2976 non
3423 2919 3606 2994 gratis
3628 2934 3758 2974 eam

2112 3011 2314 3085 largiri
2345 3009 2543 3079 velint,
2575 3009 2894 3064 famulatur
2912 3009 3001 3065 vel
3033 3010 3396 3082 obsequitur.

2760 3097 2990 3154 CAPUT
3029 3099 3116 3154 IX.

362 3191 605 3248 rabilius
635 3190 751 3247 illis
772 3192 958 3247 fuerat
985 3191 1068 3247 sic
1091 3208 1431 3264 permanere
1460 3207 1637 3262 quam
1661 3164 1730 3244 ad
1759 3187 2004 3244 catholi-
2033 3167 2076 3233 Ο
2185 3187 2400 3242 Verum
2423 3164 2570 3258 quia
2599 3203 2632 3242 a
2662 3185 2963 3242 catholicis
2994 3187 3274 3244 adversus
3312 3185 3614 3243 haereticos
3646 3185 3764 3242 cla-

361 3296 489 3336 cam
521 3281 810 3347 accedere,
843 3285 900 3336 et
929 3280 1072 3336 inibi
1106 3297 1317 3336 manus
1363 3279 1820 3351 impositionem,
1873 3283 2005 3350 post

361 3368 522 3425 illam
555 3387 732 3442 quam
765 3388 799 3426 a
845 3370 970 3426 suis
1022 3373 1383 3441 acceperant,
1435 3369 1714 3440 accipere.
1775 3367 2004 3439 Duplici

360 3476 615 3532 namque
628 3459 972 3514 contritione
994 3458 1227 3514 contriti
1254 3457 1577 3530 probantur
1597 3473 1848 3529 quorum
1861 3457 2006 3528 bap-

359 3547 535 3604 tisma
560 3547 649 3604 vel
681 3547 990 3604 clericatus
1021 3547 1100 3602 nil
1123 3549 1250 3619 jam
1281 3563 1410 3603 esse
1433 3563 1603 3619 posse
1634 3546 2002 3619 prazdicatur.

359 3639 470 3694 Sed
499 3638 651 3693 absit
670 3656 703 3694 a
724 3639 890 3694 nobis
915 3638 1022 3693 hoc
1044 3637 1132 3693 vel
1154 3636 1351 3693 leviter
1368 3636 1660 3692 aestimare
1685 3637 1697 3692 !
1731 3635 2004 3706 Alioquin

358 3731 417 3782 et
443 3726 674 3782 Nicznna
703 3728 961 3798 synodus
991 3726 1352 3782 convincitur
1381 3743 1636 3782 errorem
1665 3741 1779 3779 non
1805 3741 2007 3796 ampu-

356 3819 534 3883 tasse,
569 3816 669 3872 sed
711 3831 1104 3889 propagasse;
1140 3815 1442 3887 sanctique
1492 3815 1708 3881 Patres,
1753 3813 2007 3869 auctori-

355 3908 537 3961 tatem
558 3905 685 3977 ejus
704 3906 908 3974 secuti,
935 3904 1384 3978 quibuscunque
1405 3903 1690 3959 haereticis
1714 3903 1784 3958 ad
1813 3901 2008 3958 catho-

357 3991 533 4050 licam
563 4010 766 4051 eorum
811 3995 1254 4052 transeuntibus
1293 4009 1504 4048 manus
1553 3992 1906 4064 imposuere,
1939 4005 2008 4045 ex

358 4082 532 4141 malis
559 4085 786 4158 pejores
817 4084 910 4140 hic
940 4088 997 4140 et
1025 4085 1085 4139 in
1116 4085 1313 4140 futuro
1354 4082 1612 4138 effecere.

430 4172 575 4228 Hinc
604 4189 741 4245 ergo
781 4172 1164 4229 calomniator
1213 4171 1331 4238 ille,
1377 4170 1424 4225 si
1471 4186 1658 4226 cacus
1697 4167 2008 4240 utrobique

359 4278 475 4318 non
505 4265 614 4329 est,
641 4263 768 4332 jam
790 4262 1086 4318 evidenter
1106 4274 1522 4333 recognoscere
1542 4262 1736 4331 potest
1767 4271 1871 4313 nec
1901 4256 2008 4312 lai-

361 4367 460 4407 cos
490 4349 890 4407 haereticorum
909 4352 981 4407 ad
1009 4349 1506 4417 communionem,
1530 4364 1634 4403 nec
1663 4347 1904 4403 clericos
1936 4347 2009 4404 ad

362 4440 584 4497 clerum
615 4440 672 4495 in
699 4440 981 4498 catholica
1001 4441 1209 4496 debere
1239 4437 1460 4508 suscipi
1491 4437 1619 4494 sine
1641 4438 2011 4509 impositione

2113 3279 2326 3344 matur,
2361 3292 2495 3331 cum
2537 3275 2770 3346 utrique
2797 3276 2870 3344 fse
2909 3277 3296 3348 proﬁteantur
3335 3274 3673 3340 catholicos,
3705 3278 3764 3330 et

2113 3367 2421 3422 alterutros
2449 3363 2538 3418 vel
2561 3363 2806 3418 invicem
2829 3380 2892 3419 se
2911 3365 3110 3420 dicant
3138 3364 3458 3432 haereticos,
3481 3363 3564 3419 ita
3594 3367 3677 3430 ut,
3703 3362 3763 3418 in

2113 3455 2293 3525 hujus
2324 3453 2576 3525 plagosa':
2600 3452 2827 3524 Egypti
2848 3453 3243 3525 palpabilibus
3265 3453 3375 3509 hoc
3397 3456 3596 3508 nostro
3616 3457 3763 3508 tem-

2113 3559 2251 3616 pore
2281 3542 2560 3607 tenebris,
2595 3557 2709 3597 non
2743 3541 2899 3596 facili
2930 3542 3179 3614 perspici
3211 3542 3400 3614 possit
3428 3541 3564 3614 quis
3593 3541 3765 3612 cujus

2114 3631 2358 3705 spiritus
2389 3631 2486 3699 sit,
2520 3629 2928 3702 praetermissis
2968 3630 3244 3686 omnibus
3295 3629 3388 3686 his
3439 3631 3510 3686 de
3547 3629 3765 3702 quibus

2114 3719 2642 3793 impraesentiarum
2664 3719 2920 3774 dubitari
2941 3722 3150 3792 potest,
3174 3718 3442 3776 catholici
3475 3736 3550 3775 an
3580 3718 3763 3775 haere-

2113 3809 2213 3866 tici
2243 3808 2496 3865 habendi
2530 3808 2667 3876 sint,
2703 3808 2775 3863 ad
2805 3808 2954 3864 duos
2974 3812 3207 3865 tantum
3229 3825 3298 3865 ex
3328 3807 3764 3881 antiquissimis

2115 3901 2521 3971 retorquentur
2541 3895 2745 3970 stylus,
2771 3913 2918 3968 quos
2935 3901 3124 3954 certos
3143 3901 3202 3954 et
3217 3897 3550 3954 diffamatus
3578 3897 3763 3952 heare-

2114 3988 2282 4054 ticos,
2317 3991 2431 4043 uta
2455 3985 2672 4043 sanctis
2692 3986 2966 4042 Patribus
2987 3987 3260 4043 concordi
3281 3986 3578 4042 sententia
3602 3986 3764 4042 dam-

2116 4081 2284 4133 natos
2314 4075 2386 4132 ab
2425 4074 2592 4131 initio
2622 4073 2801 4130 fuisse
2845 4074 3094 4147 ambigit
3137 4073 3357 4132 nullus.
3410 4076 3481 4131 Et
3508 4073 3761 4148 priorem

2117 4165 2357 4239 quidem
2387 4164 2574 4220 sancti
2595 4163 2866 4236 apostoli,
2895 4163 3145 4220 alterum
3177 4180 3309 4221 vero
3341 4165 3687 4221 detexerunt
3710 4166 3770 4219 et

2117 4251 2713 4311 damnaveruntomni
2731 4253 2952 4309 mundo
2971 4252 3270 4310 reverendi
3293 4253 3494 4309 Patres
3523 4252 3767 4310 Nicaanze

2118 4342 2344 4416 synodi,
2380 4345 2438 4398 et
2465 4344 2597 4413 post
2625 4357 2724 4398 eos
2746 4345 3035 4414 quotquot
3063 4342 3224 4398 fuere
3240 4341 3331 4398 vel
3358 4345 3500 4398 sunt
3525 4339 3770 4399 catholi-

2118 4449 2196 4489 cae
2245 4431 2402 4488 ﬁdei.
2443 4430 2718 4487 Decimus
2769 4435 2966 4488 autem
3015 4431 3314 4488 Simonem
3365 4431 3605 4505 Magum
3635 4447 3768 4487 cum

363 4546 578 4586 manus
608 4529 880 4586 catholici
914 4528 1234 4586 sacerdotis
1265 4531 1400 4598 post
1425 4525 1588 4580 illam
1610 4542 1789 4597 quam
1821 4544 1855 4582 a
1885 4527 2010 4584 suis
2042 4539 2088 4604 ι)
2119 4521 2244 4578 suis
2274 4518 2656 4590 Simonianis,
2680 4523 2736 4576 et
2755 4520 2962 4576 Arium
2989 4521 3449 4578 Alexandrinum
3481 4521 3773 4594 presbyte-

364 4619 657 4692 accepisse
685 4620 972 4676 sciuntur.
1006 4617 1256 4683 Etenim,
1280 4615 1329 4670 si
1357 4613 1490 4669 laici
1513 4614 1747 4683 fuerint,
1768 4631 1872 4688 per
1887 4633 2012 4672 ma-

367 4725 479 4764 nus
511 4708 947 4780 impositionem
991 4710 1048 4762 et
1073 4702 1410 4760 chrismatis
1439 4701 1774 4758 unctionem
1810 4703 1866 4758 in
1901 4704 2014 4760 ﬁde

364 4798 827 4864 conﬁrmantur;
880 4795 930 4850 si
984 4793 1197 4861 clerici,
1234 4789 1619 4846 nihilominus
1671 4808 1774 4864 per
1803 4809 2015 4848 manus

363 4885 800 4958 impositionem
826 4885 1172 4955 permanent
1191 4880 1249 4934 in
1282 4879 1504 4946 ordine,
1536 4894 1711 4950 quem
1731 4880 2016 4939 hactenus

365 4973 645 5030 habuisse
665 4973 1033 5028 videbantur.
1054 4969 1217 5025 Unde
1247 4967 1432 5038 liquet
1462 4969 1778 5024 secundam
1805 4987 2017 5027 manus

365 5062 804 5136 impositionem
829 5058 1226 5115 authenticam
1256 5073 1385 5112 esse
1411 5061 1467 5112 et
1495 5058 2014 5129 pernecessariam,

367 5151 417 5207 si
458 5156 656 5207 tamen
708 5167 741 5206 a
787 5147 1089 5205 catholicis
1132 5150 1264 5220 post
1294 5145 1616 5213 haereticos,
1657 5163 1772 5202 non
1822 5156 2016 5204 autem

366 5244 500 5312 post
528 5238 849 5295 catholicos
881 5239 1000 5294 ﬁat.
1036 5239 1169 5304 Quae
1210 5241 1408 5291 tamen
1453 5250 1665 5290 manus
1692 5235 2012 5308 impositio,

369 5327 418 5384 si
440 5326 760 5399 prudenter
780 5326 1120 5392 advertitur,
1135 5339 1510 5396 nequaquam
1531 5325 1789 5380 secunda
1809 5329 1912 5380 aut
1935 5325 2018 5382 a1-

367 5419 494 5471 tera
523 5419 676 5470 recte
706 5417 808 5470 sed
843 5416 949 5470 rite
981 5415 1214 5471 dicitur.
1250 5413 1399 5468 Nam
1429 5412 1636 5468 beatus
1667 5430 1818 5486 papa
1845 5415 2018 5471 Inno-

371 5501 600 5557 centius
629 5503 894 5557 omnium
924 5502 1328 5559 haereticorum
1352 5503 2018 5574 manusimpositioncm

373 5602 503 5644 esse
533 5603 769 5656 pravam
807 5593 1184 5661 protestatur,
1216 5594 1435 5647 rectam
1479 5592 1675 5646 autem
1706 5590 2015 5650 catholico-

2123 4626 2254 4666 rum
2286 4625 2421 4666 cum
2467 4607 2592 4665 suis
2630 4607 2863 4666 Arianis
2895 4627 2908 4666 :
2946 4626 3198 4684 quorum
3242 4609 3404 4683 prior
3440 4608 3710 4682 quamvis
3739 4625 3774 4664 a

2124 4700 2344 4757 sanctis
2374 4697 2642 4754 Patribus
2671 4702 2975 4772 reputatur
2995 4701 3178 4773 pejor,
3205 4704 3402 4756 tamen
3433 4698 3574 4770 quia
3602 4713 3774 4771 pares

2124 4789 2185 4846 in
2215 4788 2421 4844 haeresi
2451 4791 2733 4860 utrosque
2753 4805 2882 4845 esse
2913 4805 3093 4861 supra
3121 4787 3535 4853 concessimus,
3568 4789 3776 4842 contra

2128 4877 2301 4934 fusile
2318 4880 2553 4934 scutum
2576 4880 2634 4932 et
2645 4881 3003 4934 armaturam
3021 4879 3229 4951 perﬁdi
3255 4881 3309 4934 et
3321 4873 3554 4931 redivivi
3576 4872 3771 4930 Simo-

2126 4969 2218 5026 nis
2256 4969 2554 5024 vibremus
2583 4971 2641 5022 et
2670 4971 3164 5042 contorqueamus
3189 4965 3379 5040 jacula
3425 4966 3772 5020 sanctorum

2125 5058 2383 5124 Patrum,
2408 5056 2626 5129 quibus
2645 5056 2996 5130 impugnata
3021 5061 3078 5114 et
3101 5058 3430 5131 expugnata
3448 5053 3560 5110 fuit
3591 5052 3775 5110 artiﬁ-

2124 5146 2282 5202 ciosa
2303 5149 2600 5202 armatura
2617 5146 2814 5202 vesani
2836 5146 2975 5215 Arii,
2999 5163 3106 5203 nec
3113 5148 3138 5218 j
3147 5163 3242 5203 am
3263 5159 3517 5217 usquam
3535 5158 3777 5216 compa-

2127 5235 2326 5292 rentis.
2359 5236 2429 5290 Et
2459 5233 2649 5306 primo
2683 5235 2922 5307 quidem
2947 5235 3191 5309 prolatis
3221 5233 3648 5291 catholicorum
3680 5232 3776 5287 Pa-

2125 5329 2284 5380 trum
2316 5322 2674 5380 testimoniis
2696 5328 2870 5396 atque
2901 5323 3120 5398 regulis
3140 5323 3510 5389 ostendatur,
3534 5320 3776 5378 Ariano-

2127 5430 2257 5468 rum
2289 5417 2346 5468 et
2374 5411 2624 5468 aliorum
2667 5412 3073 5471 haereticorum
3110 5413 3414 5486 baptisma
3439 5409 3649 5484 quanti
3677 5409 3777 5467 ha-

2126 5501 2381 5568 buerint,
2429 5498 2519 5556 vel
2565 5500 2706 5572 quid
2747 5517 2878 5558 esse
2927 5503 3240 5560 senserint.
3289 5503 3520 5574 Itaque,
3551 5500 3616 5556 in
3643 5516 3779 5558 san-

2127 5597 2354 5650 ctorum
2388 5592 2620 5662 patrum
2663 5591 3062 5663 apostolorum
3101 5591 3453 5662 canonibus,
3506 5606 3660 5665 quos
3687 5589 3780 5648 hic
