4004 6210
370 370 523 433 1027

371 598 580 751 mitto,
613 682 773 750 epist.
799 681 920 745 129,
942 678 1012 734 ad
1035 681 1307 745 Nz'cctam,
1331 695 1455 750 cap.
1479 679 1559 748 7.)
1595 699 1620 731 α
1645 678 1732 745 Hi,
1754 678 1850 749 qui
1870 678 2011 749 bap-

364 768 610 823 tismum
634 769 705 823 ab
737 768 1027 823 haereticis
1060 771 1413 839 acceperunt
1441 784 1575 822 cum
1609 765 1885 839 baptizati
1916 782 2013 820 an-

365 860 420 912 te
451 873 567 911 non
612 855 886 925 fuissent,
937 855 1061 912 sola
1093 856 1276 911 sancti
1338 855 1592 926 Spiritus
1648 854 2013 910 invocatione

364 962 468 1016 per
496 945 930 1017 impositionem
965 961 1249 1000 manuum
1272 945 1657 1000 conﬁrmandi
1691 947 1852 1012 sunt,
1877 942 2013 1015 quia

364 1034 611 1089 formam
646 1038 877 1089 tantum
911 1034 1190 1105 baptismi
1213 1034 1340 1089 sine
1372 1033 1855 1089 sanctiﬁcationis
1895 1033 2010 1087 vir-

361 1127 485 1177 tute
514 1126 913 1193 sumpserunt.
941 1122 1173 1177 Ethanc
1194 1122 1553 1195 regulam,ut
1574 1123 2009 1189 scitis,servan-
2033 1140 2041 1147 '

361 1211 495 1265 dam
519 1210 576 1265 in
601 1210 875 1266 omnibus
899 1211 1173 1267 Ecclesiis
1197 1211 1907 1283 prmdicamusdavacrum
1928 1229 2011 1267 se-

361 1299 476 1355 mel
492 1300 702 1354 initum
724 1298 884 1354 nulla
901 1299 1217 1355 iteratione
1237 1300 1743 1366 violetur,dicente
1763 1302 2007 1370 Aposto-

358 1386 446 1442 lo:
483 1388 697 1443 «Unus
726 1392 1020 1457 Deus,una
1046 1388 1406 1455 ﬁdes,unum
1448 1388 1740 1459 baptisma
1790 1389 2004 1458 (Ephcs,

360 1480 555 1543 1v,5).»
573 1477 755 1547 Cujus
775 1476 995 1531 ablutio
1020 1475 1185 1531 nulla
1206 1476 1512 1532 iteratione
1535 1476 1875 1531 temeranda
1896 1480 2004 1544 est,

359 1566 458 1619 sed
484 1572 546 1620 ut
563 1564 975 1631 diximus,sola
997 1565 1380 1620 sanctiﬁcatio
1404 1565 1589 1619 sancti
1614 1565 1868 1635 Spiritus
1911 1565 2005 1619 in-

357 1654 620 1707 vocanda
643 1659 748 1719 est,
774 1659 837 1707 ut
859 1654 1010 1725 quod
1036 1655 1108 1708 ab
1131 1653 1412 1708 haereticis
1439 1670 1609 1708 nemo
1631 1653 1895 1725 accipil,a
1918 1670 2006 1708 ca-

359 1741 589 1797 tholicis
629 1742 1030 1797 sacerdotibus
1075 1746 1546 1813 consequatur.»
1600 1741 1761 1796 Unde
1825 1758 2003 1813 supra

360 1831 509 1884 idem
535 1831 733 1884 doctor
756 1830 1118 1899 (Lnoxpz'slﬂ
1144 1831 1213 1883 ad
1235 1831 1462 1894 Rustic,
1496 1830 1717 1900 capJS)
1746 1847 1755 1881 :
1803 1852 1825 1877 ‹‹
1852 1830 2001 1885 Sunt
2028 1864 2077 1930 B

365 1918 462 1989 qui
490 1936 600 1972 non
632 1935 691 1972 se
713 1919 1035 1989 baptizatos
1062 1918 1460 1983 ncsciunt,sed
1502 1918 1671 1987 cujus
1692 1918 1824 1972 ﬁdei
1878 1919 1998 1973 fue-

358 2006 470 2060 rint
484 2006 581 2077 qui
601 2023 695 2061 eos
713 2006 1145 2078 baptizaverunt
1160 2023 1221 2061 se
1239 2006 1459 2061 nescire
1472 2007 2000 2077 proﬁtentur,unde

356 2095 628 2165 quoniam
659 2094 921 2165 quolibet
939 2095 1109 2149 modo
1136 2095 1378 2149 formam
1420 2095 1789 2165 baptismatis
1837 2112 1997 2151 acce-

358 2182 924 2255 perunt,haptizandi
952 2200 1064 2237 non
1089 2181 1355 2249 sunt,scd
1384 2201 1483 2255 per
1507 2200 1717 2239 manus
1754 2183 1994 2256 imposi-

352 2274 567 2326 tionem
592 2272 855 2326 invocata
874 2271 1083 2325 virtute
1107 2272 1360 2342 Spiritus
1379 2273 1769 2344 sancti,quam
1795 2275 1865 2327 ab
1886 2273 1997 2327 ha:-

352 2361 549 2415 reticis
569 2360 829 2431 accipere
854 2376 965 2414 non
994 2359 1642 2430 potuerunt,catholicis
1682 2360 1994 2432 copulandi

354 2452 515 2501 sunt.
542 2469 569 2495 »
598 2447 805 2500 Beatus
833 2462 1063 2515 quoque
1083 2444 1363 2499 Eusebius
1388 2446 1621 2515 (Busan.
1646 2448 1991 2518 cpist.l).an-

352 2540 405 2589 tc
427 2534 803 2588 Melchiadcm
822 2539 879 2588 et
900 2534 1257 2605 Sylvestrum
1314 2534 1636 2589 Romanam
1678 2535 1993 2591 Ecclesiam

352 2623 784 2697 gubernans,de
807 2622 1202 2693 suscipiendis
1224 2622 1513 2677 haereticis
1537 2623 1617 2677 ita
1664 2623 1992 2680 Gallicanos

351 2711 654 2783 episcopos
678 2711 988 2766 instruxit:
1041 2711 1253 2774 «Quod
1303 2711 1683 2781 signiﬁcastis
1735 2713 1874 2785 quid
1923 2715 1993 2770 de

351 2801 640 2854 conversis
685 2799 971 2853 haereticis
992 2800 1111 2854 ﬁeri
1164 2799 1482 2865 debuisset,
1517 2801 1719 2857 scitote
1751 2818 1855 2858 nos
1894 2820 1993 2858 eos

353 2889 450 2960 qui
484 2888 540 2942 in
566 2893 779 2943 sanctae
805 2888 1110 2943 Trinitatis
1136 2888 1245 2943 ﬁde
1271 2888 1541 2959 baptizali
1567 2894 1706 2944 sunt
1728 2908 1829 2961 per
1876 2891 1990 2945 im-

351 2978 619 3031 sitionem
646 2993 854 3030 manus
879 2977 1193 3048 suscipere.
1222 3000 1248 3026 »
1276 2977 1600 3040 Item,unde
1623 2978 1992 3049 supra,Cam-

351 3065 533 3136 punice
567 3070 623 3120 et
645 3066 867 3119 Tuscia:
893 3065 1181 3136 episcopis
1232 3066 1422 3135 (Epist.
1474 3068 1566 3132 3):
1615 3090 1641 3115 ‹‹
1681 3067 1992 3122 Ilaereticos

350 3170 576 3218 omnes,
597 3154 933 3225 quicunque
961 3154 1030 3208 ad
1063 3153 1311 3224 gratiam
1334 3154 1432 3208 Dei
1469 3159 1902 3221 convertuntur,
1935 3160 1991 3210 et

1384 363 1867 429 HUMBERTUS
1915 364 1981 426 S.
2027 360 2101 426 R.
2148 363 2219 425 Ε.
2266 362 2754 427 CARDINALIS.

378 504 572 560 tulum
601 519 777 575 super
814 500 921 556 hoc
953 501 1143 556 denuo
1174 499 1266 554 hic
1297 499 1551 555 inserere
1614 500 1857 554 minime
1908 514 2015 553 nos
2042 498 2097 563 Α

3620 367 3787 432 1028

2749 496 2978 552 CAPUT
3035 496 3124 551 XI.

2194 586 2475 642 Praeterea
2498 586 2655 651 hinc,
2670 586 2797 656 jam
2820 585 3064 658 prolatis
3085 585 3217 641 aliis
3271 591 3613 644 sanctorum
3662 591 3775 648 Pa-

2122 678 2279 729 trum
2304 675 2542 748 regulis,
2566 677 2893 730 monstrare
2913 674 3314 732 laborabimus
3358 678 3565 750 quanti
3616 680 3773 736 aesti-

2123 764 2427 829 maverint,
2450 763 2568 819 imo
2600 762 2961 819 decreverint
2989 762 3295 821 haereticos
3343 764 3648 823 habendos
3699 768 3762 825 in

2122 851 2381 924 qualibet
2401 852 2626 908 actione
2648 868 2757 907 sua
2774 850 2857 907 vel
2886 852 3346 923 conversatione,
3368 870 3517 927 quos
3540 857 3770 927 pejores

2121 941 2362 1013 paganis
2380 945 2435 996 et
2453 941 2671 996 Judaeis
2701 940 3061 1012 judicavere,
3086 940 3240 997 sicut
3291 958 3361 998 ex
3404 943 3468 999 B.
3516 943 3767 1001 Joannis

2120 1028 2537 1101 Chrysostomi,
2564 1045 2740 1100 super
2788 1028 3129 1085 Matthieum
3178 1030 3561 1103 expositione,
3593 1034 3767 1090 doce-

2121 1134 2255 1171 mur
2275 1117 2492 1173 elarius
2515 1116 2662 1173 luce.
2687 1118 2782 1173 Ait
2804 1118 2998 1193 enim:
3034 1142 3055 1168 α
3107 1118 3245 1189 Rex,
3274 1136 3409 1175 cum
3455 1121 3667 1178 viderit
3701 1122 3763 1179 in

2120 1206 2379 1262 Ecclesia
2399 1206 2614 1262 Christi
2637 1224 2752 1262 non
2772 1206 3048 1263 vestitum
3080 1211 3238 1264 veste
3286 1209 3559 1282 nuptiali,
3584 1210 3643 1266 id
3674 1216 3766 1267 est

2118 1295 2230 1349 ﬁde
2250 1311 2403 1363 vera,
2420 1295 2590 1366 jubet
2612 1295 2910 1351 ministros
2931 1312 3091 1365 suos,
3117 1296 3174 1350 id
3196 1300 3285 1353 est
3306 1297 3494 1355 malos
3515 1299 3760 1373 spiritus

2117 1384 2553 1451 seductionum,
2580 1400 2715 1439 nam
2744 1383 2901 1439 mala
2913 1401 3015 1456 per
3037 1384 3225 1441 malos
3247 1386 3491 1458 spiritus
3537 1389 3753 1457 reddit,

2115 1471 2304 1542 qualis
2332 1471 2440 1527 fuit
2459 1472 2702 1543 spiritus
2717 1473 2930 1528 erroris
2949 1490 3125 1545 quem
3152 1474 3314 1531 misit
3331 1480 3478 1532 Deus
3496 1480 3559 1532 ut
3572 1478 3754 1532 sedu-

2113 1560 2437 1627 catAehab,
2468 1560 2618 1616 sicut
2638 1560 2921 1633 scriptum
2936 1566 3024 1618 est
3050 1562 3111 1618 in
3132 1564 3302 1620 tertio
3329 1562 3471 1620 llbro
3517 1565 3745 1638 Regno-

2111 1665 2263 1717 rum,
2290 1648 2373 1703 vel
2399 1649 2591 1720 qualis
2609 1654 2697 1706 est
2717 1652 2974 1721 operatio
2995 1653 3231 1722 erroris,
3250 1669 3425 1725 quem
3461 1653 3618 1708 dabit
3661 1654 3751 1708 eis

2113 1739 2387 1809 Deus,qui
2416 1738 2756 1794 charitatem
2783 1739 2880 1795 Dei
2906 1758 3020 1796 non
3044 1747 3409 1814 receperunt,
3433 1746 3497 1797 ut
3518 1742 3754 1797 credant

2113 1826 2473 1881 mendacio.»
2498 1828 2561 1881 Et
2580 1832 2711 1899 post
2732 1846 2918 1900 pauca
2943 1846 2955 1883 :
2980 1830 3568 1902 Etapprehendentes
3610 1846 3745 1885 cum

2108 1932 2210 1986 per
2230 1915 2359 1987 ipsa
2379 1933 2683 1989 opera,per
2704 1918 2831 1989 ipsa
2852 1918 3095 1972 consilia
3115 1920 3263 1989 ejus,
3289 1920 3535 1973 mittunt
3556 1935 3655 1975 eos
3687 1918 3749 1972 in

2110 2004 2379 2059 tenebras
2418 2006 2751 2071 exteriores,
2810 2006 2865 2060 id
2888 2010 2977 2061 est
3015 2006 3078 2064 in
3095 2021 3345 2060 errorem
3396 2006 3746 2076 gentilium,

2104 2093 2461 2160 Judzeorum,
2494 2092 2579 2148 vel
2609 2094 3025 2148 haereticorum.
3072 2093 3136 2146 Et
3194 2092 3437 2147 forsitan
3498 2093 3750 2164 prepin-

2106 2182 2338 2252 quiores
2369 2185 2509 2236 sunt
2538 2181 2781 2236 tenebrae
2804 2179 3131 2253 gentilium,
3161 2180 3475 2236 exteriores
3535 2185 3741 2237 autem

2102 2269 2460 2333 Judmorum,
2494 2270 2659 2340 pejus
2689 2273 2883 2323 autem
2935 2269 3246 2324 exteriores
3299 2268 3741 2338 haereticorum,

2105 2359 2382 2429 quoniam
2413 2357 2655 2428 gentiles
2686 2356 2987 2414 veritatem
3045 2361 3332 2429 spernunt
3385 2374 3565 2429 quam
3626 2376 3744 2414 non

2104 2446 2409 2501 audierunt
2443 2444 2669 2511 ;Judzei
2697 2450 2894 2500 autem
2963 2461 3143 2515 quam
3174 2462 3291 2499 non
3349 2444 3743 2513 crediderunt,

2102 2532 2353 2588 haeretici
2383 2536 2578 2586 autem
2613 2548 2790 2602 quam
2823 2530 3135 2586 audierunt
3169 2534 3227 2586 et
3255 2531 3609 2588 didicerunt.
3645 2533 3736 2604 Ip-

2102 2638 2300 2677 sarum
2333 2636 2565 2691 quoque
2594 2620 2998 2676 harreticorum
3045 2620 3422 2676 tenebrarum
3476 2622 3741 2693 quaedam

2103 2715 2239 2766 sunt
2271 2726 2448 2781 prope
2477 2708 2665 2763 lucem
2695 2708 2978 2775 veritatis,
3012 2708 3136 2764 alia:
3195 2713 3394 2764 autem
3443 2709 3678 2783 longius
3706 2727 3742 2766 a

2100 2799 2363 2867 veritate,
2411 2802 2469 2852 et
2497 2798 2625 2852 ideo
2674 2797 2981 2869 nigriores,
3040 2797 3162 2852 alia)
3219 2802 3415 2853 autem
3476 2797 3734 2871 amplius

2100 2887 2290 2959 longe,
2326 2892 2381 2941 et
2412 2887 2540 2941 ideo
2571 2887 2892 2957 pressiores
2949 2891 3005 2942 et
3063 2887 3395 2956 exteriores,
3443 2888 3501 2943 id
3533 2892 3622 2944 est
3677 2888 3740 2943 in

2101 2976 2346 3030 haereses
2394 2976 2885 3046 perversissimas.
2950 2998 2976 3023 ››
3036 2976 3116 3030 Ex
3173 2992 3291 3047 qua
3335 2975 3735 3049 Chrysostomi

2100 3064 2388 3119 sententia
2414 3064 2840 3118 convincuntur
2868 3063 3121 3119 bieretici
3153 3064 3396 3137 paganis
3425 3069 3482 3121 et
3520 3065 3743 3121 Judaais

2100 3155 2346 3223 pejores,
2375 3152 2643 3222 quamvis
2673 3169 2740 3206 ex
2789 3151 2933 3223 ipsis
2991 3152 3278 3208 haereticis
3326 3153 3445 3209 sint
3500 3154 3742 3226 quidam

350 3240 408 3293 in
431 3244 641 3295 sancta:
661 3240 961 3294 Trinitatis
977 3240 1210 3295 nomine
1231 3242 1531 3295 credentes
1556 3242 1825 3313 baptizati
1851 3248 1989 3298 sunt
2020 3228 2063 3296 C
2102 3241 2346 3307 veritati,
2382 3241 2438 3295 id
2471 3245 2557 3295 est
2579 3240 2874 3295 catholica:
2904 3242 3053 3296 tidaei
3085 3242 3552 3314 propinquiorcs,
3607 3244 3744 3315 qui-

351 3329 620 3383 Romanze
654 3328 920 3383 Ecclesia:
947 3334 1204 3383 tenentes
1228 3328 1623 3401 regulam,pcr
1646 3348 1854 3386 manus
1881 3332 1986 3386 im-

348 3418 694 3488 positionem
719 3416 1074 3471 reconciliari
1103 3418 1534 3488 prrecipimus.»
1577 3419 1986 3491 Manusimpo-

348 3506 573 3563 sitionis
592 3511 1021 3561 sacramentum
1048 3523 1260 3576 magna
1282 3506 1650 3563 veneratione
1670 3510 1986 3564 tenendum

345 3597 605 3659 est.Quze
633 3596 704 3649 ab
736 3594 864 3649 aliis
899 3595 1092 3666 perﬁci
1155 3612 1266 3648 non
1294 3599 1499 3665 potest,
1535 3596 1647 3650 nisi
1682 3599 1987 3654 asummis

345 3684 768 3747 sacerdotibus,
816 3700 919 3738 nec
972 3689 1233 3755 tempore
1282 3683 1680 3754 apostolorum
1733 3687 1806 3739 ab
1855 3686 1988 3741 aliis

347 3791 522 3845 quam
546 3772 785 3844 abipsis
811 3772 1089 3843 apostolis
1114 3772 1324 3844 legitur
1372 3777 1473 3827 aut
1521 3774 1707 3828 scitur
1754 3780 1989 3845 peracta

345 3879 685 3933 essc,neque
709 3860 1253 3931 abaliis,sicutjam
1302 3861 1527 3916 dictum
1578 3868 1873 3934 est,quam
1914 3865 1985 3918 ab

346 3950 462 4007 illis
482 3950 583 4022 qui
608 3966 806 4007 eorum
828 3949 1021 4006 locum
1044 3954 1531 4022 tenent,unquam
1555 3952 1749 4023 perﬁci
1776 3956 1983 4023 potest,

345 4045 445 4096 aut
466 4040 943 4096 ﬁeridebet.Nam
963 4039 1009 4094 si
1037 4037 1207 4094 aliter
1238 4046 1658 4111 praesumptum
1686 4041 1877 4106 fuerit,
1909 4042 1984 4095 ir-

262 4170 265 4175 .
344 4129 521 4184 ritum
541 4129 846 4196 habeatur,
898 4133 954 4183 et
975 4145 1247 4193 vacuum,
1284 4145 1388 4184 nec
1429 4129 1577 4183 inter
1597 4129 1981 4184 ecclesiastica

346 4235 608 4289 unquam
635 4216 1005 4288 reputabitur
1035 4223 1421 4273 sacramenta.
1467 4218 1627 4274 Unde
1685 4235 1885 4290 supra,
1919 4235 1987 4274 ex

344 4305 588 4362 concilio
609 4304 932 4361 Arelatensi
951 4306 1124 4377 cujus
1155 4311 1358 4361 auctor
1380 4307 1436 4361 Β.
1495 4323 1642 4379 papa
1698 4306 1989 4379 Sylvester

345 4394 526 4449 fuisse
558 4393 773 4449 dicitur
799 4394 978 4465 (Cone.
1014 4396 1217 4449 Arelat.
1251 4412 1375 4449 can.
1409 4396 1497 4465 8):
1535 4418 1561 4444 ‹‹
1598 4396 1657 4451 Si
1690 4397 1760 4451 ad
1795 4395 1985 4452 Eccle-

347 4483 496 4538 siam
531 4482 744 4554 aliquis
767 4483 838 4538 ab
868 4482 1070 4538 haeresi
1094 4483 1334 4550 venerit,
1365 4482 1726 4557 interrogent
1754 4501 1889 4540 eum
1916 4486 1987 4541 de

342 4570 626 4644 symbolo,
651 4578 705 4627 et
736 4571 784 4627 si
815 4571 1067 4627 viderint
1096 4587 1225 4661 eum
1263 4572 1320 4626 in
1376 4572 1561 4639 Patre,
1599 4577 1655 4627 et
1710 4572 1872 4639 Filio,
1932 4579 1987 4630 et
2015 4597 2064 4661 D

341 4661 563 4733 Spiritu
599 4665 799 4717 sancto
825 4676 953 4716 esse
985 4660 1368 4731 baptizatum,
1388 4677 1600 4716 manus
1626 4661 1675 4716 ei
1722 4663 1985 4734 impona-

338 4755 436 4806 tur
470 4754 728 4818 ;tantum
754 4753 817 4804 ut
839 4748 1083 4820 accipiat
1103 4748 1383 4818 Spiritum
1414 4754 1709 4804 sanctum.
1730 4772 1755 4797 ››
1780 4751 1881 4805 His
1903 4768 1986 4807 er-

337 4857 410 4912 go
432 4839 626 4894 elaliis
652 4836 992 4910 hujusmodi
1016 4840 1357 4891 sanctorum
1378 4837 1618 4892 Patrum
1671 4839 1983 4912 quamplu-

339 4928 505 4983 ribus
526 4924 1225 4992 testimoniis,manil‘este
1250 4924 1988 4984 instruimurcalhulicmﬁ-

341 5016 436 5072 dei
460 5018 805 5071 fundatores
827 5018 884 5069 et
905 5013 1523 5086 prmdieatoresquanti
1547 5016 1859 5072 habuerint
1878 5017 1989 5072 hze-

336 5105 651 5162 rcticorum
672 5103 1213 5177 baptisma,manus
1237 5119 1470 5176 quoque
1491 5120 1691 5161 eorum
1742 5106 1982 5178 imposi-

333 5196 578 5261 tionem,
612 5210 738 5266 qum
761 5196 1007 5265 utraque
1031 5191 1157 5248 sine
1188 5192 1508 5249 chrismate
1556 5211 1673 5249 non
1723 5195 1981 5251 fuerunt.

334 5283 557 5352 Nempe
578 5299 645 5337 ex
673 5283 758 5337 eis
794 5282 863 5337 ad
897 5281 1246 5338 catholicam
1277 5282 1598 5348 venientes,
1657 5288 1715 5338 et
1771 5300 1985 5341 manus

332 5369 776 5440 impositionem
809 5386 943 5425 cum
975 5370 1336 5426 invocatione
1366 5371 1551 5427 sancti
1586 5372 1836 5443 Spiritus
1884 5390 1988 5428 ac-

332 5456 568 5529 cipiunt
596 5458 666 5512 ab
691 5457 981 5530 episcopis
1011 5457 1335 5527 catholicis,
1371 5464 1427 5515 et
1458 5476 1623 5515 sacro
1666 5460 1984 5517 chrismate

330 5548 770 5622 peruagantur,
805 5546 971 5617 quasi
1003 5545 1104 5618 qui
1127 5546 1271 5604 nihil
1302 5548 1514 5606 horum
1546 5547 1832 5609 hactenus
1878 5549 1982 5608 ha-

330 5627 596 5694 buerint.

2099 3332 2233 3385 dam
2265 3329 2722 3401 longinquiores.
2760 3330 2931 3385 Porro
2964 3331 3023 3384 in
3056 3330 3272 3403 quibus
3303 3331 3561 3389 hazretici
3582 3349 3614 3387 a
3647 3349 3740 3388 ca-

2098 3418 2331 3473 tholicis
2354 3419 2472 3472 sint
2493 3418 2872 3485 devitandi,ct
2888 3419 3044 3474 velut
3061 3420 3271 3492 pagani
3290 3425 3393 3475 aut
3409 3420 3595 3476 Judaei
3615 3438 3745 3493 pro-

2098 3506 2188 3561 cul
2220 3507 2490 3572 habendi,
2524 3510 2580 3561 et
2605 3523 2673 3560 ex
2694 3507 2897 3562 multis
2919 3513 3255 3563 sanctorum
3280 3508 3519 3564 Patrum
3542 3509 3743 3565 docea-

2099 3614 2229 3650 mur
2260 3596 2587 3667 scriptis,et
2609 3611 2676 3650 ex
2699 3596 2984 3667 subjectis
3007 3596 3425 3653 catholicorum
3444 3597 3738 3670 capitulis.

2168 3686 2249 3739 Ea:
2276 3686 2506 3740 concilio
2552 3684 2888 3750 Laodicensi,
2915 3701 3034 3756 cap.
3067 3687 3120 3740 6.
3183 3707 3211 3735 ‹‹
3244 3686 3366 3742 Non
3426 3687 3744 3743 conceden-

2095 3774 2235 3828 dum
2262 3772 2545 3828 haereticis
2574 3772 2877 3845 ingressus
2909 3774 3121 3829 domus
3152 3775 3253 3829 Dei
3285 3775 3343 3829 in
3378 3774 3586 3831 haeresi
3614 3792 3741 3848 per-

2097 3862 2488 3918 manentibus.
2514 3886 2537 3914 ι

2166 3954 2317 4019 Item,
2349 3967 2422 4006 ea:
2442 3950 2623 4006 eodem
2652 3952 2904 4018 concilio,
2940 3968 3058 4024 cap.
3117 3952 3153 4005 9
3210 3953 3384 4008 «Non
3449 3954 3736 4010 acceden-

2096 4042 2233 4095 dum
2253 4041 2326 4096 ad
2358 4040 2691 4096 cmmeteria
2713 4039 2800 4095 vel
2832 4057 2958 4112 quae
2991 4041 3271 4114 martyris
3299 4042 3580 4098 dicuntur
3617 4042 3736 4098 ha-

2096 4130 2408 4185 reticorum
2438 4127 2758 4185 catholicos
2797 4129 3080 4186 orationis
3128 4129 3336 4201 gratia,
3367 4134 3426 4187 et
3478 4132 3740 4204 petenda

2096 4217 2416 4273 curationis
2443 4218 2677 4286 intrare,
2713 4219 2813 4274 sed
2874 4222 2931 4273 et
2951 4219 3053 4291 qui
3084 4219 3282 4287 ierint,
3313 4220 3364 4275 si
3398 4225 3539 4276 sunt
3595 4221 3741 4277 ﬁde-

2094 4307 2199 4373 les,
2232 4306 2820 4362 incommunicabiles
2848 4307 3052 4376 factos,
3086 4308 3156 4363 ad
3189 4308 3593 4380 pcenitentiam
3634 4326 3735 4366 us-

2096 4413 2208 4468 que
2229 4396 2299 4451 ad
2331 4395 2546 4466 aliquid
2578 4395 2859 4467 temporis
2890 4395 3095 4469 redigi.
3129 4396 3482 4454 Pmnitentes
3537 4403 3740 4455 autem

2093 4502 2192 4540 eos
2221 4490 2277 4540 et
2305 4501 2367 4539 se
2397 4500 2622 4540 errasse
2648 4485 2946 4541 confessos
2978 4486 3199 4558 suscipi
3230 4492 3516 4560 oportere.
3562 4511 3591 4537 ››

2166 4578 2325 4640 Item,
2356 4589 2425 4628 ea:
2454 4573 2659 4640 eodem,
2689 4589 2806 4644 cap.
2842 4576 2924 4630 10.
2958 4597 2985 4623 «
3019 4573 3132 4630 Eos
3161 4575 3262 4646 qui
3293 4576 3366 4631 ad
3416 4575 3738 4633 Ecclesiam

2104 4661 2398 4733 pertinent
2420 4660 2834 4729 indifferenter,
2865 4662 3014 4717 ﬁlios
3028 4662 3294 4734 proprios
3319 4662 3731 4720 haereticorum

2097 4750 2317 4822 nuptiis
2341 4750 2582 4806 minime
2611 4750 2818 4806 sociari
2852 4751 3191 4807 debere.Cui
3220 4752 3471 4824 capitulo
3493 4769 3742 4809 concor-

2103 4840 2271 4904 dans,
2295 4838 2749 4910 Carthaginense
2778 4839 3088 4896 concilium
3123 4841 3322 4896 statuit
3342 4843 3481 4911 (cap.
3542 4840 3613 4894 26
3656 4841 3732 4895 l6

2100 4937 2149 4984 et
2182 4928 2268 4994 t7)
2299 4932 2363 4981 ut
2395 4926 2497 4980 ﬁlii
2542 4926 2882 4983 clericorum
2941 4928 3281 5001 gentilibus,
3311 4932 3411 4983 aut
3440 4926 3737 4983 hazreticis

2096 5020 2198 5072 aut
2228 5015 2607 5083 shismaticis,
2642 5015 3014 5073 matrimonio
3036 5035 3153 5073 non
3184 5012 3641 5090 conjungantur,
3673 5020 3736 5073 et

2094 5111 2160 5160 ut
2183 5104 2460 5177 episcopi,
2493 5103 2580 5160 vel
2612 5105 2949 5176 quicunque
2974 5106 3169 5162 clerici
3200 5107 3257 5161 in
3283 5121 3381 5162 eos
3401 5106 3502 5178 qui
3534 5105 3740 5162 catho-

2094 5192 2188 5249 lici
2213 5193 2500 5249 Chrisian‘i
2533 5211 2647 5249 non
2679 5198 2834 5258 sunt,
2867 5194 3095 5251 etiamsi
3130 5195 3551 5268 consanguinei
3596 5195 3740 5264 sint,

2094 5300 2195 5355 per
2211 5283 2551 5339 donationes
2580 5268 2775 5337 rerum
2806 5299 3047 5339 suarum
3078 5284 3227 5339 nihil
3257 5284 3580 5341 conferant.
3618 5306 3649 5335 ››

2162 5374 2315 5439 Item,
2341 5388 2413 5426 ex
2434 5373 2663 5426 concilio
2695 5372 3032 5443 Laodicensi,
3055 5390 3174 5444 cap.
3200 5374 3286 5428 40.
3324 5394 3354 5423 ‹‹
3402 5372 3530 5429 Non
3565 5391 3741 5447 opor-

2090 5464 2173 5516 tet
2201 5476 2335 5515 cum
2367 5459 2641 5515 omnibus
2673 5460 2917 5515 miscere
2939 5461 3220 5531 convivia,
3244 5466 3302 5517 et
3330 5461 3421 5517 vel
3452 5462 3628 5532 ﬁlios,
3649 5462 3743 5520 vel

2091 5548 2243 5607 ﬁlias
2273 5549 2429 5620 dare,
2462 5547 2564 5605 sed
2595 5547 2783 5621 magis
2813 5547 3149 5623 accipere,si
3180 5553 3380 5607 tamen
3414 5552 3739 5627 proﬁtean-

2090 5642 2188 5700 tur
2203 5655 2266 5699 se
2297 5635 2655 5699 Christianos
2685 5636 2912 5697 futuros
2941 5652 3069 5703 esse
3100 5638 3441 5703 catholicos.
3476 5664 3507 5703 η
