4004 6210
191 350 341 414 1ὒ29

786 344 1205 410 ADVERSUS
1252 340 1724 408 SIMONIACOS
1770 340 1976 408 LIBRI
2020 336 2247 407 TRES.
2281 369 2357 389 -δ
2388 341 2621 407 LIBER
2663 340 2982 407 PRIMUS.
3074 340 3079 343 ’

3433 311 3589 405 103i)

259 485 409 550 Item,
456 497 524 537 ea:
565 479 751 535 eodem
796 481 1048 546 concilio,
1093 496 1210 550 mp.
1245 480 1329 533 Ε.
1384 502 1409 527 ‹‹
1443 480 1566 535 Non
1608 482 1834 549 oportet
1861 481 1915 545 Α
1945 480 2235 534 senserint
2268 481 2336 535 de
2366 477 2768 534 hmrcticorum
2790 477 3118 542 ordinibus,
3151 480 3250 531 aut
3270 475 3463 548 potius
3495 493 3586 531 or-

189 571 591 628 haareticorum
620 567 1058 623 benedictiones
1105 565 1193 622 vel
1237 565 1495 638 eulogias
1551 566 1830 639 accipere,

191 660 466 733 quoniam
492 658 617 715 istae
659 655 1099 713 maledictiones
1131 655 1320 728 magis
1361 659 1501 711 sunt
1529 671 1705 728 quam
1736 655 1835 710 be-

192 749 567 805 nedictiones.
607 766 633 796 η

266 840 418 906 Item,
438 835 962 900 exeodemconcilio,
985 850 1104 905 cap.
1129 833 1216 887 46.
1246 831 1420 887 «Non
1440 836 1669 905 oportet
1699 848 1833 887 cum

192 925 480 983 hmreticis
507 924 595 981 vel
627 921 1020 980 schismaticis
1050 937 1235 977 orare.
1273 942 1300 969 ››

258 1017 412 1082 Item,
461 1031 531 1070 ex
556 1013 760 1078 eodem,
792 1028 911 1082 cap.
946 1011 1032 1064 47.
1069 1033 1095 1059 ‹‹
1132 1009 1255 1064 Non
1287 1011 1513 1079 oportet
1542 1024 1575 1063 a
1615 1005 1836 1062 Judaeis

192 1103 276 1160 vel
307 1103 598 1159 haereticis
630 1101 887 1157 teriatica
918 1116 1042 1171 quae
1075 1097 1392 1152 mittuntur
1419 1095 1698 1167 accipere.
1738 1116 1764 1143 ››

266 1193 412 1250 Unde
449 1209 638 1264 supra,
672 1193 731 1245 in
761 1204 966 1244 canone
993 1187 1381 1257 apostolorum.
1422 1208 1441 1233 α
1490 1183 1833 1255 Episcopus,

195 1283 513 1355 presbyter,
548 1283 650 1336 aut
679 1279 984 1342 diaconus,
1018 1275 1118 1346 qui
1151 1290 1285 1329 cum
1316 1272 1603 1329 haereticis
1635 1286 1832 1327 orave-

196 1372 288 1440 rit,
312 1368 720 1427 tantummodo
741 1363 1153 1422 communione
1175 1363 1450 1435 privetur.
1476 1361 1536 1418 Si
1556 1378 1688 1416 vero
1709 1364 1837 1416 tan-

196 1477 370 1533 quam
398 1457 638 1514 clericos
671 1455 941 1512 hortatus
974 1452 1150 1509 fuerit
1179 1468 1277 1507 eos
1310 1467 1497 1523 agere,
1530 1450 1617 1505 vel
1650 1465 1836 1517 orare,

195 1550 525 1605 damnetur.
561 1568 589 1595 »

267 1637 413 1695 Unde
431 1652 618 1708 supra,
644 1651 714 1690 ex
733 1633 957 1689 decretis
975 1629 1337 1701 Fabiani(l6)
1368 1646 1541 1701 papae.
1569 1650 1597 1677 ‹‹
1625 1628 1841 1683 Omnes

197 1726 295 1798 qui
325 1728 542 1781 rectam
574 1739 688 1778 non
720 1721 930 1777 docent
959 1718 1306 1786 doctrinam,
1339 1717 1428 1772 vel
1462 1721 1682 1772 rectam
1724 1730 1840 1769 non

198 1813 580 1871 tenentﬁdem
602 1814 991 1877 accusatores,
1006 1807 1298 1863 neminem
1316 1810 1468 1861 recte
1480 1804 1842 1860 credentium
1876 1847 1923 1912 Β

200 1918 471 1958 accusare
490 1903 757 1972 possunt,
778 1897 917 1970 quia
936 1896 1175 1951 infamia
1196 1898 1334 1950 sunt
1355 1893 1559 1959 notati,
1579 1897 1636 1947 et
1657 1910 1690 1947 a
1711 1892 1845 1946 sinu

200 1991 405 2047 matris
435 1988 700 2045 Ecclesiae
720 2005 753 2043 a
774 1986 1004 2060 publico
1028 2001 1305 2040 mucrone
1330 1999 1514 2054 usque
1532 1983 1604 2036 ad
1629 1984 1845 2036 rectam

200 2078 638 2136 conversionem
669 2080 726 2132 et
753 2075 1142 2131 reversionem
1160 2089 1359 2129 eorum
1393 2070 1658 2127 abscissi.
1686 2069 1848 2124 Unde

200 2167 520 2240 apostolica
540 2166 1024 2221 auctoritatccum
1040 2161 1590 2232 omnibusejusdem
1616 2162 1845 2229 aposto-

198 2257 321 2313 licae
345 2261 519 2327 atque
541 2252 886 2309 universalis
910 2250 1178 2307 Ecclesia:
1201 2249 1335 2305 ﬁliis
1358 2252 1684 2305 statuentes
1707 2262 1847 2301 san-

205 2345 395 2400 cimus
427 2348 493 2398 ut
521 2358 724 2397 omnes
755 2339 937 2411 quiin
962 2338 1243 2394 catholica
1266 2339 1377 2393 ﬁde
1409 2336 1663 2408 suspecti
1687 2338 1846 2401 sunt,

204 2434 264 2488 in
298 2431 665 2487 accusatione
696 2433 848 2483 recte
877 2427 1238 2482 credentium
1281 2443 1394 2481 non
1428 2426 1845 2496 suscipiantur,

206 2521 347 2594 quia
377 2518 631 2591 suspecti
654 2533 857 2573 omnes
887 2531 1117 2586 semper
1134 2519 1274 2570 sunt
1293 2514 1620 2580 amovendi,
1650 2516 1706 2568 et
1739 2529 1850 2567 non

206 2608 544 2681 recipiendi.
581 2605 784 2661 Merito
814 2621 950 2677 ergo
982 2604 1330 2675 roprobatur
1366 2619 1567 2657 eorum
1614 2617 1851 2656 accusa-

204 2698 305 2765 tio,
339 2697 439 2768 qui
469 2695 528 2751 in
562 2697 718 2750 recta
747 2692 860 2748 ﬁde
886 2690 1142 2764 suspecti
1174 2695 1333 2759 sunt,
1363 2706 1467 2745 nec
1493 2690 1577 2745 eis
1610 2689 1849 2744 omnino

208 2803 336 2842 esse
369 2784 749 2840 credendum.
787 2804 814 2831 ››

279 2876 431 2941 Item,
466 2889 536 2928 ex
581 2871 810 2927 decretis
856 2872 918 2925 Β.
970 2870 1425 2941 Dionysii'papa,’
1471 2874 1521 2922 et
1568 2867 1851 2937 martyris.

206 2963 468 3033 (Dvoms,
512 2961 673 3029 epist.
723 2963 776 3025 2,
825 2958 896 3013 ad
932 2959 1192 3013 Severum
1237 2956 1492 3028 episcop.)
1535 2977 1563 3004 ‹‹
1600 2953 1857 3009 Crimina

208 3068 339 3123 qua:
370 3048 660 3121 episcopis
681 3046 928 3119 impingi
951 3046 1097 3101 dicis
1120 3061 1222 3117 per
1242 3044 1404 3113 alios,
1431 3061 1546 3099 non
1559 3043 1720 3099 sinas
1737 3041 1855 3097 ullo

208 3140 385 3194 modo
418 3137 562 3207 ﬁeri,
594 3136 705 3191 nisi
734 3152 836 3207 per
856 3135 1013 3207 ipsos
1036 3134 1135 3206 qui
1164 3132 1411 3189 crimina
1439 3132 1771 3197 intendunt,
1804 3130 1854 3185 si

1944 568 2362 625 dinationibus.

2015 659 2095 712 Ex
2124 660 2351 729 epistola
2378 661 2435 713 Β.
2461 660 2768 714 Innocentii
2786 672 2949 729 papa:
2968 658 3228 729 episcopis
3242 656 3588 713 Macedoniae.

1945 747 2158 819 (quoc.
2210 751 2366 817 epist.
2406 751 2498 813 22,
2550 765 2609 801 n.
2652 748 2729 817 3.)
2778 750 3030 802 Ventum
3083 749 3171 801 est
3228 746 3299 800 ad
3360 745 3591 801 tertiam

1946 837 2350 907 quaestionem,
2399 853 2525 907 quae
2577 853 2679 906 pro
2734 835 2821 890 sui
2874 835 3219 890 difﬁcultate
3267 833 3587 906 longiorem

1946 923 2118 993 exigit
2139 923 2618 995 disputationem,
2645 940 2774 977 cum
2810 939 2914 978 nos
2928 922 3192 978 dicamus
3210 922 3281 977 ab
3306 922 3594 978 hazreticis

1947 1012 2268 1076 ordinatos,
2299 1012 2665 1067 vulneratum
2701 1028 2803 1081 per
2830 1010 2991 1064 illam
3025 1028 3235 1066 manus
3267 1010 3593 1083 impositio-

1949 1100 2307 1155 nemhabere
2325 1104 2516 1170 caput,
2534 1099 2699 1155 ctubi
2723 1098 2935 1154 vulnus
2959 1098 3199 1152 inﬁxum
3222 1104 3331 1168 est,
3348 1099 3592 1154 medici-

1936 1205 2025 1256 .na
2054 1188 2388 1242 adhibenda
2411 1191 2519 1253 est,
2547 1187 2935 1241 utsanitatem
2960 1186 3147 1256 possit
3163 1187 3435 1257 recipere.
3461 1188 3595 1251 Quae

1949 1275 2169 1332 sanitas
2221 1279 2352 1347 post
2380 1275 2592 1329 vulnus
2624 1282 2821 1329 secula
2862 1273 2985 1328 sine
3018 1275 3284 1329 cicatrice
3321 1292 3447 1332 esse
3479 1295 3595 1333 non

1948 1363 2177 1436 poterit,
2193 1368 2367 1435 atque
2382 1364 2475 1416 ubi
2494 1362 2841 1433 paenitentiae
2866 1362 3185 1416 remedium
3202 1366 3597 1420 necessarium

1950 1456 2039 1507 est
2066 1450 2185 1506 illic
2220 1451 2605 1506 ordinationis
2658 1450 2936 1504 honorem
2974 1449 3165 1504 locum
3212 1450 3423 1507 habere
3481 1470 3597 1508 non

1952 1556 2142 1613 posse.
2176 1540 2320 1595 Nam
2347 1540 2500 1595 sicut
2530 1538 2745 1611 legitur
2773 1556 2785 1592 :
2820 1561 2846 1588 ‹‹
2880 1537 3174 1609 Quidquid
3206 1540 3459 1611 tetigerit
3488 1543 3600 1597 im-

1952 1651 1979 1677 ‹‹
2014 1629 2292 1693 mundus,
2326 1628 2702 1682 immundum
2733 1628 2842 1682 erit
2872 1628 3055 1698 (Num.
3091 1645 3206 1694 xxv,
3238 1630 3356 1700 22),
3394 1652 3419 1677 ››
3452 1647 3601 1702 quo-

1952 1718 2124 1771 modo
2156 1717 2213 1770 id
2236 1718 2285 1771 ei
2304 1718 2614 1781 tribuetur,
2641 1716 2793 1787 quod
2820 1715 3113 1770 munditia
3133 1733 3199 1771 ac
3223 1719 3446 1788 puritas
3464 1736 3599 1776 con-

1953 1804 2407 1875 suevitaccipere
2426 1806 2453 1859 ?
2475 1805 2573 1859 sed
2594 1809 2830 1858 econtra
2849 1804 3135 1858 asseritur
3152 1820 3285 1859 eum
3306 1807 3404 1877 qui
3420 1807 3601 1866 hono-

1955 1911 2076 1950 rem
2097 1893 2318 1963 amisit,
2342 1893 2619 1948 honorem
2645 1894 2783 1947 dare
2806 1909 2920 1947 non
2953 1909 3143 1963 posse,
3171 1910 3273 1948 nec
3298 1894 3463 1952 illum
3497 1899 3602 1954 ali-

1956 1982 2095 2055 quid
2115 1981 2573 2053 accepisse,quia
2595 1980 2735 2035 nihil
2756 1981 2813 2035 in
2837 1982 3012 2037 dante
3034 1988 3158 2037 erat
3178 1985 3332 2054 quod
3358 1985 3453 2041 ille
3476 2004 3605 2058 pos-

1956 2075 2044 2127 set
2074 2071 2353 2141 accipere.
2384 2075 2451 2124 Et
2488 2086 2685 2124 verum
2719 2074 2805 2125 est
2837 2075 2987 2125 certe
3012 2071 3149 2142 quia
3181 2075 3333 2143 quod
3367 2092 3479 2129 non
3500 2076 3603 2131 lia-

1956 2160 2103 2225 buit,
2136 2160 2271 2213 dare
2304 2176 2415 2213 non
2452 2159 2659 2230 potuit.
2695 2158 3140 2214 Damnationem
3176 2162 3375 2232 utique
3425 2181 3601 2235 quam

1957 2248 2165 2302 habuit
2196 2264 2298 2319 per
2327 2265 2562 2319 pravam
2605 2264 2817 2301 manus
2847 2248 3279 2319 impositioncm
3326 2252 3502 2307 dedit.
3538 2255 3608 2309 Et

1960 2337 2058 2408 qui
2091 2336 2380 2408 particeps
2412 2336 2597 2390 factus
2629 2340 2719 2390 est
2748 2337 3046 2401 damnato,
3094 2340 3385 2409 quomodo
3433 2341 3609 2398 habet

1959 2425 2237 2480 honorem
2274 2424 2535 2495 accipere
2565 2424 2822 2478 invenire
2854 2442 2966 2479 non
3002 2442 3264 2496 possum.
3303 2454 3329 2477 ››

2031 2514 2175 2568 Hinc
2200 2514 2320 2583 jam
2345 2530 2378 2567 a
2400 2512 2750 2568 Simoniacis
2778 2513 3027 2568 ordinati
3047 2514 3321 2586 evigilent
3347 2520 3606 2587 tandem,

1959 2606 2015 2658 et
2048 2607 2204 2657 tanto
2229 2601 2445 2657 tonitru
2480 2606 2756 2673 tantoque
2788 2600 3034 2657 fulmine
3060 2607 3180 2659 tam
3212 2606 3428 2680 egregii
3459 2608 3612 2665 inter

1961 2690 2223 2763 egregios
2256 2690 2561 2762 pontiﬁces
2593 2689 2787 2745 subito
2820 2691 3037 2746 turbati
3083 2696 3141 2747 et
3188 2694 3434 2763 confusi,
3469 2696 3609 2768 quid

1962 2781 2034 2835 ab
2065 2778 2500 2835 ordinatoribus
2534 2778 2657 2834 suis
2686 2779 3014 2851 acceperint
3051 2780 3255 2837 saltem
3288 2800 3415 2839 sero
3448 2802 3608 2841 reco—

1963 2872 2264 2940 gnoscant,
2293 2872 2395 2922 aut
2424 2868 2786 2923 Simoniacos
2820 2885 2923 2924 nec
2955 2885 3083 2925 esse
3113 2887 3215 2926 nec
3258 2873 3369 2928 dici
3401 2874 3611 2929 debere

1963 2956 2285 3026 haereticos,
2320 2957 2367 3011 si
2399 2961 2638 3028 possent
2662 2955 2750 3011 vel
2781 2958 3019 3025 audent,
3053 2961 3476 3018 rationabiliter
3507 2981 3612 3019 nos

1965 3046 2265 3101 edoceant.

2035 3134 2253 3206 Nempe
2302 3134 2373 3188 ab
2417 3133 2702 3191 hmreticis
2744 3135 2997 3191 ordinati
3057 3154 3159 3208 per
3205 3138 3366 3195 illam
3400 3158 3612 3198 manus

203 3232 405 3283 tamen
426 3226 536 3298 ipsi
561 3224 719 3296 digni
743 3228 799 3279 et
820 3223 1360 3295 irreprehensibiles
1384 3211 1929 3294 apparuerint,etC
1968 3222 2401 3295 impositionem
2461 3222 2820 3279 vulneratam
2873 3225 3088 3282 habere
3146 3228 3356 3284 docent
3412 3236 3609 3303 caput,

205 3316 434 3371 actibus
459 3312 763 3370 docuerint
788 3312 1059 3385 publicis,
1077 3311 1233 3367 omni
1269 3328 1330 3367 se
1352 3327 1547 3367 carere
1565 3309 1861 3382 suspicio-

214 3421 288 3461 ne
300 3408 356 3459 et
375 3402 761 3471 inimicitia,et
774 3400 1343 3474 irreprehensibilem
1359 3401 1533 3455 ﬁdem
1556 3415 1860 3455 conversa-

208 3494 550 3564 tionemque
566 3492 799 3547 ducere.
823 3490 1051 3546 Nemini
1069 3489 1224 3546 enim
1242 3490 1311 3543 de
1333 3506 1394 3544 se
1412 3490 1676 3544 confesso
1704 3487 1857 3543 credi

212 3584 409 3653 potest
428 3596 606 3651 super
625 3578 844 3633 crimen
869 3577 1146 3641 alienum,
1179 3593 1355 3648 quam
1378 3578 1527 3647 ejus,
1551 3576 1860 3646 omnisque

208 3670 294 3724 rei
329 3667 610 3739 professio
644 3664 967 3738 periculosa
996 3669 1103 3729 est,
1128 3668 1185 3719 et
1207 3663 1433 3718 admitti
1456 3681 1571 3719 non
1601 3664 1794 3718 debet.
1830 3684 1857 3711 »

283 3760 370 3813 Ea:
425 3754 653 3810 decretis
700 3768 906 3823 quoque
959 3751 1082 3807 Gaii
1128 3766 1295 3822 papae
1353 3752 1521 3806 Felici
1588 3753 1855 3822 episcopo.

209 3869 240 3899 «
275 3844 535 3900 Primum
569 3842 809 3915 quidem
840 3840 993 3896 scias
1023 3855 1283 3911 paganos
1315 3842 1370 3894 et
1408 3839 1709 3894 hiereticos
1741 3855 1856 3894 non

204 3949 384 4007 posse
407 3930 768 3987 Christianos
792 3944 1087 3995 accusare,
1111 3930 1422 3983 autvocem
1454 3926 1856 3983 infamationis

206 4023 443 4080 inferre.
480 4042 509 4071 »

280 4110 383 4168 His
413 4114 469 4166 et
498 4107 850 4181 Hujusmodi
878 4104 1296 4163 catholicorum
1326 4105 1565 4161 Patrum
1607 4105 1857 4161 decretis

208 4205 270 4259 et
297 4198 601 4257 sententiis
632 4197 931 4255 evidenter
959 4195 1298 4269 agnoscitur
1326 4194 1613 4251 haereticis
1644 4194 1856 4251 domus

206 4277 311 4346 Dei
341 4288 646 4361 ingressus
683 4285 974 4357 interdici,
1023 4284 1182 4341 etab
1226 4284 1387 4340 omni
1434 4283 1855 4340 catholicorum

206 4376 625 4435 communione
646 4369 1068 4444 eos'removeri,
1093 4372 1314 4430 scilicet
1342 4373 1685 4439 orationem,
1719 4389 1855 4428 con-

201 4464 517 4532 viviorum,
551 4465 892 4537 nuptiarum
912 4463 998 4520 vel
1021 4461 1552 4531 matrimoniorum,
1572 4460 1659 4518 vel
1673 4461 1856 4517 dona-

1970 3312 2149 3383 quia:
2186 3334 2212 3359 «
2247 3310 2540 3381 Quidquid
2573 3312 2803 3383 etigerit
2834 3313 3197 3382 immundus,
3237 3317 3612 3376 immundum

1969 3400 2097 3455 erit.
2123 3422 2150 3449 ››
2183 3400 2420 3454 Constat
2448 3415 2583 3470 ergo
2613 3418 2845 3455 omnem
2870 3400 3204 3458 haereticum
3238 3406 3612 3465 immundum

1968 3504 2116 3543 esse.
2151 3487 2443 3559 Quidquid
2476 3488 2886 3559 tangitprocul
2911 3490 3087 3545 dubio
3120 3492 3490 3549 immundum
3528 3497 3613 3566 ﬁt,

1968 3577 2293 3631 secundum
2327 3576 2545 3630 dictum
2580 3577 2807 3631 Domini
2840 3578 2898 3631 in
2931 3577 3055 3650 lege
3086 3579 3289 3651 Moysi.

2038 3664 2234 3733 Neque
2250 3664 2406 3718 enim
2430 3665 2500 3718 ab
2524 3664 2830 3719 immundo
2853 3666 3121 3722 hazretico
3145 3669 3353 3738 potuit,
3387 3675 3490 3726 aut
3510 3689 3609 3745 po-

1966 3751 2104 3807 terit
2135 3751 2311 3806 tribui
2344 3752 2495 3823 quod
2532 3754 2823 3808 munditia
2852 3770 2917 3808 ac
2940 3754 3165 3825 puritas
3186 3758 3446 3830 accipere
3475 3777 3613 3817 con-

1968 3840 2174 3906 suevit,
2209 3840 2491 3911 cujuscor
2509 3840 2737 3896 sincera
2758 3842 2869 3896 ﬁde
2900 3848 3130 3899 constat
3158 3862 3271 3900 non
3297 3863 3425 3903 esse
3446 3865 3614 3906 mun-

1966 3929 2310 3985 datum.Cui
2342 3945 2476 4001 ergo
2508 3928 2654 3984 nihil
2687 3931 2986 3987 munditia:
3019 3948 3086 3988 ac
3117 3935 3390 4005 puritatis
3420 3939 3614 4008 potuit

1964 4017 2165 4083 tribui,
2216 4017 2355 4091 quid
2386 4018 2547 4073 aliud
2580 4019 2791 4090 poterit
2835 4019 2921 4075 illi
2955 4022 3211 4079 tribuere
3242 4041 3607 4098 quaecunque

1964 4107 2240 4179 tetigerit,
2301 4108 2414 4163 nisi
2487 4108 2925 4165 immunditiam
2999 4128 3177 4183 quam
3244 4112 3431 4170 solam
3507 4115 3611 4173 ha-

1963 4197 2105 4252 bet?
2132 4198 2281 4270 Ergo
2311 4201 2495 4253 restat
2517 4197 2732 4253 etnihil
2751 4198 2910 4254 aliud
2934 4216 3112 4272 quam
3145 4201 3492 4260 immundus
3514 4205 3610 4273 sit,

1965 4303 2139 4358 quem
2179 4286 2482 4342 immndus
2511 4286 2719 4359 tangit,
2771 4287 2909 4359 quia
2939 4289 3399 4363 damnationem,
3435 4311 3613 4366 quam

1963 4375 2162 4444 habet,
2193 4376 2293 4431 dat
2320 4392 2423 4447 per
2453 4392 2691 4448 pravam
2741 4393 2860 4432 sua:
2893 4394 3104 4435 manus
3152 4380 3611 4454 impositionem.

1964 4465 2079 4520 Nec
2110 4464 2266 4520 enim
2298 4466 2397 4538 qui
2427 4465 2706 4522 honorem
2756 4484 2870 4522 non
2917 4467 3110 4537 habet,
3153 4469 3434 4528 honorem
3478 4473 3615 4530 dare

202 4553 389 4612 tionis
418 4569 615 4639 rerum
633 4557 735 4608 aut
763 4553 1270 4626 patrimoniorum,
1292 4568 1395 4609 nec
1423 4550 1732 4607 accusandi
1765 4567 1857 4606 ca-
1885 4574 1933 4639 D
1965 4558 2176 4626 potest.
2228 4554 2298 4609 Et
2344 4554 2441 4608 ubi
2486 4553 2633 4609 nihil
2674 4558 2764 4610 est
2800 4554 2861 4609 in
2920 4556 3114 4625 dante,
3166 4559 3311 4614 nihil
3342 4563 3430 4616 est
3457 4562 3613 4633 quod

200 4641 480 4710 tholicos,
512 4638 601 4697 vel
632 4639 982 4695 testiﬁcandi
1024 4646 1225 4698 contra
1256 4657 1354 4696 eos
1385 4640 1682 4697 licentiam
1714 4656 1854 4695 con-

202 4730 360 4801 cedi,
376 4745 628 4804 quorum
650 4727 826 4785 etiam
848 4730 1175 4786 ccemeteria
1197 4729 1401 4785 orandi
1423 4745 1600 4784 causa
1616 4727 1853 4796 intrare,

201 4821 298 4879 vel
330 4818 610 4893 eulogias,
656 4816 745 4874 vel
776 4816 1033 4872 feriatica
1063 4817 1343 4890 accipere,
1384 4816 1622 4873 omnino
1651 4820 1857 4872 vetan-

201 4915 306 4968 tur
357 4907 648 4967 catholici.
687 4905 851 4963 Unde
897 4921 1068 4961 nemo
1116 4907 1364 4979 ambigit
1410 4906 1712 4962 haereticos
1755 4922 1858 4977 per

205 4998 411 5056 omnia
458 5016 493 5054 a
537 4994 837 5053 catholicis
896 4993 1311 5065 repudiandos,
1363 4995 1517 5050 sicut
1555 4998 1657 5050 aut
1704 4998 1858 5050 certe

205 5086 530 5162 plusquam
558 5085 791 5141 Judaeos
819 5082 908 5139 vel
940 5098 1221 5156 paganos,
1245 5083 1384 5155 quia
1414 5084 1473 5139 in
1506 5083 1636 5140 istis
1666 5084 1859 5141 adhuc

208 5180 306 5233 est
344 5190 479 5247 spes
526 5174 682 5241 ﬁdei,
713 5177 779 5229 ut
826 5189 1004 5245 supra
1034 5171 1255 5228 dictum
1304 5177 1428 5241 est;
1472 5173 1533 5229 in
1576 5173 1691 5229 illis
1730 5174 1858 5245 jam

207 5278 428 5341 pugnae
460 5263 530 5318 de
560 5262 872 5319 discordia.

826 5350 1060 5407 CAPUT
1115 5350 1235 5406 XII.

284 5439 398 5498 Sed
428 5438 603 5496 etiam
653 5456 808 5496 nunc
841 5441 1213 5497 attendamus
1252 5439 1393 5513 quid
1426 5439 1615 5496 sancti
1662 5440 1861 5497 Patres

1964 4645 2146 4714 possit
2197 4642 2352 4714 quis,
2401 4642 2631 4697 etiamsi
2682 4644 3037 4700 omnimodis
3068 4647 3288 4718 cupiat,
3323 4650 3605 4720 accipere.

1963 4732 2163 4802 Itaque
2194 4731 2405 4803 accipit
2435 4732 2896 4799 damnationem,
2930 4750 3108 4804 quam
3147 4735 3322 4791 habet
3359 4735 3458 4791 ille
3515 4736 3616 4807 qui

1966 4818 2078 4873 sibi
2109 4819 2246 4874 facit
2275 4835 2532 4891 pravam,
2567 4824 2623 4874 et
2653 4835 2768 4876 non
2799 4825 3019 4877 rectam
3042 4838 3253 4877 manus
3288 4823 3612 4895 impositio-

1968 4924 2122 4963 nem.
2153 4907 2503 4979 Hujusmodi
2535 4923 2671 4980 ergo
2701 4908 3029 4977 ordinatus,
3060 4914 3124 4964 ut
3155 4914 3417 4982 putatur,
3450 4912 3615 4966 dam-

1968 5000 2123 5061 nato,
2156 4996 2213 5050 id
2254 5000 2361 5062 est,
2393 4995 2663 5051 hmretico
2712 4998 3004 5069 particeps
3038 4999 3230 5054 factus
3262 5016 3330 5055 ex
3380 4999 3482 5055 illa
3509 5017 3618 5057 sua

1968 5084 2350 5151 ordinatione,
2384 5082 2856 5156 irrecuperabilis
2888 5090 3001 5153 est,
3029 5086 3086 5141 in
3118 5085 3339 5142 honore
3363 5088 3620 5143 decerni-

1968 5178 2066 5230 tur
2087 5190 2121 5229 a
2139 5177 2298 5228 tanto
2321 5172 2613 5244 pontiﬁce.
2640 5173 2848 5227 Censet
2867 5172 3023 5228 enim
3047 5173 3174 5244 ejus
3189 5174 3432 5241 vulneri,
3463 5177 3617 5247 quod
3684 5180 3687 5183 ⁷

1969 5263 2171 5334 utique
2203 5260 2377 5332 capiti
2406 5258 2566 5315 illius
2615 5260 2862 5314 inﬁxum
2903 5264 3012 5330 est,
3060 5263 3450 5318 necessariam
3490 5280 3619 5321 esse

1970 5349 2320 5424 poenitentia:
2354 5348 2728 5404 medicinam.

2041 5440 2225 5503 Quam
2246 5436 2475 5492 etiamsi
2500 5437 2720 5492 sanitas
2741 5443 3039 5510 sequatur,
3065 5438 3301 5495 cicatrix
3321 5443 3516 5497 tamen
3547 5457 3616 5498 ex

281 5546 848 5631 (l62_l:1zec_lfabiani,
883 5549 968 5607 uti
997 5552 1053 5607 et
1082 5548 1474 5631 praecedentes
1506 5547 1738 5605 Eusebii
1778 5565 1845 5608 ac
1871 5548 2185 5625 sequentes
2214 5544 2475 5623 Dionysii
2505 5547 2562 5604 et
2585 5544 2711 5604 Gaii
2734 5562 2899 5623 papa:
2932 5545 3188 5625 epistolae
3212 5551 3352 5608 sunt
3381 5547 3619 5631 spurise,

206 5618 298 5685 ab‘
318 5618 543 5683 Isidoro
574 5618 891 5687 Mercatore
935 5618 1272 5700 supposite.
