4004 6210
421 333 577 399 1031

1438 329 1924 398 HUMBERTUS
1972 337 2039 397 S.
2086 335 2161 398 R.
2209 336 2278 398 E.
2327 327 2820 398 CARDINALIS.

3682 329 3832 400 1032

416 472 537 527 toto
559 469 685 540 jam
716 484 832 524 non
867 464 1305 533 exterminatur,
1339 466 1478 538 quia
1507 470 1640 538 post
1664 467 2067 538 paenitentiam
2095 469 2151 537 Α
2180 473 2383 523 contra
2403 469 2504 523 Dei
2536 466 2852 522 Ecclesiam
2875 462 3164 522 diabolica
3186 458 3549 538 plantatione
3567 465 3831 538 suscepit

418 575 590 616 nemo
622 557 690 612 ad
726 555 1187 611 ecclesiasticum
1220 559 1309 610 est
1329 554 1731 612 admittendus
1761 556 2064 613 honorem.

415 647 606 703 Claret
634 659 770 716 ergo
817 643 1126 716 dupliciter
1173 659 1272 699 eos
1302 642 1502 716 repelli
1534 644 1634 715 qui
1676 645 1747 700 ab
1779 644 2066 701 haereticis

414 732 871 805 comprobantur
882 731 1131 787 ordinati
1154 731 1374 787 scilicet
1397 733 1535 805 quia
1556 732 1691 788 facti
1710 737 1848 788 sunt
1863 749 2065 789 eorum

416 820 752 894 participes,
812 823 868 875 et
926 818 1068 890 quia
1098 820 1466 891 poenitentes.
1510 820 1673 876 Unde
1705 822 2068 893 perpendant

410 912 694 981 quantam
740 907 972 963 ruinam
1021 908 1396 977 incurrerint,
1456 907 1671 980 quibus
1711 910 1888 964 etiam
1936 909 2068 982 ipsa

408 997 724 1063 medicina,
756 996 814 1052 id
847 1000 937 1052 est
968 997 1331 1069 pmnitentia,
1368 1013 1440 1052 ne
1471 998 1543 1052 ad
1569 997 1852 1054 honorem
1885 997 2066 1054 eccle-

408 1085 714 1142 siasticum
737 1084 998 1156 aspirare
1026 1084 1278 1141 debeant
1307 1085 1561 1141 obsistit.
1607 1087 1718 1142 Sed
1751 1101 1844 1151 ne,
1878 1104 2063 1143 aucu-

409 1179 622 1248 pantes
650 1174 826 1229 verba
842 1176 1073 1228 tantum
1095 1178 1150 1229 et
1168 1172 1527 1246 negligentes
1549 1189 1742 1241 sensa,
1767 1178 1974 1247 putent
2003 1191 2066 1231 se

410 1263 636 1335 aliquid
669 1267 885 1329 tenere,
912 1262 970 1317 in
993 1279 1058 1317 eo
1073 1263 1300 1334 quodin
1316 1263 1554 1334 praefato
1581 1263 2066 1336 capitulolegitur

409 1369 544 1408 eum
577 1352 676 1424 qui
706 1352 989 1408 honorem
1015 1351 1215 1406 amisit
1245 1351 1528 1408 honorem
1553 1352 1692 1407 dare
1726 1370 1841 1409 non
1869 1369 2062 1426 posse,

406 1445 464 1497 et
492 1441 594 1513 qui
630 1441 919 1512 particeps
951 1441 1137 1495 factus
1166 1444 1255 1496 est
1284 1441 1583 1510 damnato,
1639 1441 1806 1512 quasi
1840 1441 2064 1496 dictum

411 1531 486 1584 sit
517 1529 588 1584 de
622 1528 721 1584 illo
769 1527 870 1600 qui
896 1529 1191 1600 quondam
1225 1527 1506 1584 honorem
1538 1528 1746 1584 habuit
1773 1532 1831 1584 et
1862 1532 2065 1599 postea

411 1617 696 1684 amiserit,
723 1616 812 1672 vel
846 1617 946 1688 qui
974 1617 1270 1689 quondam
1297 1616 1645 1690 regulariter
1668 1616 1974 1672 ordinatus
2005 1620 2065 1671 ot

410 1710 613 1779 postea
644 1706 958 1761 damnatus
977 1705 1179 1775 ruerit,
1201 1709 1522 1777 agnoscant
1545 1722 1658 1760 non
1682 1703 1764 1760 sic
1779 1705 2064 1776 accipien-

410 1797 552 1850 dum
583 1811 652 1849 ex
681 1794 810 1849 aliis
841 1793 1053 1849 divinis
1079 1793 1428 1865 Scripturis;
1465 1794 1564 1848 sed
1585 1793 1726 1864 quia
1745 1793 1942 1848 amisit
1957 1793 2058 1848 ubi

411 1883 740 1938 inordinate
771 1881 1050 1936 honorem
1075 1881 1338 1952 accipere
1368 1879 1653 1950 quaesivit,
1676 1881 2060 1951 ibiquedam-

412 1975 582 2025 natus
622 1969 863 2034 exstitit,
884 1968 982 2022 ubi
1014 1968 1325 2024 haereticus
1345 1967 1468 2022 fieri
1493 1985 1607 2022 non
1639 1967 1853 2023 timuit.
1889 1967 2062 2024 Velut

409 2057 742 2130 accipiendo
795 2056 950 2112 enim
1002 2056 1217 2124 amisit,
1248 2061 1350 2112 aut
1392 2063 1545 2112 certe
1572 2057 1886 2112 damnatus
1921 2057 2056 2127 fuit,

409 2146 548 2219 quia
576 2163 648 2202 ne
678 2147 954 2218 deinceps
983 2145 1264 2200 honorem
1303 2144 1762 2201 ecclesiasticum
1793 2144 2055 2215 accipere

409 2237 596 2308 possit
627 2234 965 2306 promeruit,
1018 2235 1345 2289 secundum
1379 2234 1531 2305 quod
1567 2232 1880 2288 Psalmista
1932 2233 2011 2288 ait
2045 2251 2057 2288 :

411 2347 438 2374 ‹‹
473 2323 876 2395 Dejecistieos,
904 2325 1044 2376 dum
1078 2321 1468 2376 allevarcntur
1491 2323 1662 2393 (Psal.
1695 2339 1865 2389 Lxxn,
1895 2322 2000 2392 18).
2027 2340 2060 2372 κ

408 2413 537 2467 Non
568 2412 724 2466 enim
758 2411 838 2466 ait
867 2411 1128 2481 dejecisti
1161 2427 1260 2465 eos
1300 2414 1610 2481 postquam
1655 2409 1857 2466 elevati
1899 2413 2061 2478 sunt,

416 2501 518 2556 sed
553 2516 686 2555 cum
718 2499 1100 2555 elevarentur.

1014 2587 1245 2643 CAPUT
1299 2587 1441 2642 XIII.

482 2679 692 2734 Beatus
724 2692 956 2749 quoque
983 2675 1295 2748 Gregorius
1333 2674 1391 2730 in
1425 2675 1742 2730 Moralibus
1782 2676 1852 2730 do
1904 2679 2058 2730 stru-

409 2766 631 2833 thione,
649 2767 803 2838 quod
840 2765 1098 2837 privasse
1110 2781 1235 2820 eam
1253 2764 1843 2836 Deussapientia,nec
1865 2764 2058 2820 dedis-

411 2860 500 2912 set
529 2855 612 2910 illi
644 2853 1113 2926 intelligentiam,
1147 2852 1391 2925 loquens
1411 2853 1492 2908 ait
1515 2870 1574 2907 :«
1600 2853 1875 2919 Quamvis
1898 2852 2053 2908 aliud

409 2946 487 3011 sit
520 2944 764 3017 privare,
791 2943 951 2999 aliud
988 2959 1102 2997 non
1123 2943 1279 3008 dare,
1316 2941 1421 2997 hoc
1441 2945 1634 2996 tamen
1658 2941 1887 3013 repetiit
1917 2943 2055 2997 sub-

408 3035 599 3090 dendo
633 3050 746 3088 non
777 3032 953 3098 dedit,
988 3031 1142 3102 quod
1169 3029 1468 3101 praemisit,
1504 3030 1763 3101 privavit.
1783 3032 1855 3084 Ac
1888 3029 1936 3084 si
1967 3029 2056 3083 di-

410 3126 587 3189 ceret,
629 3123 782 3194 quod
815 3120 954 3187 dixi,
989 3119 1256 3192 privavit,
1290 3135 1403 3173 non
1437 3118 1653 3188 injuste
1707 3117 2056 3190 sapientiam

2176 560 2232 613 et
2260 555 2320 612 in
2342 555 2470 629 ipso
2501 560 2632 612 ortu
2664 572 2770 612 suo
2802 554 2920 610 zelo
2938 553 3265 626 apostolicae
3288 553 3532 611 ultionis
3552 569 3831 627 percussa

2176 650 2351 718 atque
2373 647 2649 701 damnata
2671 647 2779 711 est,
2803 643 2864 699 in
2886 643 3050 716 regni
3072 642 3251 699 vestri
3275 642 3494 699 ﬁnibus
3517 643 3826 701 dominari.

2176 733 2322 789 Cum
2355 734 2414 789 in
2447 733 2848 790 sacerdotibus
2873 732 3018 788 fides
3050 731 3129 787 sit
3148 731 3419 804 eligenda
3438 748 3575 789 cum
3604 733 3744 804 vita,
3771 734 3822 791 si

2173 823 2294 879 vita
2325 824 2508 891 deest,
2541 823 2688 878 fides
2717 819 2994 876 meritum
3025 837 3141 876 nan
3180 820 3377 890 habet,
3408 820 3581 878 beato
3611 822 3824 880 Jacobo

2175 914 2506 978 attestante,
2541 910 2641 984 qui
2674 910 2755 967 ait
2786 927 2798 966 :
2841 909 2999 966 Fides
3039 912 3157 966 sine
3197 911 3454 983 operibus
3502 914 3725 968 mortua
3748 917 3828 969 est

2175 999 2308 1070 (Jac.
2336 1017 2398 1067 ιι,
2429 1000 2543 1071 20).
2575 1000 2709 1064 Quae
2738 997 2897 1054 enim
2938 1015 3113 1071 opera
3141 1013 3271 1056 esse
3297 998 3529 1056 valeant
3556 1001 3829 1058 sacerdo-

2173 1088 2249 1143 tis
2280 1088 2380 1159 qui
2412 1087 2694 1143 honorem
2721 1086 2868 1142 tanti
2896 1086 3248 1142 sacramenti
3282 1086 3650 1144 convincitur
3677 1088 3823 1145 obti-

2175 1190 2312 1231 nere
2336 1191 2439 1247 per
2468 1176 2774 1248 praemium
2793 1176 2820 1229 ‘I
2837 1176 2917 1230 Ex
2937 1192 3053 1248 qua
3073 1191 3135 1231 re
3166 1175 3361 1248 agitur
3377 1180 3442 1231 ut
3457 1175 3571 1248 ipsi
3592 1192 3826 1250 quoque

2174 1263 2274 1334 qui
2307 1280 2505 1319 sacros
2535 1263 2768 1320 ordines
2795 1267 3100 1336 appetunt,
3145 1280 3261 1319 non
3302 1263 3483 1319 vitam
3515 1264 3822 1338 corrigere,

2173 1369 2290 1407 non
2314 1368 2508 1409 mores
2537 1368 2885 1424 componere
2906 1354 3201 1421 studeant,
3227 1353 3328 1408 sed
3359 1352 3590 1410 divitias
3606 1353 3823 1426 quibus

2174 1439 2364 1495 honor
2393 1457 2559 1496 sacer
2588 1440 2804 1496 emitur
2831 1456 3206 1514 congregare.
3239 1440 3384 1496 Hinc
3415 1441 3481 1496 fit
3508 1441 3683 1498 etiam
3728 1441 3826 1497 in-

2175 1535 2375 1585 sontes
2407 1534 2463 1585 et
2492 1544 2776 1602 pauperes
2799 1547 2832 1585 a
2852 1530 3035 1586 sacris
3063 1530 3370 1586 ordinibus
3385 1529 3658 1602 prohibiti
3678 1531 3824 1587 des-

2172 1618 2436 1689 pcctiquc
2466 1618 2749 1674 resiliant.
2776 1619 2862 1687 Et,
2888 1620 3029 1674 dum
3052 1619 3387 1675 innocentia
3404 1618 3672 1690 pauperis
3691 1619 3823 1673 dis-

2172 1707 2367 1779 plicet,
2402 1707 2648 1763 dubium
2681 1725 2797 1763 non
2831 1712 2918 1764 est
2947 1709 3101 1781 quod
3125 1708 3432 1780 praemium
3461 1707 3579 1764 illic
3609 1706 3825 1762 delicta

2170 1797 2561 1863 commendet,
2582 1797 2858 1868 quia,uhi
2880 1814 3091 1853 aurum
3114 1797 3321 1870 placet,
3347 1800 3404 1853 et
3423 1796 3652 1852 vitium.
3679 1793 3822 1850 Hinc

2170 1885 2350 1956 igitur
2379 1901 2497 1940 non
2523 1885 2712 1940 solum
2737 1886 2794 1940 in
2817 1885 3174 1941 ordinatoris
3199 1890 3256 1941 et
3278 1884 3530 1940 ordinati
3562 1883 3825 1940 animam

2169 1972 2383 2028 lethale
2413 1974 2628 2030 vulnus
2670 1973 2954 2045 infigitur,
3004 1988 3205 2029 verum
3251 1972 3425 2028 etiam
3469 1970 3825 2027 excellentia

2168 2065 2369 2116 vestrae
2402 2078 2650 2133 regnum
2682 2061 3086 2133 episcoporum
3119 2058 3313 2130 culpa,
3343 2074 3594 2129 quorum
3626 2057 3825 2130 magis

2169 2149 2689 2206 intercessionibus
2712 2148 2904 2219 juvari
2945 2148 3244 2214 debuerat,
3288 2149 3712 2219 praegravatur.
3762 2146 3824 2202 Si

2169 2239 2327 2293 enim
2359 2240 2409 2294 is
2440 2239 2653 2311 dignus
2685 2235 3003 2292 sacerdotio
3031 2235 3288 2290 creditur
3308 2234 3402 2289 cui
3424 2251 3542 2289 non
3571 2234 3823 2290 actionis

2171 2328 2397 2393 merita,
2421 2328 2522 2382 sed
2551 2324 2923 2397 praemiorum
2947 2323 3113 2394 copia
3135 2325 3514 2394 suifragatur,
3547 2327 3729 2378 restat
3753 2327 3821 2378 ut

2171 2416 2314 2471 nihil
2347 2415 2459 2472 sibi
2492 2415 2548 2469 in
2581 2415 2797 2469 honore
2813 2411 3208 2468 ecclesiastico
3233 2411 3508 2483 gravitas,
3543 2411 3689 2466 nihil
3721 2411 3822 2468 de-

2170 2504 2370 2561 fendat
2399 2502 2708 2570 industria,
2727 2501 2826 2556 sed
2860 2504 3019 2555 totus
3049 2499 3179 2555 auri
3212 2500 3491 2570 profanus
3521 2515 3685 2556 amor
3713 2500 3817 2556 ob-

2164 2593 2366 2649 tineat.
2417 2593 2509 2658 Et,
2543 2591 2685 2646 dum
2732 2588 2873 2644 vitia
2903 2587 3089 2643 honor
3124 2592 3480 2657 remunerat,
3512 2586 3574 2642 in
3620 2587 3816 2644 locum

2168 2681 2439 2738 ultorisis
2458 2697 2554 2752 qni
2579 2680 2825 2734 fortasse
2849 2678 3032 2732 fuerat
3073 2675 3447 2732 ulciscendas
3480 2675 3814 2745 adducitur,

2167 2776 2341 2842 atque
2369 2769 2504 2823 hinc
2537 2767 2868 2824 sacerdotes
2892 2782 3006 2820 non
3030 2765 3331 2836 proficere,
3354 2764 3456 2820 sed
3488 2762 3688 2836 praeire
3719 2780 3818 2836 po-

2165 2861 2286 2915 tius
2302 2857 2655 2915 indicantur.
2678 2855 2994 2913 Vulnerato
3017 2869 3272 2924 namque
3295 2857 3546 2925 pastore,
3567 2852 3698 2924 quis
3716 2869 3814 2909 cu-

2167 2948 2368 3003 randis
2391 2947 2596 3003 ovibus
2619 2943 2894 2999 adhibeat
2917 2941 3268 2997 medicinam
3287 2941 3315 2995 ?
3336 2945 3439 2996 aut
3459 2941 3692 3013 quando
3713 2958 3818 3015 po-

2165 3036 2371 3110 pulum
2404 3033 2685 3090 orationis
2717 3031 2914 3103 clypeo
2945 3033 3199 3099 tueatur,
3231 3029 3330 3101 qui
3347 3028 3565 3100 jaculis
3581 3045 3644 3086 se
3674 3029 3820 3088 hos-

2163 3126 2312 3180 tium
2332 3123 2654 3179 feriendum
2675 3119 2950 3192 exponit?
2971 3123 3074 3174 aut
3097 3117 3340 3190 qualem
3362 3118 3434 3172 de
3464 3134 3526 3174 se
3556 3119 3822 3176 fructum

408 3193 670 3280 abstulit,
703 3211 978 3281 sedjuste
999 3227 1114 3264 non
1135 3208 1316 3263 dedit.
1344 3208 1504 3264 Unde
1535 3211 1591 3262 et
1609 3207 1925 3262 Pharaonis
1956 3223 2055 3262 cor
2085 3193 2126 3259 C
2165 3213 2560 3286 producturus
2577 3209 2862 3279 est,cujus
2880 3207 3040 3280 pravi
3074 3210 3234 3279 peste
3267 3206 3433 3262 radix
3459 3206 3674 3263 infesta
3700 3207 3820 3264 est?

406 3299 689 3356 Dominus
719 3299 1038 3355 obdurasse
1064 3297 1432 3364 describitur,
1459 3314 1570 3352 non
1606 3297 1760 3368 quod
1791 3297 1914 3367 ipse
1944 3296 2050 3349 du-

406 3389 598 3445 ritiam
631 3387 1012 3454 contulit,sed
1036 3386 1592 3458 quod,exigentibus
1616 3385 1859 3450 meritis,
1892 3383 2054 3438 nulla

405 3477 552 3533 illud
584 3478 834 3549 desuper
857 3475 1033 3530 infusi
1055 3475 1284 3530 timoris
1307 3473 1695 3530 sensibilitate
1727 3472 1990 3528 mollivit.
2023 3493 2050 3522 »

405 3566 568 3634 Hinc,
601 3584 666 3622 ex
683 3565 869 3637 ipsius
888 3563 1226 3634 B.Gregorii
1255 3562 1448 3627 dictis,
1481 3561 1822 3616 ostendatur
1852 3565 2050 3616 utrum

403 3655 775 3711 Simoniacus
815 3653 890 3708 sit
917 3652 1222 3708 habendus
1254 3657 1355 3706 aut
1384 3651 1670 3706 dicendus
1720 3649 2048 3704 haereticus.

474 3745 558 3798 Ea:
583 3743 817 3814 epistola.
863 3743 980 3812 ejus
1011 3739 1080 3795 ad
1111 3739 1556 3806 Brunichildam,
1601 3740 1854 3809 reginam
1883 3740 2053 3793 Fran-

404 3847 612 3888 corum.
649 3855 675 3881 ‹‹
701 3832 816 3886 Nec
834 3829 978 3885 illud
994 3828 1380 3899 praeterimus,
1409 3827 1509 3882 sed
1531 3826 1771 3882 omnino
1792 3842 2052 3882 exsecra-

410 3920 595 3976 bileet
613 3936 741 3976 esse
761 3917 1177 3990 gravissimum
1201 3917 1581 3984 detestamur,
1611 3930 1676 3969 eo
1701 3915 1858 3985 quod
1906 3913 2055 3970 sacri

412 4008 536 4064 illic
571 4009 808 4064 ordines
833 4022 935 4077 per
963 4005 1354 4061 Simoniacam
1383 4002 1673 4068 hazresim,
1707 4020 1833 4074 quae
1865 4003 2055 4074 prima

407 4103 609 4154 contra
620 4095 936 4151 Ecclesiam
961 4099 1086 4150 orta
1099 4100 1156 4151 et
1177 4094 1440 4150 districta
1455 4091 1860 4147 maledictione
1891 4092 2056 4148 dam-

406 4191 544 4242 nata
575 4189 684 4251 est,
713 4184 1103 4240 conferantur.
1137 4183 1284 4238 Hinc
1313 4197 1450 4253 ergo
1473 4181 1666 4252 agitur
1697 4185 1762 4234 ut
1792 4181 2056 4236 sacerdo-

405 4274 482 4330 tis
509 4273 764 4344 dignitas
794 4273 854 4328 in
877 4273 1174 4345 despectu,
1207 4275 1265 4327 et
1281 4275 1520 4326 sanctus
1551 4268 1626 4323 sit
1646 4268 1830 4323 honor
1848 4267 1908 4323 in
1939 4269 2055 4324 cri-

408 4363 588 4418 mine.
621 4361 770 4417 Perit
799 4361 1002 4434 utique
1041 4359 1378 4427 reverentia,
1413 4357 1693 4413 adimitur
1721 4356 2052 4429 disciplina,

408 4451 660 4524 quiaqui
693 4450 894 4523 culpas
915 4449 1118 4506 debuit
1139 4447 1449 4510 emendare
1470 4445 1803 4511 committit,
1823 4449 1879 4500 et
1902 4446 2057 4501 nefa-

406 4540 494 4596 ria
506 4539 826 4596 ambitione
841 4536 1202 4594 honorabilis
1213 4534 1535 4590 sacerdotis
1548 4533 1782 4587 ducitur
1797 4533 1854 4587 in
1870 4534 2052 4605 depra

405 4628 637 4685 vatione
669 4644 937 4685 censura.
971 4627 1117 4681 Nam
1151 4624 1284 4696 quis
1314 4624 1505 4678 denuo
1543 4625 1851 4678 veneretur
1897 4624 2052 4694 quod

405 4718 678 4774 venditur
697 4718 725 4773 ‘2
757 4720 860 4770 aut
881 4714 1014 4785 quis
1036 4730 1151 4768 non
1178 4710 1289 4766 vile
1320 4714 1484 4782 putet
1505 4709 1661 4782 quod
1692 4709 1869 4765 emit?
1893 4709 2058 4767 Unde

405 4806 572 4862 valde
603 4805 934 4868 contristor,
967 4807 1024 4858 et
1039 4805 1203 4857 terrae
1236 4799 1393 4856 illius
1416 4799 1714 4866 condoleo,
1747 4799 1885 4870 quia
1916 4800 2056 4856 dum

403 4896 688 4968 Spiritum
721 4896 1013 4959 sanctum,
1048 4905 1224 4962 quem
1249 4905 1349 4961 per
1379 4905 1590 4944 manus
1621 4887 2056 4960 impositionem

405 4985 778 5056 omnipotens
796 4986 944 5036 Deus
966 4977 1308 5035 hominibus
1325 4977 1527 5050 largiri
1558 4977 2056 5048 dignatur,divino

406 5089 650 5130 munere
670 5068 1350 5141 haberedespiciunt,sed
1364 5066 1622 5139 prmmiis
1641 5070 2057 5137 assequuntur,

406 5159 799 5220 sacerdotium
822 5157 961 5213 illuc
993 5156 1312 5214 subsistere
1343 5156 1442 5211 diu
1475 5172 1590 5211 non
1620 5153 1886 5209 arbitror.
1911 5155 2056 5212 Nam

405 5252 504 5307 ubi
563 5251 718 5306 dona
758 5263 1024 5321 supernae
1068 5245 1264 5319 gratiae
1313 5243 1538 5302 venalia
1567 5242 1934 5315 judicantur,
1983 5245 2056 5300 ad

407 5340 511 5396 Dei
548 5338 852 5395 servitium
884 5353 1001 5392 non
1022 5336 1139 5392 vita
1170 5334 1468 5406 quaeritur,
1502 5327 1604 5387 sed
1637 5329 1826 5402 magis
1858 5336 2060 5389 contra

409 5431 594 5484 Deum
625 5426 884 5498 pecunia:
915 5427 1282 5483 venerantur.
1315 5442 1342 5474 ι»

477 5519 614 5574 Item
673 5514 991 5572 Theoderico
1035 5523 1086 5570 et
1132 5511 1512 5579 Theudeberto,
1561 5509 1781 5582 regibus
1825 5515 2062 5571 Franco-

410 5619 554 5662 rum.
612 5624 641 5655 α
698 5602 899 5662 Fertur
956 5601 1289 5662 Simoniaca
1337 5599 1595 5672 haeresis,
1671 5613 1798 5675 quis
1868 5601 2060 5679 prima

2161 3302 2346 3372 Major
2375 3315 2510 3372 ergo
2542 3297 2857 3353 metuenda
2893 3301 2981 3352 est
3009 3295 3154 3352 locis
3185 3294 3302 3351 illis
3326 3296 3452 3350 fore
3484 3295 3816 3366 calamitas,

2162 3391 2261 3444 ubi
2286 3387 2434 3444 tales
2463 3387 2880 3442 intercessores
2926 3385 3302 3441 adducuntur
3331 3385 3403 3440 ad
3441 3383 3637 3441 locum
3668 3386 3819 3458 regi-

2161 3477 2359 3542 minis,
2410 3475 2510 3547 qui
2541 3474 2638 3529 Dei
2684 3473 2742 3528 in
2774 3490 2837 3529 se
2867 3473 3056 3545 magis
3097 3473 3464 3528 iracundiam
3497 3479 3818 3546 provocent

2161 3582 2339 3638 quam
2373 3581 2474 3636 per
2504 3563 2853 3634 semetipsos
2883 3561 3117 3635 populis
3146 3561 3379 3634 placare
3408 3563 3754 3620 debuerant.
3788 3585 3820 3615 ιι

2232 3659 2259 3710 I
2264 3657 2389 3720 tem,
2423 3652 2566 3708 idem
2577 3652 2792 3723 Siagrio
2816 3653 3059 3723 episcopo
3074 3650 3561 3722 Augustodunensi.
3598 3673 3629 3702 «
3652 3651 3819 3707 Nun-

2159 3743 2238 3798 tio
2267 3742 2422 3814 apud
2455 3758 2561 3797 nos
2603 3739 2744 3797 olim
2774 3739 3138 3795 discurrente
3166 3739 3474 3811 vulgatum
3505 3744 3596 3796 est
3625 3740 3814 3812 quod,

2161 3832 2220 3888 in
2252 3831 2578 3887 Galliarum
2608 3829 2899 3902 partibus,
2947 3828 3099 3884 sacri
3124 3827 3360 3884 ordines
3387 3845 3491 3901 per
3519 3829 3820 3886 Simonia-

2161 3938 2289 3978 cam
2347 3919 2616 3975 haeresim
2696 3917 3092 3987 conferantur,
3144 3920 3201 3972 et
3254 3916 3585 3973 vehementi
3643 3917 3820 3977 taedio

2164 4008 2426 4064 maeroris
2458 4007 2751 4062 afficimur
2780 4005 2829 4060 si
2858 4005 2916 4058 in
2939 4004 3348 4062 ecclesiasticis
3369 4005 3578 4062 officiis
3607 4022 3819 4079 querno

2164 4115 2341 4172 quam
2372 4097 2584 4152 habeat
2611 4095 2806 4152 locum
2851 4093 3120 4166 pecunia,
3167 4098 3224 4150 et
3255 4095 3320 4150 fit
3349 4094 3628 4154 maculare
3657 4096 3820 4168 quod

2163 4203 2394 4244 sacrum
2419 4189 2525 4241 est.
2549 4184 2891 4254 Quicunque
2913 4199 3048 4255 ergo
3062 4182 3172 4239 hoc
3189 4183 3362 4255 pretii
3373 4184 3823 4242 studetdatione

2164 4276 2478 4349 percipere,
2512 4273 2784 4329 sacerdos
2816 4288 2929 4328 non
2960 4288 3111 4337 esse,
3134 4271 3238 4327 sed
3259 4271 3375 4327 dici
3405 4273 3821 4330 tantummodo

2162 4364 2416 4420 inaniter
2437 4361 2816 4432 concupiscit.
2843 4359 2993 4425 Quid
3011 4359 3272 4416 scilicet?
3293 4360 3428 4432 quis
3440 4377 3544 4433 per
3561 4360 3674 4416 hoc
3694 4359 3822 4434 agi-

2162 4458 2281 4522 tur,
2316 4450 2428 4506 nisi
2459 4453 2525 4504 ut
2553 4448 2717 4504 nulla
2737 4449 2807 4504 de
2828 4452 2960 4503 actu
2984 4447 3269 4520 probatio,
3293 4448 3460 4504 nulla
3477 4448 3818 4508 sollicitudo

2085 4557 2132 4623 D
2163 4542 2234 4596 de
2259 4539 2544 4606 moribus,
2572 4537 2736 4593 nulla
2763 4538 2830 4592 fit
2859 4537 2931 4593 de
2963 4537 3080 4593 vita
3107 4537 3424 4605 discussio,
3459 4539 3564 4595 sed
3595 4538 3694 4594 ille
3723 4553 3823 4594 so-

2163 4629 2464 4684 lummodo
2497 4626 2712 4700 dignus
2744 4626 2844 4698 qui
2877 4625 3015 4682 dare
3045 4625 3298 4698 pretium
3342 4626 3637 4683 suffecerit
3665 4626 3825 4684 aesti-

2168 4717 2398 4774 metur?
2427 4716 2509 4772 Ex
2539 4733 2657 4788 qua
2682 4732 2742 4770 re
2774 4715 2824 4770 si
2855 4714 2993 4770 recti
3024 4713 3356 4772 libraminis
3386 4715 3829 4773 examinatione

2167 4810 2464 4880 pensetur,
2497 4805 2639 4859 dum
2671 4803 2935 4875 improbe
2965 4803 3036 4858 ad
3073 4803 3308 4860 inanem
3338 4803 3584 4876 gratiam
3616 4803 3830 4860 locum

2168 4896 2404 4953 festinat
2422 4891 2776 4949 humilitatis
2792 4892 3068 4964 arripere,
3087 4909 3153 4949 eo
3167 4893 3289 4965 ipso
3307 4891 3491 4966 magis
3511 4890 3613 4962 qui
3635 4889 3833 4949 hono-

2166 5001 2288 5042 rem
2321 4981 2530 5055 quazrit
2547 4980 2825 5053 indignus
2848 4985 2954 5036 est.
2971 4981 3134 5038 Sicut
3149 4986 3342 5038 autem
3356 4979 3470 5048 his,
3488 4978 3828 5050 quiinvita-

2167 5079 2260 5130 tus
2285 5071 2500 5142 renuit,
2527 5069 2809 5142 quzesitus
2831 5069 3066 5142 refugit,
3093 5070 3276 5127 sacris
3301 5073 3391 5126 est
3413 5067 3705 5128 altaribus
3723 5071 3832 5127 ad-

2166 5161 2510 5227 movendus,
2542 5158 2627 5214 sic
2660 5157 2758 5231 qui
2790 5157 2942 5214 ultro
2973 5158 3178 5225 ambit,
3201 5157 3291 5214 vel
3322 5158 3832 5230 importunum-se

2167 5248 2400 5323 ingerit,
2433 5251 2522 5304 est
2551 5247 2751 5319 procul
2784 5246 2962 5303 dubio
2986 5246 3378 5320 repellendus.
3412 5247 3562 5303 Nam
3604 5247 3831 5320 quisic

2167 5339 2373 5395 nititur
2419 5337 2492 5391 ad
2542 5335 2747 5390 altiora
2795 5337 3202 5407 conscendere,
3245 5335 3387 5408 quid
3438 5336 3580 5409 agit,
3616 5335 3730 5392 nisi
3763 5337 3834 5391 ut

2167 5424 2476 5484 crescendo
2492 5423 2870 5494 decrescat,et
2886 5425 3254 5484 ascendendo
3271 5424 3552 5496 exterius,
3572 5423 3831 5488 interius

2166 5516 2227 5573 in
2252 5511 2544 5588 profunda
2572 5512 2935 5569 descendat?
2972 5515 3195 5588 Itaque,
3231 5513 3830 5583 fratercharissime,

2165 5606 2227 5664 in
2276 5601 2680 5664 sacerdotibus
2731 5601 3087 5664 ordinandis.
3121 5603 3430 5667 sinceritas
3489 5602 3711 5694 vigeat;
3745 5601 3838 5678 sit
