4004 6210
194 327 346 406 1033

802 323 1211 390 ADVERSUS
1259 321 1732 388 SIMONIACOS
1779 320 1987 402 LIBRI
2032 320 2256 385 TRES.
2289 355 2364 368 —
2394 321 2625 384 LIBER
2671 321 2991 386 PRIMUS.

3449 311 3604 408 1034

194 461 440 534 simplex
469 460 597 516 sine
615 458 924 528 venalitate
957 475 1298 515 consensus.
1326 459 1476 512 Pura
1507 458 1845 528 praeferatur
1872 457 1927 522 Α
1957 456 2171 510 dicitur
2206 474 2255 510 ;‹‹
2284 456 2390 522 Qui
2422 458 2588 511 offert
2618 456 2971 511 sacriﬁcium
3004 455 3075 508 de
3106 451 3437 508 substantia
3469 469 3605 524 pau-

194 549 416 615 electio,
441 552 508 605 ut
530 549 601 605 ad
625 564 920 604 summam
953 546 1257 603 sacerdotii
1282 563 1396 601 non
1419 545 1695 616 suti‘ragio
1717 561 1846 600 vcn-

195 639 474 705 ditorum,
497 642 826 710 provectus,
854 638 956 693 sed
979 635 1078 692 Dei
1102 637 1372 691 credatur
1395 634 1620 704 judicio
1644 651 1656 689 :
1685 650 1844 700 nam,

193 728 331 800 quia
359 743 532 804 grave
557 727 796 783 omnino
828 727 1057 782 facinus
1079 729 1167 780 est
1187 723 1288 780 Dei
1311 724 1530 778 donum
1553 721 1642 776 vel
1662 721 1846 793 pretio

190 831 535 888 comparare
563 815 652 871 vel
680 815 951 882 vendere,
975 812 1306 885 evangelica
1337 815 1425 867 est
1455 809 1622 866 testis
1643 814 1846 866 aucto-

190 903 335 961 ritas
352 905 555 978 (Matth.
570 921 688 974 χχι,
706 904 791 975 12)
815 921 828 958 :
849 901 1162 974 Templum
1186 902 1341 956 enim
1364 900 1647 954 Dominus
1669 903 1723 954 et
1745 900 1846 953 Re-

185 993 458 1066 demptor
480 997 678 1048 ncster
698 992 1001 1064 ingressus
1022 989 1330 1046 cathedras
1353 988 1732 1043 vendentium
1757 1003 1845 1041 co-

188 1081 419 1138 lumbas
438 1081 815 1145 evertit.Quid
840 1080 997 1136 aliud
1016 1083 1105 1135 est
1121 1078 1422 1134 columbas
1443 1076 1710 1144 vendere,
1731 1075 1845 1129 nisi

191 1170 448 1243 pretium
474 1171 544 1226 de
566 1187 780 1225 manus
802 1167 1174 1240 impositione
1197 1167 1478 1238 accipere,
1497 1169 1554 1220 et
1574 1169 1847 1220 sanctum

190 1259 677 1332 Spiritum,quem
702 1257 1075 1329 omnipotens
1090 1257 1246 1312 Deus
1262 1254 1603 1310 hominibus
1619 1253 1844 1321 tribuit,

186 1347 558 1403 venundare?
587 1347 844 1410 Quorum
895 1345 1294 1401 sacerdotium
1339 1349 1473 1399 ante
1515 1342 1613 1398 Dei
1643 1341 1845 1397 oculos

188 1437 408 1508 cadere,
437 1435 848 1491 cathedrarum
891 1435 1096 1506 utique
1138 1438 1408 1506 patenter
1439 1430 1732 1487 eversione
1769 1430 1845 1485 si-

188 1527 430 1596 gnatum
460 1527 569 1579 est.
594 1525 665 1578 Et
691 1526 890 1578 tamen
923 1521 1104 1578 exerit
1135 1522 1326 1577 adhuc
1355 1520 1624 1592 nequitiae
1657 1519 1845 1591 pravi-

184 1616 274 1667 tas
299 1612 452 1667 vires
483 1628 640 1667 suas.
673 1611 820 1666 Nam
870 1610 1024 1682 cogit
1053 1610 1305 1665 vendere
1338 1626 1487 1681 quos
1538 1607 1754 1679 decipit
1785 1610 1850 1661 ut

185 1703 474 1767 emerent;
507 1703 564 1754 et
594 1700 734 1754 dum
779 1716 895 1754 non
946 1699 1196 1754 attendit
1253 1698 1406 1769 quod
1467 1696 1663 1751 divina
1711 1711 1847 1750 voce

187 1786 522 1859 praecipitur
545 1803 593 1841 ;‹‹
618 1787 813 1842 Gratis
836 1785 1164 1858 accepistis,
1189 1786 1374 1858 gratis
1408 1786 1538 1840 date
1560 1784 1763 1855 (Matth.
1788 1801 1844 1851 x,

186 1877 303 1947 8),»
328 1875 520 1948 agitur
541 1879 606 1931 ut
626 1880 867 1943 crescat,
884 1880 939 1931 et
960 1875 1257 1948 geminata
1278 1875 1378 1929 ﬁat
1399 1875 1457 1930 in
1481 1890 1596 1928 uno
1617 1874 1844 1929 eodem-

187 1980 301 2036 que
331 1962 542 2019 delicto
586 1963 865 2027 conditio,
901 1963 1149 2018 ementis
1181 1961 1403 2018 scilicet
1432 1967 1489 2016 et
1515 1959 1841 2016 vendentis.

186 2053 418 2108 Etcum
448 2051 669 2124 liqueat
707 2052 860 2108 hanc
906 2051 1176 2107 haeresim
1229 2055 1363 2106 ante
1395 2066 1601 2105 omnes
1648 2047 1844 2104 radice

187 2141 466 2212 pestifera
496 2140 886 2212 subrepsisse,
910 2145 1087 2212 atque
1110 2140 1167 2193 in
1195 2140 1323 2210 ipsa
1344 2155 1451 2193 sua
1472 2136 1693 2208 origine
1715 2152 1845 2208 apo-

186 2229 396 2284 stolica
412 2245 543 2284 esse
559 2229 942 2283 detestatione
963 2229 1438 2294 damnatam,cur
1459 2243 1572 2281 non
1586 2229 1840 2288 cavetur,

187 2333 294 2371 cur
322 2333 437 2371 non
469 2316 872 2388 perpenditur,
897 2317 1034 2386 quia
1060 2316 1388 2371 benedictio
1413 2314 1492 2369 illi
1515 2313 1576 2369 in
1601 2312 1841 2368 maledi-

187 2405 442 2459 ctionem
466 2405 944 2475 convertitur,qui
969 2405 1038 2458 ad
1062 2404 1168 2458 hoc
1189 2409 1252 2458 ut
1269 2405 1369 2459 ﬁat
1389 2403 1698 2458 haereticus
1715 2418 1841 2473 pro-

188 2493 491 2548 movetur?
515 2491 865 2563 Plerumque
898 2492 1075 2564 igitur
1097 2491 1465 2547 adversarius
1490 2491 1840 2557 animarum,

193 2583 340 2636 dum
375 2597 486 2636 non
522 2585 712 2652 potest
743 2580 800 2634 in
834 2579 928 2635 his
974 2596 1100 2651 qum
1131 2580 1223 2646 fad
1271 2580 1474 2634 faciem
1507 2583 1642 2634 sunt
1671 2595 1846 2650 prava

185 2671 514 2741 subripere,
569 2668 804 2736 callide,
857 2669 1050 2740 specie
1101 2668 1269 2739 quasi
1319 2667 1550 2739 pietatis
1611 2668 1844 2736 injecta,

183 2758 396 2813 nititur
434 2756 840 2830 subplantare,
874 2758 1199 2829 suadetque
1246 2756 1485 2811 forsitan
1533 2755 1743 2810 debere
1773 2755 1844 2809 ab

183 2847 545 2902 habentibus
577 2845 783 2917 accipi,
802 2847 935 2901 utsi
962 2847 1116 2917 quod
1141 2845 1329 2917 possit
1352 2862 1464 2899 non
1492 2843 1846 2898 habentibus

181 2935 433 3006 erogari,
453 2935 775 2989 dummodo
798 2935 885 2989 vel
912 2935 995 2988 sic
1018 2951 1238 2989 venena
1259 2933 1580 3000 mortifera,
1604 2932 1844 2988 eleemo-

181 3040 342 3096 syria
374 3022 556 3079 celata
605 3021 1071 3092 obumbratione,
1107 3022 1499 3078 transfundat.
1544 3022 1690 3075 Nam
1739 3038 1843 3074 nec

178 3116 428 3168 venator
471 3111 675 3178 feram,
710 3127 816 3166 nec
862 3128 1023 3167 avem
1057 3128 1270 3182 auceps
1303 3111 1613 3182 deciperet,
1638 3109 1724 3164 vel
1756 3109 1842 3181 pi-

182 3217 348 3257 seem
379 3199 634 3272 piscator
663 3204 916 3272 caperet,
939 3199 989 3255 si
1020 3204 1122 3255 aut
1150 3199 1233 3253 illi
1265 3199 1540 3270 laqueum
1563 3199 1620 3253 in
1643 3202 1840 3270 aperto
1873 3183 1914 3251 C

185 3292 602 3361 proponerent,
631 3294 732 3345 aut
756 3288 852 3344 ille
879 3288 1119 3344 hamum
1143 3305 1274 3344 esca
1295 3288 1705 3344 absconditum
1725 3304 1840 3342 non

183 3378 708 3435 haberet.0mnino
729 3395 863 3450 ergo
884 3379 1195 3434 metuenda
1213 3382 1268 3434 et
1284 3378 1541 3434 cavenda
1552 3382 1641 3433 est
1654 3377 1842 3433 hostis

181 3468 425 3538 astutia,
441 3485 511 3523 ne
533 3485 681 3539 quos
704 3472 905 3538 aperta
923 3467 1130 3539 nequit
1149 3466 1465 3522 tentatione
1486 3467 1841 3532 subvertere,

180 3555 406 3612 latente
421 3555 534 3612 telo
552 3556 740 3612 valeat
762 3554 1072 3610 trucidare.
1090 3555 1287 3624 Neque
1303 3554 1457 3608 enim
1477 3553 1844 3625 eleemosyna

177 3645 515 3716 reputanda
543 3647 653 3709 est,
687 3642 735 3697 si
769 3642 1128 3713 pauperibus
1173 3642 1552 3712 dispensatur
1589 3641 1742 3712 quod
1776 3657 1843 3696 ex

175 3731 408 3788 illicitis
430 3731 605 3786 rebus
627 3728 1076 3801 accipitur,quia
1092 3729 1191 3800 qui
1213 3728 1322 3784 hac
1343 3728 1664 3783 intentione
1693 3727 1843 3783 male

178 3819 420 3892 accipit,
453 3823 518 3874 ut
557 3817 725 3890 quasi
773 3818 918 3872 bene
966 3817 1284 3888 dispenset,
1329 3820 1604 3887 gravatur
1649 3815 1844 3887 potius

179 3926 366 3982 quam
388 3909 651 3980 juvatur.
685 3906 1068 3977 Eleemosyna
1099 3903 1473 3976 Redemptori
1505 3908 1703 3960 nostro
1747 3903 1846 3959 illa

188 3997 403 4070 placet,
425 4013 552 4068 quae
576 4012 692 4051 non
731 3995 803 4050 de
842 3992 1066 4048 illicitis
1096 3996 1154 4048 et
1183 3992 1494 4064 iniquitate
1514 3991 1846 4065 congeritur

183 4087 289 4142 sed
302 4087 374 4142 de
396 4087 568 4142 rebus
581 4081 875 4140 concessis
894 4086 951 4138 et
972 4082 1117 4138 bene
1131 4081 1351 4152 acquisi
1361 4080 1439 4136 tis
1462 4080 1840 4152 impenditur.

183 4174 352 4230 Unde
381 4176 556 4230 etiam
589 4173 730 4228 illud
763 4175 988 4228 certum
1021 4174 1111 4226 est
1139 4170 1298 4242 quia,
1322 4169 1431 4224 etsi
1466 4169 1839 4238 monasteria,

185 4267 294 4320 aut
315 4261 695 4330 xenodochia,
713 4260 800 4317 vel
833 4260 972 4332 quid
1005 4258 1162 4331 aliud
1187 4258 1569 4326 construitur,
1593 4258 1845 4314 mercedi

185 4369 309 4408 non
333 4349 863 4423 proﬁcit,quoniam
879 4349 1020 4404 dum
1041 4365 1346 4420 perversus
1365 4351 1590 4418 emptor
1605 4347 1845 4403 honoris

184 4441 249 4496 in
284 4439 475 4495 locum
507 4439 822 4494 venditoris
857 4437 1088 4502 transit,
1113 4442 1170 4492 et
1201 4436 1346 4492 alios
1367 4436 1438 4491 ad
1461 4435 1553 4491 sui
1575 4435 1845 4492 similitu-

185 4529 391 4585 dinem
418 4527 527 4581 sub
561 4526 792 4581 datione
823 4526 1127 4582 constituit
1157 4525 1472 4591 commodi,
1497 4524 1665 4596 plura
1695 4524 1846 4580 male

185 4615 518 4675 ordinando
541 4615 788 4670 destruit
809 4632 984 4685 quam
1009 4614 1104 4670 ille
1135 4619 1323 4687 potest
1346 4613 1631 4668 aediﬁcare
1653 4613 1750 4685 qui
1774 4614 1846 4668 ab

185 4724 258 4763 eo
291 4703 597 4776 pecuniam
629 4719 732 4775 pro
764 4703 1125 4759 ordinatione
1156 4702 1397 4774 accepit.
1431 4703 1512 4757 Ne
1552 4720 1688 4775 ergo
1736 4704 1846 4759 sub

186 4796 431 4850 obtentu
456 4791 832 4864 eleemosyna:
851 4808 983 4846 cum
1009 4796 1240 4862 peccato
1262 4790 1484 4862 aliquid
1505 4792 1847 4847 studeamus

187 4883 474 4956 accipere,
506 4885 707 4954 aperta
747 4897 915 4936 sacra
953 4881 1252 4951 Scriptura
1291 4898 1396 4936 nos
1438 4881 1724 4952 prohibet,
1759 4881 1846 4936 di-

188 4989 332 5030 cens
363 4990 375 5027 :
404 4995 430 5022 ‹‹
460 4971 670 5027 Hostiae
720 4969 1037 5041 impiorum
1097 4969 1522 5025 abominabiles
1576 4971 1846 5036 Domino,

187 5079 324 5135 qua:
346 5061 672 5118 offeruntur
693 5077 762 5115 ex
787 5057 1002 5114 scelere
1024 5059 1208 5128 (Prov.
1228 5075 1343 5123 xxi,
1366 5060 1477 5128 27).
1505 5080 1532 5107 ››
1556 5060 1847 5130 Quidquid

187 5150 352 5208 enim
396 5149 453 5202 in
507 5149 607 5203 Dei
661 5147 948 5203 sacriﬁcio
980 5163 1048 5202 ex
1088 5145 1304 5201 scelere
1355 5147 1610 5216 oﬁ‘ertur,
1644 5148 1847 5204 Omni-

189 5236 452 5312 potentis
483 5236 848 5291 iracundiam
897 5252 1012 5291 non
1065 5234 1275 5306 placat,
1311 5235 1412 5289 sed
1461 5235 1670 5291 irritat.
1704 5237 1849 5292 Hinc

190 5342 406 5384 rursus
439 5325 721 5395 scriptum
763 5329 852 5378 est
884 5340 896 5376 :
923 5346 950 5374 ‹‹
985 5324 1220 5378 Honora
1251 5322 1564 5378 Dominum
1615 5326 1684 5379 dc
1731 5326 1850 5381 tuis

183 5414 377 5489 justis
405 5412 705 5468 laboribus
731 5414 912 5482 (Prov.
948 5429 1032 5476 111,
1063 5412 1138 5482 9).
1167 5434 1194 5459 »
1217 5411 1324 5474 Qui
1347 5427 1481 5483 ergo
1505 5411 1656 5467 male
1676 5413 1850 5480 tollit,

193 5509 264 5562 ut
294 5501 465 5576 quasi
487 5501 634 5557 bene
655 5501 927 5572 praebeat,
961 5505 1190 5555 constat
1219 5498 1344 5554 sine
1377 5499 1560 5554 dubio
1583 5502 1720 5571 quia
1742 5501 1851 5556 Do-

195 5594 430 5652 minum
462 5607 579 5649 non
610 5587 875 5645 honorat.
901 5588 1047 5644 Hinc
1079 5604 1314 5661 quoque
1346 5604 1450 5661 per
1479 5587 1852 5646 Salomonem

523 5719 794 5785 PATBOL.
841 5715 1102 5785 CXLIII.

1958 544 2130 616 peris,
2148 561 2210 599 ac
2234 545 2279 600 si
2305 545 2564 601 victimet
2584 543 2768 599 ﬁlium
2792 545 2848 598 in
2875 545 3190 615 conspectu
3213 541 3395 614 patris
3415 542 3606 612 (Ecclz'.

1956 651 2142 703 xxxrv,
2176 636 2289 703 2’1).
2320 657 2345 683 ››
2377 636 2643 698 Quantus
2683 637 2878 689 autem
2911 632 3075 688 dolor
3122 630 3304 703 patris
3356 629 3432 686 sit
3475 647 3609 702 per-

1957 723 2301 792 pendamus,
2325 723 2374 778 si
2407 725 2463 778 in
2488 724 2615 794 ejus
2647 726 2961 794 conspectu
2995 720 3150 776 ﬁlius
3170 719 3526 787 victimetur,
3550 721 3607 774 et

1955 809 2088 865 hinc
2121 810 2288 866 facile
2317 827 2739 883 cognoscemus
2785 814 3003 882 quanto
3035 809 3190 864 Deus
3236 807 3606 880 omnipotens

1955 898 2151 954 dolore
2177 905 2572 971 exasperatur,
2598 901 2832 970 quando
2855 899 2904 954 ei
2937 897 3289 954 sacriﬁcium
3311 913 3380 952 ex
3401 897 3607 968 rapina

1953 987 2253 1042 tribuitur.
2274 987 2461 1043 Nimis
2483 1004 2618 1058 ergo
2651 988 3064 1042 declinandum
3091 991 3198 1054 est,
3221 986 3606 1042 dilectissime

1954 1075 2151 1144 frater,
2178 1077 2286 1131 sub
2311 1077 2550 1132 obtentu
2575 1075 2972 1144 eleemosynai,
2997 1079 3233 1146 peccata
3261 1075 3602 1130 Simoniaca:

1955 1163 2241 1218 hzerescos
2271 1168 2622 1235 perpetrare.
2649 1164 2794 1218 Nam
2818 1163 2975 1218 aliud
2999 1167 3087 1217 est
3109 1167 3343 1235 propter
3369 1165 3607 1235 peccata

1955 1251 2384 1323 eleemosynam
2444 1253 2651 1319 facere,
2700 1251 2859 1307 aliud
2917 1255 3153 1323 propter
3207 1251 3606 1325 eleemosynas

1955 1345 2188 1413 peccata
2217 1341 2597 1396 committere.
2627 1363 2654 1390 ››

2024 1431 2088 1484 Et
2105 1434 2226 1500 post
2245 1431 2435 1502 aliqua
2455 1429 2598 1485 idem
2621 1429 2814 1496 eidem,
2839 1428 2979 1483 unde
2998 1444 3186 1498 supra.
3215 1450 3240 1477 ‹‹
3261 1428 3342 1482 Ne
3363 1427 3604 1484 forsitan

1955 1518 2146 1573 adhuc
2165 1508 2352 1588 pravis
2367 1535 2426 1573 se
2442 1517 2882 1573 consuetudinis
2897 1516 3209 1588 quisquam
3220 1515 3360 1570 velit
3376 1515 3605 1584 objectu

1956 1606 2282 1674 defendere,
2303 1607 2686 1662 fraternitatis
2715 1610 2916 1662 vestrae
2939 1605 3209 1660 discretio
3242 1603 3485 1659 rationis
3508 1619 3606 1659 eos

1954 1695 2116 1750 freno
2143 1700 2423 1762 coerceat,
2442 1700 2499 1748 et
2520 1695 2636 1748 labi
2659 1695 2715 1748 in
2742 1693 2961 1749 illicitis
2985 1710 3098 1748 non
3123 1691 3445 1765 permittat,
3469 1691 3608 1763 quia

1955 1783 2239 1855 quidquid
2259 1783 2465 1838 ultioni
2489 1783 2735 1854 dignum
2758 1786 2866 1849 est,
2885 1799 2998 1837 non
3022 1782 3094 1836 ad
3117 1780 3482 1847 imitationis,
3503 1779 3604 1835 sed

1955 1872 2149 1943 potius
2180 1873 2250 1927 ad
2283 1871 2615 1943 exemplum
2642 1871 2812 1925 debet
2842 1869 3222 1942 correptionis
3245 1868 3476 1924 adduci.
3502 1890 3530 1918 »

2023 1963 2089 2016 Et
2112 1965 2233 2032 post
2259 1977 2439 2032 pauca
2467 1977 2526 2016 :«
2553 1959 2634 2015 De
2653 1959 2745 2013 his
2771 1960 2972 2030 itaque
3003 1975 3129 2030 quae
3157 1958 3428 2029 superius
3451 1956 3606 2012 dicta

1953 2054 2114 2117 sunt,
2153 2049 2574 2104 fraternitatem
2606 2052 2855 2104 vestram
2888 2050 3123 2102 auctore
3169 2051 3283 2101 Deo
3332 2045 3604 2101 volumus

1954 2138 2242 2210 synodum
2291 2154 2662 2210 congregare,
2696 2141 2870 2208 atque
2909 2136 2966 2190 in
3017 2153 3102 2203 ea,
3136 2133 3603 2191 reverentissimo

1953 2227 2120 2282 fratri
2152 2231 2351 2282 nostro
2395 2226 2601 2298 Aregio
2650 2225 2940 2297 episcopo,
2977 2229 3032 2279 et
3071 2223 3451 2280 dilectissimo
3483 2222 3602 2278 ﬁlio

1954 2321 2152 2371 nostro
2199 2315 2436 2387 Cyriaco
2495 2315 2704 2369 abbate
2753 2312 3179 2378 mediantibus,
3228 2311 3426 2367 omnia
3474 2327 3601 2381 quae

1954 2403 2172 2460 sanctis
2201 2403 2545 2469 canonibus,
2571 2402 2724 2457 sicut
2753 2401 3148 2474 praediximus,
3172 2403 3312 2455 sunt
3339 2399 3599 2468 adversa,

1953 2495 2216 2550 districta
2232 2494 2340 2549 sub
2360 2492 2750 2548 anathematis
2769 2490 3211 2562 interpositione
3228 2489 3603 2556 damnentur,

1953 2584 2010 2637 id
2034 2587 2141 2649 est,
2168 2586 2232 2637 ut
2262 2580 2462 2636 nullus
2485 2598 2586 2652 pro
2609 2580 2999 2651 adipiscendis
3021 2576 3432 2634 ecclesiasticis
3453 2577 3606 2632 ordi-

1955 2672 2128 2726 nibus
2159 2672 2297 2726 dare
2327 2669 2562 2741 aliquod
2604 2669 2976 2735 commodum
3021 2670 3357 2740 praesumat,
3379 2665 3466 2721 vel
3499 2683 3602 2738 pro

1954 2761 2105 2815 datis
2137 2761 2419 2831 accipere,
2443 2773 2630 2830 neque
2661 2775 2728 2813 ex
2757 2757 2901 2812 laico
2936 2757 3134 2811 habitu
3167 2755 3480 2828 quisquam
3514 2771 3600 2810 re-

1954 2853 2125 2920 pente
2157 2849 2368 2903 audeat
2399 2847 2468 2902 ad
2503 2847 2696 2902 locum
2745 2846 2892 2901 sacri
2935 2844 3236 2918 regiminis
3286 2842 3599 2915 pervenire,

1954 2953 2141 3008 neque
2173 2942 2235 2991 ut
2261 2935 2386 2991 aliae
2418 2935 2691 2991 mulieres
2722 2951 2853 2989 cum
2886 2932 3285 2989 sacerdotibus
3314 2933 3599 2999 habitent,

1954 3025 2061 3080 nisi
2099 3025 2183 3079 hac
2215 3043 2340 3095 quae
2374 3042 2406 3079 a
2437 3025 2618 3079 sacris
2651 3024 2971 3079 canonibus
3000 3027 3138 3078 sunt
3167 3022 3486 3094 permissae.
3517 3043 3537 3069 ιο

2021 3117 2172 3183 Item,
2219 3115 2362 3169 idem
2416 3115 2644 3169 Victoria
2691 3116 2953 3184 cpia-cepa.
2981 3136 3005 3162 ‹‹
3041 3111 3318 3182 Quisquis
3367 3110 3438 3164 ad
3491 3110 3600 3164 hoc

1953 3203 2178 3258 facinus
2196 3203 2425 3258 videtur
2445 3201 2783 3257 Simoniacm
2807 3219 2872 3256 ac
2895 3200 3328 3276 Neophytorum
3362 3199 3601 3254 hmresis

1953 3292 2386 3349 emendandum
2417 3291 2591 3345 ofﬁcii
2617 3291 2707 3346 sui
2731 3289 3197 3346 consideratione
3228 3288 3602 3344 vehementer

1952 3399 2067 3436 non
2101 3380 2310 3446 arderi,
2344 3395 2478 3434 cum
2527 3379 2653 3450 ipso
2686 3395 2747 3433 se
2777 3378 2991 3432 habere
3023 3394 3138 3431 non
3187 3376 3414 3432 dubitet
3463 3394 3600 3448 por-

1951 3470 2193 3535 tionem,
2227 3485 2260 3522 a
2290 3484 2404 3538 quo
2448 3466 2613 3538 prius
2642 3465 2750 3521 hoc
2790 3464 3080 3537 peculiare
3111 3464 3398 3535 ﬂagitium
3432 3481 3600 3519 sum-

1954 3558 2071 3630 psit
2103 3556 2424 3611 exordium.
2451 3576 2478 3603 »

2023 3649 2110 3700 Ex
2164 3643 2393 3699 decretis
2451 3643 2713 3713 ejusdem,
2774 3641 2918 3696 unde
2970 3657 3155 3712 supra.
3199 3663 3227 3689 ‹‹
3288 3639 3598 3710 Antiquam

1952 3735 2191 3788 Patrum
2226 3730 2488 3803 regulam
2513 3747 2787 3801 sequens,
2813 3729 2957 3784 nihil
2981 3745 3243 3799 unquam
3275 3729 3344 3782 de
3375 3727 3604 3784 ordina-

1951 3821 2210 3878 tionibus
2242 3819 2649 3891 accipiendum
2679 3835 2806 3874 esse
2837 3817 3149 3884 constituo,
3183 3833 3372 3888 neque
3402 3833 3470 3870 ex
3499 3817 3600 3873 da-

1951 3910 2110 3965 tione
2141 3907 2324 3980 pallii,
2357 3923 2546 3978 neque
2594 3923 2663 3962 ex
2691 3906 3002 3962 traditione
3032 3905 3389 3974 chartarum,
3415 3921 3603 3977 neque

1951 4015 2020 4054 ex
2048 4015 2114 4052 ea
2145 4013 2320 4069 quam
2345 4013 2492 4051 nova
2519 4013 2620 4067 per
2649 3995 3028 4051 ambitionem
3057 3993 3351 4049 simulatio
3383 3993 3605 4049 invenit

1952 4085 2340 4158 appellatione
2363 4084 2615 4156 pastelli.
2644 4084 2789 4148 Quia
2809 4084 2964 4139 enim
2988 4083 3310 4138 ordinando
3331 4081 3603 4155 episcopo

1954 4176 2213 4250 pontifex
2242 4191 2484 4229 manum
2517 4174 2785 4246 imponit,
2820 4172 3211 4246 evangelicam
3244 4189 3376 4227 vero
3405 4171 3604 4227 lectio-

1955 4282 2088 4320 nem
2113 4264 2380 4320 minister
2400 4259 2561 4335 legit,
2585 4262 3049 4319 conﬁrmationis
3071 4266 3264 4317 autem
3295 4262 3423 4333 ejus
3447 4261 3604 4333 epis-

1954 4354 2132 4410 tolam
2166 4353 2430 4409 notarius
2465 4353 2686 4421 scribit,
2722 4352 2874 4407 sicut
2911 4351 3246 4423 pontiﬁcem
3286 4368 3402 4406 non
3442 4351 3607 4407 decet

1956 4461 2198 4500 manum
2217 4461 2392 4515 quam
2414 4443 2663 4514 imponit
2676 4443 2943 4509 vendere,
2962 4442 3044 4497 ita
3061 4441 3328 4497 minister
3342 4439 3430 4497 vel
3449 4444 3608 4496 nota-

1876 4549 1922 4613 D
1956 4533 2080 4589 rius
2099 4549 2212 4588 non
2228 4532 2399 4587 debet
2417 4531 2476 4585 in
2492 4531 2853 4586 ordinatione
2867 4531 2994 4602 ejus
3005 4547 3199 4586 vocem
3215 4529 3300 4585 vel
3313 4529 3606 4584 calamum

1954 4621 2308 4676 venundare.
2330 4624 2437 4673 Pro
2471 4620 2836 4675 ordinatione
2865 4636 3000 4691 ergo
3031 4617 3118 4674 vel
3152 4635 3261 4672 usu
3297 4618 3476 4689 pallii,
3503 4633 3606 4672 seu

1957 4709 2178 4765 chartis
2209 4714 2382 4779 atque
2414 4707 2696 4778 pastellis,
2716 4707 2985 4762 eumdem
3011 4707 3110 4778 qui
3138 4706 3499 4761 ordinandus
3521 4708 3612 4759 est

1957 4799 2195 4854 omnino
2229 4796 2448 4867 aliquid
2483 4797 2620 4852 dare
2650 4796 2948 4867 prohibeo.
2975 4797 3052 4849 Ex
3073 4795 3285 4865 quibus
3319 4792 3610 4864 praedictis

1957 4887 2134 4942 rebus
2165 4885 2213 4939 si
2247 4883 2380 4956 quis
2428 4883 2564 4938 huic
2611 4883 2832 4955 aliquid
2883 4883 3170 4938 commodi
3221 4879 3610 4952 appellatione

1959 4975 2187 5046 exigere
2217 4971 2303 5026 vel
2340 4976 2530 5042 petere
2576 4972 2720 5025 forte
2766 4970 3220 5042 praesumpserit,
3255 4970 3313 5023 in
3347 4967 3611 5024 districto

1962 5063 2058 5117 Dei
2093 5060 2511 5131 omnipotentis
2542 5060 2808 5114 examine
2851 5059 3032 5114 reatui
3066 5057 3411 5128 subjacebit.
3439 5078 3467 5105 ››

2031 5153 2185 5217 Item,
2213 5149 2385 5203 cidem
2433 5149 2657 5215 Virgilio
2712 5149 2953 5219 episcopo
3000 5147 3323 5201 Arelatensi.
3367 5144 3615 5208 Quibus-

1960 5241 2097 5294 dam
2147 5236 2585 5291 narrationibus
2614 5235 2818 5306 agnovi
2853 5237 3028 5306 quod,
3061 5234 3119 5288 in
3171 5233 3491 5289 Galliarum
3521 5234 3606 5290 vel

1961 5325 2283 5382 Germaniae
2308 5325 2592 5396 partibus,
2614 5323 2812 5378 nullus
2837 5325 2906 5378 ad
2941 5340 3170 5379 sacrum
3195 5323 3458 5379 ordinem
3486 5322 3612 5379 sine

1961 5413 2252 5470 commodi
2303 5413 2538 5468 datione
2580 5413 2894 5485 perveniat.
2939 5413 3101 5480 Quod
3133 5412 3181 5467 si
3212 5412 3294 5467 ita
3324 5416 3431 5480 est,
3466 5413 3611 5468 flens

1961 5503 2112 5568 dico,
2141 5517 2380 5572 gemens
2413 5501 2711 5570 denuntio,
2732 5501 2871 5574 quia
2899 5519 3030 5557 cum
3063 5501 3441 5557 sacerdotalis
3470 5502 3611 5558 ordo

1965 5592 2126 5649 intus
2147 5589 2376 5666 cecidit,
2394 5591 2532 5652 foris
2555 5608 2788 5669 quoque
2809 5592 2910 5651 diu
2931 5596 3086 5652 stare
3117 5607 3232 5648 non
3257 5590 3611 5664 poterit.Sci-

3215 5718 3291 5803 .33
