4004 6210
424 370 579 437 1035

1451 357 1859 434 HUMBEn‘TI
1903 366 1965 432 s.
2013 366 2086 431 Β.
2134 362 2204 432 E.
2253 362 2746 433 CARDINALIS.

3670 318 3825 434 i036

422 524 557 579 mus
587 505 821 578 quippe,
853 521 923 560 ex
952 502 1278 575 Evangelio,
1299 506 1451 576 quod
1486 506 1838 577 Redemptor
1870 509 2066 560 noster
2093 508 2147 573 Α
2176 505 2323 560 Ilinc
2356 522 2467 560 non
2500 504 2691 560 solum
2724 505 2783 558 in
2814 504 3165 560 ordinatoris
3196 507 3252 559 et
3281 502 3534 560 ordinati
3564 505 3822 562 animam

422 612 524 666 per
543 593 922 664 semetipsum
948 591 1165 659 fecerit,
1190 592 1325 663 quia
1345 592 1647 663 ingressus
1672 594 1953 664 templum
1976 610 2064 647 ca-

420 682 657 739 thedras
678 681 1052 737 vendentium
1075 680 1379 738 columbas
1400 682 1603 737 evertit
1618 683 2061 754 (Matt/annm).

417 767 732 826 Columbas
753 769 908 825 enim
937 771 1184 826 vendere
1204 774 1293 827 est
1314 771 1382 826 de
1404 774 1604 827 sancto
1627 770 1868 843 Spiritu,
1889 787 2063 842 quem

418 859 571 915 Deus
593 859 964 932 omnipotens
995 860 1555 917 consubstantialem
1588 860 1719 929 sibi,
1744 877 1848 934 per
1876 860 2064 932 impo-

417 948 688 1005 sitionem
725 965 1033 1018 manuum,
1063 949 1403 1007 hominibus
1434 951 1658 1018 tribuit,
1690 950 2064 1006 commodum

417 1037 735 1109 temporale
764 1040 1077 1112 percipere.
1103 1041 1182 1095 Ex
1213 1058 1347 1112 quo,
1377 1045 1440 1095 ut
1468 1040 1727 1111 prrcdixi,
1763 1039 1915 1095 malo
1937 1040 2063 1110 jam

417 1125 683 1182 innuitur
711 1127 854 1199 quid
884 1133 1184 1200 sequatur,
1207 1129 1345 1200 quia
1374 1129 1472 1199 qui
1508 1129 1565 1183 in
1590 1129 1806 1200 templo
1837 1128 1938 1183 Dei
1970 1144 2063 1184 co-

416 1213 651 1270 lumbas
680 1216 926 1271 vendere
958 1220 1479 1288 praesumpserunt,
1502 1233 1704 1272 eorum
1733 1217 1842 1270 Deo
1865 1216 2065 1286 judice

415 1302 703 1359 cathedrae
733 1305 1084 1359 ceciderunt.
1108 1305 1214 1368 Qui
1239 1305 1503 1360 videlicet
1531 1322 1690 1360 error
1722 1305 1779 1358 in
1812 1304 2064 1359 subditis

415 1409 547 1447 cum
582 1398 897 1464 augmento
950 1398 1323 1466 propagatur.
1347 1394 1492 1449 Nam
1526 1394 1649 1465 ipse
1698 1410 1930 1466 quoque
1962 1392 2061 1464 qui

415 1482 486 1536 ad
519 1498 751 1537 sacrum
783 1482 1062 1538 honorem
1096 1483 1455 1554 perducitur,
1490 1484 1614 1553 jam
1665 1482 1722 1536 in
1765 1483 1893 1553 ipsa
1932 1499 2061 1553 pro-

413 1573 615 1625 vectus
646 1570 737 1626 sui
769 1571 962 1627 radice
991 1571 1247 1639 vitiatus,
1282 1572 1537 1643 paratior
1565 1576 1654 1626 est
1684 1570 1814 1625 aliis
1842 1588 2062 1625 venun-

416 1658 554 1714 dare
585 1660 742 1730 quod
771 1658 929 1714 emit.
952 1660 1058 1715 Ubi
1081 1664 1169 1715 est
1190 1660 1343 1731 quod
1366 1660 1653 1731 scriptum
1686 1663 1776 1714 est
1799 1675 1847 1713 ει(
1872 1658 2063 1715 Gratis

415 1747 742 1819 accepistis,
764 1748 947 1821 gratis
968 1749 1100 1804 date
1116 1750 1143 1803 ?
1163 1748 1371 1819 (Matth.
1395 1766 1449 1815 x,
1472 1750 1550 1819 8.)
1575 1772 1602 1796 ››
1627 1753 1845 1803 Etcum
1872 1748 2064 1819 prima

414 1840 617 1891 contra
654 1840 915 1891 sanctam
965 1836 1280 1891 Ecclesiam
1329 1836 1660 1892 Simoniaca
1717 1837 1956 1891 haeresis
1988 1836 2065 1892 sit
2097 1874 2143 1937 Β

414 1929 632 1992 exorta,
655 1941 759 1979 cur
788 1942 902 1981 non
926 1926 1325 1997 perpenditur,
1348 1942 1453 1980 cur
1482 1943 1596 1981 non
1628 1925 1875 1994 videtur,
1902 1925 2063 1997 quia,

412 2029 547 2068 cum
571 2030 745 2084 quem
768 2013 901 2085 quis
923 2030 1056 2069 cum
1079 2014 1263 2086 pretio
1284 2014 1515 2069 ordinat
1536 2015 1925 2086 provehendo,
1945 2014 2065 2086 agit

420 2105 484 2157 ut
509 2102 817 2158 haereticus
850 2103 953 2158 fiat
972 2103 1000 2157 ?
1022 2125 1050 2153 ››

482 2191 627 2246 Idem
673 2194 875 2248 Joannz'
914 2195 1158 2265 episcopo
1204 2193 1632 2261 Corinthiorum,
1684 2193 1825 2248 unde
1871 2209 2064 2264 supra.

412 2303 441 2331 ‹‹
475 2280 621 2345 Quia
650 2279 801 2336 hanc
828 2280 1307 2337 nefandissimam
1336 2282 1681 2354 pravitatem
1704 2285 1904 2338 sancta
1938 2282 2066 2338 uni-

409 2367 656 2428 versatis
687 2369 926 2425 omnino
958 2370 1201 2425 damnat
1220 2370 1497 2438 Ecclesia,
1520 2371 1828 2426 hortamur
1859 2372 2063 2427 frater-

414 2456 660 2511 nitatem
707 2461 981 2527 vestram,
1031 2462 1098 2514 ut
1146 2464 1262 2514 tam
1316 2459 1655 2515 detestabile
1702 2463 1760 2515 et
1806 2460 2063 2516 immane

413 2548 739 2618 peccatum,
762 2545 833 2600 de
862 2544 1004 2602 locis
1034 2547 1308 2603 omnibus
1336 2564 1462 2619 quae
1495 2549 1603 2603 sub
1636 2565 1694 2604 se
1720 2552 1876 2616 sunt,
1903 2548 2062 2605 solli-

414 2632 692 2689 citudinis
722 2651 841 2690 suas
871 2635 1063 2692 modis
1092 2637 1365 2693 omnibus
1396 2642 1728 2709 compescat
1761 2638 2060 2694 instantia.

414 2722 561 2778 Nam
595 2721 644 2777 si
668 2721 805 2794 quid
828 2722 942 2779 tale
964 2724 1236 2797 deinceps
1258 2725 1381 2781 fieri
1404 2724 1924 2797 senserimus,jam
1947 2744 2061 2783 non

412 2810 627 2878 verbis,
651 2812 751 2868 sed
784 2812 1062 2869 canonica
1106 2813 1217 2869 hoc
1248 2813 1468 2870 ultione
1498 2815 1878 2888 corrigemus,
1908 2820 1964 2871 et
1993 2817 2064 2871 de

413 2898 576 2955 vobis
599 2900 753 2972 quod
785 2918 900 2957 non
926 2905 1153 2975 oportet
1181 2901 1338 2958 aliud
1361 2902 1710 2975 incipiemus
1732 2903 1945 2960 habere
1959 2904 2063 2975 ju-

414 2988 654 3045 dicium.
688 2989 856 3046 Novit
885 2995 1082 3047 autem
1126 2992 1459 3047 fraternitas
1488 2996 1680 3047 vestra
1712 2992 1853 3064 quia
1899 2992 2064 3065 prius

412 3076 656 3149 pallium
680 3079 793 3135 nisi
815 3078 950 3135 dato
972 3080 1277 3136 commodo
1305 3098 1417 3136 non
1440 3081 1717 3149 dabatur;
1740 3082 1895 3153 quod
1918 3098 2061 3154 quo-

415 3166 573 3222 niam
606 3167 995 3239 incongruum
1040 3172 1184 3236 erat,
1218 3169 1366 3225 facto
1410 3170 1655 3226 concilio
1688 3175 1820 3226 ante
1850 3187 2063 3242 corpus

2177 593 2385 649 lethale
2442 594 2655 649 vulnus
2714 593 2875 665 inﬁgi
2929 594 3293 666 prtedicatur,
3335 594 3434 649 sed
3494 594 3672 650 etiam
3726 596 3825 668 qui

2176 683 2579 754 episcoporum
2611 682 3127 738 intercessionibus
3158 681 3450 738 sublevari
3482 683 3823 755 debuerant,

2175 769 2348 842 culpa
2394 774 2848 842 przegravantur.
2880 770 3106 826 Astruit
3144 787 3377 844 quoque
3424 772 3583 829 idem
3629 773 3828 831 doctor

2174 858 2333 930 quia,
2369 858 2417 913 si
2450 858 2501 913 is
2533 859 2747 931 dignus
2791 859 3115 915 sacerdotio
3147 860 3408 915 creditur
3437 860 3530 915 cui
3571 861 3827 934 pecunia

2175 946 2340 1019 cepia
2384 947 2759 1020 suffragatur,
2793 964 3159 1019 consequens
3190 952 3278 1003 est
3308 952 3374 1003 ut
3405 948 3554 1004 nihil
3606 950 3740 1020 sibi,
3763 951 3824 1007 in

2174 1035 2391 1090 honore
2430 1035 2843 1101 ecclesiastico,
2877 1036 3138 1108 probitas
3178 1036 3470 1105 defendat,
3505 1040 3607 1095 sed
3639 1043 3827 1095 totum

2174 1125 2298 1179 auri
2324 1125 2603 1196 profanus
2625 1142 2790 1180 amor
2810 1124 3087 1193 obtineat,
3114 1128 3179 1180 ut
3200 1124 3337 1181 vitia
3358 1142 3485 1199 quae
3505 1128 3825 1184 vindictam

2174 1214 2567 1283 merebantur,
2591 1214 2811 1270 honore
2841 1218 3309 1283 remunerentur,
3337 1215 3481 1271 dum
3504 1217 3555 1273 is
3577 1218 3675 1290 qui
3697 1235 3824 1274 cor-

2174 1302 2476 1374 ripiendus
2507 1308 2593 1358 est
2622 1304 2814 1358 locum
2837 1303 3185 1376 correptoris
3208 1309 3471 1378 usurpat.
3498 1306 3666 1363 Tales
3696 1324 3824 1381 pro-

2174 1393 2320 1446 fecto
2364 1394 2695 1448 sacerdotes
2746 1410 2861 1448 non
2911 1394 3209 1465 proficere,
3242 1395 3344 1451 sed
3393 1396 3578 1467 perire
3623 1397 3821 1469 potius

2173 1481 2446 1549 affirmat,
2472 1498 2720 1553 quorum
2747 1482 2909 1537 radix
2931 1483 3089 1555 gravi
3118 1488 3278 1556 peste
3300 1488 3391 1541 est
3410 1484 3632 1541 infecta.
3656 1485 3823 1540 Nihi-

2174 1567 2430 1624 lominus
2469 1570 2682 1625 astruit
2728 1572 3011 1641 majorem
3058 1571 3447 1629 calamitatem
3491 1574 3818 1629 timendam

2172 1655 2313 1712 locis
2354 1657 2491 1726 illis,
2527 1659 2743 1731 quibus
2790 1659 2933 1716 tales
2979 1660 3393 1719 intercessores
3439 1663 3511 1718 ad
3557 1662 3820 1735 regimen

2172 1746 2406 1815 dantur,
2441 1747 2541 1819 qui
2590 1748 2778 1820 magis
2819 1748 2967 1804 iram
3000 1749 3099 1805 Dei
3132 1756 3334 1806 contra
3379 1768 3443 1807 se
3490 1753 3822 1824 provocent,

2174 1851 2350 1905 quam
2390 1852 2493 1907 per
2522 1837 2869 1909 semetipsos
2919 1838 3148 1910 populis
3199 1838 3430 1911 placare
3478 1840 3823 1896 debuerant.

2174 1923 2393 1979 Deinde
2421 1925 2748 1982 vehementi
2781 1944 3026 1981 mmrore
3056 1943 3118 1981 se
3146 1926 3325 1999 afﬂigi
3356 1931 3626 2000 testatur,
3660 1928 3710 1985 si
3741 1944 3831 1983 ec-

2173 2012 2521 2069 clesiasticis
2552 2014 2758 2070 officiis
2787 2014 2978 2070 locum
3023 2013 3278 2084 aliquem
3326 2014 3503 2071 habet
3550 2017 3830 2087 pecunia,

2176 2103 2313 2173 quia
2342 2104 2498 2174 quod
2530 2120 2759 2159 sacrum
2791 2108 2877 2157 est
2910 2119 3042 2157 mox
3087 2101 3152 2156 ﬁt
3193 2102 3491 2159 saaculare.
3514 2104 3666 2159 Nam
3698 2121 3830 2160 om-

2177 2208 2331 2260 nem,
2362 2193 2460 2264 qui
2491 2193 2645 2264 quod
2675 2208 2907 2247 sacrum
2940 2194 3028 2246 est
3058 2191 3253 2247 studet
3283 2191 3468 2263 pretio
3501 2193 3826 2264 percipere,

2174 2282 2383 2336 asserit
2412 2281 2767 2336 sacerdotem
2800 2297 2913 2335 non
2947 2296 3095 2350 esse,
3120 2280 3221 2335 sed
3252 2280 3668 2335 tantummodo
3696 2281 3826 2338 ina-

2175 2370 2325 2425 niter
2351 2370 2459 2423 dici
2491 2368 2652 2424 velle.
2677 2369 2959 2433 Tandem,
2984 2372 3117 2441 post
3149 2367 3337 2423 multa
3356 2368 3575 2439 quibus
3605 2385 3704 2426 eos
3733 2386 3823 2426 re-

2172 2458 2395 2529 probat,
2415 2456 2623 2513 asserit
2642 2456 3103 2512 benedictionem
3134 2455 3251 2512 illis
3271 2456 3330 2511 in
3353 2455 3824 2515 maledictionem

2174 2546 2447 2613 converti,
2480 2550 2538 2601 et
2567 2547 2639 2601 ad
2690 2546 2799 2600 hoc
2829 2544 3023 2601 solum
3075 2546 3405 2618 promoveri
3436 2549 3502 2600 ut
3531 2563 3597 2602 ex
3627 2547 3824 2603 catho-

2170 2634 2298 2691 licis
2338 2635 2482 2689 ﬁant
2528 2633 2807 2704 haeretici,
2843 2651 3093 2706 quorum
3142 2634 3337 2690 omnis
3386 2634 3556 2702 actio,
3591 2635 3826 2691 etiamsi

2172 2722 2423 2794 alicujus
2452 2722 2717 2779 videatur
2760 2722 3065 2790 momenti,
3093 2723 3246 2795 apud
3290 2722 3476 2778 Deum
3506 2727 3702 2779 tamen
3733 2741 3825 2780 re-

2173 2816 2413 2885 putatur
2448 2811 2614 2867 nihil.

2243 2902 2354 2957 Sed
2388 2901 2527 2973 quia
2555 2917 2624 2957 ex
2653 2900 2746 2956 his
2771 2904 2827 2955 et
2857 2900 3213 2972 quibusdam
3258 2900 3410 2956 beati
3442 2902 3701 2974 Gregorii
3734 2904 3825 2960 di-

2173 2990 2283 3046 ctis
2314 2990 2561 3062 quidam
2597 2989 2709 3045 sibi
2749 2994 3134 3062 prwsumunt,
3159 2989 3313 3045 unde
3361 2990 3654 3062 opinionis
3702 3009 3825 3049 suae

2172 3095 2425 3136 errorem
2476 3079 2847 3151 impudenter
2890 3082 2946 3134 et
2984 3077 3357 3151 pertinaciter
3403 3079 3719 3137 defendant
3763 3082 3825 3138 in

2170 3171 2400 3223 tantum
2431 3171 2496 3222 ut
2524 3167 2806 3239 Spiritum
2854 3171 3123 3222 sanetum
3154 3166 3322 3222 vendi
3368 3167 3544 3223 simul
3576 3172 3635 3224 et
3664 3186 3826 3225 com-

417 3254 573 3310 beati
593 3255 1177 3329 Petri,apostolorum
1200 3257 1641 3330 Principis,tam
1659 3259 1730 3314 de
1752 3258 1862 3313 hoc
1884 3241 2061 3331 quam
2093 3241 2136 3307 (ἶ
2173 3273 2377 3330 parare
2425 3256 2838 3328 dogmatizent,
2890 3255 3280 3311 insistendum
3331 3260 3441 3323 est,
3474 3260 3541 3313 ut
3584 3259 3825 3315 tandem

416 3342 488 3398 de
517 3342 649 3400 aliis
697 3344 1161 3402 ordinationibus
1210 3345 1433 3419 aliquid
1474 3347 1735 3419 accipere
1786 3348 1895 3403 sub
1942 3348 2059 3403 dis-

417 3430 587 3488 tricta
602 3431 1004 3490 interdictione
1022 3435 1335 3491 vetuimus.
1352 3435 1738 3507 Oportetergo
1757 3452 1944 3507 neque
1960 3453 2064 3508 per

413 3523 814 3591 commodum,
854 3540 1041 3595 neque
1072 3541 1175 3596 per
1214 3524 1482 3596 gratiam,
1507 3528 1609 3580 aut
1645 3541 1749 3597 per
1779 3542 2058 3597 quorum-

411 3611 548 3667 dam
606 3612 1090 3685 supplicationem
1150 3612 1376 3686 aliquos
1435 3614 1508 3668 ad
1571 3629 1767 3668 sacros
1825 3614 2058 3670 ordines

411 3701 789 3757 consentiatis
820 3701 906 3757 vel
938 3701 1291 3774 permittatis
1332 3701 1563 3758 adduci.
1598 3703 1742 3758 Nam
1773 3706 1830 3758 et
1856 3719 2054 3775 pecca-

409 3791 560 3859 tum,
586 3789 739 3846 sicut
774 3788 1050 3855 diximus,
1083 3806 1257 3862 grave
1294 3795 1402 3858 est,
1433 3795 1491 3847 et
1541 3791 1666 3847 sine
1697 3793 2056 3864 correptione

408 3876 518 3934 hoc
546 3895 662 3936 non
693 3879 951 3952 patimur
976 3895 1340 3951 permanere.
1368 3902 1391 3929 κ

1023 3968 1258 4024 CAPUT
1298 3968 1438 4025 XlV.

475 4057 558 4113 Ex
586 4057 680 4115 his
709 4074 852 4116 sane
883 4062 1002 4115 tam
1032 4056 1293 4130 praeclari
1333 4058 1587 4114 doctoris
1626 4059 2052 4132 multiplicibus

403 4149 461 4201 et
489 4147 752 4219 repetitis
799 4148 1125 4215 sententiis,
1160 4147 1466 4203 manifeste
1503 4148 1914 4220 comprobatur
1959 4167 2052 4206 sa-

402 4250 635 4290 crorum
665 4236 940 4293 ordinum
967 4236 1341 4293 venalitatem
1392 4236 1658 4293 haeresim
1691 4254 1839 4305 esse,
1874 4243 1931 4293 et
1960 4239 2052 4295 Si-

403 4323 735 4381 moniacam
768 4327 1153 4399 agnominari,
1186 4326 1570 4397 omniumque
1600 4326 1872 4397 primam,
1904 4331 1961 4382 et
1989 4328 2049 4383 in

398 4410 530 4485 ipsa
554 4429 664 4469 sua
693 4413 917 4487 origine
947 4415 1265 4488 apostolica
1303 4414 1687 4471 detestatione
1726 4419 1900 4488 atque
1930 4416 2047 4472 dis-

396 4500 568 4557 tricta
588 4502 992 4560 maledictione
1012 4505 1372 4572 damnatam,
1391 4501 1547 4559 velut
1564 4506 1765 4559 contra
1781 4508 2047 4561 sanctam

2172 3345 2486 3417 aliquando
2519 3346 2628 3401 hoc
2657 3344 2914 3400 sensisse
2943 3344 3029 3401 vel
3069 3345 3285 3401 dixisse
3317 3346 3614 3418 poeniteat.
3645 3348 3828 3404 Aiunt

2171 3436 2327 3491 enim
2364 3452 2376 3490 :
2410 3435 2554 3490 Ecce
2583 3434 2723 3505 quid
2754 3434 2961 3489 beatus
2992 3434 3305 3506 Gregorius
3337 3451 3515 3507 super
3545 3435 3658 3492 hoc
3687 3454 3825 3493 sen-

2171 3524 2313 3580 serit
2341 3524 2414 3578 ad
2440 3524 2692 3595 majores
2714 3524 3068 3578 Francorum
3099 3523 3481 3596 epistolarum
3503 3526 3634 3596 ejus
3657 3530 3827 3582 tenor

2168 3617 2365 3686 aperte
2414 3611 2686 3668 ostendit.
2721 3635 2748 3663 ‹‹
2782 3612 3053 3680 Omnino,
3106 3612 3317 3684 inquit,
3364 3614 3718 3671 exsecrabile
3766 3619 3826 3671 et

2167 3700 2578 3775 gravissimum
2605 3700 2985 3768 detestamur,
3012 3701 3167 3772 quod
3197 3701 3348 3757 sacri
3378 3702 3613 3759 ordines
3640 3703 3703 3758 in
3734 3718 3826 3759 ve-

2166 3791 2305 3847 stris
2340 3789 2606 3862 partibus
2636 3805 2740 3862 per
2770 3789 3163 3845 Simoniacam
3211 3789 3481 3847 hazresim
3515 3792 3823 3849 conferan-

2165 3885 2281 3937 tur.
2342 3881 2409 3935 Et
2465 3879 2637 3952 paulo
2696 3883 2881 3951 post:
2936 3878 3096 3935 Unde
3150 3878 3318 3936 valde
3374 3880 3709 3951 contristor,
3767 3886 3828 3939 et

2163 3975 2328 4027 terra;
2359 3969 2443 4025 illi
2495 3967 2770 4025 condoleo
2813 3969 2972 4040 quia,
3005 3969 3147 4024 dum
3195 3969 3478 4042 Spiritum
3522 3975 3822 4038 sanctum,

2163 4076 2338 4132 quem
2369 4075 2471 4132 per
2500 4074 2713 4114 manus
2759 4057 3196 4130 impositionem
3245 4059 3616 4132 omnipotens
3663 4061 3823 4118 Deus

2163 4150 2438 4206 omnibus
2483 4147 2717 4221 elargiri
2760 4146 3056 4220 dignatur,
3084 4147 3280 4204 divino
3312 4165 3557 4206 munere
3605 4150 3825 4207 habere

2162 4238 2517 4310 despiciunt,
2542 4236 2796 4309 praemiis
2817 4240 3272 4309 assequuntur.»
3291 4241 3368 4294 Ex
3391 4254 3508 4310 qua
3528 4256 3670 4296 sane
3690 4257 3825 4313 pro-

2160 4328 2449 4400 positione
2478 4327 2787 4382 verborum
2813 4325 2961 4383 tanti
2993 4325 3306 4399 pontificis,
3330 4328 3607 4386 vecordes
3625 4329 3820 4386 conci-

2161 4418 2328 4491 piunt
2355 4416 2468 4472 sibi
2495 4432 2706 4471 causas
2731 4416 2963 4488 perfidae
2996 4416 3547 4488 argumentationis,
3574 4421 3632 4473 et
3659 4417 3823 4475 velut

2160 4523 2262 4579 per
2281 4506 2612 4577 Sapientem
2636 4504 2849 4560 dicitur
2872 4521 2924 4559 :«
2946 4508 2995 4558 A
3017 4504 3161 4560 facie
3192 4505 3354 4561 verbi
3384 4505 3767 4578 parturientis
3788 4529 3817 4557 »

396 4589 716 4648 Ecclesiam
744 4594 937 4650 radice
968 4594 1243 4667 pestifera
1286 4591 1560 4664 primitus
1595 4598 2053 4666 proserpentem.
2087 4612 2133 4677 D
2164 4595 2367 4651 dicunt
2395 4595 2579 4665 (Eccti.
2614 4611 2729 4660 xxx,
2765 4593 2852 4664 11)
2886 4611 2898 4649 :
2932 4594 3071 4649 Ecce
3101 4592 3196 4648 hic
3242 4598 3377 4665 apte
3423 4595 3629 4651 beatus
3675 4598 3819 4652 Gre-

326 4707 335 4715 ~
397 4679 522 4744 Qua
551 4683 809 4754 profecto
853 4684 917 4738 ﬁt
945 4687 1010 4738 ut
1038 4682 1230 4739 omnis
1278 4681 1597 4738 reverentia
1646 4684 2045 4751 sacerdotalis,

394 4769 484 4825 vel
515 4770 664 4827 actio
696 4772 858 4829 intus
888 4776 945 4828 et
974 4773 1225 4828 exterius
1253 4772 1604 4843 depravetur
1626 4775 1683 4827 et
1711 4772 1770 4828 in
1803 4772 2048 4830 crimine

396 4864 635 4917 sanctus
692 4861 878 4918 honor
932 4862 1236 4918 habeatur.
1297 4861 1494 4932 Neque
1552 4861 1707 4917 enim
1766 4879 2045 4920 veneran-

395 4948 540 5004 dum
607 4950 741 5022 quis
807 4955 976 5022 putat
1041 4951 1196 5023 quod
1254 4950 1542 5018 venditur,
1616 4952 1734 5007 imo
1807 4952 2046 5009 omnino

394 5037 505 5093 vile
535 5055 665 5095 esse
695 5040 850 5111 quod
896 5039 1130 5097 emitur.
1169 5041 1423 5113 Denique
1468 5040 1564 5095 ubi
1597 5042 1750 5098 dona
1779 5058 2044 5115 superna:

395 5127 597 5200 gratiae
642 5128 870 5184 venalia
905 5130 1270 5202 judicantur,
1305 5134 1506 5186 contra
1558 5132 1735 5187 Deum
1787 5132 2043 5203 pecunia:

393 5222 767 5286 venerantur,
804 5223 867 5274 ut
888 5220 1037 5291 jam,
1069 5226 1129 5276 in
1172 5220 1409 5277 homine
1457 5221 1691 5292 misero,
1726 5238 1841 5276 non
1890 5225 2046 5278 Deus

393 5320 566 5370 verus
593 5309 651 5360 et
679 5307 983 5380 antiquus,
1016 5312 1118 5367 sed
1159 5311 1341 5367 falsus
1371 5315 1429 5367 et
1461 5327 1662 5367 recens
1691 5310 2043 5380 dominetur,

395 5390 621 5448 scilicet
649 5394 748 5464 qui
781 5399 1044 5467 pecuniis
1076 5404 1284 5472 praeest
1314 5400 1531 5456 talibus
1576 5416 1911 5455 mammona
1946 5415 2045 5456 ne-

396 5478 747 5549 quissimus,
780 5487 839 5538 et
866 5502 979 5541 non
1011 5493 1100 5543 est
1130 5488 1373 5544 dubium
1407 5504 1731 5562 pauperum
1766 5489 2046 5545 innocen-

395 5564 539 5618 tiam
567 5565 895 5653 displicere,
927 5575 1025 5629 ubi
1058 5579 1363 5653 praemium
1393 5576 1807 5649 comprobatur
1835 5576 2048 5633 delicta

399 5649 831 5753 commendare,
882 5660 1039 5731 quia,
1086 5662 1187 5718 ubi
1234 5650 1442 5724 aurum
1473 5662 1681 5741 placet,
1713 5669 1771 5722 et
1813 5664 2041 5727 vitium.

2163 4684 2364 4757 gorius
2411 4686 2678 4751 testatur,
2712 4682 2867 4753 quod
2917 4686 3157 4738 sanctus
3195 4682 3445 4755 Spiritus
3491 4700 3597 4755 per
3639 4700 3821 4756 pecu-

2158 4774 2317 4829 niam
2348 4772 2620 4828 venditur
2650 4774 2707 4826 et
2744 4771 3060 4837 confertur,
3095 4775 3152 4827 et
3192 4787 3297 4843 per
3326 4788 3533 4827 manus
3564 4771 3821 4845 imposi-

2158 4862 2376 4919 tionem
2398 4861 2582 4933 pretio
2605 4862 2863 4933 emptam
2885 4859 3270 4917 nihilominus
3290 4858 3539 4931 Spiritus
3561 4864 3824 4918 sanctus

2158 4952 2439 5023 accipitur
2466 4954 2524 5006 et
2552 4949 2849 5005 tribuitur.
2883 4950 3101 5022 Nempe
3132 4949 3435 5022 profitetur
3465 4947 3622 5020 quod
3655 4950 3822 5006 sacri

2157 5041 2392 5099 ordines
2422 5057 2523 5113 per
2568 5038 2960 5096 Simoniacam
3011 5039 3280 5095 haeresim
3328 5037 3728 5105 conferantur,
3763 5047 3819 5096 et

2157 5132 2312 5202 quod
2370 5130 2637 5186 homines
2691 5132 2962 5184 sanctum
3011 5128 3299 5200 Spiritum
3348 5126 3605 5199 praemiis
3653 5144 3821 5184 asse-

2157 5224 2438 5292 quuntur.
2475 5219 2595 5274 Heu
2626 5218 2847 5286 miseri,
2878 5217 3089 5290 inquit,
3123 5217 3249 5273 dies
3279 5216 3437 5273 ultra
3465 5216 3690 5283 miseri,
3713 5216 3821 5289 qui

2156 5308 2554 5366 sceleratiores
2634 5305 2954 5375 militibus,
3040 5306 3138 5361 Dei
3216 5305 3507 5362 Virtutem
3582 5310 3640 5362 et
3712 5305 3820 5361 Dei

2155 5396 2513 5470 Sapientiam
2573 5394 3073 5467 crucifigentibus,
3125 5395 3332 5450 tunicae
3390 5394 3551 5451 illius
3612 5394 3819 5450 incon-

2157 5485 2317 5543 sutili
2347 5483 2627 5539 violentas
2673 5498 2885 5538 manus
2941 5482 3182 5552 injicere
3209 5486 3267 5539 et
3324 5482 3645 5555 particulas
3700 5482 3822 5540 sibi

2154 5576 2291 5631 inde
2346 5572 2685 5629 abscindere
2744 5587 2859 5626 non
2919 5575 3217 5642 metuunt,
3280 5572 3557 5645 quedque
3619 5571 3829 5635 adhuc.

2153 5668 2244 5725 est
2298 5660 2565 5742 gravius,
2622 5660 2890 5721 eamdem
2956 5660 3069 5725 sibi
3133 5664 3318 5730 totam
3358 5663 3609 5727 cessisse
3653 5660 3827 5725 arbi-
