4004 6210
216 310 372 382 1037

213 456 463 508 trantur.
524 451 669 507 Cum
729 451 883 506 enim
936 468 1002 505 ex
1053 449 1342 522 peroichis
1405 453 1544 506 tanti
1607 452 1859 508 doctoris
1887 452 1943 518 Α

211 540 486 615 vestigari
516 540 803 606 debuerit,
855 540 952 596 isti
1002 538 1349 612 particulam
1400 542 1700 595 sententia:
1748 541 1858 595 sibi

213 627 378 686 illam
407 630 716 702 arripiunt,
765 630 920 702 quod
963 628 1082 684 illic
1132 628 1282 684 sacri
1332 628 1566 684 ordines
1615 629 1861 685 conferri

214 720 510 790 dicuntur,
538 724 594 775 et
615 717 902 789 abjiciunt
931 717 1082 790 quod
1108 717 1325 772 ibidem
1345 735 1447 790 per
1467 717 1860 774 Simoniacam

214 809 482 866 haeresim
511 808 735 864 inserit.
768 807 876 863 Ubi
905 807 954 864 si
993 805 1248 878 simplici
1280 806 1493 862 mentis
1523 806 1690 863 oculo
1722 823 1856 863 con-

214 887 574 955 siderassent
603 898 744 970 quid
777 897 854 953 sit
883 895 1130 952 haeresis
1151 899 1207 951 et
1234 895 1486 950 maxime
1507 895 1855 962 Simoniaca,

212 1004 588 1060 nequaquam
605 991 879 1059 putarent
898 1003 1001 1058 per
1023 985 1412 1041 Simoniacam
1434 984 1700 1040 haeresim
1723 1002 1860 1042 con-

213 1077 349 1133 ferri
380 1093 598 1145 sacros,
631 1077 689 1131 id
723 1079 812 1132 est
828 1078 1088 1150 sanctos,
1125 1075 1224 1130 sed
1254 1073 1467 1146 potius.
1549 1116 1561 1128 .
1642 1115 1655 1127 .
1737 1115 1750 1127 .
1842 1113 1855 1128 .

210 1165 270 1221 id
305 1170 394 1223 est
414 1165 796 1223 exsecrabiles
823 1165 1078 1231 ordines,
1099 1167 1156 1218 et
1182 1162 1310 1219 ideo
1342 1179 1446 1218 nec
1476 1162 1732 1230 ordines,
1756 1162 1857 1218 sed

212 1271 458 1312 errores.

282 1345 652 1400 Abscindunt
677 1357 912 1415 quoque
930 1345 986 1396 et
1011 1340 1154 1395 illud
1179 1341 1334 1412 quod
1361 1363 1389 1390 «
1422 1340 1702 1412 Spiritum
1728 1357 1857 1396 san-

211 1437 370 1489 ctum
385 1433 654 1490 homines
666 1430 923 1504 praemiis
939 1434 1360 1501 assequuntur,
1380 1452 1406 1478 »
1423 1445 1525 1484 nec
1541 1428 1858 1500 respiciunt

210 1523 366 1596 quod
397 1521 516 1578 illic
547 1521 768 1590 inserit,
794 1542 823 1570 ‹‹
850 1535 1025 1592 quem
1057 1534 1160 1591 per
1180 1535 1392 1574 manus
1423 1517 1855 1590 impositionem

210 1613 582 1684 omnipotens
602 1611 757 1667 Deus
787 1609 1065 1666 omnibus
1097 1607 1296 1680 largiri
1329 1608 1625 1680 dignatur,
1658 1607 1856 1663 divino

210 1718 452 1756 munere
470 1700 684 1756 habere
704 1697 1064 1772 despiciunt;
1089 1719 1116 1748 »
1150 1697 1301 1768 quod
1328 1697 1375 1751 si
1400 1695 1852 1768 perspexissent,

211 1806 586 1863 nequaquam
617 1792 888 1861 putarent
917 1786 1146 1858 aliquos
1177 1785 1484 1842 hominum
1525 1803 1628 1857 per
1657 1786 1854 1857 cujus-

210 1895 446 1951 cunque
479 1895 688 1934 manus
720 1876 1152 1948 impositionem
1185 1881 1639 1946 quantocunque
1670 1873 1854 1947 pretio

208 1985 380 2041 posse
394 1966 671 2038 consequi
695 1965 975 2038 Spiritum
1000 1967 1290 2029 sanctum,
1307 1979 1482 2035 quem
1501 1963 1699 2019 divino
1731 1980 1857 2018 mu-

210 2073 346 2113 nere
377 2055 590 2111 habere
611 2053 960 2128 despiciunt.
985 2052 1286 2118 Quomodo
1308 2052 1462 2107 enim
1487 2052 1705 2107 donum
1729 2068 1852 2106 om-

210 2144 530 2216 nipotentis
556 2142 655 2198 Dei
697 2141 973 2214 consequi
1024 2141 1234 2212 poterit
1265 2140 1366 2212 qui
1397 2139 1540 2195 illud
1572 2141 1700 2212 ejus
1731 2157 1856 2194 mu-

209 2249 348 2290 nere
369 2233 583 2288 habere
605 2231 946 2296 contemnit,
979 2230 1220 2300 insuper
1239 2234 1296 2284 et
1327 2229 1591 2301 pecuniis
1613 2227 1855 2301 prolatis

208 2334 544 2392 expugnare
564 2334 620 2373 et
640 2317 889 2388 diripere
906 2315 1240 2372 contendit?
1258 2314 1668 2372 miserabiliter
1685 2330 1856 2370 nam-

211 2425 328 2480 que
349 2406 564 2478 desipit
599 2405 696 2476 qui
726 2408 892 2476 putat
913 2403 1170 2474 aliquam
1185 2402 1518 2459 violentiam
1543 2421 1712 2475 posse
1733 2402 1854 2458 tieri

211 2503 324 2554 Deo
355 2494 766 2568 omnipotenti,
790 2497 856 2549 ut
883 2493 1130 2565 gratiam
1159 2510 1326 2547 suam
1351 2495 1628 2549 concedat
1655 2492 1852 2560 alicui,

208 2586 312 2659 qui
344 2586 494 2641 hanc
525 2586 677 2640 dono
709 2585 838 2654 ejus
869 2581 1122 2654 despicit
1164 2581 1430 2652 adipisci.
1471 2583 1554 2636 Ad
1583 2581 1723 2648 hEBC,
1755 2581 1855 2653 qui

209 2692 391 2748 supra
422 2673 602 2730 semel
635 2675 975 2743 conceptam
1028 2669 1458 2741 blasphemiam
1496 2670 1855 2726 defendendo

208 2766 562 2836 exaggerant
575 2762 706 2832 subj
715 2763 962 2832 ungunt:
982 2761 1043 2815 In
1059 2759 1170 2815 alio
1183 2775 1415 2831 quoque
1428 2758 1553 2814 loco
1567 2758 1856 2831 gloriosus

203 2852 524 2925 Gregorius
571 2866 865 2923 exponens
903 2850 1080 2905 verba
1124 2847 1418 2920 Evangelii
1449 2848 1600 2903 inter
1631 2852 1854 2913 caetera,

207 2943 292 2998 sic
326 2942 408 2998 ait
441 2957 454 2996 :
486 2963 513 2990 «
547 2939 727 2995 Vobis
761 2937 1164 2994 sacerdotibus
1214 2937 1422 3009 lugens
1459 2935 1684 3008 loquor,
1719 2935 1858 3008 quia

205 3028 528 3088 nonnullos
548 3031 804 3084 vestrum
832 3043 967 3098 cum
999 3026 1201 3099 pretiis
1233 3027 1419 3082 facere
1459 3025 1856 3082 ordinationes

817 316 1233 380 ADVERSUS
1279 313 1762 382 SIMONIACOS
1805 307 2010 381 LIBRI
2054 307 2281 382 TRES.
2313 351 2390 364 -
2421 315 2648 382 LIBER
2696 313 3016 383 PRIMUS.

3461 319 3618 384 1038

2595 454 2831 509 CAPUT
2871 451 2985 509 XV.

2042 541 2114 595 De
2138 544 2381 614 praprz'is
2409 548 2460 598 et
2490 545 2807 614 impropriis
2836 541 3183 610 dictionibus,
3215 546 3266 596 et
3298 544 3540 599 vanitate

2563 614 2748 670 Simon
2757 617 3022 670 iecorum.

2041 718 2169 774 Haec
2203 720 2382 792 igitur
2409 724 2465 775 et
2507 721 2847 792 hujusmodi
2889 721 3342 778 orthodoxorum
3375 721 3610 779 Patrum

1971 807 2121 862 dicta
2152 809 2200 863 si
2227 809 2322 881 pia
2353 826 2492 864 aure
2521 811 2824 867 audissent
2870 815 2928 866 et
2975 811 3243 866 catholici
3293 811 3484 868 cordis
3515 829 3612 868 ore

1971 895 2391 962 ruminassent,
2436 899 2788 970 tandemque
2820 900 3126 955 nobiscum
3159 899 3442 972 Spiritum
3475 919 3608 958 san-

1969 987 2127 1038 ctum
2161 1001 2264 1040 nec
2297 1003 2466 1057 posse
2495 989 2664 1042 vendi
2697 1005 2801 1043 nec
2831 988 3158 1060 comparari
3189 989 3608 1060 praedicarent;

1969 1073 2069 1128 sed
2091 1090 2260 1128 suam
2288 1074 2721 1131 damnationem
2740 1076 3099 1148 negligentes
3121 1078 3611 1136 autdissimulan-

1965 1162 2659 1234 tes,suscipiuntquidem
2674 1165 2989 1236 improprie
3003 1166 3352 1223 etusualiter
3370 1167 3609 1240 loquen-

1965 1255 2052 1308 tes
2077 1257 2308 1306 sanctos
2349 1252 2566 1320 Patres,
2601 1254 2700 1309 sed
2751 1258 3035 1325 respuunt
3066 1257 3295 1327 proprie
3325 1261 3382 1312 et
3429 1274 3608 1330 regu-

1966 1339 2165 1396 lariter
2189 1340 2415 1412 seipsos
2444 1345 2817 1413 exponentes.
2871 1341 3161 1399 Usualiter
3189 1344 3483 1415 siquidem
3515 1346 3604 1402 vel

1966 1429 2280 1501 improprie
2312 1430 2705 1502 B.Gregorius
2737 1430 2998 1502 loquitur
3026 1431 3121 1486 ubi
3156 1432 3298 1487 dicit
3326 1435 3480 1504 quod
3513 1451 3609 1490 sa-

1966 1518 2048 1574 cri
2079 1519 2313 1574 ordines
2344 1536 2377 1573 a
2418 1518 2637 1575 talibus
2690 1521 3102 1589 conferantur;
3137 1521 3234 1576 red
3268 1522 3610 1593 regulariter

1965 1611 2022 1662 et
2046 1607 2276 1678 proprie
2307 1608 2690 1680 semetipsum
2723 1608 2957 1679 exponit
2978 1610 3120 1680 quid
3145 1609 3214 1665 de
3244 1608 3362 1664 illis
3394 1610 3610 1666 ordini-

1964 1696 2074 1751 bus
2097 1695 2340 1768 intelligi
2366 1696 2522 1763 velit,
2556 1697 2655 1752 ubi
2689 1698 2912 1764 inserit,
2938 1715 3041 1769 per
3069 1698 3461 1754 Simoniacam
3491 1700 3607 1754 ha-

1965 1784 2162 1853 resim,
2179 1802 2367 1856 neque
2381 1785 2699 1857 quidquam
2723 1786 3046 1858 spiritualis
3058 1787 3256 1858 gratiae
3273 1787 3608 1859 intervenit,

1964 1871 2338 1944 ubimaligna
2351 1872 2589 1928 haeresis
2611 1873 2918 1928 mediatrix
2931 1872 3122 1928 fuerit.
3147 1873 3239 1928 Sic
3261 1873 3406 1928 etibi
3430 1891 3608 1930 usua-

1963 1961 2094 2017 liter
2135 1961 2413 2033 loquitur,
2459 1962 2558 2016 ubi
2607 1963 2748 2016 dicit
2799 1962 2953 2032 quod
3012 1961 3280 2017 homines
3326 1962 3606 2033 Spiritum

1963 2056 2233 2106 sanctum
2260 2051 2516 2122 praemiis
2529 2055 2942 2122 assequuntur,
2969 2051 3067 2106 sed
3101 2051 3450 2123 regulariter
3478 2067 3607 2107 sese

1962 2141 2217 2212 exponit,
2249 2141 2391 2212 quid
2424 2142 2580 2212 quod
2607 2140 2851 2212 intelligi
2873 2139 3026 2206 velit,
3061 2141 3158 2194 ubi
3201 2139 3408 2195 inserit
3429 2157 3604 2213 quem

1965 2229 2162 2285 divino
2194 2245 2435 2284 munere
2465 2229 2678 2284 habere
2709 2229 3059 2301 despiciunt.
3101 2229 3240 2293 Quis
3292 2229 3448 2284 enim
3480 2229 3606 2286 sine

1964 2319 2079 2374 Deo
2112 2317 2395 2390 Spiritum
2415 2321 2708 2380 sanctum,
2731 2317 2952 2372 scilicet
2979 2318 3200 2372 donum
3219 2319 3368 2389 ejus,
3393 2318 3606 2374 habere

1964 2407 2188 2480 potest?
2220 2407 2418 2479 Neque
2440 2408 2595 2462 enim
2620 2406 2778 2462 aliud
2810 2406 2984 2473 Deus,
3012 2406 3170 2462 aliud
3200 2407 3423 2462 donum
3454 2408 3606 2478 ejus,

1963 2499 2020 2553 id
2053 2501 2142 2554 est
2163 2497 2416 2568 Spiritus
2458 2499 2723 2559 sanctus,
2757 2494 3026 2565 quamvis
3056 2495 3262 2550 merito
3294 2494 3522 2550 dicatur
3551 2501 3609 2552 et

1965 2589 2042 2644 sit
2071 2586 2242 2642 alius.
2276 2585 2423 2649 Quid
2454 2584 2665 2639 modus
2686 2583 2995 2639 locutionis
3013 2587 3132 2638 tam
3155 2583 3356 2639 creber
3384 2585 3443 2638 in
3465 2585 3607 2640 divi-

1964 2677 2057 2732 nis
2075 2675 2165 2730 vel
2196 2674 2472 2729 humanis
2495 2673 2781 2745 reperitur
2800 2671 3030 2739 litteris,
3056 2689 3158 2728 seu
3184 2672 3358 2728 etiam
3380 2672 3440 2726 in
3464 2689 3604 2744 quo-

1963 2763 2201 2820 tidianis
2230 2759 2802 2818 confabulationibus
2833 2760 3071 2822 nostris.
3105 2765 3168 2814 ut
3199 2761 3374 2832 prisci
3403 2777 3604 2833 gram-

1964 2853 2160 2909 matici
2201 2850 2437 2923 proprio
2459 2855 2646 2922 tropo,
2679 2849 2780 2921 qui
2813 2849 3176 2905 catachresis
3205 2849 3438 2920 dicitur,
3469 2867 3605 2906 cum

1964 2942 2188 3009 donari,
2219 2940 2307 2996 vel
2339 2940 2568 2996 odorari
2620 2939 3046 2994 consueverint.
3085 2939 3266 3010 Cujus
3295 2939 3472 2995 etiam
3502 2958 3604 2997 vo-

1961 3031 2154 3088 cabuli
2183 3030 2302 3086 vim
2335 3028 2528 3084 taliter
2556 3029 2820 3085 edocent.
2871 3028 3279 3085 Cathachresis
3308 3034 3400 3085 est
3431 3047 3604 3086 usur-

203 3119 607 3194 agnoscimus,
655 3115 1021 3189 spiritualem
1080 3115 1331 3188 gratiam
1383 3116 1653 3183 vendere,
1689 3119 1746 3170 et
1783 3115 1854 3170 de
1895 3191 1920 3194 Ar
1961 3121 2116 3194 patio
2145 3119 2320 3177 alieni
2352 3118 2625 3187 nominis,
2668 3123 2733 3174 ut
2780 3119 3024 3190 piscina,
3078 3135 3211 3174 cum
3259 3120 3448 3191 pisces
3483 3137 3598 3176 non

203 3191 418 3266 alienis
443 3205 853 3279 iniquitatibus
879 3222 1010 3260 cum
1030 3204 1248 3276 peccati
1270 3205 1484 3260 damno
1506 3203 1850 3277 temporalia
1881 3191 1922 3258 C
1960 3191 2190 3266 habent.
2224 3209 2310 3264 Fit
2337 3223 2472 3279 ergo
2501 3211 2666 3278 tropo
2689 3207 2817 3274 hoc,
2843 3211 2907 3262 ut
2927 3224 3017 3263 res
3037 3224 3150 3264 non
3173 3207 3396 3264 habens
3427 3225 3602 3264 suum

202 3297 374 3353 lucra
402 3294 724 3351 cumulare.
757 3316 786 3343 »
815 3295 883 3350 Et
913 3298 1045 3365 post
1098 3310 1302 3365 pauca.
1339 3317 1366 3343 ‹‹
1400 3293 1684 3348 Columba
1711 3309 1846 3349 ven-

204 3386 388 3457 ditur,
422 3384 561 3458 quia
580 3400 791 3440 manus
813 3382 1109 3455 impositio
1131 3399 1233 3454 per
1249 3399 1427 3454 quam
1450 3386 1690 3440 sanctus
1719 3382 1849 3454 Spi-

1960 3316 2172 3356 nomen
2199 3300 2445 3369 usurpet
2473 3295 2750 3351 alienum.
2801 3297 3000 3367 Itaque
3030 3301 3260 3353 constat
3289 3297 3398 3353 hoc
3427 3300 3599 3355 modo

1963 3392 2196 3445 sanctos
2229 3387 2426 3441 Patres
2459 3389 2688 3439 nostros
2711 3384 2902 3439 aliena
2923 3386 3162 3441 nomina
3191 3387 3300 3442 rite
3317 3403 3386 3441 ex
3406 3388 3605 3459 aliqua

203 3475 360 3530 ritus
388 3472 612 3529 coalitus
643 3471 944 3544 accipitur,
978 3472 1050 3526 ad
1101 3471 1351 3543 pretium
1383 3472 1691 3542 praebetur.
1727 3492 1755 3520 ››
1789 3473 1852 3526 In
1958 3493 2157 3533 rerum
2179 3472 2563 3530 similitudine
2593 3490 2929 3544 usurpasse,
2963 3473 3060 3528 ubi
3092 3475 3175 3529 eis
3204 3476 3458 3546 propria,
3480 3493 3609 3548 quas

207 3563 428 3635 quibus
473 3561 676 3633 utique
723 3561 876 3615 beati
927 3559 1186 3629 Gregorii
1234 3558 1426 3613 verbis
1469 3559 1517 3614 si
1565 3559 1855 3629 recipiunt

205 3652 367 3725 quod
394 3651 477 3705 ait
497 3648 811 3705 nonnullos
824 3645 1186 3719 spiritualem
1203 3646 1451 3716 gratiam
1471 3647 1736 3711 vendere,
1753 3663 1856 3701 cur

205 3739 539 3813 negligunt,
558 3738 714 3809 quod
735 3734 1060 3807 subjungit,
1078 3750 1177 3790 eos
1201 3735 1272 3789 de
1295 3733 1507 3789 alienis
1535 3734 1858 3805 iniquitati-

208 3831 324 3886 bus
373 3844 505 3883 cum
555 3830 792 3898 peccato
838 3821 1183 3894 temporalia
1225 3822 1385 3878 lucra
1414 3822 1759 3878 cumulare?
1789 3824 1859 3878 Et

210 3917 508 3990 quomodo
530 3912 854 3988 spiritualis
875 3911 1063 3984 gratia
1084 3915 1272 3984 potest
1293 3909 1412 3966 illic
1433 3911 1604 3966 vendi
1634 3916 1692 3967 et
1720 3913 1856 3978 emi,

215 4005 319 4062 ubi
339 4004 580 4061 alterius
601 4002 904 4075 iniquitas,
919 4001 1199 4072 emptoris
1216 3999 1690 4065 scilicet,1ucrum
1712 4006 1858 4058 tem-

217 4093 436 4169 porale,
465 4093 652 4163 alteri,
684 4093 743 4147 id
778 4095 865 4147 est
893 4089 1198 4154 venditori,
1232 4107 1364 4145 cum
1397 4094 1630 4161 peccato
1661 4108 1862 4147 cumu-

215 4183 346 4240 lat?
377 4184 510 4248 Quze
538 4183 696 4238 enim
733 4179 1062 4254 spiritualis
1087 4179 1274 4251 gratia
1302 4178 1512 4251 poterit
1541 4179 1665 4235 dari
1693 4184 1747 4236 et
1768 4198 1861 4237 ac-

217 4272 355 4345 cipi,
389 4273 489 4328 ubi
521 4271 826 4342 utriusque
857 4268 1140 4340 iniquitas
1182 4268 1515 4324 ostenditur
1542 4270 1766 4341 operari
1791 4271 1865 4326 si-

218 4361 481 4434 quidem,
497 4365 563 4416 ut
583 4359 829 4415 dilectus
847 4355 1078 4414 Domini
1095 4357 1350 4412 Joannes
1363 4357 1597 4413 asserit:
1623 4378 1642 4404 ‹‹
1660 4358 1864 4415 Omnis

217 4448 323 4522 qui
354 4448 492 4504 facit
506 4451 806 4519 peccatum
834 4451 892 4502 et
913 4445 1286 4518 iniquitatem
1311 4445 1538 4512 facit,et
1561 4450 1864 4518 peccatum

1965 3566 2166 3636 utique
2196 3579 2383 3634 pauca
2412 3566 2570 3628 sunt,
2605 3565 2662 3615 et
2686 3560 3003 3630 aliquando
3054 3563 3374 3619 narrationi
3409 3565 3609 3621 minus

1965 3658 2102 3724 apta
2133 3649 2421 3720 contingit
2452 3666 2566 3703 non
2599 3649 2820 3704 adesse.

2039 3739 2200 3795 Unde
2231 3755 2364 3793 cum
2395 3737 2632 3808 plurimi
2666 3736 2788 3804 alii,
2819 3740 2944 3792 tum
2968 3737 3142 3793 etiam
3168 3740 3228 3793 Β.
3266 3756 3417 3812 papa
3446 3745 3613 3798 Inno-

1967 3828 2194 3884 centius
2226 3826 2368 3881 dicit
2397 3825 2684 3897 quosdam
2712 3826 2782 3880 ab
2813 3825 3098 3882 hareticis
3129 3827 3443 3898 ordinatos,
3478 3847 3612 3886 cum

1968 3917 2168 3974 statim
2201 3919 2424 3971 astruat
2456 3913 2691 3968 nihilex
2722 3913 2823 3968 illa
2843 3916 3208 3972 ordinatione
3231 3917 3344 3971 nisi
3375 3918 3615 3974 damna.

1968 4006 2187 4061 tionem
2206 4004 2466 4074 adeptos.
2493 4003 2655 4070 Quod
2677 4003 2726 4058 si
2753 4003 2982 4074 proprie
3003 4003 3250 4076 loquens
3275 4005 3519 4062 dixisset
3541 4007 3615 4062 ab

1969 4093 2256 4150 haereticis
2269 4093 2598 4163 damnatos,
2621 4096 2926 4164 putaretur
2939 4093 3155 4150 dixisse
3177 4093 3402 4166 aliquos
3416 4096 3616 4152 catho-

1970 4183 2115 4240 licos
2143 4183 2214 4238 ab
2251 4180 2534 4236 haereticis
2583 4181 2879 4254 depositos
2917 4187 3017 4237 aut
3061 4185 3616 4241 excommunicatos.

1975 4273 2124 4339 Quin
2145 4271 2320 4327 etiam
2345 4271 2469 4342 ipse
2491 4271 2552 4324 B.
2577 4269 2909 4342 Gregorius,
2931 4288 3049 4343 qua
3069 4272 3391 4328 intentione
3420 4290 3618 4330 sacros

1971 4361 2204 4418 ordines
2219 4378 2253 4416 a
2265 4359 2478 4416 talibus
2491 4359 2736 4415 conferri
2750 4359 2835 4415 vel
2848 4360 3215 4432 spiritualem
3229 4363 3476 4436 gratiam
3488 4380 3622 4419 ven-

1975 4454 2055 4519 di,
2089 4455 2190 4508 aut
2209 4451 2344 4532 emi,
2373 4455 2429 4505 et
2457 4449 2796 4521 hujusmodi
2815 4454 3023 4506 caetera
3043 4452 3272 4522 dixerit,
3289 4453 3347 4507 in
3367 4453 3480 4508 ﬁne
3502 4469 3622 4508 suae

219 4542 315 4594 est
344 4535 660 4606 iniquitas?
697 4558 724 4585 »
747 4536 792 4605 (1
821 4537 979 4590 Joan.
1014 4553 1094 4603 ui,
1120 4535 1194 4606 4.)
1231 4535 1401 4590 Absit
1421 4551 1576 4607 ergo,
1597 4536 1769 4603 absit,
1801 4539 1868 4592 ut
1899 4556 1945 4620 Ι)
1978 4540 2330 4600 narrationis
2356 4540 2633 4607 ostendit,
2658 4540 2756 4595 ubi
2781 4544 3138 4612 protestetur
3155 4542 3623 4598 benedictionem

222 4623 480 4697 Spiritus
526 4628 766 4679 sanctus
820 4624 1106 4679 mediator
1152 4623 1522 4695 aliquatenus
1552 4625 1873 4680 aestimetur

218 4713 313 4771 vel
341 4717 464 4769 tam
495 4713 766 4784 turpibus
797 4715 854 4766 et
885 4713 1148 4767 nefandis
1188 4712 1574 4782 commerciis,
1607 4713 1707 4768 ubi
1736 4715 1872 4770 hinc

221 4803 361 4859 inde
385 4801 666 4874 iniquitas
683 4800 996 4855 comitatur
1015 4804 1070 4854 et
1091 4801 1452 4857 dominatur!
1475 4801 1599 4856 Non
1622 4818 1757 4874 ergo
1780 4820 1873 4859 co-

224 4891 430 4948 lumba
459 4891 754 4959 venditur,
789 4906 901 4943 non
925 4887 1158 4956 emitur,
1192 4892 1286 4945 sed
1322 4890 1594 4946 vendivel
1628 4891 1742 4946 cmi
1776 4909 1874 4963 pu-

225 4984 404 5048 tatur,
423 4980 766 5036 autvidetur
780 4996 813 5033 a
836 4976 1133 5048 sacrilegis
1153 4982 1208 5032 et
1229 4977 1680 5051 stultis,quoties
1697 4997 1875 5051 prava

225 5087 442 5126 manus
473 5086 673 5125 eorum
707 5065 1003 5139 impositio
1036 5066 1106 5122 ad
1139 5067 1392 5137 pretium
1427 5070 1736 5139 praabetur.
1772 5069 1876 5125 Per

226 5175 407 5231 quam
435 5162 650 5225 tamen,
675 5156 1145 5228 quandocumque
1166 5155 1230 5209 ﬁt
1251 5155 1453 5212 abillis
1471 5173 1719 5228 quorum
1739 5159 1880 5213 inte-

225 5249 370 5310 rest,
403 5245 656 5316 Spiritus
690 5249 930 5301 sanctus
949 5243 1176 5298 coalitus
1194 5243 1499 5315 accipitur,
1534 5245 1634 5317 qui
1657 5246 1879 5303 nullam

226 5349 445 5392 manus
474 5348 676 5388 eorum
725 5333 1160 5405 impositionem
1211 5331 1636 5401 negotiatorum
1677 5335 1880 5406 quales

227 5422 486 5482 diximus
509 5419 707 5494 aliqua
735 5439 803 5477 ex
833 5425 994 5495 parte
1017 5421 1206 5494 gratia
1226 5437 1335 5477 sua
1357 5421 1655 5493 dignatur,
1688 5425 1789 5480 sed
1812 5442 1881 5481 ex

230 5511 608 5571 damnatione
659 5510 783 5572 sola
831 5512 1024 5571 taliter
1072 5514 1309 5587 accepta
1355 5511 1574 5588 pariter
1619 5529 1877 5572 exsecra-

227 5605 352 5680 tur.

1980 4631 2098 4686 illis
2129 4631 2187 4685 in
2221 4628 2689 4685 maledictionem
2712 4629 2988 4697 converti,
3014 4631 3152 4685 etad
3172 4630 3279 4685 hoc
3299 4630 3625 4702 promoveri

1985 4725 2047 4775 ut
2061 4717 2486 4776 ﬁanthazretici.
2512 4717 2598 4770 Ad
2617 4718 2771 4788 quod
2788 4718 2876 4772 fac
2897 4734 3007 4773 nus
3021 4719 3458 4773 emendandum
3472 4717 3629 4788 quis-

1983 4809 2136 4880 quis,
2187 4807 2362 4863 officii
2407 4805 2499 4862 sui
2557 4805 3038 4872 consideratione,
3091 4807 3463 4862 vehementer
3511 4821 3625 4860 non

1983 4897 2300 4962 exardcret,
2335 4911 2465 4949 cum
2489 4898 2722 4950 auctore
2771 4895 2951 4964 hujus
2983 4895 3271 4951 haereseos
3301 4894 3629 4965 portionem

1984 5003 2044 5041 se
2070 4984 2408 5039 habiturum
2429 4982 2834 5038 incunctanter
2853 4983 3064 5038 sciret?
3077 4983 3194 5039 Hoc
3207 4997 3439 5053 quoque
3456 4981 3628 5036 modo

1983 5073 2298 5130 locutionis
2322 5085 2464 5142 pene
2483 5069 2743 5141 quotidie
2769 5071 2983 5126 dicitur
3003 5071 3397 5141 quisvendere
3419 5070 3625 5136 Deum,

1985 5179 2118 5218 cum
2144 5159 2440 5230 justitiam
2477 5158 2695 5226 vendit,
2732 5175 2865 5213 cum
2897 5161 3122 5214 constet
3152 5165 3425 5214 neutrum
3458 5173 3632 5228 posse

1983 5249 2177 5316 vendi,
2213 5248 2314 5302 sed
2360 5251 2677 5317 utrumque
2725 5247 2909 5318 pretio
2940 5246 3194 5315 offendi;
3246 5262 3435 5318 neque
3471 5244 3629 5301 enim

1985 5337 2253 5394 venditor
2278 5334 2435 5389 aliud
2461 5335 2723 5390 concedit
2757 5334 2869 5390 nisi
2899 5335 3236 5404 falsitatem,
3271 5351 3375 5390 nec
3405 5338 3633 5406 emptor

1987 5427 2128 5482 diud
2162 5423 2372 5494 accipit
2413 5423 2524 5479 nisi
2575 5424 2864 5492 eamdem,
2892 5442 2995 5497 pro
3022 5441 3138 5496 qua
3167 5440 3368 5497 parem
3398 5424 3633 5494 utrique

1986 5515 2294 5571 incurrunt
2309 5512 2764 5568 damnationem.
2781 5515 2850 5569 Et
2870 5518 3063 5572 tamen
3087 5531 3223 5570 cum
3239 5518 3484 5586 uterque
3504 5527 3636 5569 vere

1990 5604 2068 5666 sit
2090 5619 2248 5679 reus,
2268 5605 2326 5665 et
2345 5619 2453 5667 sua
2472 5603 2662 5684 ipsius
2687 5605 3043 5670 conscientia
3055 5608 3201 5668 teste
3217 5608 3463 5692 uterque
3474 5604 3634 5668 dam-
