4004 6210
343 366 504 427 i039

1396 359 1805 435 HUMGERTI
1854 360 1918 421 S.
1966 356 2041 421 Β.
2086 356 2159 421 E.
2205 354 2695 422 CARDINALIS.

3587 362 3761 425 i040

341 504 515 554 natus
547 514 699 553 unus
723 510 923 550 eorum
947 491 1130 564 judex
1161 491 1398 547 abusive
1428 493 1661 558 dicitur,
1686 492 1829 547 alter
1849 509 1978 547 vero
2008 496 2059 561 Α
2091 494 2196 563 8)»
2226 494 2292 547 Et
2316 494 2521 548 iterum
2549 510 2561 547 :
2590 517 2615 543 ‹‹
2639 493 3087 549 Confundantur
3122 508 3326 550 omnes
3360 494 3462 567 qui
3495 495 3750 554 adorant

341 587 666 652 absolutus,
688 600 819 640 cum
842 582 1038 655 potius
1059 580 1137 636 sit
1166 581 1476 652 obligatus.
1509 582 1601 635 Sic
1622 586 1677 636 et
1694 582 1844 653 apud
1870 582 1982 636 ha:-

339 676 547 730 reticos
591 674 867 728 dicuntur
906 687 1034 726 esse
1065 671 1343 742 episcopi,
1380 672 1731 733 sacerdotes,
1764 676 1821 725 et
1855 670 1983 724 reli-

341 778 593 835 quorum
622 761 916 826 ordinum,
941 759 1097 829 cleri,
1117 758 1391 827 ecclesiae,
1410 758 1828 828 ordinationes,
1848 776 1982 814 con-

341 850 713 918 secrationes,
746 848 1030 905 sacriﬁcia
1049 853 1106 903 et
1127 848 1351 919 reliqua
1372 848 1570 903 omnia
1597 847 1981 915 sacramenia,

343 941 444 996 sed
476 939 710 996 nomine
739 943 908 994 tenus
938 941 995 992 et
1022 937 1214 1009 specie
1242 943 1416 992 tenus
1445 942 1694 1001 tantum,
1726 954 1842 992 non
1876 954 1982 992 au-

341 1034 460 1091 tem
494 1028 691 1100 aliqua
720 1028 934 1091 virtute
962 1031 1019 1083 et
1041 1027 1279 1082 veritate
1305 1028 1564 1098 ipsarum
1618 1043 1835 1081 rerum.
1869 1027 1981 1081 Nec

342 1118 580 1187 mirum,
596 1134 729 1174 cum
753 1121 811 1173 et
826 1117 980 1188 apud
998 1116 1261 1171 ethnicos
1278 1133 1424 1187 pene
1441 1116 1637 1171 omnia
1652 1120 1981 1170 nostrorum

339 1213 840 1264 sacramentorum
872 1205 1112 1261 nemina
1132 1205 1515 1277 reperiantur,
1543 1205 1757 1276 quibus
1787 1209 1982 1259 tamen

340 1297 530 1353 solum
553 1295 944 1367 sacrilegium,
971 1312 1086 1349 non
1104 1298 1297 1348 autem
1312 1293 1571 1364 aliquam
1592 1293 1981 1358 sanctitatem,

340 1392 442 1442 aut
462 1386 760 1441 veritatem
782 1385 993 1451 inesse,
1036 1400 1205 1437 nemo
1230 1384 1337 1437 nisi
1367 1384 1608 1436 insanus
1631 1382 1979 1435 arbitratur:

340 1475 629 1545 quidquid
654 1474 812 1528 enim
835 1474 960 1527 sine
985 1474 1093 1525 “th
1117 1477 1204 1526 est
1226 1477 1523 1542 peccatum
1560 1474 1980 1539 esttltoin.x1v,

336 1564 453 1635 23.)
471 1566 831 1634 QuaprOpter
852 1562 1187 1631 nullusjam
1218 1565 1554 1631 usurpatus,
1580 1564 1635 1613 ct
1656 1562 1713 1614 in
1738 1559 1986 1630 propriis

340 1652 696 1708 dictionibus
718 1652 993 1706 seductus
1014 1668 1048 1704 a
1070 1650 1303 1720 propria
1331 1654 1387 1703 ct
1424 1648 1628 1702 intima
1652 1664 1982 1702 sacramen-

339 1748 534 1797 torum
559 1740 797 1796 veritate
829 1739 1077 1806 aberret,
1111 1743 1175 1791 ut
1212 1737 1425 1801 credat,
1472 1742 1573 1791 aut
1622 1737 1892 1807 prmdicet
1922 1752 1985 1790 se

340 1828 427 1887 vel
450 1844 804 1900 quemquam
833 1826 1011 1881 alium
1035 1825 1216 1897 gratis
1252 1829 1353 1879 aut
1375 1842 1487 1879 non
1521 1825 1700 1896 gratis
1724 1824 1985 1895 accipere

342 1933 514 1989 posse
538 1915 870 1987 aquolibet,
895 1913 1035 1984 quia
1072 1914 1223 1984 quod
1259 1913 1464 1984 quaerit
1492 1930 1595 1967 nec
1617 1913 1845 1984 accipit,
1880 1928 1984 1967 nec

342 2006 535 2061 habet.
566 2002 936 2067 Quantalibet
964 2002 1121 2057 enim
1155 2001 1351 2055 studio
1376 2000 1608 2073 piscinae
1654 2000 1982 2067 incumbas,

342 2099 441 2148 aut
471 2093 731 2158 insistas,
767 2095 831 2145 ut
864 2091 1049 2162 pisces
1081 2089 1206 2157 tibi,
1248 2106 1394 2159 quos
1441 2089 1580 2159 quia
1620 2105 1731 2143 non
1766 2089 1987 2160 accepit

344 2199 458 2239 non
477 2181 675 2250 habet,
698 2196 769 2237 ex
798 2196 863 2236 eo
902 2180 1120 2250 capias,
1164 2178 1308 2233 nihil
1348 2176 1451 2231 tibi
1491 2194 1700 2231 nomen
1743 2179 1870 2245 ejus
1900 2195 1985 2249 vc]

344 2271 425 2328 rei
446 2270 770 2327 similitudo
792 2269 903 2324 nisi
926 2284 1136 2323 vanam
1160 2266 1562 2338 fatigationem
1585 2271 1843 2338 praestat,
1867 2285 1984 2324 suve

343 2362 547 2435 gratis,
579 2360 702 2416 sive
730 2375 845 2414 non
878 2356 1060 2430 gratis
1090 2357 1147 2411 id
1180 2355 1395 2428 exigas.
1433 2355 1630 2410 Restat
1659 2346 1794 2427 ergo
1818 2359 1882 2410 ut
1902 2357 1987 2411 Si-

346 2449 595 2509 moniaci
616 2447 945 2504 sacerdotes
966 2461 1097 2502 cum
1122 2443 1252 2499 aliis
1274 2443 1558 2499 haereticis
1576 2445 1650 2498 ad
1691 2461 1990 2517 compara-

346 2539 563 2595 tionem
586 2536 956 2593 sacerdotum
978 2533 1080 2605 qui
1100 2533 1289 2605 gratia
1309 2532 1407 2588 Dei
1430 2537 1567 2588 sunt
1587 2532 1643 2587 id
1668 2534 1822 2604 quod
1848 2538 1988 2589 sunt

346 2629 395 2701 (Ι
421 2628 541 2684 Cor.
568 2644 663 2693 xv,
686 2625 797 2697 40),
825 2641 939 2679 non
979 2623 1296 2694 incongrue
1336 2621 1735 2679 assimilentur
1756 2626 1985 2679 statun-

346 2716 516 2787 culis,
530 2715 616 2772 vel
630 2714 755 2771 auri
778 2712 1118 2786 argentique
1131 2710 1483 2779 simulacris,
1504 2728 1651 2783 quae,
1668 2711 1821 2766 sicut
1837 2712 1990 2768 Psal-

346 2806 522 2862 mista
550 2803 708 2860 canit
738 2826 757 2853 ι
784 2820 850 2859 os
888 2802 1123 2867 habent,
1165 2805 1223 2856 et
1253 2817 1368 2856 non
1399 2799 1751 2872 loquentur;
1785 2800 1985 2856 oculos

345 2895 583 2962 habent,
617 2898 675 2948 et
703 2909 817 2948 non
847 2891 1164 2957 videbunt;
1188 2906 1357 2945 aures
1390 2889 1627 2955 habent,
1651 2895 1709 2946 et
1746 2907 1859 2945 non
1886 2907 1988 2945 au-

346 2988 508 3044 dient
531 3003 544 3053 ;
569 3000 738 3040 nares
761 2982 996 3049 habent,
1019 2984 1076 3035 et
1096 2996 1209 3035 non
1240 2979 1603 3047 odorabunt;
1628 2995 1733 3035 nec
1764 2984 1852 3036 est
1871 2979 1989 3051 spi-

346 3076 499 3132 ritus
530 3074 588 3129 in
619 3089 716 3128 ore
744 3071 1029 3143 ipsorum.
1062 3069 1268 3123 Manus
1299 3067 1514 3122 habent
1543 3071 1600 3123 et
1638 3084 1749 3123 non
1785 3067 1993 3140 palpa-

348 3168 489 3221 sunt
514 3181 528 3232 ;
554 3161 729 3235 pedes
756 3159 1046 3214 habentet
1068 3174 1181 3212 non
1202 3155 1592 3211 ambulabunt
1616 3174 1628 3223 ;
1650 3173 1762 3210 non
1780 3156 1993 3211 clama-

2092 581 2406 653 sculptilia,
2430 588 2486 637 et
2508 581 2603 653 qui
2626 581 3023 653 glorianturin
3061 583 3397 640 simulacris
3426 585 3550 641 suis
3566 588 3742 655 (Ρδαι.

2092 688 2238 738 xcv1,
2263 673 2339 738 7).
2378 694 2404 719 »
2429 670 2630 726 Nonne
2664 669 2989 743 gloriantur
3036 672 3095 727 in
3128 672 3463 730 simulacris
3489 675 3615 731 suis
3641 677 3745 748 qui

2095 760 2408 830 przedicant
2436 765 2592 815 ratas
2625 761 3088 816 consecrationes
3119 761 3243 817 ﬁeri
3283 779 3318 818 a
3347 762 3750 821 Simoniacis?

2092 848 2255 903 Unde
2280 864 2515 904 necesse
2532 853 2624 904 est
2652 849 3107 916 confundantur,
3150 850 3307 922 quia,
3341 854 3497 922 quod
3519 858 3753 911 constat

2093 954 2208 991 non
2231 942 2560 1008 acceptum,
2595 954 2700 993 nec
2720 938 2903 1009 pretio
2936 939 3149 1010 poterit
3187 941 3436 995 conferri
3462 942 3747 1015 cuiquam

2093 1025 2420 1081 hominum.
2454 1027 2522 1081 Et
2543 1026 2681 1097 quia
2710 1027 2866 1099 quod
2892 1028 3304 1101 unusquisque
3334 1029 3492 1097 colit,
3527 1030 3634 1087 hoc
3657 1033 3743 1102 ﬁt,

2093 1114 2469 1169 simulacrum
2496 1116 2558 1169 tit
2578 1115 2676 1186 qui
2702 1114 3087 1171 simulacrum
3116 1117 3276 1185 colit,
3311 1118 3467 1174 sicut
3493 1120 3649 1176 Deus
3681 1121 3748 1175 tit

2093 1203 2191 1274 qui
2207 1203 2387 1257 Deum
2409 1202 2567 1270 colit,
2583 1204 2791 1274 gratia.
2819 1209 3011 1260 tamen
3031 1223 3143 1260 non
3163 1210 3395 1273 natura,
3410 1211 3477 1263 ut
3489 1209 3570 1263 ait
3588 1207 3745 1265 Psal-

2095 1292 2304 1347 mista:
2360 1294 2463 1361 Ego
2514 1293 2672 1347 iniri:
2726 1294 2818 1348 Dii
2859 1295 2987 1348 estis
3030 1294 3186 1363 (Psal
3234 1312 3399 1350 LXXXI
3448 1298 3523 1368 6).
3580 1298 3744 1354 Unde

2093 1380 2420 1433 avarissimi
2456 1380 2742 1446 homines,
2779 1381 3083 1451 pecuniam
3126 1387 3406 1454 tanquam
3439 1386 3610 1440 deum
3646 1403 3740 1441 co-

2094 1468 2277 1522 lentes
2312 1469 2590 1533 alienum,
2625 1470 3085 1540 omnipotentem
3139 1487 3290 1537 eam,
3342 1474 3492 1528 sicut
3521 1475 3739 1546 pagani

2093 1574 2475 1629 quoscunque
2496 1559 2635 1613 deos
2657 1575 2815 1624 suos,
2842 1560 3157 1626 aestimant,
3184 1560 3241 1614 in
3274 1566 3496 1617 tantum
3522 1568 3584 1617 ut
3609 1564 3740 1634 Spi-

2094 1646 2271 1700 ritum
2303 1651 2573 1701 sanctum
2627 1648 2737 1702 sibi
2795 1648 3082 1717 subjicere
3131 1650 3453 1720 praevaleat.
3495 1652 3565 1707 Et
3608 1668 3744 1707 sese

2094 1736 2457 1805 majestatem
2489 1726 2841 1791 immensam
2886 1737 3074 1792 metiri
3126 1744 3425 1805 conantes,
3467 1740 3586 1812 qui,
3617 1740 3746 1795 viso

2095 1840 2359 1887 nummo,
2386 1823 2495 1896 ipsi
2522 1824 2763 1896 pallent,
2784 1830 2841 1880 et
2865 1827 2934 1880 ad
2956 1828 3082 1897 ejus
3103 1832 3309 1882 nutum
3335 1829 3538 1900 fasque
3561 1828 3752 1884 nefas-

2098 1918 2513 1983 queexercent,
2534 1914 2772 1968 omnino
2794 1916 3039 1969 credunt
3070 1915 3183 1970 Deo
3207 1916 3436 1987 placere
3455 1934 3582 1988 quae
3604 1917 3752 1989 ipsis

2098 2019 2212 2056 non
2232 2006 2421 2073 potest
2438 2019 2552 2056 non
2576 2002 2834 2070 placere;
2862 2020 3109 2074 quorum
3142 2003 3432 2059 insaniam
3455 2006 3757 2062 Satiricus

2096 2089 2269 2144 etiam
2300 2091 2595 2162 redarguit
2623 2091 2707 2146 sic
2734 2109 2746 2145 :

2284 2206 2468 2254 Curvre
2502 2206 2551 2253 in
2577 2206 2726 2253 terris
2748 2206 2957 2259 animae.
2986 2209 3038 2253 et
3066 2207 3360 2257 cmlestium
3395 2209 3607 2258 inanes.

2284 2269 2417 2335 Quid
2444 2269 2603 2335 juvat
2625 2268 2723 2316 hoc
2754 2269 3201 2335 teinplisuostros
3232 2271 3517 2335 immittere
3547 2288 3745 2335 mores,

2282 2332 2344 2380 Et
2371 2329 2509 2379 bona
2536 2329 2635 2378 diis
2664 2344 2728 2379 ex
2757 2330 2856 2379 hac
2877 2330 3134 2379 scelerata
3153 2337 3348 2381 ducere
3381 2334 3540 2395 culpa
3560 2337 3587 2382 Ἰ

2167 2445 2326 2510 Quod
2359 2444 2405 2499 si
2436 2444 2723 2511 ethnicus,
2756 2444 2981 2500 ratione
3012 2445 3257 2515 abusus,
3291 2449 3556 2505 crederet
3589 2451 3747 2510 idola

2098 2534 2235 2589 deos
2255 2550 2382 2589 esse
2403 2534 2853 2606 omnipotentes,
2878 2538 2935 2588 et
2967 2534 3151 2591 totius
3174 2535 3309 2591 boni
3347 2542 3636 2610 auctores,
3662 2545 3741 2599 ta-

2099 2639 2252 2691 men,
2278 2627 2559 2695 tanquam
2583 2621 2865 2678 rationale
2886 2622 3126 2687 animal,
3145 2623 3368 2680 ratione
3380 2626 3450 2681 ad
3468 2626 3577 2684 hoc
3592 2634 3745 2687 trac-

2098 2717 2192 2769 tus
2213 2716 2300 2767 est
2322 2715 2386 2766 ut
2405 2728 2554 2783 quos
2576 2711 2846 2767 credebat
2860 2728 3089 2767 summe
3102 2712 3306 2783 bonos,
3322 2723 3748 2789 consequenter

2100 2816 2331 2873 quoque
2360 2801 2617 2856 crederet
2638 2817 2752 2855 non
2785 2816 2954 2871 posse
2993 2802 3077 2857 eis
3106 2800 3334 2873 placere
3366 2803 3610 2863 vitiosas
3639 2808 3743 2864 ho-

2102 2891 2330 2945 minum
2379 2889 2715 2945 ati'ectiones
2762 2889 2882 2944 sive
2928 2890 3270 2965 passiones;
3304 2909 3541 2950 summa
3587 2896 3744 2953 enim

2098 2979 2283 3035 virtus
2314 2996 2551 3035 necesse
2581 2984 2670 3034 est
2711 2979 2889 3033 totius
2938 2978 3059 3034 vitii
3113 2979 3190 3035 sit
3236 2998 3461 3054 expers.
3492 2983 3748 3042 Putasne

2099 3068 2414 3124 Christiani
2446 3068 2581 3136 sint,
2618 3068 2714 3139 qui
2750 3068 2976 3122 Patrem
3008 3067 3321 3137 luminum,
3355 3088 3389 3126 a
3426 3089 3542 3144 quo
3572 3079 3660 3130 est
3690 3079 3747 3131 et

2100 3157 2400 3213 descendit
2430 3172 2601 3211 omne
2627 3157 2829 3211 datum
2862 3156 3171 3229 optimum,
3219 3164 3275 3214 et
3323 3177 3493 3216 omne
3524 3163 3746 3220 donum

347 3258 488 3310 sunt
517 3230 829 3323 ingutture
849 3264 956 3303 suo
991 3247 1166 3317 (Psat.
1195 3262 1353 3314 0x111,
1375 3245 1516 3316 5-7).
1544 3266 1571 3295 ››
1610 3245 1807 3315 Neque
1827 3244 1984 3299 enim
2015 3230 2057 3296 C
2097 3245 2415 3318 perfectum
2458 3247 2573 3316 (Jac
2622 3262 2658 3312 ι,
2712 3246 2823 3313 17),
2873 3246 3099 3301 ducunt
3143 3248 3286 3303 adeo
3336 3250 3745 3322 imperfectum

345 3361 413 3400 ea
442 3343 608 3409 ﬁdes,
640 3340 740 3396 sed
772 3336 1017 3410 perfidia
1054 3334 1367 3390 adinvenit.

412 3431 594 3498 Unde,
625 3446 761 3485 cum
806 3424 1046 3482 nomina
1074 3424 1276 3480 eadem
1326 3428 1381 3477 et
1423 3421 1680 3494 aliquam
1711 3439 1981 3478 verorum

342 3522 741 3579 membrorum
770 3512 1216 3573 similitudinem
1252 3528 1391 3567 aure
1438 3516 1632 3579 tenus,
1665 3512 1784 3567 sive
1815 3511 1981 3567 oculo

338 3617 511 3668 tenus
532 3609 805 3675 referant,
827 3603 974 3660 nihil
1008 3607 1200 3658 tamen
1243 3601 1582 3657 veritatisin
1613 3618 1675 3656 se
1708 3601 1977 3657 retinent.

338 3701 485 3757 Nam
512 3716 578 3756 os
606 3713 808 3753 eorum
842 3693 945 3762 nil,
978 3693 1091 3747 nisi
1142 3691 1259 3747 oris
1309 3689 1428 3746 veri
1477 3690 1650 3746 inane
1681 3707 1891 3745 nomen
1923 3695 1981 3746 et

339 3786 926 3862 quantulamcunque
975 3780 1447 3849 similitudinem,
1496 3783 1691 3834 tamen
1746 3796 1977 3846 vanam,

340 3876 666 3953 praetendit,
698 3890 830 3931 cum
864 3888 932 3928 ex
962 3869 1225 3937 materia,
1272 3868 1515 3939 factura,
1567 3872 1624 3922 et
1670 3867 1983 3924 efﬁcientia

340 3967 578 4023 omnino
608 3961 895 4020 dissimile
921 3961 1017 4026 sit,
1050 3958 1272 4014 scilicet
1300 3962 1495 4013 careat
1532 3956 1790 4023 ossibus,
1822 3973 1979 4012 com-

338 4057 608 4130 pagibus,
631 4051 844 4120 nervis,
864 4049 1048 4118 venis,
1072 4047 1377 4119 sanguine,
1400 4062 1591 4113 carne,
1617 4050 1766 4109 cute,
1790 4045 1908 4100 vita
1927 4050 1984 4101 et

340 4151 522 4213 metu,
538 4141 836 4216 gustandi,
851 4138 1053 4206 ﬂandi,
1066 4137 1334 4209 spuendi,
1351 4135 1469 4192 sive
1481 4135 1747 4191 screandi
1772 4133 1974 4190 effectu

338 4236 447 4291 hoc
467 4237 524 4290 et
543 4234 614 4287 de
631 4229 850 4287 caneris
875 4227 1155 4284 membris
1183 4226 1405 4281 dictum
1436 4230 1599 4297 puta,
1637 4223 1855 4295 quibus
1876 4240 1981 4279 nec

339 4322 450 4380 sibi
469 4336 574 4377 nec
595 4320 871 4391 cuiquam
893 4315 1084 4372 valent
1104 4316 1399 4388 prodesse,
1420 4317 1520 4368 aut
1536 4312 1732 4384 aliqua
1751 4312 1980 4368 efficere

338 4411 673 4469 simulacra.
706 4406 1018 4465 Simoniaci
1042 4422 1179 4477 ergo
1201 4403 1551 4469 sacerdotes,
1584 4401 1772 4456 instar
1800 4401 1979 4457 simu-

335 4503 650 4566 lacrorum,
671 4497 905 4555 nonnisi
926 4497 1098 4552 inane
1119 4510 1331 4549 nomen
1354 4490 1773 4548 catholicorum
1797 4507 1979 4547 sacer-

2094 3340 2157 3390 ut
2187 3332 2469 3407 pecuniis,
2516 3351 2664 3389 uuas
2713 3351 2891 3405 super
2940 3335 3135 3391 omnia
3182 3336 3457 3411 diligunt,
3510 3341 3751 3398 credant

2090 3441 2152 3479 sc
2183 3439 2349 3495 posse
2380 3422 2490 3478 sibi
2517 3422 2852 3489 conciliare,
2886 3428 2943 3478 et
2984 3425 3328 3497 conquirere
3360 3428 3551 3500 ipsius
3581 3448 3745 3486 sam-

2090 3529 2253 3567 mum
2278 3512 2519 3577 donum,
2551 3528 2653 3567 nec
2675 3528 2845 3583 posse
2863 3512 2977 3567 Deo
3000 3530 3113 3568 non
3134 3513 3382 3586 placere,
3411 3519 3569 3589 quod
3594 3519 3740 3592 ipsis

2091 3601 2173 3657 sic
2205 3599 2390 3673 placet
2421 3600 2718 3673 negotium
2738 3601 2767 3655 ‘t

2720 3706 2947 3762 CAPUT
2988 3708 3132 3765 XVI.

2091 3796 2372 3852 Sententia
2417 3797 2592 3851 sancti
2636 3796 2912 3880 Ambrosii
2958 3796 3022 3852 de
3065 3798 3506 3858 ordinationibus
3560 3802 3742 3861 Simo-

2764 3883 3071 3923 macorum.

2162 3957 2273 4012 Sed
2306 3956 2442 4011 hinc
2478 3958 2605 4028 jam
2661 3955 2859 4029 aliqua
2910 3958 3108 4031 magni
3161 3960 3452 4018 Ambrosii
3494 3964 3742 4037 subjun-

2089 4050 2304 4119 gantur
2331 4046 2504 4113 dicta,
2555 4046 2771 4117 quibus
2816 4046 3153 4116 Simoniaci,
3200 4050 3339 4121 quia
3371 4055 3548 4122 avari,
3584 4070 3745 4110 com-

2090 4136 2410 4207 probentur
2436 4135 2612 4191 etiam
2647 4135 2920 4205 usurarii,
2965 4141 3021 4191 et
3064 4137 3193 4193 ideo
3224 4141 3551 4197 secundum
3584 4143 3741 4216 quod

2090 4224 2372 4296 scriptum
2402 4228 2510 4291 est,
2546 4240 2722 4296 super
2772 4241 2979 4281 omnes
3031 4225 3325 4283 maledicti
3359 4230 3547 4303 (Eccli.
3580 4249 3637 4299 x,
3661 4231 3741 4303 9).

2089 4312 2292 4368 Omnis
2314 4313 2529 4384 quippe
2544 4329 2751 4368 avarus
2770 4313 3099 4382 usuriarus,
3112 4319 3168 4371 et
3184 4317 3491 4374 usurarius
3507 4335 3737 4375 avarus.

2089 4402 2150 4456 Β.
2185 4418 2320 4473 ergo
2352 4401 2715 4469 Ambrosius,
2750 4402 2821 4456 de
2862 4403 2982 4457 vita
3011 4406 3069 4458 et
3115 4403 3483 4462 ordinatione
3513 4407 3739 4480 episco-

2088 4507 2296 4563 porum
2319 4489 2587 4561 loquens,
2622 4489 2773 4545 inter
2802 4489 2918 4544 alia
2944 4490 3060 4546 ait:
3099 4515 3120 4541 ι
3157 4492 3316 4549 Licet
3334 4495 3464 4566 jam
3486 4500 3741 4553 coarctat

335 4583 1358 4658 dotum,etexterioriscultuseorum
1381 4580 1798 4636 similitudines
1814 4596 1979 4635 usur-
2005 4601 2054 4666 Β
2085 4597 2191 4635 nos
2221 4578 2402 4633 libelli
2434 4578 2613 4648 hujus
2639 4577 2955 4651 prolixitas,
2991 4584 3048 4636 et
3090 4584 3321 4654 tempus
3370 4600 3477 4641 nos
3509 4590 3734 4658 urgeat,

333 4684 559 4754 pantes,
588 4679 727 4751 quia
756 4674 1095 4732 mediatrice
1123 4671 1383 4740 avaritia,
1413 4687 1537 4741 quae
1578 4673 1666 4724 est
1686 4668 1973 4725 idolorum

333 4770 582 4828 servitus
607 4767 821 4842 (Ephes.
847 4782 899 4831 v,
921 4764 1000 4834 5),
1016 4765 1476 4832 auroetargento
1493 4758 1624 4813 facti
1640 4759 1980 4831 sunt,quasi

334 4859 653 4915 simulacra
673 4872 851 4912 aurea
868 4851 953 4907 vel
973 4853 1247 4922 argentea
1289 4849 1360 4903 ab
1400 4847 1728 4903 idololatria
1747 4864 1981 4920 accepe-

333 4952 490 5005 runt.
506 4950 763 5014 Quorum
780 4937 1279 5013 quiaomniasunt
1296 4937 1508 5001 fucata,
1530 4940 1685 5008 patet
1726 4937 1978 5007 profecto

334 5038 485 5111 quod
514 5034 755 5092 minime
772 5029 1115 5085 aestimanda
1134 5027 1249 5082 sint
1269 5043 1393 5099 qua:
1414 5027 1567 5097 apud
1588 5042 1685 5081 eos
1703 5025 1980 5079 dicuntur

334 5128 724 5185 sacramenta.
742 5117 1291 5190 Undectepiscopus
1305 5115 1510 5171 talium
1528 5115 1729 5179 factor,
1744 5113 1977 5169 etiamsi

334 5215 561 5290 pridem
584 5206 1389 5284 computabaturcatholicus,
1404 5205 1710 5261 accedente
1723 5202 1832 5258 sibi
1849 5220 1977 5275 pre-

334 5305 437 5372 tio,
471 5305 534 5359 fit
558 5309 615 5358 et
654 5303 778 5373 ipse
801 5297 1208 5366 statunculus;
1261 5295 1592 5368 pariterque
1639 5293 1973 5361 simulacra,

333 5394 421 5449 vel
438 5391 628 5463 potius
645 5388 961 5445 idololatria
980 5391 1266 5459 quotquot
1294 5402 1459 5458 spem
1486 5382 1694 5439 salutis
1712 5382 1768 5435 in
1784 5382 1868 5438 eis
1881 5400 1979 5454 po.

332 5484 558 5549 nentes,
571 5492 774 5543 eorum
787 5476 1101 5532 vanitatem
1119 5479 1415 5531 reverentu
1427 5471 1692 5539 r,secund
1705 5487 1798 5525 um
1820 5473 1973 5543 quod

333 5564 646 5641 Psalmista
669 5565 1060 5634 imprecetur:
1094 5587 1122 5613 ‹‹
1153 5563 1383 5619 Similes
1424 5560 1544 5617 illis
1594 5561 1733 5615 fiant
1762 5560 1860 5631 qui
1892 5561 1975 5616 fa-

333 5650 498 5711 ciunt
516 5666 604 5724 ea,
627 5656 686 5709 et
708 5665 911 5706 omnes
933 5651 1033 5722 qui
1058 5652 1357 5709 conﬁdunt
1391 5651 1452 5706 in
1485 5647 1571 5705 eis
1601 5649 1780 5720 (Psat.
1813 5664 1976 5725 cxur,

2086 4674 2150 4724 ut
2178 4669 2249 4723 ad
2284 4669 2460 4723 finem
2491 4668 2671 4739 hujus
2699 4666 2893 4740 operis
2913 4670 3239 4738 veniamus,
3264 4671 3598 4730 sollicitudo
3631 4676 3740 4730 fra-

2090 4758 2236 4813 terni
2259 4775 2366 4813 nos
2389 4757 2644 4812 retardat
2666 4757 2907 4827 amoris,
2925 4757 3157 4814 illorum
3175 4761 3460 4833 praecipue
3476 4764 3742 4819 sacerdo-

2087 4853 2206 4903 tam
2223 4846 2344 4918 qui,
2365 4846 2578 4901 mentis
2594 4850 2823 4918 torpore
2859 4845 3108 4903 hebetati
3145 4848 3560 4904 sacerdotalem
3584 4851 3736 4907 infa-

2088 4941 2251 4991 mant
2274 4934 2575 5003 honorem,
2603 4940 2659 4988 et
2681 4935 2778 5005 qui
2808 4951 3015 4989 novam
3052 4936 3442 5009 prodigialiter
3463 4936 3738 5009 regulam

2087 5026 2235 5081 hanc
2252 5027 2652 5094 tempestatem
2680 5023 2971 5095 peperisse
3005 5030 3348 5092 noscuntur,
3364 5030 3421 5080 et
3437 5025 3595 5082 Giezi
3610 5044 3740 5084 sec-

2086 5117 2274 5168 tantes
2296 5112 2619 5167 etSimonis
2632 5111 3000 5179 sententiam,
3018 5114 3203 5169 sancti
3220 5115 3594 5187 episcopatus
3611 5133 3742 5190 gra-

2086 5203 2225 5258 tiam
2248 5201 2509 5273 pecuniis
2525 5205 2881 5265 coemcrunt,
2901 5217 3275 5275 nequaquam
3290 5203 3586 5275 timentes,
3602 5223 3737 5261 cum

2087 5290 2508 5348 sacerdotalem
2533 5290 2806 5346 honorem
2832 5290 3097 5360 pecuniis
3118 5299 3403 5363 emerent,
3427 5294 3539 5349 aB.
3571 5299 3740 5352 Petro

2086 5379 2346 5453 apostolo
2382 5396 2443 5435 se
2463 5396 2596 5433 cum
2635 5378 2867 5432 Simone
2900 5377 3078 5434 fuisse
3109 5381 3421 5439 damnatos
3447 5384 3603 5440 sicut
3617 5385 3699 5440 ait
3719 5401 3741 5439 :

2089 5493 2116 5520 ‹‹
2141 5467 2413 5536 Pecunia,
2435 5466 2650 5538 inquit,
2674 5470 2770 5520 tua
2806 5470 2995 5520 tecum
3019 5466 3095 5522 sit
3116 5468 3174 5523 in
3199 5471 3612 5542 perditionem,
3638 5472 3741 5544 qui

2086 5559 2307 5614 donum
2323 5556 2508 5611 sancti
2524 5554 2782 5626 Spiritus
2796 5557 2850 5608 te
2864 5554 3156 5612 credidisti
3173 5560 3425 5629 pecunia
3442 5578 3743 5635 compara-

2087 5664 2149 5705 re
2171 5647 2421 5725 (Actvm,
2444 5644 2558 5717 20).
2579 5643 2769 5700 »Nam
2796 5646 2851 5699 et
2881 5640 3102 5715 lepram
3138 5662 3273 5704 cum
3305 5649 3464 5708 Giezi
3484 5654 3746 5715 asanoto
