4004 6210
196 352 355 420 ΛΟΜ

810 341 1226 411 ADVERSUS
1270 339 1742 408 SIMONIACOS
1788 340 1991 406 LIBRI
2036 339 2265 407 TRES.
2296 374 2374 392 -
2407 342 2641 410 LIBER
2685 343 3006 412 PRIMUS.

3447 341 3611 421 4οη

208 504 317 547 suo
346 484 572 561 cepisse
603 482 843 542 credant
870 480 1078 547 Eliseo,
1102 479 1203 553 qui
1247 480 1495 551 gradum
1542 479 1867 536 sacerdota-
1891 475 1948 544 Α
1980 489 2045 541 ut
2065 500 2213 551 reor,
2239 500 2341 557 pro
2363 500 2428 541 eo
2443 483 2596 558 quod
2609 482 2794 557 gratis
2806 484 2998 551 datur,
3016 480 3144 538 ideo
3157 478 3612 554 gratiavocatur,

207 575 326 634 lem
373 592 435 632 se
490 574 828 631 existimant
876 568 1142 645 pecuniis
1204 586 1595 640 comparasse.
1640 567 1864 634 Quibus

213 682 350 723 cum
376 664 489 722 ista
519 663 864 728 dixerimus,
896 660 1164 717 sufﬁcere
1195 658 1397 714 debuit
1430 674 1597 713 suam
1629 674 1863 727 compa-

215 756 400 812 rando
431 753 655 826 lepram
703 750 1022 824 possidere.
1076 748 1244 815 Nam,
1291 746 1445 802 sicut
1485 744 1866 802 validioribus

216 843 439 902 morbis
461 837 647 914 capite
667 839 891 904 vitiato,
916 836 1205 910 reliquum
1226 852 1463 891 necesse
1480 838 1633 890 esset
1653 851 1867 906 corpus

216 932 601 989 inundatione
624 927 943 1001 superioris
967 926 1153 981 morbi
1174 922 1465 979 lethaliter
1496 922 1725 994 irrigari
1750 941 1762 978 :
1788 924 1870 977 ita

216 1027 276 1079 et
296 1021 356 1077 hi
382 1020 482 1093 qui
505 1023 681 1092 caput
702 1017 975 1073 videntur
995 1032 1118 1070 esse
1138 1012 1427 1077 Ecclesiae,
1452 1012 1655 1067 morbo
1690 1010 1867 1083 pesti-

216 1111 338 1168 fero
365 1111 689 1167 fraternum
713 1106 922 1185 vitiant
944 1121 1172 1176 corpus,
1194 1107 1258 1158 ut
1276 1100 1421 1157 nihil
1449 1119 1516 1156 ex
1535 1104 1656 1156 tota
1672 1116 1870 1171 corpo-

219 1201 303 1257 ris
319 1196 1005 1271 compageinsauciatum
1025 1192 1209 1265 possit
1228 1192 1490 1256 evadere,
1515 1191 1668 1262 quod
1694 1188 1872 1261 negli-

219 1289 487 1364 gentiam
500 1285 865 1343 sacerdotum
880 1282 1214 1338 vitiositatis
1228 1280 1471 1336 mortale
1485 1297 1596 1336 non
1612 1278 1874 1334 infecerit

219 1376 490 1443 virus,ita
503 1374 775 1430 utvideas
787 1370 1103 1427 inEcclesia
1116 1369 1336 1442 passim
1352 1387 1498 1442 quos
1513 1386 1626 1423 non
1642 1368 1870 1432 merita,

219 1467 319 1523 sed
347 1463 599 1537 pecuniae
621 1462 693 1517 ad
728 1461 1103 1533 episcopatus
1143 1458 1407 1515 ordinem
1446 1459 1869 1531 provexerunt;

219 1570 528 1628 nugacem,
551 1550 835 1624 populum
861 1554 919 1605 et
940 1548 1263 1613 indoctum,
1286 1547 1387 1619 qui
1413 1545 1583 1602 lalem
1604 1545 1714 1601 sibi
1732 1543 1875 1600 asci-

218 1647 430 1699 verunt
451 1640 842 1706 sacerdotem;
869 1655 1019 1711 quos
1035 1637 1084 1693 si
1105 1635 1433 1710 percontari
1468 1633 1713 1690 ﬁdeliter
1734 1631 1873 1688 velis

222 1731 359 1805 quis
388 1747 489 1787 eos
517 1728 835 1801 praefecerit
875 1727 1227 1789 sacerdotes,
1276 1724 1713 1797 respondebunt
1744 1738 1877 1776 mox

220 1825 279 1878 et
300 1820 497 1876 dicent
519 1835 532 1873 :
558 1818 642 1873 Ab
670 1815 1107 1909 archiepiscopo
1152 1831 1283 1909 sum
1334 1830 1521 1909 nuper
1570 1811 1876 1909 ordinatus
1903 1843 1952 1909 B

223 1908 557 1982 episcopus,
592 1910 946 1978 centumque
977 1905 1061 1961 eis
1084 1903 1303 1960 solidos
1326 1903 1481 1968 dedi,
1504 1901 1877 1973 utepiscopa—

223 1999 339 2056 lem
371 1996 621 2071 gratiam
655 1993 935 2066 consequi
967 1993 1316 2049 meruissem
1343 2010 1356 2060 ;
1390 2008 1536 2064 quos
1567 1989 1615 2047 si
1634 1989 1877 2044 minime

221 2085 537 2152 dedissem,
561 2084 733 2141 hodie
753 2083 1062 2156 episcopus
1084 2100 1200 2139 non
1232 2098 1449 2137 essem.
1482 2079 1644 2136 Unde
1666 2076 1876 2132 melius

221 2175 368 2233 mihi
384 2179 474 2232 est
494 2191 704 2231 aurum
727 2174 797 2229 de
819 2171 1034 2229 sacello
1058 2171 1327 2227 invehere
1349 2187 1526 2242 quam
1541 2172 1771 2224 tantum
1789 2183 1877 2222 sa-

221 2262 547 2322 cerdotium
594 2261 856 2334 perdere.
909 2266 1134 2316 Aurum
1190 2259 1321 2315 dedi
1369 2263 1426 2314 et
1473 2258 1877 2329 episc0patum

224 2350 580 2423 comparavi.
612 2352 768 2415 Quos
788 2353 985 2405 tamen
1003 2347 1241 2413 solidos,
1268 2347 1316 2403 si
1342 2347 1489 2413 vivo,
1506 2350 1877 2417 recepturum

227 2456 324 2497 me
352 2438 507 2496 illico
543 2454 658 2493 non
696 2437 919 2493 diffide.
944 2438 1086 2492 Ecce
1112 2441 1169 2492 et
1200 2452 1409 2491 aurum
1443 2436 1596 2508 quod
1630 2434 1786 2503 dedi,
1818 2431 1877 2487 in

228 2544 360 2584 meo
393 2524 606 2583 sacello
638 2524 848 2597 recepi,
898 2528 952 2580 et
1000 2524 1398 2596 episc0p2.tum
1449 2522 1630 2596 gratis
1662 2520 1874 2592 accepi.

225 2615 451 2687 Nempe
494 2614 603 2669 hoc
633 2618 723 2670 est
770 2613 925 2685 quod
977 2612 1165 2677 doleo,
1220 2611 1357 2684 quia
1404 2609 1878 2683 archiepiscopus

229 2702 543 2762 carnaliter
570 2702 911 2775 episcopum
944 2701 1099 2758 fecit.
1139 2701 1285 2757 Nam
1339 2704 1575 2772 propter
1604 2699 1879 2770 pecunias

227 2790 561 2864 specialiter
596 2787 895 2861 leprosum
943 2788 1251 2845 ordinavit.
1298 2810 1325 2837 ‹‹
1359 2787 1633 2852 Pecunia,
1668 2786 1880 2856 inquit,

110 2946 117 2953 ,
226 2884 334 2936 tua
360 2886 553 2935 tecum
580 2878 658 2934 sit
686 2876 744 2932 in
780 2878 1188 2949 perditionem,
1239 2877 1378 2948 quia
1426 2877 1642 2932 donum
1695 2873 1881 2930 sancti

228 2966 484 3041 Spiritus
507 2965 705 3039 gratia:
727 2965 912 3037 pretio
934 2966 1306 3038 comparasti,
1335 2989 1361 3015 »
1385 2968 1441 3021 et
1466 2962 1881 3021 commercium

226 3055 589 3114 miserabilis
614 3055 670 3110 in
696 3056 1026 3111 animarum
1051 3054 1289 3110 exitium
1308 3053 1601 3127 peregisti.
1626 3051 1883 3108 Etnescii

230 3143 502 3200 homines
520 3142 814 3199 etindocti
834 3143 891 3199 in
928 3142 1393 3199 ordinationibus
1415 3159 1617 3198 eorum
1654 3138 1878 3213 procla-

232 3236 420 3303 mant,
451 3235 510 3288 et
540 3231 778 3287 dicunt:
812 3219 1037 3304 Dignus
1067 3248 1150 3299 es,
1185 3236 1242 3288 et
1286 3234 1490 3301 justus
1533 3247 1595 3286 es
1621 3208 1725 3298 ;—et
1754 3246 1886 3285 con-
1911 3208 1955 3274 (ἶ

234 3320 487 3377 scientia
518 3320 735 3375 misera
763 3337 776 3375 :
812 3320 1099 3393 Indignus
1130 3338 1213 3384 es,
1241 3326 1299 3377 et
1327 3319 1586 3391 injustus
1613 3336 1697 3384 es,
1726 3317 1886 3373 dicit.

234 3408 587 3467 Pronuntiat
616 3409 774 3466 enim
804 3409 1112 3482 episcopus
1139 3409 1483 3480 hujusmodi
1512 3410 1583 3464 ad
1609 3407 1889 3481 populum

238 3496 479 3555 dicens:
514 3501 630 3554 Pax
652 3498 838 3554 vobis.
870 3498 1067 3554 Oculis
1099 3497 1338 3570 quidem
1370 3497 1706 3553 carnalibus
1737 3496 1899 3552 vide-

235 3588 335 3643 tur
370 3586 539 3657 quasi
580 3586 894 3658 episcopus
943 3602 1215 3657 magnus,
1239 3590 1295 3641 et
1336 3585 1549 3641 divinis
1592 3585 1892 3640 obtutibus

238 3672 835 3747 inspiciturleprosus
857 3671 1565 3745 magnus.Perpecuniam
1588 3673 1897 3744 acquisivit

238 3761 574 3820 indebitum
597 3760 884 3833 ordinem,
909 3765 966 3817 et
994 3760 1148 3833 apud
1190 3761 1496 3815 dominum
1533 3760 1786 3832 perdidit
1806 3761 1894 3816 in-

241 3851 520 3909 teriorem
564 3849 884 3906 hominem.
929 3851 1074 3906 Caro
1117 3849 1376 3921 suscepit
1423 3848 1789 3922 dignitatem,
1839 3855 1897 3907 et

240 3941 444 3997 anima
474 3938 731 4013 perdidit
777 3937 1165 3995 honestatem.
1214 3938 1358 3993 Caro
1406 3938 1617 3994 ancilla
1661 3939 1900 3995 domina

242 4030 396 4086 facta
424 4030 514 4084 est
541 4028 773 4098 animae,
808 4028 1007 4083 anima
1050 4044 1177 4099 quae
1211 4030 1334 4083 erat
1364 4026 1603 4083 domina
1632 4028 1783 4084 facta
1811 4033 1901 4084 est

242 4115 468 4176 famula
496 4118 707 4173 carnis.
740 4121 882 4173 Caro
928 4116 1268 4172 dominatur
1314 4114 1548 4188 populis
1600 4121 1658 4171 et
1704 4116 1901 4172 anima

248 4205 429 4264 servit
458 4205 728 4261 dmmoni.
776 4204 947 4261 Carni
996 4202 1386 4259 sacerdotium
1434 4204 1813 4277 comparavit,
1847 4209 1903 4261 et

246 4294 459 4353 animae
477 4293 909 4350 detrimentum
941 4292 1183 4365 paravit.
1220 4313 1247 4342 «
1277 4291 1350 4346 Et
1378 4292 1517 4363 quid
1541 4293 1777 4364 prodest
1794 4293 1903 4349 bu-

238 4384 505 4459 jusmodi
522 4383 742 4440 homini
760 4383 806 4439 si
824 4388 1010 4439 totum
1030 4380 1610 4447 mundumlucretur,
1627 4382 1903 4437 etanimte

247 4489 372 4530 suae
397 4472 814 4527 detrimentum
839 4470 1113 4544 patiatur.
1138 4471 1165 4525 ?
1206 4473 1325 4525 Aut
1349 4487 1526 4541 quam
1550 4471 1711 4526 dabit
1730 4471 1905 4526 homo

1973 577 2119 649 Ergo
2150 575 2198 631 si
2231 575 2417 649 gratia
2445 574 2630 648 gratis
2659 575 2851 639 datur,
2884 576 2940 630 et
2960 589 3099 629 auro
3122 588 3240 628 non
3261 571 3611 641 aestimatur,

1976 683 2010 722 a
2038 670 2095 722 te
2125 683 2229 721 cur
2266 664 2454 737 gratia
2482 663 2746 736 pecuniis
2777 661 3196 736 comparatur?
3241 661 3612 734 Respondet:

1974 756 2120 821 Non,
2147 754 2359 826 inquit,
2385 754 2526 809 mihi
2551 754 2806 820 daretur,
2832 753 2879 808 si
2893 751 3158 825 pecuniis
3174 768 3288 807 non
3302 753 3613 817 emeretur,

1975 861 2080 899 nec
2112 842 2419 914 episcopus
2452 842 2694 897 fuissem
2726 842 3053 907 ordinatus,
3102 840 3152 896 si
3195 840 3472 911 pecunias
3499 855 3615 894 non

1978 932 2292 987 dedissem.
2325 932 2492 1002 Ergo,
2524 935 2588 985 ut
2616 935 2856 1002 apparet
2876 948 2944 986 ex
2971 929 3451 1001 responsionibus
3472 928 3613 996 tuis,

1976 1020 2223 1093 gratiam
2237 1036 2369 1074 cum
2382 1019 2733 1075 ordinareris
2746 1036 2860 1073 non
2876 1018 3182 1091 suscepisti
3190 1035 3247 1090 ,q
3258 1018 3351 1074 uia
3367 1016 3620 1091 gratuito

1978 1126 2107 1165 eam
2149 1126 2264 1163 non
2304 1108 2591 1162 meruisti.
2622 1108 2691 1161 Et
2723 1107 2871 1171 ideo,
2907 1106 3103 1171 frater,
3139 1107 3187 1162 si
3219 1106 3469 1178 gratiam
3499 1121 3616 1160 non

1978 1197 2274 1269 accepisti,
2298 1197 2589 1268 quomodo
2611 1195 2919 1268 episcopus
2941 1195 3088 1250 effici
3117 1195 3546 1266 potuisti?nam
3565 1197 3623 1249 et

1979 1287 2051 1343 ad
2083 1285 2401 1357 discipulos
2432 1284 2716 1339 Dominus
2754 1284 2895 1338 dicit
2922 1301 2934 1337 :
2982 1308 3007 1333 ‹‹
3042 1283 3234 1339 Gratis
3256 1282 3622 1355 accepiestis,

1979 1375 2163 1448 gratis
2182 1375 2312 1429 date
2353 1374 2564 1440 (Ma/th.
2590 1391 2644 1439 x,
2667 1374 2742 1443 8).
2770 1394 2796 1421 ››
2821 1372 2936 1426 Cur
2965 1388 3100 1443 ergo
3140 1372 3454 1441 gratuitam
3491 1388 3621 1442 gra-

1979 1464 2123 1519 tiam
2157 1462 2459 1519 aestimasti
2480 1466 2535 1516 te
2554 1461 2738 1532 pretio
2797 1460 3091 1533 possidere
3110 1461 3137 1515 ?
3156 1460 3324 1524 Nam,
3348 1464 3414 1514 ut
3432 1460 3621 1523 video,

1982 1569 2193 1608 aurum
2242 1552 2389 1606 dans
2439 1549 2764 1622 perdidisti,
2814 1553 2872 1603 et
2919 1552 3177 1604 sanctam
3229 1547 3474 1619 gratiam
3508 1563 3624 1601 non

1983 1640 2309 1713 acquisisti.
2343 1640 2546 1695 Adhuc
2593 1643 2789 1695 tamen
2834 1638 3012 1695 semel
3056 1636 3338 1708 adjiciens
3386 1636 3623 1691 fratrem

1984 1729 2275 1802 perquiro,
2308 1746 2380 1784 ne
2409 1728 2551 1801 quid
2582 1728 2653 1783 de
2696 1727 3172 1800 approbamentis
3218 1724 3487 1782 veridicis
3518 1740 3625 1780 nos

1986 1818 2432 1892 praetermisisse
2460 1818 2782 1873 videamur.
2806 1816 2947 1880 Quis
2970 1817 3088 1883 dat,
3108 1816 3303 1881 frater,
3329 1814 3626 1887 episcopa-

1986 1908 2100 1964 lem
2116 1907 2365 1980 gratiam
2378 1907 2406 1962 ‘I
2418 1907 2594 1975 Deus,
2609 1922 2682 1961 an
2697 1904 3257 1977 homo?Respondes
3270 1904 3396 1959 sine
3408 1902 3622 1959 dubio:

1984 1998 2173 2064 Deus;
2207 1996 2306 2051 sed
2339 1999 2536 2051 tamen
2567 2012 2671 2067 per
2699 1993 2967 2050 homines
2993 1994 3093 2048 dat
3124 1994 3295 2057 Deus,
3328 1991 3502 2048 homo
3534 1991 3625 2048 in-

1985 2085 2149 2158 ponit
2169 2100 2400 2150 manus,
2425 2083 2579 2139 Deus
2597 2082 2846 2155 largitur
2861 2081 3109 2155 gratiam
3128 2098 3140 2136 :
3156 2080 3430 2136 sacerdos
3444 2078 3629 2151 impo-

1986 2174 2074 2229 nit
2103 2172 2430 2245 supplicem
2459 2172 2774 2237 dexteram,
2807 2175 2863 2226 et
2892 2171 3046 2225 Deus
3088 2168 3383 2224 benedicit
3407 2167 3628 2240 potenti

1986 2264 2220 2320 dextera
2243 2280 2255 2328 ;
2290 2261 2599 2332 episcopus
2631 2259 2823 2314 initiat
2845 2259 3133 2327 ordinem,
3155 2261 3211 2313 et
3240 2258 3396 2313 Deus
3423 2255 3631 2315 tribuit

1986 2351 2351 2424 dignitatem.
2376 2349 2420 2405 Ο
2434 2349 2689 2420 justitia,
2714 2365 2746 2403 ο
2766 2347 3045 2419 aequitas!
3070 2347 3119 2402 si
3140 2345 3365 2402 homini
3385 2344 3633 2417 pecunia

1987 2441 2180 2505 datur,
2214 2438 2314 2511 qui
2346 2437 2492 2494 nihil
2540 2438 2600 2492 in
2640 2437 2841 2493 ordine
2888 2436 3144 2508 amplius
3191 2438 3483 2507 operatur,
3515 2433 3632 2490 nisi

1988 2528 2179 2586 solum
2214 2527 2517 2584 servitium
2546 2526 2701 2598 quod
2731 2527 2780 2582 ei
2814 2526 3099 2593 creditur;
3150 2541 3255 2580 cur
3282 2524 3398 2580 Deo
3444 2527 3631 2579 totum

1990 2621 2256 2688 negatur,
2288 2616 2385 2687 qui
2414 2616 2607 2687 ipsum
2623 2615 2887 2671 ordinem
2900 2614 3005 2669 tibi
3021 2613 3632 2685 largitur‘Nustumne

1987 2705 2092 2762 tibi
2106 2705 2335 2761 videtur
2347 2708 2412 2759 ut
2426 2721 2628 2761 servus
2641 2704 2962 2759 honoretur
2979 2706 3037 2758 et
3057 2702 3339 2758 Dominus
3353 2701 3431 2771 inj
3440 2700 3526 2756 uri
3535 2716 3630 2755 am

1988 2795 2271 2866 patiatur,
2302 2797 2361 2850 et
2389 2792 2607 2864 injuste
2638 2792 2887 2864 accipiat
2914 2791 3187 2847 sacerdos
3241 2790 3546 2863 pecuniam
3574 2792 3634 2844 et

1989 2884 2143 2939 Deus
2167 2882 2425 2954 patiatur
2467 2883 2538 2936 ab
2561 2881 2799 2936 homine
2830 2880 3110 2951 injuriam
3128 2880 3157 2935 ?
3204 2880 3313 2935 Sed
3363 2877 3503 2950 quia
3526 2892 3631 2949 pro

1990 2988 2264 3028 concesso
2294 2970 2498 3026 ordine
2529 2972 2683 3026 Deus
2712 2988 2745 3025 a
2783 2974 2840 3026 te
2869 2969 3016 3025 nihil
3058 2971 3345 3041 expectat,
3388 2983 3487 3023 cur
3516 2984 3552 3022 a
3576 2969 3635 3021 te

1987 3061 2258 3118 sacerdos
2279 3060 2588 3133 pecuniam
2614 3059 2987 3131 impudenter
3006 3057 3340 3130 exspectat?
3353 3054 3636 3112 Dominus

1991 3149 2213 3207 homini
2236 3150 2551 3206 concedere
2572 3148 2750 3204 voluit
2789 3148 2972 3220 gratis
2996 3166 3010 3215 ;
3034 3152 3092 3203 et
3121 3146 3432 3219 episcopus
3462 3160 3641 3217 rapax

1996 3238 2303 3312 pecuniam
2335 3238 2406 3292 ab
2430 3237 2663 3292 homine
2700 3236 2915 3307 expetit
2948 3235 3133 3307 gratis
3160 3253 3173 3303 ;
3210 3240 3362 3292 Deus
3391 3231 3641 3300 homini,

1999 3335 2061 3384 ut
2082 3330 2235 3384 certe
2255 3326 2565 3397 benignus,
2590 3324 2773 3396 gratis
2795 3324 3071 3379 donavit:
3088 3326 3146 3378 et
3179 3324 3454 3379 sacerdos
3490 3319 3642 3377 indi-

1997 3434 2150 3489 gnus
2178 3432 2314 3471 eum
2345 3413 2471 3469 sine
2491 3429 2669 3469 causa
2698 3412 2991 3483 praedavit.
3036 3432 3065 3463 ‹‹
3095 3410 3245 3476 Quid
3274 3410 3431 3467 enim
3462 3410 3644 3465 habes

2001 3505 2156 3577 quod
2190 3520 2303 3558 non
2337 3500 2657 3572 accepisti?
2688 3499 2736 3555 si
2766 3503 2961 3554 autem
3006 3498 3301 3571 accepisti,
3342 3496 3483 3569 quid
3515 3495 3642 3566 glo-

2001 3592 2170 3648 riaris
2201 3590 2370 3661 quasi
2400 3606 2513 3644 non
2545 3587 2884 3659 acceperis?
2915 3588 2960 3658 (Ι
2977 3589 3099 3645 Cor.
3135 3604 3211 3654 1v,
3241 3585 3323 3657 7.)
3356 3607 3383 3635 ››
3406 3586 3549 3640 Ecce
3569 3584 3642 3640 ad

2002 3696 2129 3752 qum
2152 3676 2308 3732 mala
2327 3675 2576 3731 volvitur
2594 3676 2839 3732 deificus
2851 3676 2990 3732 ordo
3010 3692 3023 3730 :
3048 3692 3178 3731 ecce
3193 3676 3265 3731 ad
3284 3691 3410 3746 qua:
3431 3672 3647 3746 probra

2004 3766 2259 3841 prolapsi
2292 3768 2430 3819 sunt
2476 3764 2804 3820 sacerdotes
2848 3764 2947 3836 qui
2996 3763 3199 3821 audire
3245 3764 3647 3820 meruerunta

2005 3855 2210 3912 Judice
2232 3853 2465 3908 mundi:
2492 3876 2519 3902 «
2542 3853 2924 3909 Vosestislux
2946 3853 3150 3909 mundi
3174 3852 3451 3924 (Matth.v,
3476 3852 3587 3923 44).
3617 3874 3645 3901 ››

2009 3945 2152 3999 Ecce
2171 3942 2386 4015 quibus
2400 3940 3027 4013 subjiciunturgentes,
3043 3942 3259 4013 quibus
3274 3939 3554 3996 adomin'o
3566 3938 3650 3994 di-

2008 4038 2167 4089 ctum
2201 4035 2325 4086 est:
2363 4054 2390 4081 «
2423 4029 2537 4084 Vos
2568 4029 2710 4085 estis
2742 4028 2826 4085 sal
2866 4035 3030 4085 terra;
3076 4029 3261 4101 (Ibid.,
3296 4028 3407 4099 13).
3442 4051 3469 4078 ››
3501 4028 3648 4099 Ergo

2009 4122 2057 4178 si
2091 4119 2189 4175 lux
2219 4124 2307 4175 est
2337 4118 2604 4174 Ecclesia;
2635 4117 2964 4191 episcopus,
2997 4136 3030 4174 a
3058 4117 3304 4174 Domino
3326 4115 3651 4182 ordinatur,

2010 4211 2091 4265 ita
2122 4213 2185 4263 ut
2206 4206 2510 4279 imperitiae
2537 4207 2806 4263 tenebras
2828 4205 3255 4279 przedicationis
3286 4223 3404 4262 sum
3425 4203 3655 4276 eloquio

2012 4298 2291 4354 rutilante
2337 4295 2827 4351 conscientiarum
2875 4297 3147 4352 tenebras
3194 4294 3507 4363 illuminet,
3554 4310 3658 4349 cur

2013 4388 2140 4459 ipse
2158 4384 2818 4458 palpabilibustcnebris
2833 4390 3061 4442 tenetur
3080 4385 3398 4441 obstrictus
3412 4384 3439 4438 ?
3452 4383 3520 4439 Et
3540 4399 3657 4438 non

2013 4474 2203 4531 solum
2236 4476 2378 4546 quia
2406 4475 2529 4546 ipse
2559 4474 2701 4528 dum
2752 4473 2905 4530 male
2952 4475 3091 4548 agit,
3141 4474 3318 4547 digne
3368 4472 3538 4545 perit,
3569 4471 3658 4527 in-

246 4558 772 4616 commutationem
795 4577 898 4631 pro
931 4560 1127 4615 anima
1148 4576 1255 4615 sua
1287 4559 1315 4613 ?
1336 4581 1363 4607 ››
1407 4558 1619 4630 (Matth.
1644 4578 1759 4630 xw,
1790 4560 1909 4630 20.)
1937 4579 1984 4643 Ι)
2017 4581 2198 4635 super
2228 4567 2284 4617 et.
2313 4562 2460 4617 alios
2503 4579 2702 4618 secum
2751 4564 2925 4634 digne
2974 4564 3182 4636 perdit.
3232 4563 3291 4619 Si
3346 4561 3505 4617 enim
3532 4577 3657 4616 me-

240 4646 405 4715 Quod
436 4646 595 4701 dedit
615 4663 750 4701 cum
774 4648 1087 4720 episcopus
1109 4648 1500 4713 ordinaretur,
1528 4665 1736 4703 aurum
1766 4649 1901 4704 fuit:

246 4740 307 4794 et
343 4734 497 4807 quod
530 4733 804 4806 perdidit,
839 4736 1037 4790 anima
1055 4736 1164 4791 fuit
1188 4753 1201 4789 :
1226 4739 1366 4790 Cum
1397 4734 1574 4790 alium
1593 4735 1910 4802 ordinaret,

2018 4653 2186 4708 ruisti
2206 4650 2346 4708 salis
2366 4668 2635 4723 saporem
2656 4651 3443 4725 possidereutinsipicntium
3467 4649 3659 4721 possis

2021 4742 2197 4797 corda
2226 4739 2481 4804 condire,
2514 4757 2617 4793 cur
2642 4740 2993 4796 intatuatum
3023 4741 3123 4796 tali
3167 4739 3305 4795 vitio
3336 4736 3662 4793 immundis

246 4823 405 4898 quod
454 4821 697 4896 accepit,
750 4822 999 4895 pecunia
1039 4822 1184 4879 fuit:
1234 4828 1291 4879 et
1338 4824 1495 4895 quod
1541 4823 1720 4891 dedit,
1752 4824 1913 4897 lepra
2020 4833 2077 4885 te
2124 4844 2432 4899 porcorum
2481 4825 2944 4883 conculcandum
3008 4828 3256 4900 pedibus
3322 4822 3660 4897 praebuisti;

259 4912 392 4969 fuit.

328 5114 356 5140 ‹‹
389 5091 520 5146 Haec
538 5092 678 5146 sunt
700 5087 1081 5145 mercimonia
1105 5087 1439 5160 iniquorum
1460 5090 1514 5144 in
1537 5091 1789 5162 pernicie
1815 5110 1910 5148 eo-

254 5195 411 5235 rum.
448 5178 747 5249 Interrogo
780 5182 976 5233 tamen
1008 5176 1249 5231 fratrem
1280 5181 1337 5231 et
1367 5179 1777 5251 coepiscopum
1805 5199 1908 5236 no-

2020 4918 2103 4973 ita
2132 4920 2197 4972 ut
2226 4932 2329 4971 nec
2351 4919 2407 4970 te
2428 4913 2644 4985 ipsum,
2671 4932 2775 4971 nec
2797 4915 2942 4972 alios
2962 4915 3155 4988 possis
3179 4913 3415 4971 condire
3435 4912 3463 4967 ?
3499 4933 3527 4962 »
3550 4915 3660 4967 etc.

2097 5007 2239 5061 Item
2272 5018 2506 5075 quoque
2535 5007 2595 5056 Β.
2630 5004 2970 5060 Ambrosius
3001 5003 3123 5075 (lib.
3156 5020 3211 5058 νι
3244 5005 3304 5057 in
3333 5018 3388 5056 ιν
3419 5000 3572 5071 Luc.)
3595 5000 3666 5056 de

2022 5091 2332 5164 Evangelio
2362 5107 2657 5162 exponens
2687 5091 2830 5148 illud
2866 5093 3021 5164 quod
3044 5092 3265 5146 dictum
3306 5093 3429 5146 est:
3454 5087 3664 5144 «Multi

2018 5181 2236 5254 leprosi
2268 5184 2435 5234 erant
2464 5179 2522 5233 in
2553 5178 2728 5235 Israel
2759 5181 2868 5235 sub
2891 5180 3079 5236 Eliseo
3115 5177 3401 5251 prepheta
3417 5179 3476 5233 et
3495 5192 3666 5231 nemo

255 5272 471 5334 strum,
506 5266 645 5337 quia
673 5271 731 5321 et
751 5283 856 5339 ego
883 5266 1195 5339 episcopus
1221 5282 1374 5333 sum,
1399 5271 1612 5322 etcum
1638 5268 1909 5339 episcono
2019 5270 2342 5326 mundatus
2371 5271 2459 5322 est
2491 5267 2603 5322 nisi
2634 5267 2917 5324 Naamam
2967 5269 3148 5341 Syrus
3198 5267 3349 5339 (Luc.
3384 5283 3461 5333 Iv,
3488 5264 3603 5335 27),
3634 5288 3664 5317 ››

255 5358 487 5428 loquor.
521 5353 624 5409 Dic
655 5370 790 5428 ergo
837 5355 982 5411 mihi
1030 5354 1349 5426 pauliSper,
1398 5355 1573 5411 frater
1617 5357 1908 5430 episcope,
2020 5363 2149 5432 post
2177 5356 2369 5427 aliqua
2403 5355 2522 5411 ait:
2567 5356 2795 5412 «Disce
2840 5357 3017 5413 etiam
3065 5372 3335 5427 congruae
3382 5356 3671 5427 pracepta

261 5461 397 5503 cum
429 5444 597 5498 dares
630 5444 956 5515 pecuniam,
991 5443 1130 5516 quid
1163 5442 1474 5515 accepisti?
1503 5443 1760 5500 Gratiam
1787 5446 1906 5518 epi-
2014 5445 2270 5502 virtutis.
2322 5444 2598 5499 Probabit
2645 5445 2841 5517 fidem,
2907 5446 3006 5518 qui
3065 5444 3306 5518 praemia
3351 5441 3667 5500 recusabit.

260 5532 556 5606 scopalem
575 5532 788 5604 accepi.
816 5534 963 5607 Ergo
988 5534 1278 5603 interrogo
1311 5537 1404 5587 te:
1443 5532 1570 5587 Haec
1594 5534 1781 5605 gratia
1803 5552 1909 5590 cur
2017 5535 2186 5592 Disce
2222 5538 2468 5605 utroque
2507 5534 2796 5590 dictorum
2848 5536 3255 5607 factorumque
3306 5530 3672 5605 magisterio,

262 5621 365 5681 tali
386 5619 667 5680 vocabulo
690 5627 1064 5697 nuncupatur
1084 5621 1112 5677 ?
1135 5620 1464 5694 ReSpondet
1487 5636 1499 5674 :
1525 5621 1639 5676 Cur
1662 5621 1861 5693 inquis
1879 5624 1907 5678 Ἰ
2015 5623 2154 5697 quid
2169 5623 2455 5695 sequaris.
2474 5624 2663 5681 Habes
2676 5624 2908 5682 Domini
2923 5628 3301 5700 praeceptum,
3317 5622 3467 5681 vatis
3479 5636 3677 5679 exem-
