4004 6210
405 366 562 447 1043

1457 372 1869 442 HUMBERTI
1915 376 1982 443 S.
2027 380 2104 443 R.
2150 378 2222 444 E.
2268 380 2768 449 CARDINALIS.

3667 356 3829 453 mu

401 516 586 590 plum,
637 512 819 585 gratis
864 509 1144 582 accipere,
1214 509 1395 585 gratis
1443 513 1600 579 dare,
1652 529 1758 568 nec
1799 514 2047 569 vendere
2074 514 2131 581 Α
2158 518 2275 571 tem
2308 521 2541 588 patrum
2572 518 2632 574 in
2664 517 2817 575 filios
2846 535 3031 592 usque
3062 518 3120 575 in
3163 517 3399 576 tertiam
3452 523 3511 576 et
3540 525 3823 593 quartam

402 604 817 669 ministerium,
849 603 947 657 sed
982 603 1209 659 oll‘erre.
1250 604 1373 659 Non
1422 603 1577 657 enim
1612 603 1794 673 pretio
1824 606 2056 658 taxatur

403 694 503 748 Dei
535 692 743 764 gratia,
793 707 895 745 nec
946 691 1004 745 in
1055 692 1440 748 sacramentis
1485 691 1715 747 lucrum
1751 693 2052 763 quaeritur,

404 782 505 837 sed
538 780 887 852 obsequium
939 782 1277 836 sacerdotis.
1320 782 1443 835 Non
1495 784 1689 835 tamen
1744 784 1832 835 sat
1863 783 1970 847 est,
2004 782 2051 835 si

406 869 637 925 lucrum
661 870 784 940 ipse
806 886 1031 940 qumras
1057 888 1069 936 ;
1093 870 1322 925 familia:
1346 886 1576 942 quoque
1592 873 1702 923 tua:
1721 870 2053 924 cohibenda:

410 975 622 1015 manus
653 962 808 1013 sunt.
844 959 958 1013 Nec
988 959 1098 1015 hoc
1119 958 1310 1015 solum
1332 959 1684 1031 exposcitur,
1710 962 1773 1013 ut
1789 962 1845 1013 te
1862 958 2052 1014 solum

410 1051 637 1105 castum
665 1046 1229 1120 immaculatumque
1251 1048 1565 1103 custodias.
1587 1047 1711 1102 Non
1735 1046 1891 1102 enim
1912 1047 2056 1103 dixit

412 1136 720 1210 Apostolus
751 1139 805 1191 te
836 1135 1049 1201 solum,
1083 1139 1183 1192 sed
1217 1162 1244 1186 ‹‹
1268 1142 1324 1192 te
1346 1138 1545 1209 ipsum
1570 1140 1797 1191 castum
1825 1138 2051 1192 custodi

411 1228 462 1301 (1
486 1228 618 1282 Tim.
650 1244 707 1282 v.
738 1228 848 1296 22).
886 1248 912 1274 ››
953 1226 1241 1288 Quaeritur
1287 1243 1423 1299 ergo
1464 1243 1579 1281 non
1618 1225 1808 1280 solum
1850 1229 1950 1281 tua
1981 1226 2053 1281 ab

410 1315 822 1388 hujuscemodi
855 1315 1152 1383 nundinis,
1183 1317 1283 1371 sed
1316 1316 1491 1375 etiam
1514 1316 1724 1371 domus
1746 1318 1856 1369 tua:
1879 1314 2053 1370 casti-

408 1410 521 1462 tas.
546 1427 573 1456 «
595 1405 832 1476 Oportet
850 1403 1004 1459 enim
1028 1404 1597 1476 irreprebensibilem
1620 1420 1748 1460 esse
1782 1404 2054 1458 sacerdo-

408 1498 550 1561 tem,
585 1493 675 1548 sui
708 1491 907 1548 domui
934 1494 1082 1548 bene
1115 1493 1510 1565 praepositum,
1544 1492 1696 1547 ﬁlios
1741 1492 2052 1547 habentem

411 1583 681 1639 subditos
710 1598 841 1637 cum
876 1582 1034 1636 omni
1066 1582 1348 1637 castitate.
1381 1582 1438 1636 Si
1472 1581 1602 1653 quis
1624 1585 1825 1636 autem
1854 1580 2055 1635 domui

411 1688 530 1728 suze
553 1686 800 1743 praeesse
819 1669 1024 1737 nescit,
1045 1670 1336 1741 quomodo
1372 1669 1639 1724 Ecclesiae
1682 1669 1776 1723 Dei
1806 1667 2056 1740 diligen-

412 1760 557 1817 tiam
581 1759 889 1830 habebit(I
917 1760 1049 1813 Tim.
1089 1776 1170 1813 Ill.
1210 1760 1357 1827 2-5.)
1381 1780 1408 1807 n
1455 1761 1681 1813 [nstrue
1720 1757 2054 1830 ergofami-

2164 606 2595 677 generationem
2617 608 2861 678 ?(E.1:od.
2893 626 2988 673 xx,
3019 608 3102 681 5.)
3135 631 3162 659 ››
3206 609 3276 664 Et
3322 615 3520 666 tamen
3569 613 3825 684 utraque

2164 694 2450 750 sententia
2477 712 2612 752 vera
2636 700 2742 764 est,
2776 697 2914 769 quia
2946 697 3177 753 Domini
3209 702 3301 754 est
3330 717 3343 768 ;
3378 699 3479 755 sed
3530 716 3635 773 pro
3682 718 3828 773 qua-

2162 782 2323 840 litate
2353 800 2736 855 personarum
2785 789 2841 840 et
2891 786 3200 859 culparum
3249 791 3305 842 et
3355 788 3824 846 circumstantiis

2166 872 2291 927 suis
2340 877 2734 945 competenter
2799 874 3180 947 intelligenda
3249 879 3358 931 est.
3409 876 3611 949 Neque
3661 879 3823 935 enim

2164 960 2474 1017 uniformis
2497 962 2783 1017 sententia
2799 962 3162 1035 blasphemis
3180 964 3459 1021 omnibus
3480 969 3572 1021 est
3598 966 3823 1035 danda,

2166 1049 2303 1120 quia
2328 1066 2432 1105 nec
2452 1050 2764 1106 uniformis
2788 1056 2878 1106 est
2894 1050 3284 1124 blasphemia,
3309 1057 3622 1111 attestante
3653 1056 3820 1112 Veri-

2162 1141 2280 1193 tate
2309 1140 2472 1210 ipsa:
2505 1163 2531 1189 ‹‹
2565 1140 2769 1207 Omne,
2804 1140 3017 1213 inquit,
3044 1146 3346 1213 peccatum
3369 1147 3424 1199 et
3449 1143 3823 1217 blasphemia

2165 1228 2496 1283 remittetur
2523 1229 2869 1293 hominibus
2895 1247 2909 1297 ;
2941 1229 3195 1301 Spiritus
3226 1234 3421 1288 autem
3447 1231 3823 1306 blasphemia

2164 1332 2279 1370 non
2314 1316 2644 1372 remittetur
2673 1318 2877 1388 (Matth.
2900 1335 3004 1389 xu,
3031 1319 3142 1391 31).
3162 1341 3189 1369 ι)
3230 1320 3432 1376 Nonne
3457 1339 3635 1394 super
3662 1322 3821 1377 hanc

2164 1405 2416 1477 Spiritus
2448 1404 2877 1478 blasphemiam
2910 1407 3214 1480 propheta,
3262 1408 3582 1481 apostolus,
3612 1410 3821 1466 doctor

2164 1495 2429 1550 eamdem
2453 1510 2630 1566 quam
2647 1494 2773 1567 ipse
2793 1494 3078 1554 Dominus
3094 1512 3318 1564 eorum,
3339 1497 3818 1570 uniformemque

2165 1584 2631 1655 comprnbantur
2679 1585 2931 1641 dictasse
2979 1585 3375 1642 sententiam?
3420 1586 3703 1658 Propheta
3733 1585 3819 1641 si-
3913 1644 3922 1650 _

2167 1672 2401 1744 quidem
2434 1674 2553 1729 ait:
2587 1697 2614 1723 ‹‹
2649 1675 2833 1746 Lepra
2860 1675 3142 1730 Naamam
3170 1675 3295 1748 Syri
3345 1674 3657 1732 adhaerebit
3680 1673 3819 1742 tibi,

2164 1763 2221 1815 et
2240 1759 2452 1816 semini
2478 1763 2579 1816 tuo
2630 1778 2817 1832 usque
2841 1761 2901 1817 in
2947 1765 3229 1818 aeternum
3263 1763 3357 1835 (IV
3378 1764 3503 1833 Reg.
3540 1779 3596 1828 v,
3617 1761 3746 1832 27);
3786 1783 3819 1811 »

412 1849 575 1915 liam,
597 1849 847 1912 hortare,
871 1847 1118 1901 custodi.
1145 1846 1430 1902 Fefellerit
1451 1845 2052 1944 servul-us?(hominis
2090 1881 2136 1944 B
2167 1849 2468 1921 apostolus
2499 1853 2695 1905 autem
2722 1867 2734 1905 :
2762 1874 2789 1901 ‹‹
2823 1851 3094 1919 Pecunia,
3129 1851 3339 1924 inquit,
3383 1855 3485 1907 tua
3513 1854 3711 1907 tecum
3740 1849 3824 1905 sit

415 1937 572 1995 enim
597 1953 711 1992 non
734 1935 984 2007 excipito
1005 1935 1364 2007 facultatem)
1390 1934 1722 2007 prophetico
1745 1934 2061 2006 deprehen-

417 2025 864 2097 susrepudietur
919 2024 1223 2097 exemplo;
1252 2024 1365 2079 cito
1421 2028 1650 2096 turpem
1684 2023 1950 2095 sequitur
1977 2022 2057 2078 le-

417 2133 523 2190 pra
551 2114 900 2184 mercedem,
924 2117 979 2170 et
995 2114 1245 2186 pecunia
1266 2130 1478 2184 corpus
1509 2114 1891 2185 animumque
1909 2112 2062 2167 male

418 2205 663 2279 quaesita
683 2202 1093 2259 commaculat.
1120 2223 1148 2252 «
1174 2202 1480 2274 Accepisti,
1519 2202 1728 2273 inquit,
1752 2201 2059 2274 pecuniam

416 2299 475 2352 et
502 2294 830 2366 possidebis
860 2308 929 2348 ex
958 2309 1026 2348 ea
1053 2308 1279 2364 agrum,
1313 2296 1369 2347 et
1397 2291 1646 2357 vineam,
1681 2295 1737 2346 et
1772 2290 1980 2347 oliveta
2008 2294 2063 2345 et

417 2398 661 2458 greges;
704 2384 803 2438 sed
857 2386 915 2437 et
959 2380 1122 2452 lepra
1166 2381 1447 2436 Naamam
1503 2379 1825 2435 adhaarebit
1870 2379 1975 2434 tibi
2007 2382 2064 2434 et

416 2471 628 2528 semini
661 2475 763 2526 tuo
795 2486 982 2541 usque
1025 2469 1083 2523 in
1134 2474 1417 2523 aeternum
1469 2468 1561 2539 (IV
1605 2469 1733 2537 Reg.
1784 2486 1838 2537 v,
1886 2469 1997 2539 27).
2036 2492 2057 2518 ιι

413 2561 589 2617 Vides
616 2559 757 2632 quia
786 2562 1021 2631 propter
1056 2558 1210 2613 facta
1253 2556 1529 2625 auctoris,
1574 2557 1866 2613 successio
1897 2557 2064 2613 dam-

417 2653 592 2707 natur
610 2648 901 2704 hazredis?
922 2646 1297 2720 lnexpiabilis
1320 2651 1408 2702 est
1433 2646 1650 2701 venditi
1671 2646 1842 2719 culpa
1857 2650 2066 2719 myste-

418 2738 512 2805 rii,
535 2741 593 2793 et
615 2736 868 2793 cmlestis
901 2736 1098 2809 gratiae
1137 2735 1395 2791 vindicta
1426 2735 1640 2791 transit
1668 2735 1739 2790 ad
1778 2739 2061 2807 posteros.

415 2825 681 2897 Denique
721 2825 987 2880 Moabitae
1010 2828 1065 2880 et
1087 2824 1275 2880 caeteri
1300 2841 1413 2880 non
1452 2822 1756 2880 intrabunt
1781 2824 1837 2879 in
1870 2823 2063 2880 Eccle-

421 2914 571 2971 siam
602 2912 705 2968 Dei
736 2929 923 2984 usque
955 2913 1014 2967 in
1045 2914 1276 2969 tertiam
1320 2916 1377 2967 et
1426 2916 1694 2984 quartam
1742 2913 2063 2985 generatio-

425 3019 583 3069 nem,
602 3002 807 3057 tandiu
827 3001 1117 3069 videlicet,
1147 3005 1213 3057 ut
1239 3000 1570 3073 simplicius
1592 3002 2062 3075 interpretemur,

423 3092 607 3148 donec
637 3090 870 3163 culpam
892 3096 1192 3146 auctorum
1216 3089 1558 3162 multiplicis
1580 3091 1872 3147 successio
1892 3107 2065 3162 gene-

426 3180 672 3237 rationis
695 3180 969 3237 aboleret.
995 3181 1108 3236 Sed
1134 3196 1266 3235 cum
1290 3178 1375 3234 illi
1393 3179 1493 3251 qui
1516 3180 1573 3234 in
1601 3185 1781 3235 Deum
1824 3178 2065 3235 idolola-

2168 1938 2229 1991 in
2277 1938 2662 2010 perditionem
2706 1940 2848 2012 (Act.
2900 1958 3020 2007 vm,
3070 1941 3182 2008 20).
3222 1962 3242 1989 ι
3295 1940 3362 1995 Et
3406 1943 3541 2010 post
3588 1954 3822 2012 pauca:

2170 2048 2199 2077 «
2232 2026 2637 2084 Paenitentiam
2668 2029 2864 2101 itaque
2894 2044 2998 2101 age
3028 2029 3099 2083 ab
3132 2027 3240 2082 hac
3290 2026 3555 2098 nequitia
3600 2030 3726 2094 tua,
3766 2030 3827 2083 et

2169 2132 2310 2188 roga
2330 2116 2645 2173 Dominum
2668 2117 2715 2173 si
2745 2118 2888 2172 forte
2909 2116 3240 2172 remittatur
3269 2114 3372 2170 tibi
3394 2114 3518 2170 haec
3539 2113 3823 2186 cogitatio

2169 2204 2364 2260 cordis
2386 2205 2472 2260 tui
2502 2206 2685 2275 (Ibid.,
2715 2207 2828 2276 22).
2864 2227 2891 2253 ››
2925 2205 3183 2268 Quorum
3232 2203 3649 2259 auctoritatem
3683 2220 3822 2275 pro-

2170 2290 2316 2347 fecto
2348 2296 2581 2347 secutus
2611 2293 2830 2358 doctor,
2864 2291 2945 2347 ait
2971 2309 2984 2346 :
3024 2314 3044 2340 ι
3083 2289 3460 2364 Inexpiabilis
3485 2294 3576 2347 est
3594 2290 3820 2347 venditi

2171 2380 2343 2453 culpa
2388 2380 2668 2452 mysterii.
2724 2402 2745 2429 ι
2799 2380 2862 2435 Β.
2923 2396 3157 2452 quoque
3219 2378 3611 2451 Augustinus,
3660 2379 3822 2435 unde

2171 2486 2349 2541 supra
2421 2469 2476 2524 in
2544 2467 2905 2540 expositione
2963 2467 3261 2541 Evangelii
3309 2466 3498 2523 sancti
3544 2467 3818 2524 Joannis.

2176 2579 2197 2606 ι
2232 2557 2431 2612 Simon
2466 2555 2563 2612 ille
2592 2556 2721 2612 ideo
2751 2555 2979 2612 volebat
2997 2571 3191 2611 emere
3219 2553 3504 2626 Spiritum
3526 2558 3821 2621 sanctum,

2171 2643 2311 2717 quia
2337 2645 2585 2701 vendere
2622 2644 2854 2701 volebat
2883 2644 3165 2716 Spiritum
3218 2646 3509 2712 sanctum,
3565 2647 3623 2699 et
3650 2647 3823 2716 puta-

2171 2734 2272 2790 bat
2292 2733 2589 2806 apostolos
2610 2737 2963 2790 mercatores
2983 2732 3131 2790 tales
3161 2748 3289 2790 esse
3310 2730 3515 2804 quales
3536 2731 3821 2789 Dominus

2173 2824 2245 2879 de
2272 2822 2490 2896 templo
2521 2822 2749 2896 ﬂagello
2798 2823 2986 2894 ejecit.
3033 2821 3193 2877 Talis
3242 2820 3397 2877 enim
3446 2819 3546 2876 ille
3587 2823 3730 2889 erat,
3762 2824 3824 2878 et

2175 2912 2330 2985 quod
2354 2913 2626 2969 venderet
2640 2928 2831 2968 emere
2870 2910 3119 2967 volebat.
3153 2911 3234 2967 De
3273 2908 3392 2967 illis
3425 2912 3549 2966 erat
3579 2910 3680 2982 qui
3723 2926 3821 2966 co-

2175 2999 2408 3056 lumbas
2433 3000 2763 3057 vendebant
2787 3019 2799 3069 ;
2828 2999 3039 3056 etenim
3072 2999 3131 3055 in
3148 2998 3422 3055 columba
3443 2998 3673 3071 aparuit
3689 2997 3819 3071 Spi-

2174 3090 2323 3145 ritus
2350 3093 2608 3146 sanctus.
2629 3091 2732 3155 Qui
2757 3105 2893 3161 ergo
2911 3089 3173 3145 vendunt
3193 3087 3547 3156 columbam,
3574 3087 3823 3143 fratres?

2177 3178 2280 3251 qui
2311 3178 2531 3234 dicunt.
2564 3179 2680 3234 Nos
2728 3179 2940 3234 damus
2982 3177 3265 3251 Spiritum
3307 3180 3596 3232 sanctum.
3632 3178 3824 3242 Quare

424 3270 549 3325 tria;
580 3285 771 3326 errore
801 3269 1173 3341 deliquerunt
1217 3268 1278 3323 in
1329 3248 1598 3340 quartam
1630 3267 2063 3341 generationem
2096 3248 2139 3314 C
2176 3248 2330 3323 enim
2363 3267 2473 3323 hoc
2501 3266 2750 3323 dicunt?
2777 3271 2835 3323 et
2854 3284 2968 3339 quo
2998 3248 3183 3341 pretio
3222 3265 3528 3322 vendunt?
3560 3264 3820 3322 Pretium

422 3358 731 3415 videantur
750 3375 877 3414 esse
901 3356 1188 3424 mulctati,
1211 3357 1465 3430 profecto
1480 3356 1680 3412 durior
1690 3357 1918 3411 videtur
1937 3373 2066 3413 esse

422 3448 711 3505 sententia
731 3464 846 3520 qua
865 3447 1019 3503 Giezi
1045 3462 1277 3519 semper
1314 3461 1501 3518 usque
1546 3445 1604 3500 in
1640 3450 1921 3501 zeternum
1960 3463 2062 3525 pro

418 3536 737 3610 cupiditate
767 3537 1020 3593 habendi
1054 3535 1391 3609 prephetica
1439 3534 1784 3590 auctoritate
1814 3535 2058 3590 damna-

416 3631 531 3696 tur,
564 3626 889 3699 prmsertim
920 3642 1054 3681 cum
1079 3625 1361 3680 Dominus
1383 3627 1581 3680 noster
1598 3624 1630 3679 J
1636 3641 1772 3680 esus
1794 3623 2059 3680 Christus

414 3732 518 3788 per
547 3714 757 3771 lavacri
790 3713 1287 3788 regenerationem
1319 3711 1594 3768 omnibus
1648 3712 2054 3769 remissionem

412 3803 639 3860 dederit
667 3807 1057 3877 peccatorum.
1093 3824 1120 3852 »

994 3988 1229 4046 CAPUT
1269 3989 1463 4045 XVIII.

499 4106 892 4180 Recapitulatio
940 4105 1085 4160 unde
1110 4122 1325 4233 supra;
1345 4104 1541 4161 deinde
1571 4106 1634 4158 B.
1668 4105 1962 4175 Augustini

1090 4193 1183 4233 sen
1212 4194 1278 4232 en
1302 4194 1378 4232 ια.

1090 4193 1378 4233 sententia.

476 4338 640 4403 Ecce,
666 4352 734 4392 ex
763 4337 1084 4409 praemissis
1112 4337 1263 4393 tanti
1308 4339 1551 4406 tamque
1600 4334 1907 4405 prudentis
1936 4335 2045 4390 viri

403 4424 844 4495 assertionibus,
877 4424 1261 4482 multifariam
1283 4425 1560 4479 docemur
1584 4422 1769 4493 pretio
1792 4422 2042 4495 gratiam

399 4512 787 4587 episcopalem
814 4532 928 4571 non
951 4530 1124 4588 posse
1154 4511 1362 4583 accipi,
1384 4512 1486 4566 sed
1508 4510 1753 4582 lepram.
1779 4511 1846 4566 Et
1867 4512 2043 4568 audet

2170 3356 2411 3413 honoris
2424 3355 2514 3411 sui
2527 3355 3433 3429 accipiunt,pretium,cathedras
3445 3353 3819 3427 temporales,

2172 3448 2237 3501 ut
2255 3436 2567 3501 videantur
2591 3446 2701 3517 ipsi
2734 3445 2981 3501 vendere
3012 3442 3337 3500 columbas.
3371 3446 3623 3501 Caveant
3653 3460 3688 3500 a
3708 3444 3819 3500 fla-

2169 3534 2321 3605 gello
2351 3535 2422 3590 de
2453 3533 2769 3590 resticulis.
2802 3534 3089 3590 Columba
3120 3549 3234 3588 non
3264 3536 3355 3589 est
3374 3531 3614 3602 venalis,
3637 3532 3822 3606 gratis

2169 3623 2361 3689 datur,
2393 3623 2531 3695 quia
2561 3623 2751 3695 gratia
2778 3625 3038 3678 vocatur.
3077 3644 3104 3671 ››

2236 3712 2396 3769 Idem
2426 3713 2582 3769 unde
2611 3729 2791 3786 supra
2839 3713 2897 3767 in
2946 3712 3149 3768 eadem
3196 3710 3576 3784 expositione.
3617 3710 3813 3784 (Ave,

2168 3806 2332 3858 tract.
2354 3804 2411 3874 6,
2442 3804 2503 3858 in
2530 3804 2686 3858 Joan.
2724 3819 2786 3869 ιι,
2817 3801 2931 3874 18.)
2976 3824 3003 3851 α
3031 3801 3093 3857 In
3134 3800 3379 3857 Actibus
3409 3798 3812 3873 apostolorum

2162 3889 2416 3963 legimus
2440 3891 2657 3947 multos
2676 3890 2992 3947 credidisse
3014 3890 3073 3945 in
3099 3889 3364 3947 Samaria
3396 3905 3501 3962 per
3529 3890 3809 3962 praedica-

2159 3979 2380 4035 tionem
2414 3979 2669 4052 Philippi
2695 3979 2831 4051 (Act.
2882 3997 3005 4046 vm,
3058 3978 3168 4050 12).
3223 3976 3580 4051 lntelligitur
3607 3981 3809 4044 autem

2156 4067 2277 4124 sive
2298 4085 2452 4124 unus
2476 4083 2545 4123 ex
2565 4067 2865 4141 apostolis,
2890 4068 3009 4124 sive
3025 4082 3093 4123 ex
3113 4066 3395 4137 diaconis,
3420 4066 3560 4139 quia
3579 4070 3801 4139 septem

2157 4157 2433 4214 diaconos
2450 4157 2528 4213 ibi
2546 4155 2798 4229 legimus
2816 4156 3147 4224 ordinatos,
3161 4155 3314 4212 inter
3349 4172 3498 4228 quos
3517 4159 3608 4212 est
3625 4155 3797 4212 etiam

2155 4260 2368 4302 nomen
2394 4245 2643 4318 Philippi
2674 4246 2809 4312 (Act.
2842 4263 2897 4312 v,
2928 4246 3006 4317 6).
3038 4246 3146 4301 Per
3190 4243 3447 4318 Philippi
3479 4260 3617 4318 ergo
3647 4261 3800 4318 prae.-

2151 4335 2500 4391 dicationem
2533 4333 2907 4391 crediderunt
2935 4333 3235 4390 Samaritae
3262 4351 3276 4402 ;
3329 4333 3598 4390 Samaria
3629 4333 3802 4405 coepit

2152 4423 2448 4479 abundare
2471 4421 2764 4478 fidelibus.
2790 4422 2875 4478 Ibi
2897 4426 3022 4479 erat
3042 4422 3247 4479 Simon
3266 4422 3377 4478 iste
3397 4422 3668 4496 Magnus.
3691 4426 3801 4478 Per

2150 4511 2409 4583 magicas
2441 4511 2715 4567 factiones
2746 4528 2884 4568 suas
2916 4512 3354 4567 dementaverat
3395 4510 3700 4582 populum,
3733 4515 3800 4567 ut

397 4602 533 4675 quis
554 4607 753 4659 contra
772 4603 998 4660 hiscere
1018 4608 1074 4658 et
1094 4600 1336 4674 gannire
1357 4599 1467 4656 sibi
1490 4604 1592 4654 aut
1611 4597 1851 4654 cuilibet
1870 4616 2041 4671 posse
2073 4618 2116 4682 Ι)
2148 4616 2283 4656 eum
2302 4600 2575 4656 virtutem
2600 4600 2696 4656 Dei
2720 4604 3012 4672 putarent.
3037 4601 3381 4657 Commotus
3398 4603 3593 4656 tamen
3611 4600 3797 4674 signis

395 4691 523 4748 dari
554 4691 628 4748 ab
649 4690 991 4763 huiusmodi
1011 4688 1280 4762 leprosis,
1302 4686 1522 4742 scilicet
1542 4686 1907 4753 Simoniacis,
1932 4687 2035 4743 ali-

393 4796 570 4853 quam
602 4784 935 4837 sanctorum
967 4777 1242 4834 ordinum
1275 4792 1451 4847 quam
1501 4792 1617 4831 non
1660 4774 1877 4830 habent
1905 4793 2037 4849 gra-

390 4869 557 4936 tiam,
598 4872 655 4924 et
703 4885 819 4923 non
869 4867 1066 4940 potius
1117 4863 1301 4920 solam
1353 4880 1531 4935 quam
1583 4867 1948 4934 acceperunt,
1982 4870 2039 4921 et

389 4957 609 5014 habent
637 4955 900 5028 lepram?
928 4955 1161 5010 Etcum
1216 4953 1370 5008 idem
1423 4951 1788 5008 clarissimus
1838 4952 2038 5009 doctor

388 5045 792 5102 indubitanter
838 5042 1111 5122 praedicet
1169 5040 1582 5114 inexpiabilem
1650 5057 1778 5096 esse
1817 5042 2035 5098 venditi
2083 5075 2087 5079 -

388 5134 623 5207 culpam
646 5131 956 5187 ministerii
971 5134 1026 5186 et
1039 5129 1290 5186 caelestis
1310 5129 1508 5202 gratiae
1521 5128 1833 5184 vindictam
1852 5133 2039 5187 trans-

382 5222 469 5279 ire
490 5222 561 5277 ad
595 5224 877 5293 posteros,
902 5221 1045 5276 adeo
1086 5223 1151 5275 ut
1186 5217 1516 5291 exemplum
1553 5217 1713 5273 Giezi
1735 5217 2028 5275 adhaereat

385 5309 673 5367 venditori
704 5312 760 5364 et
787 5308 998 5365 semini
1027 5309 1155 5380 ejus
1182 5309 1243 5363 in
1284 5311 1651 5380 perpetuum,
1700 5307 1871 5377 cujus
1901 5324 2025 5363 mo-

385 5398 570 5456 menti
602 5401 897 5469 suntquae
938 5416 969 5453 e
1011 5397 1235 5453 diverso
1281 5396 1707 5451 contradicunt.
1756 5416 1784 5444 «
1815 5395 2027 5453 Anima

384 5503 513 5557 qua:
547 5485 864 5557 peccaverit
894 5486 1022 5558 ipsa
1053 5487 1352 5552 morietur,
1378 5487 1434 5539 et
1455 5483 1610 5539 filius
1634 5500 1746 5539 non
1771 5485 2027 5555 portabit

384 5571 735 5641 inquitatem
774 5572 954 5642 patris
993 5574 1205 5643 (Ezech.
1255 5588 1415 5637 xvm,
1463 5571 1573 5642 20),
1626 5593 1652 5619 ››
1699 5573 2023 5642 praesertim

382 5672 517 5712 cum
544 5655 826 5713 Dominus
854 5660 925 5714 de
955 5661 1146 5731 seipso
1176 5660 1367 5714 dicat:
1407 5681 1427 5705 ιι
1464 5658 1722 5713 Reddam
1749 5657 2026 5729 iniquita-

2147 4705 2275 4761 quee
2307 4687 2524 4744 ﬂebant
2561 4705 2595 4743 a
2642 4687 2929 4760 Philippo,
2980 4688 3158 4744 etiam
3202 4687 3328 4760 ipse
3366 4686 3634 4744 credidit.
3682 4688 3792 4745 Sed

2145 4777 2439 4848 quomodo
2464 4776 2792 4844 crediderit,
2820 4776 3144 4848 posteriora
3181 4776 3487 4848 sequentia
3516 4775 3796 4833 demons-

2145 4869 2462 4921 traverunt.
2499 4864 2835 4936 Baptizatus
2864 4870 2953 4922 est
2982 4870 3041 4921 et
3071 4865 3293 4922 Simon.
3326 4862 3654 4918 Audierunt
3680 4863 3795 4919 hoc

2145 4952 2414 5026 apostoli,
2438 4953 2537 5025 qui
2562 4957 2729 5009 erant
2748 4953 3166 5026 Hierosolymis
3190 4972 3202 5022 ;
3227 4951 3390 5008 missi
3413 4953 3555 5006 sunt
3568 4951 3641 5007 ad
3655 4949 3796 5010 illos

2146 5042 2349 5098 Petrus
2375 5045 2432 5097 et
2459 5041 2737 5109 Joannes,
2760 5042 3109 5098 invenerunt
3128 5041 3342 5099 multos
3366 5038 3714 5113 baptizatos,
3737 5047 3796 5098 et

2144 5129 2283 5203 quia
2330 5128 2530 5185 nullus
2584 5129 2845 5202 ipsorum
2906 5121 3209 5203 acceperat
3268 5129 3458 5186 adhuc
3503 5128 3793 5201 Spiritum

2135 5224 2425 5284 sanctum,
2459 5218 2615 5274 sicut
2644 5223 2784 5275 tunc
2816 5219 3212 5276 descendebat
3240 5220 3313 5275 ad
3364 5219 3790 5275 ostendendam

2134 5306 2621 5382 significationem
2652 5308 2917 5380 gentium
2954 5308 3403 5376 crediturarum,
3457 5311 3526 5364 ut
3565 5305 3787 5381 linguis

2134 5397 2513 5468 loquerentur
2541 5394 2600 5449 in
2633 5412 2780 5466 quos
2810 5396 3204 5452 descendebat
3232 5396 3493 5469 Spiritus
3524 5401 3788 5466 sanctus,

2133 5486 2541 5557 imposuerunt
2570 5482 2685 5538 illis
2719 5501 2929 5541 manus
2960 5488 3195 5540 orantes
3238 5502 3345 5557 pro
3393 5486 3503 5553 eis,
3535 5490 3594 5542 et
3626 5501 3785 5542 acce-

2134 5574 2347 5647 perunt
2370 5569 2651 5641 Spiritum
2680 5576 2971 5629 sanctum.
3004 5571 3207 5629 Simon
3238 5573 3336 5629 ille
3383 5574 3485 5647 qui
3516 5591 3634 5632 non
3666 5577 3791 5631 erat

2135 5662 2197 5717 in
2228 5657 2485 5716 Ecclesia
2515 5658 2806 5731 columba,
2835 5661 2936 5717 sed
2968 5676 3195 5729 corvus,
3227 5663 3368 5735 quia
3400 5680 3488 5734 ea,
3522 5679 3656 5736 quas
3682 5678 3790 5723 sua
