4004 6210
240 314 396 387 1048

842 320 1258 385 ADVERSUS
1303 317 1778 387 SIMONIACOS
1821 317 2031 386 LIBRI
2075 321 2297 388 TRES.
2332 355 2409 373 —
2440 324 2677 390 LIBER
2720 327 3039 395 PRIMUS.

3485 328 3642 401 1046

237 459 395 524 runt,
432 455 750 529 quaerebat,
812 472 926 512 non
986 471 1115 527 qua:
1160 457 1297 511 Jesu
1355 456 1589 524 Christi,
1636 456 1789 512 unde
1826 455 1885 511 in
1915 455 1971 523 Α
2072 459 2200 515 30.«
2219 460 2276 516 Si
2301 462 2433 534 quis
2454 462 3337 539 episeopus,autpresbyter,aut
3359 464 3637 524 diaconus

237 543 590 602 Christianis
619 545 942 618 potentiam
965 544 1155 618 magis
1186 550 1481 601 amaverat
1510 563 1687 619 quam
1704 545 1884 619 justi-

236 633 405 702 tiam,
461 634 610 690 vidit
664 651 768 708 per
824 634 1265 706 impositionem
1334 652 1620 691 manuum
1649 640 1879 709 aposto-

235 721 428 779 lorum
494 722 619 779 dari
677 723 961 796 Spiritum
1019 727 1311 789 sanctum,
1374 741 1487 779 non
1547 724 1683 796 quia
1767 724 1877 795 ipsi

234 813 474 881 dabant,
536 812 637 868 sed
695 812 855 885 quia,
915 813 1061 884 ipsis
1121 813 1446 882 orantibus,
1496 813 1668 868 datus
1752 817 1874 880 est;

229 903 289 956 et
346 901 426 957 ait
483 900 791 974 apostolis:
829 925 856 951 ‹‹
916 901 1065 966 Quid
1122 901 1297 957 vultis
1344 919 1377 957 a
1437 918 1528 957 me
1616 902 1875 973 accipere

227 989 513 1061 pecuniae,
549 996 614 1045 ut
661 1008 765 1063 per
812 990 1247 1063 impositionem
1307 1006 1550 1045 manum
1609 1005 1872 1045 mearum

228 1078 401 1134 detur
422 1079 677 1151 Spiritus
708 1080 986 1136 sanctus?
1012 1102 1038 1129 ››
1072 1080 1137 1133 Et
1166 1079 1244 1134 ait
1299 1078 1382 1133 illi
1441 1080 1678 1134 Petrus:
1715 1101 1742 1129 ‹‹
1774 1083 1873 1134 Pe-

222 1168 403 1224 cunia
443 1174 545 1225 tua
578 1173 773 1225 tecum
807 1170 881 1225 sit
914 1169 970 1223 in
1006 1168 1412 1241 perditionem,
1446 1168 1724 1239 quoniam
1769 1169 1869 1223 do-

227 1274 373 1313 num
406 1259 506 1314 Dei
538 1258 757 1330 putasti
792 1259 1041 1330 pecunia
1071 1258 1534 1330 comparandum
1576 1257 1709 1329 (Act.
1744 1274 1867 1324 vm,

233 1347 443 1419 18-20).
484 1371 503 1397 ιο
540 1347 642 1403 Cui
668 1346 836 1402 dicit:
874 1372 900 1396 ‹‹
937 1347 1184 1403 Pecunia
1218 1351 1320 1402 tua
1350 1352 1536 1403 terum
1561 1347 1637 1403 sit
1659 1349 1713 1402 in
1740 1364 1869 1420 per-

224 1436 546 1493 ditionem?
576 1458 603 1485 ››
629 1436 830 1508 utique
843 1437 1293 1507 baptizato.Jam
1313 1438 1669 1509 baptismum
1687 1437 1865 1492 habe-

204 1525 341 1593 ‘bat,
375 1526 475 1581 sed
509 1525 793 1581 columba:
824 1525 1151 1581 visceribus
1210 1543 1323 1580 non
1382 1526 1655 1582 hazrebat.
1715 1525 1865 1580 Audi

220 1614 360 1687 quia
392 1631 505 1670 non
538 1614 814 1681 haerebat,
848 1619 904 1669 et
932 1615 1109 1669 verba
1136 1614 1266 1686 ipsa
1288 1614 1436 1669 Petri
1467 1614 1713 1687 apostoli
1763 1614 1862 1669 ad-

214 1707 394 1759 verte.
424 1703 703 1775 Sequitur
732 1702 919 1759 enim:
946 1728 971 1753 ‹‹
1005 1704 1130 1758 Non
1179 1708 1267 1759 est
1298 1704 1401 1758 tibi
1467 1721 1622 1775 pars,
1676 1719 1863 1775 neque

214 1808 345 1849 sors
374 1792 433 1847 in
468 1792 577 1847 hac
599 1793 710 1847 fide
732 1810 745 1860 ;
770 1793 828 1847 in
858 1791 988 1848 felle
1007 1792 1163 1847 enim
1187 1792 1594 1848 amaritudinis
1616 1792 1777 1847 video
1799 1797 1856 1847 te

212 1896 345 1936 esse
383 1880 757 1954 (Ibid.21-23).
772 1904 797 1929 η
809 1879 1092 1936 Columba
1106 1880 1177 1937 fel
1194 1898 1307 1935 non
1323 1880 1529 1937 habet:
1550 1882 1752 1937 Simon
1766 1882 1862 1936 ha-

210 1969 413 2037 bebat;
449 1969 577 2025 ideo
602 1974 907 2041 separatus
934 1987 966 2025 a
988 1969 1272 2025 columba:
1296 1969 1641 2026 visceribus.
1668 1969 1859 2042 Bapti-

209 2073 377 2114 smus
409 2058 493 2113 illi
526 2058 666 2130 quid
702 2058 1012 2131 proderat?
1048 2083 1068 2108 ιο

286 2148 350 2202 In
382 2147 600 2219 quibus
621 2147 1092 2220 eloquentissimi
1123 2154 1180 2204 et
1211 2147 1702 2221 perspicacissimi
1752 2148 1857 2203 do-

210 2237 393 2292 ctoris
434 2237 608 2291 dictis
665 2236 1129 2293 animadvertant
1178 2255 1413 2294 necesse
1472 2243 1560 2293 est
1605 2238 1703 2310 qui
1749 2237 1857 2292 im-

210 2326 507 2399 pudenter
537 2329 593 2379 et
624 2325 801 2397 impie
859 2330 1119 2381 astruere
1166 2334 1451 2383 conantur
1499 2326 1855 2396 columbam,

212 2413 306 2470 vel
336 2412 702 2486 spiritualem
724 2414 979 2485 gratiam
1000 2415 1194 2481 vendi,
1226 2415 1367 2470 illud
1386 2416 1539 2487 quod
1565 2416 1673 2471 ait:
1709 2440 1735 2465 «
1763 2416 1860 2470 Co-

211 2501 419 2557 lumba
450 2518 565 2557 non
589 2505 680 2557 est
708 2501 948 2569 venalis,
982 2502 1163 2574 gratis
1183 2502 1375 2571 datur,
1399 2503 1537 2575 quia
1556 2504 1745 2575 gratia
1760 2521 1854 2559 vo-

208 2593 404 2658 catur;
436 2632 452 2647 .
485 2606 708 2646 necnon
733 2589 898 2660 illud,
920 2590 1057 2662 quia
1080 2615 1106 2641 ‹‹
1128 2591 1480 2647 viditSimon
1500 2609 1602 2664 per
1620 2593 1856 2665 imposi-

206 2681 425 2736 tionem
461 2696 674 2735 manus
692 2680 1091 2752 apostolorum
1114 2680 1539 2753 dariSpiritum
1560 2686 1851 2748 sanctum,

204 2789 323 2829 non
354 2772 493 2844 quia
512 2771 623 2843 ipsi
651 2771 886 2839 dabant,
912 2771 1013 2826 sed
1038 2771 1176 2843 quia
1198 2772 1342 2844 ipsis
1364 2771 1668 2827 orantibus
1682 2772 1854 2825 datus

204 2866 314 2918 est.
334 2883 361 2910 »
379 2861 534 2916 Deus
547 2859 1001 2932 enimSpiritum
1020 2865 1293 2915 sanctum
1316 2876 1490 2915 suum
1511 2859 1855 2914 hominibus

201 2949 473 3024 largitur,
496 2950 598 3005 sed
612 2949 873 3004 oratione
900 2954 957 3004 et
982 2948 1720 3021 invocationeillorum,qui
1744 2948 1851 3003 hu-

196 3040 299 3112 jus
331 3037 643 3094 ministerii
673 3036 760 3092 vel
791 3036 966 3092 officii
999 3037 1428 3093 ordinationem
1470 3055 1503 3092 a
1546 3036 1850 3093 catholicis

202 3128 390 3202 gratis
420 3126 712 3199 accepisse
739 3127 1315 3193 noscuntur,etiamsi
1334 3145 1518 3198 pravae
1541 3143 1846 3181 conversa-

1993 564 2096 620 per
2125 551 2431 621 pecuniam
2456 552 2606 609 hanc
2632 553 2907 609 obtinerit
2936 555 3303 627 dignitatem,
3329 555 3638 628 dejiciatur

1992 636 2116 709 ipse
2145 644 2203 695 et
2230 640 2528 698 ordinator
2556 644 2704 714 ejus,
2734 648 2791 699 et
2812 660 2844 698 a
2862 645 3275 701 communione
3301 646 3493 702 modis
3515 662 3635 703 om-

1990 726 2165 782 nibus
2192 728 2585 798 abscindatur,
2618 732 2770 787 sicut
2801 733 2998 789 Simon
3031 735 3278 808 Magnus
3309 753 3342 791 a
3372 736 3561 792 Petro.
3603 758 3630 784 »ι

2058 843 2213 911 Item,
2244 861 2313 900 ex
2340 848 2559 914 eisdem,
2585 864 2704 919 cap,
2732 850 2820 904 31.
2858 873 2883 899 ‹‹
2911 850 2969 905 Si
3002 851 3135 921 quis
3155 851 3465 923 episcopus
3518 869 3627 907 8&3-

1985 930 2282 988 cularibus
2310 935 2691 1005 potestatibus
2715 955 2858 994 usus
2880 938 3182 996 ecclesiam
3207 957 3310 1013 per
3332 942 3492 1013 ipsos
3524 940 3627 996 ob-

1984 1018 2187 1085 tineat,
2220 1021 2543 1093 deponatur
2574 1025 2694 1095 ipse
2726 1030 2782 1080 et
2812 1027 3121 1098 ejiciantur
3149 1046 3354 1085 omnes
3385 1028 3484 1102 qui
3534 1027 3619 1083 illi

1983 1110 2476 1166 communicant.»
2490 1114 2703 1168 Contra
2717 1117 2868 1186 quod
2893 1116 3214 1188 capitulum
3239 1119 3337 1191 qui
3362 1119 3472 1174 sibi
3499 1134 3627 1192 pre-

1980 1196 2060 1251 tio
2091 1202 2407 1268 potestates
2439 1201 2765 1270 eunciliant,
2798 1205 3027 1259 etiamsi
3055 1206 3456 1264 ecclesiastica;
3479 1208 3620 1277 sint,

1980 1286 2181 1357 procul
2217 1287 2392 1343 dubio
2418 1289 2723 1346 smcularcs
2748 1293 2915 1358 fiunt,
2940 1293 3092 1348 sicut
3113 1294 3193 1349 ait
3213 1296 3619 1369 B.Gregorius,

1982 1398 2010 1425 ‹‹
2042 1376 2100 1431 Si
2120 1376 2176 1431 in
2202 1377 2611 1434 ecclesiasticis
2634 1380 3211 1453 ofﬁciisquemquam
3229 1383 3403 1441 habet
3425 1385 3618 1442 locum

1979 1465 2240 1537 pecunia,
2277 1467 2340 1521 Iit
2369 1468 2644 1523 smculare
2671 1470 2825 1539 quod
2860 1487 3092 1526 sacrum
3126 1475 3232 1526 est.
3270 1494 3298 1521 ››

2046 1582 2180 1637 Item
2208 1583 2353 1648 inde,
2389 1600 2457 1639 ex
2483 1585 2712 1640 concilio
2736 1585 3080 1653 Chalcedon.,
3112 1590 3307 1658 cap.2.
3342 1609 3371 1637 ‹‹
3397 1588 3456 1644 Si
3480 1588 3613 1660 quis

1974 1670 2283 1743 episcopus
2298 1688 2399 1742 per
2419 1673 2727 1744 pecuniam
2747 1674 2945 1729 fecerit
2967 1675 3481 1744 ordinationem,et
3505 1677 3617 1733 sub

1973 1761 2155 1829 pretio
2186 1761 2470 1831 redegerit
2498 1763 2745 1833 gratiam
2773 1781 2899 1834 quae
2916 1780 3031 1819 non
3054 1770 3243 1836 potest
3266 1766 3617 1835 vendi,ordi-

1892 1828 1937 1894 Β
1970 1828 2309 1921 naveritque
2327 1828 2441 1921 wper
2472 1828 3212 1926 pecuniam-presbyterum
3258 1860 3358 1911 aut
3413 1828 3616 1913 diaco-

1972 1955 2135 2006 num,
2169 1937 2256 1993 vel
2290 1940 2611 2010 quemlibet
2642 1957 2710 1995 ex
2741 1941 2833 1996 his
2861 1943 2960 2013 qui
3019 1950 3520 2000 connumerantur
3550 1945 3610 2000 in

1970 2027 2141 2094 clero,
2177 2033 2277 2083 aut
2307 2030 2658 2100 promoverit
2688 2046 2789 2100 per
2819 2030 3125 2101 pecuniam
3147 2033 3613 2104 dispensatorem

1969 2121 2070 2173 aut
2094 2118 2479 2185 defensorem,
2507 2117 2593 2173 vel
2626 2135 2982 2191 quemquam
3013 2121 3112 2193 qui
3169 2122 3471 2192 subjectus
3522 2126 3614 2178 est

1969 2207 2203 2281 regulae,
2238 2208 2346 2262 sub
2370 2208 2698 2280 turpissimi
2733 2208 2877 2264 lucri
2904 2211 3231 2277 commodo,
3265 2210 3315 2266 is
3354 2210 3449 2266 cui
3500 2211 3609 2268 hoc

1968 2298 2263 2354 attestanti
2296 2297 2605 2368 probatum
2636 2298 2811 2352 fuerit
2840 2299 3056 2371 proprii
3089 2300 3306 2371 gradus
3352 2299 3609 2372 periculo

1968 2386 2311 2457 subjacebit.
2336 2387 2405 2441 Et
2425 2385 2525 2457 qui
2548 2387 2851 2442 ordinatus
2869 2392 2960 2442 est
2981 2387 3125 2443 nihil
3144 2404 3213 2443 ex
3238 2388 3347 2443 hac
3375 2390 3608 2445 ordina-

1967 2477 2144 2544 tione,
2177 2475 2264 2531 vel
2298 2474 2664 2547 promotione
2695 2492 2823 2547 qua:
2853 2480 2942 2531 est
2996 2492 3100 2548 per
3155 2476 3607 2549 negotiationem

1967 2567 2116 2621 facta
2146 2563 2433 2637 proficiat,
2466 2564 2566 2619 sed
2589 2564 2666 2619 sit
2695 2562 2919 2620 alienus
2941 2581 3009 2620 ea
3024 2564 3425 2637 dignitate,vel
3455 2566 3610 2622 solli-

1965 2654 2221 2709 citudine
2252 2668 2428 2724 quam
2462 2652 2726 2723 pecuniis
2756 2652 3038 2725 quaesivit.
3074 2654 3132 2709 Si
3166 2654 3299 2725 quis
3320 2670 3452 2710 vero
3483 2670 3605 2711 me-

1964 2743 2156 2798 diator
2188 2746 2305 2797 tam
2338 2741 2612 2812 turpibus
2643 2746 2701 2797 et
2723 2741 2992 2797 nefandis
3022 2742 3177 2798 datis
3206 2742 3295 2798 vel
3349 2744 3605 2816 acceptis

1962 2831 2265 2896 exstiterit,
2301 2829 2349 2884 si
2382 2828 2617 2901 quidem
2651 2830 2895 2886 clericus
2928 2830 3121 2900 fuerit,
3156 2832 3387 2904 proprio
3418 2832 3604 2905 gradu

1962 2919 2211 2985 decidat,
2244 2917 2292 2973 si
2322 2934 2456 2974 vero
2505 2917 2688 2973 laicus
2720 2923 2821 2974 aut
2852 2919 3194 2990 monachus,
3258 2920 3603 2977 anathema-

1960 3007 2188 3065 tizetur.
2226 3031 2252 3056 n

2031 3127 2162 3180 Item
2193 3125 2339 3191 inde,
2387 3125 2637 3196 exempla
2684 3125 2983 3181 Hormisdm
3026 3142 3190 3199 papae
3244 3127 3423 3199 (epist.
3484 3128 3599 3200 25).

203 3198 384 3273 tionis
415 3215 475 3270 in
507 3198 690 3271 oculis
719 3214 1025 3270 hominum
1049 3215 1395 3272 habeantur.
1423 3216 1483 3271 In
1508 3234 1624 3288 qua
1645 3217 1849 3287 utique
1879 3198 1921 3264 C
1961 3237 1987 3264 «
2024 3216 2177 3281 Quos
2194 3213 2800 3286 constiteritindignos
2826 3215 3051 3270 meritis
3066 3198 3599 3274 sacramentamer-

208 3305 324 3362 ﬁde
353 3304 442 3361 vel
477 3304 822 3372 ministerio,
858 3322 972 3360 non
1003 3310 1092 3360 est
1124 3304 1410 3361 haereticis
1459 3323 1612 3378 pars,
1664 3320 1852 3377 neque

206 3412 363 3461 sors,
415 3393 553 3466 quia
602 3410 706 3448 nec
780 3393 1036 3449 ministri
1122 3394 1358 3461 Christi,
1446 3395 1547 3451 sed
1624 3396 1849 3450 Satanan

208 3483 399 3556 portio
479 3481 851 3550 efﬁciuntur;
894 3468 985 3537 Ine
1048 3483 1310 3555 ipsorum
1394 3485 1652 3539 oratione
1754 3486 1856 3538 aut

206 3571 572 3628 invocatione
620 3571 873 3641 Spiritus
921 3575 1160 3626 sanctus
1212 3572 1404 3637 datur,
1470 3573 1611 3643 quia
1686 3572 1855 3627 mini-

206 3658 454 3716 sterium
484 3696 493 3703 ο
518 3674 742 3727 eorum,
773 3657 1003 3713 etiamsi
1034 3663 1199 3713 recta:
1259 3660 1716 3715 conversationis
1768 3660 1850 3714 vi-

206 3749 481 3813 deantur,
513 3764 547 3801 a
577 3746 691 3801 Deo
722 3762 837 3800 non
871 3746 1328 3817 recognoscitur,
1371 3752 1428 3802 et
1486 3748 1612 3803 ideo
1672 3737 1854 3805 oratio

205 3854 413 3895 eorum
435 3836 501 3891 ﬁt
521 3835 581 3891 in
602 3838 905 3907 peccatum
920 3835 1030 3902 (Ps.
1054 3851 1248 3889 cxvm.
1266 3836 1343 3905 7),
1359 3836 1683 3892 secundum
1698 3837 1852 3908 quod

206 3927 281 3983 de
310 3925 423 3982 alio
455 3924 712 3998 pessimo
743 3927 1064 3979 mercatore
1095 3941 1128 3979 a
1155 3922 1465 3979 Psalmista
1495 3930 1723 3981 constat
1751 3925 1855 3980 im-

206 4015 500 4089 precando
531 4012 962 4087 prephetatum.
987 4012 1132 4067 Nam
1164 4017 1227 4067 ut
1247 4014 1308 4067 B.
1332 4013 1644 4085 Apostolus
1661 4014 1857 4071 Corin-

204 4104 350 4161 thiis
380 4104 486 4159 ait:
522 4124 544 4155 ι
574 4101 878 4174 Ejusmodi
917 4106 1056 4156 sunt
1110 4101 1604 4174 pseudoapostoli,
1646 4120 1849 4176 opera-

207 4192 280 4248 rii
312 4191 563 4261 subdoli,
598 4190 1087 4263 transﬁgurantes
1118 4206 1179 4245 se
1210 4190 1267 4244 in
1291 4190 1583 4261 apostolos
1613 4191 1849 4249 Christi.

205 4281 280 4337 Et
308 4298 422 4337 non
453 4281 691 4336 mirum.
717 4279 1014 4353 lpseenim
1037 4282 1283 4335 Satanas
1309 4280 1689 4352 transfigurat
1709 4298 1770 4337 se
1793 4281 1850 4335 in

208 4369 483 4442 angelum
514 4369 683 4425 lucis.
716 4369 840 4425 Non
864 4374 953 4425 est
978 4386 1112 4441 ergo
1146 4384 1448 4441 magnum,
1498 4368 1547 4424 si
1598 4370 1852 4425 ministri

208 4458 339 4529 ejus
368 4458 882 4529 transﬁgurantur,
915 4457 1073 4513 velut
1101 4456 1353 4513 ministri
1377 4457 1643 4528 justitiae,
1707 4476 1848 4531 quo-

1960 3310 2120 3361 catos
2132 3319 2259 3358 esse
2273 3303 2455 3375 pretio
2471 3302 3137 3375 dignitatem,eonvictos
3150 3310 3377 3378 oportet
3392 3307 3596 3376 arceri,

1962 3393 2101 3466 quia
2113 3394 2347 3448 dantem
2368 3391 2583 3464 pariter
2598 3390 3097 3464 accipientemque
3108 3395 3405 3451 damnatio
3420 3396 3603 3452 Simo-

1964 3483 2056 3537 nis
2086 3497 2264 3553 quam
2299 3496 2466 3535 sacra
2495 3479 2665 3535 lectio
2698 3483 2946 3534 testatur
2972 3480 3228 3537 involvit.
3263 3484 3375 3538 Hoc
3408 3484 3605 3556 itaque

1964 3572 2035 3626 ad
2066 3569 2330 3642 proxima
2349 3566 2787 3639 conjungimus,
2808 3585 2879 3623 ne
2895 3568 3221 3625 benedictio
3244 3587 3348 3641 per
3364 3569 3607 3642 imposi-

1964 3660 2182 3714 tionem
2244 3672 2476 3725 manus,
2532 3672 2659 3726 qua:
2691 3655 2869 3711 aDeo
2923 3673 3051 3711 esse
3110 3657 3367 3713 creditur
3423 3659 3606 3730 pretio

1965 3749 2355 3817 comparetur,
2389 3744 2528 3815 quia
2547 3743 2771 3812 Simon,
2796 3762 2899 3815 per
2927 3745 3208 3816 Spiritum
3233 3751 3608 3804 sanctumvo-

1965 3834 2091 3890 lens
2106 3833 2289 3905 pretio
2321 3832 2589 3901 mercari,
2619 3832 2866 3904 apostoli
2919 3832 3026 3888 fuit
3056 3834 3440 3891 detestatione
3470 3851 3606 3908 per-

1966 3940 2194 3979 CUSSUS.
2222 3944 2248 3971 ))

2032 4041 2162 4095 Item
2198 4037 2347 4106 inde,
2378 4053 2449 4093 ere
2474 4038 2822 4109 Expositione
2851 4040 3103 4108 Remigii.
3139 4061 3167 4089 ‹‹
3200 4038 3489 4095 Dominus
3539 4045 3605 4097 ut

1965 4128 2297 4185 ostenderet
2326 4143 2528 4181 omnes
2548 4126 2898 4193 venditores,
2931 4132 2988 4183 et
3015 4131 3307 4199 emptores
3354 4127 3605 4186 ccelestis

1961 4216 2159 4291 gratia:
2182 4215 2582 4271 eleminandos
2595 4232 2722 4271 esse
2739 4233 2772 4271 a
2792 4216 3067 4273 societate
3083 4220 3295 4272 sancta:
3317 4216 3605 4287 Ecclesiae,

1964 4305 2179 4361 idcirco
2210 4304 2384 4375 cmpit
2414 4304 2620 4375 ejicere
2650 4305 2964 4361 vendentes
2993 4309 3050 4361 et
3077 4310 3334 4363 ementes
3364 4307 3436 4363 de
3456 4311 3603 4363 tem-

1965 4393 2079 4465 plo,
2115 4398 2171 4449 et
2201 4392 2508 4447 cathedras
2539 4393 2914 4449 vendentium
2949 4393 3254 4451 columbas
3284 4395 3507 4463 evertit,
3540 4400 3607 4451 ut

1965 4484 2195 4539 doceret
2223 4480 2362 4553 quia
2392 4481 2595 4537 talium
2628 4483 3020 4539 sacerdotium
3055 4484 3481 4557 negotiatorum
3505 4485 3605 4541 de-

209 4544 1001 4646 rumfnff‘erit.Fecundufn
1034 4564 1211 4646 993”?
1258 4547 1521 4646 ίΡδοῗυω
1571 4549 1650 4646 ,ςη
1708 4549 1852 4646 09""
1885 4556 1932 4620 D
1966 4570 2518 4636 struitur.Quamvis
2550 4571 2706 4626 enim
2738 4571 2858 4627 sint
2886 4544 3272 4645 nonnulliqui
3293 4573 3607 4646 corporali-

207 4651 313 4702 xn,
348 4632 551 4705 13-15).
584 4653 611 4683 ››
647 4632 867 4704 Itaque,
900 4635 1053 4691 sicut
1105 4637 1351 4692 Satanas
1398 4637 1854 4710 transfiguratus

206 4723 268 4779 in
302 4720 579 4794 angelum
609 4719 758 4777 lucis
789 4739 903 4776 non
939 4728 1125 4795 potest
1149 4743 1262 4781 non
1284 4742 1411 4781 esse
1436 4726 1851 4798 angelustene-

206 4813 472 4879 brarum,
506 4813 668 4866 tanto
703 4810 1026 4882 perversior
1048 4817 1264 4884 quanto
1296 4815 1851 4886 przasumptuosior;

208 4902 292 4958 ita
323 4906 380 4958 et
409 4898 664 4956 ministri
695 4900 845 4970 ejus,
880 4900 1276 4974 transﬁgurati
1307 4902 1365 4957 in
1397 4903 1696 4960 ministros
1754 4905 1852 4976 ju-

207 4991 526 5056 stitiaz,non
546 4994 796 5063 possunt
816 5005 929 5043 non
944 5003 1071 5044 esse
1095 4989 1347 5046 ministri
1366 4992 1445 5063 inj
1457 4992 1854 5061 ustitice,tanto

207 5078 677 5137 detestabiliores
707 5082 926 5150 quanto
957 5077 1333 5147 audaciores;
1377 5082 1747 5138 mentiuntur
1793 5099 1855 5137 se

206 5183 337 5225 esse
367 5168 522 5238 quod
555 5184 659 5223 nec
678 5170 839 5232 sunt,
862 5182 967 5222 nec
1000 5166 1120 5220 fieri
1154 5173 1419 5237 possunt.

795 5299 1027 5356 CAPUT
1065 5299 1257 5356 XVIII.

206 5410 283 5466 De
308 5406 678 5463 mercantibus
708 5407 1133 5462 ecclesiasticam
1164 5406 1489 5477 dignitatem
1536 5421 1848 5468 sanctorum

742 5478 972 5532 Patrum
1008 5479 1315 5534 sententia’.

280 5617 433 5683 Item,
456 5612 600 5670 unde
627 5629 814 5686 supra,
848 5628 917 5669 eo;
948 5612 1258 5668 Canom’bus
1287 5616 1672 5686 apostolorum,
1727 5635 1846 5691 cap.

1967 4666 2054 4717 ter
2093 4678 2125 4716 a
2156 4660 2429 4716 societate
2477 4663 2691 4714 sanctae
2748 4660 3012 4716 Ecclesiae
3071 4678 3187 4716 non
3229 4663 3610 4735 repellantur,
3717 4689 3723 4695 -

1968 4753 2372 4806 verumtamen
2405 4747 2787 4820 spiritualiter
2815 4750 2969 4821 apud
3008 4751 3185 4805 Deum
3208 4749 3426 4822 repulsi
3449 4754 3610 4816 sunt,

1972 4842 2030 4895 et
2055 4838 2289 4911 preprio
2320 4837 2539 4893 honore
2569 4836 2799 4908 privati.
2835 4859 2863 4886 ››

2579 4996 2803 5052 CAPUT
2844 4998 2986 5052 XIX.

1965 5123 2220 5194 Repulsio
2248 5123 2559 5194 eorumgui
2584 5121 2768 5175 dicunt
2796 5122 3211 5194 Simoniaconos
3238 5122 3478 5191 gratiam
3507 5121 3606 5183 ha-

2434 5191 2553 5246 bere
2581 5210 2614 5246 (ι
2636 5208 2753 5263 qua
2770 5193 3126 5264 deponantur.

1958 5353 2175 5408 Verum
2208 5350 2347 5422 quia
2379 5350 2829 5407 trutinatoribus
2860 5352 3167 5407 verborum
3208 5355 3265 5407 et
3314 5350 3603 5424 neglecto-

1962 5441 2126 5497 ribus
2161 5439 2452 5494 rationum
2476 5457 2655 5512 supra
2685 5457 3033 5513 responsum
3053 5440 3412 5496 sufﬁcienter
3433 5444 3605 5512 puta-

1962 5537 2077 5596 tur,
2110 5546 2176 5584 ex
2206 5527 2559 5599 quibusdam
2592 5530 2946 5587 dictionibus
2977 5547 3102 5603 qua:
3134 5529 3193 5584 in
3252 5528 3609 5601 supradictis

1963 5617 2236 5695 capitulis
2248 5618 2670 5691 usurpative,et
2684 5620 2761 5676 im
2769 5619 3356 5696 preprie,secundum
3369 5622 3605 5692 tropum
