4004 6210
425 345 581 419 1947

1509 352 1924 419 HUMBERTI
1968 353 2032 417 S.
2080 351 2154 415 Β.
2201 349 2274 415 Ε.
2321 352 2763 418 CADINALIS.

3665 321 3839 422 me

423 489 827 556 cataehresim,
857 492 1173 560 ponuntur,
1207 487 1359 544 sicut
1379 488 1696 543 obtinuerit
1717 487 2059 559 dignitatem
2089 486 2145 555 Α
2175 488 2460 545 Cornibus
2491 489 2646 545 enim
2679 489 3085 562 phantasticus
3107 488 3204 545 ille
3220 487 3600 564 syllogismus
3624 492 3835 549 mina-

424 579 630 652 pretio,
648 578 734 633 vel
768 577 1429 645 feceritordinationem,
1478 582 1534 632 et
1564 577 1905 648 hujusmodi
1957 593 2062 630 cae-

421 671 565 733 tera,
601 666 741 720 illud
775 679 968 720 tamen
1002 683 1156 720 nunc
1187 666 1494 721 ventiletur
1516 667 1668 738 quod
1697 666 1863 721 nobis
1883 683 2060 738 oppo-

422 772 558 811 nere
591 757 805 809 frustra
837 755 1123 810 nituntur.
1160 755 1540 810 Aiuutonim:

491 889 782 943 OBJEC'no.
811 888 950 943 Ecce
973 906 1072 960 per
1094 888 1396 961 pecuniam
1421 888 1670 942 ordinati
1693 889 1902 959 deponi
1926 906 2064 959 prac-

419 978 734 1049 cipiuntur.
769 977 1008 1032 Constat
1065 994 1199 1048 ergo
1231 993 1330 1031 eos
1387 977 1748 1048 spiritualem
1809 977 2059 1048 gratiam

421 1067 683 1138 adeptos,
715 1072 770 1122 et
791 1067 862 1121 ad
885 1067 1132 1138 gradum
1165 1065 1401 1121 honoris
1426 1070 1717 1136 promotos
1749 1083 1782 1120 a
1813 1083 1924 1136 quo
1957 1066 2060 1120 de-

421 1157 557 1228 poni
583 1157 886 1225 jubentur.
922 1156 1148 1210 Etenim
1175 1155 1478 1226 dispositio
1503 1155 1682 1210 habiti
1709 1155 1945 1209 honoris
1972 1159 2062 1211 est

424 1246 666 1301 amissio
698 1245 783 1299 vel
817 1245 1082 1317 privatio.

494 1380 791 1434 llicrrLSIo.
836 1379 1196 1444 Quibusdam
1229 1379 1498 1450 superius
1534 1382 1922 1433 monstratum
1985 1379 2061 1434 sit

423 1468 710 1540 piscinam
728 1467 841 1521 diei
872 1471 928 1521 et
950 1483 1071 1538 qua:
1095 1467 1284 1538 pisces
1307 1485 1421 1522 non
1446 1467 1811 1538 habet,tropo
1829 1468 2053 1535 eodem,

421 1556 467 1611 si
496 1555 822 1626 pertinaces
838 1572 964 1610 esse
987 1557 1209 1622 nolunt,
1237 1556 2057 1626 quantociusanimadvertere

422 1649 671 1717 possunt
700 1645 1122 1716 depositionem
1145 1662 1376 1717 quoque
1399 1647 1504 1700 rite
1538 1645 1647 1699 diei
1672 1663 1798 1716 qua:
1832 1646 2054 1701 nullam

419 1734 843 1805 promotionem
873 1739 930 1789 et
961 1735 1198 1789 honoris
1227 1735 1473 1805 gradum
1506 1734 1801 1801 habuisse,
1839 1733 1948 1789 nisi
1992 1751 2061 1789 ex

2171 577 2445 645 bundus;
2480 577 2822 633 utrumlibet
2852 578 3154 650 presseris,
3217 579 3288 633 ab
3348 578 3629 636 utrolibet
3685 599 3832 638 mox

2171 667 2472 738 premeris.
2508 667 2650 722 Nam
2683 667 2731 723 si
2754 668 3125 739 deponendos
3149 669 3534 736 concesseris,
3560 670 3829 744 dignita-

2171 760 2289 810 tem
2321 773 2550 828 quoque
2572 773 2670 812 eos
2701 756 3024 812 obtinuisse
3045 775 3079 812 a
3100 775 3215 829 qua
3235 759 3610 830 deponantur
3625 777 3832 817 neces-

2170 844 2321 899 sario
2354 846 2640 900 concedis.
2670 845 2724 898 Si
2757 845 3098 917 dignitatem
3159 863 3258 902 eos
3310 847 3642 904 obtinuisse
3685 865 3832 905 con-

2169 934 2435 1000 cesseris,
2469 935 2755 990 constabit
2785 934 3063 1006 Spiritum
3089 941 3363 991 sanctum
3397 953 3634 1009 quoque
3679 955 3831 994 ven-

2170 1024 2357 1078 ditum
2390 1029 2446 1078 et
2475 1027 2738 1096 emptum
2771 1024 2842 1079 ab
2869 1023 2973 1079 eis.
2999 1025 3160 1088 Quod
3185 1025 3233 1080 si
3257 1027 3832 1092 constiterit,neces-

2169 1113 2321 1169 sario
2353 1130 2580 1184 quoque
2625 1113 2907 1183 Spiritum
2967 1117 3236 1168 sanctum
3287 1113 3512 1180 haberi,
3573 1117 3699 1171 dari
3763 1120 3828 1172 et

2169 1202 2350 1273 accipi
2394 1202 2464 1256 ab
2495 1202 2578 1256 eis
2607 1203 2918 1269 constabit,
2941 1220 3006 1257 ac
3040 1220 3142 1274 per
3173 1202 3280 1258 hoc
3304 1204 3706 1260 ordinationes
3732 1204 3822 1261 vel

2167 1290 2654 1357 consecrationcs,
2689 1291 2871 1362 gratis
2901 1290 2987 1346 vel
3021 1309 3132 1346 non
3167 1292 3348 1364 gratis
3382 1293 3826 1350 factasaSimo-

2169 1379 2371 1446 niaeis,
2407 1380 2609 1451 utique
2663 1379 2974 1445 h:nreticis,
3034 1397 3134 1452 per
3190 1381 3389 1436 omnia
3449 1387 3604 1437 ratas
3660 1399 3819 1446 esse,

2167 1467 2426 1539 nibilque
2455 1469 2652 1524 minus
2674 1469 2886 1525 habere
2912 1485 3086 1540 quam
3103 1486 3228 1541 quaa
3264 1469 3412 1525 fiunt
3449 1488 3481 1524 a
3511 1469 3828 1526 catholicis

2168 1556 2492 1612 necessario
2524 1558 2912 1613 confiteberis.
2972 1559 3147 1615 Porro
3207 1559 3255 1614 si
3313 1559 3656 1631 dignitatem
3711 1575 3825 1615 eos

2167 1645 2490 1701 obtinuisse
2521 1646 2840 1719 negaveris,
2873 1647 3248 1720 deponendos
3291 1665 3407 1703 non
3465 1664 3591 1703 esse
3640 1649 3714 1703 ab
3748 1663 3831 1702 ea

2167 1751 2344 1806 quam
2376 1752 2682 1808 nunquam
2715 1736 2976 1792 obtinere
3033 1736 3380 1809 dignitatem
3439 1752 3675 1792 necesse
3725 1739 3827 1791 est

421 1822 620 1894 aliqua
650 1822 1034 1878 similitudine
1066 1823 1372 1894 superﬁcie
1403 1827 1573 1877 tenus
1619 1823 2056 1894 comprobatur,
2090 1861 2138 1925 Β
2168 1825 2513 1896 profitearis.
2548 1825 2815 1880 Siautem
2847 1826 3089 1882 minime
3112 1826 3488 1898 deponendos
3510 1840 3826 1881 concesse-

421 1913 740 1984 praesertim
771 1928 903 1966 cum
936 1916 991 1966 et
1022 1912 1383 1983 propositum
1413 1911 1898 1967 Chalcedonensis
1929 1929 2059 1967 eon-

422 1999 534 2054 eilii
568 2000 886 2072 capitulum
921 2001 1213 2055 evidenter
1243 2005 1452 2055 nostra:
1492 2001 1637 2072 parti
1670 2001 2053 2072 sull‘ragetur:

421 2089 478 2143 in
511 2090 638 2160 ejus
660 2089 823 2144 initio
855 2089 937 2144 sie
970 2089 1180 2161 legitur
1210 2091 1400 2151 (Cone.
1436 2091 1616 2144 Chalc.
1634 2105 1760 2146 can.
1794 2091 1888 2160 2):
1925 2113 1952 2139 ‹‹
1999 2091 2055 2144 Si

421 2179 554 2250 quis
579 2177 889 2250 epise0pus
921 2195 1023 2250 per
1053 2179 1359 2250 pecuniam
1394 2177 1590 2234 iecerit
1607 2177 2055 2246 ordinationem,

417 2271 475 2324 et
504 2269 613 2324 sub
654 2268 836 2338 pretio
879 2268 1161 2339 redegerit
1189 2268 1458 2338 gratiam,
1520 2284 1646 2338 quas
1705 2284 1818 2322 non
1868 2272 2059 2338 potest

417 2356 643 2421 vendi,»
669 2357 1144 2428 etc.Quapropter
1160 2360 1278 2410 tam
1298 2373 1552 2411 consono
1567 2361 1623 2411 et
1637 2357 1897 2411 unanimi
1915 2357 2058 2411 toni-

418 2449 512 2500 tru
531 2449 934 2501 sexcentorum
977 2445 1215 2515 triginta
1265 2450 1602 2500 sanctorum
1645 2445 2055 2517 episcoporum

419 2534 978 2606 praevaricatoresad
1008 2551 1104 2588 cor
1125 2535 1358 2600 reversi,
1401 2535 1628 2590 discant
1657 2535 1903 2606 gratiam
1942 2553 2054 2591 non

418 2641 590 2697 posse
609 2623 799 2678 vcndi.
817 2623 962 2678 Nam
986 2623 1094 2694 ipsi
1114 2623 1298 2678 sancti
1320 2624 1516 2678 Patres
1539 2623 1687 2678 hanc
1701 2641 1867 2680 suam
1883 2642 2056 2697 syno-

419 2714 561 2769 dum
582 2713 851 2784 usquead
876 2713 1220 2783 sanguinem
1243 2712 1576 2767 defensores
1589 2714 1836 2785 professi
1859 2714 2056 2786 legun-

417 2807 532 2857 tur.
558 2803 816 2856 Tandem
848 2801 1126 2858 inusitato
1159 2802 1394 2873 quidem
1432 2803 1625 2868 modo,
1661 2803 1760 2857 sed
1821 2804 2053 2874 proprio

417 2891 736 2962 loquimur,
768 2891 817 2945 si
846 2891 1267 2962 depositionem
1286 2890 1622 2960 hujusmodi
1645 2891 2055 2947 revelationem

419 2980 691 3046 dicimus,
718 2981 917 3035 sieuta
949 2980 1215 3036 Simeone
1243 2980 1710 3035 DominusJesus
1733 2981 1790 3035 in
1818 2980 2056 3036 ruinam

415 3074 472 3126 et
502 3069 986 3124 resurrectionem
1022 3068 1339 3124 multorum
1375 3069 1802 3142 evangelizatur
1832 3071 2056 3142 positus

415 3160 564 3231 (Luc.
602 3177 662 3224 ιι,
695 3159 1062 3230 34).Ηυθηᾱο
1092 3158 1248 3214 enim
1267 3158 1803 3230 resurgitquisque,
1828 3158 2051 3214 malum

414 3250 712 3316 deserens,
741 3249 813 3303 ad
845 3249 1063 3303 bonum
1097 3264 1158 3302 se
1188 3247 1457 3318 accingit.
1495 3247 1655 3302 Unde
1683 3247 1820 3318 quia
1849 3247 2050 3304 multis

413 3338 619 3393 divinae
653 3335 1011 3392 auctoritatis
1041 3335 1389 3391 testimoniis
1421 3335 1612 3408 palam
1645 3340 1733 3390 est
1767 3335 2050 3407 Spiritum

413 3432 681 3484 sanctum
716 3443 829 3482 non
862 3442 1030 3496 posse
1061 3425 1248 3492 vendi,
1275 3426 1400 3496 jam
1425 3424 1578 3479 sicut
1624 3424 1820 3478 deficit
1853 3425 2051 3482 fumus

409 3517 580 3586 (Psal.
626 3534 794 3585 van,
825 3517 902 3583 3),
960 3515 1235 3569 deficiant
1283 3520 1431 3569 tetra
1479 3512 1597 3579 illa,
1655 3517 1711 3568 et
1767 3513 2051 3572 nebulosa

409 3609 770 3676 argumenta,
807 3604 924 3660 imo
959 3604 1374 3675 phantasmata
1433 3600 1578 3656 nihil
1611 3602 1891 3670 veritatis,
1945 3607 2046 3659 sed

405 3698 594 3751 totum
625 3693 899 3750 vanitatis
933 3692 1226 3760 habentia,
1289 3692 1503 3762 quibus
1558 3696 2044 3764 argumentamur

406 3783 565 3839 talia.

473 3917 764 3973 OBJEC'I‘IO.
798 3917 854 3970 Si
879 3917 949 3984 is,
975 3915 1191 3987 quipro
1210 3932 1494 3971 manuum
1513 3915 1887 3986 impositione
1914 3933 2046 3988 pre-

400 4005 548 4062 tium
584 4006 814 4078 aceipit,
849 4005 898 4060 ei
933 4021 1106 4075 quem
1139 4021 1242 4076 per
1261 4005 1514 4076 pretium
1537 4008 1838 4060 consecrat
1858 4005 2044 4076 Spiri-

402 4101 525 4151 tum
541 4100 810 4150 sanetum
825 4111 937 4149 non
964 4093 1190 4159 tribuit,
1205 4094 1460 4165 profecto
1474 4093 1756 4165 Spiritum
1771 4098 2040 4150 sanctum

402 4201 505 4240 nec
529 4183 623 4238 ille
649 4183 931 4247 vendidit,
961 4198 1064 4237 nec
1090 4182 1198 4237 iste
1224 4182 1601 4254 comparavit.
1635 4183 2039 4240 Sacerdotium

397 4289 530 4327 vero
563 4271 688 4327 sine
720 4271 954 4327 datione
985 4271 1172 4326 sancti
1204 4271 1460 4342 Spiritus
1493 4287 1596 4326 nec
1627 4270 1908 4326 tribuitur
1936 4289 2038 4328 nec

398 4361 700 4433 accipitur.
736 4363 944 4433 Liquet
965 4360 1145 4432 igitur
1161 4361 1519 4415 sacerdotem
1545 4375 1658 4414 non
1676 4375 1805 4415 esse
1825 4360 1924 4432 qui
1939 4378 2041 4432 per

397 4467 680 4506 manuum
711 4450 1147 4522 impositionem
1194 4448 1587 4504 sacerdotium
1638 4450 2034 4521 consequitur.

399 4539 768 4612 Relinquitur
822 4556 955 4594 vero
1016 4543 1080 4592 ut
1122 4554 1356 4592 necesse
1389 4554 1502 4592 non
1535 4538 1612 4592 sit
1667 4554 1802 4593 eum
1833 4539 1904 4594 ab
1937 4538 2036 4595 illo

395 4628 598 4685 ordine
629 4629 859 4699 deponi,
895 4643 1068 4698 quem
1118 4643 1420 4698 nunquam
1479 4625 1748 4682 obtinuit.
1798 4627 2037 4684 Frustra

391 4719 586 4790 itaque
617 4715 957 4788 hujusmodi
991 4718 1210 4770 statuta
1239 4731 1552 4779 canonum,
1585 4731 1618 4769 a
1676 4715 1895 4771 sanctis
1935 4716 2035 4771 Pa-

389 4806 579 4862 tribus
609 4806 784 4873 edita,
817 4804 1214 4876 proferuntur,
1249 4819 1376 4874 qure
1408 4802 1556 4860 tales
1579 4803 1790 4875 deponi
1836 4805 2032 4860 decer-

391 4899 560 4951 nunt

458 5030 767 5085 REPULSIO.
793 5027 936 5081 Tam
958 5025 1307 5097 sophistisco
1324 5029 1379 5080 et
1410 5025 1677 5098 perplexo
1692 5025 2029 5098 syllogismo

384 5119 668 5174 subversa
697 5113 1045 5187 perversitas
1063 5119 1257 5186 aperte
1274 5114 1544 5170 resistere
1562 5114 1802 5186 Spiritui
1827 5119 2026 5172 sancto

384 5224 501 5262 non
533 5205 736 5270 verita,
771 5203 910 5275 quia
941 5220 1209 5274 perverse
1253 5204 1434 5258 credit
1465 5205 1736 5259 eumdem
1770 5203 1942 5258 vendi
1973 5209 2030 5261 et

380 5294 518 5360 emi,
554 5293 651 5347 ubi
694 5293 1009 5348 venditoris
1041 5297 1096 5348 et
1116 5291 1395 5364 emptoris
1422 5293 1745 5347 audiuntur
1763 5293 2023 5362 nomina,

381 5381 600 5436 ironice
631 5381 924 5436 concludit
957 5398 1189 5437 necesse
1221 5398 1334 5436 non
1380 5399 1508 5436 esse
1539 5398 1671 5436 cum
1715 5381 1922 5452 deponi
1953 5382 2024 5438 ab
2050 5397 2063 5410 '

378 5468 786 5538 ordiue,quem
812 5486 1112 5539 nunquam
1139 5470 1521 5539 obtinuit,aut
1552 5469 1599 5522 si
1632 5473 2026 5539 consequatur

379 5555 1012 5624 nondeponendurn,ac
1038 5574 1137 5628 per
1160 5556 1267 5610 hoc
1295 5559 1648 5614 cessandum
1684 5562 2022 5613 sanctorum

383 5639 622 5693 Patrum
655 5639 996 5709 capitulum,
1031 5645 1311 5702 adversus
1333 5646 1697 5702 Simoniacos
1729 5645 2020 5717 prolatum

2170 1915 2250 1969 ris
2281 1918 2618 1969 sanctorum
2652 1915 2886 1970 Patrum
2908 1917 3156 1981 decreta,
3180 1932 3307 1986 quae
3336 1915 3671 1970 venditores
3690 1930 3831 1969 esse

2169 2001 2393 2073 prolata
2422 2019 2658 2058 necesse
2687 2003 3006 2058 arbitreris.
3041 2001 3302 2057 Restabit
3330 2019 3466 2074 ergo
3519 2006 3620 2056 aut
3667 2018 3827 2056 con-

2168 2107 2333 2147 cessa
2383 2092 2742 2164 depositione
2809 2091 3293 2157 Simoniacorum,
3353 2090 3530 2145 etiam
3578 2092 3820 2157 cratera,

2168 2198 2294 2252 quae
2310 2182 2581 2254 superius
2593 2181 2828 2236 omnino
2843 2179 3095 2234 absurda
3109 2178 3346 2234 concedi
3377 2177 3830 2247 videntur,eon-

2167 2269 2470 2336 eedantur,
2503 2274 2558 2324 et
2589 2269 2669 2324 sic
2709 2267 2963 2339 capitula
3009 2266 3112 2322 illa
3170 2271 3512 2322 sanctorum
3577 2266 3822 2322 Patrum

2168 2359 2666 2430 approbabuntur,
2699 2361 2798 2411 aut
2828 2356 3189 2410 eontradieta
3210 2355 3578 2427 depositione
3609 2373 3822 2427 repro-

2167 2445 2480 2500 babuntur.
2505 2446 2635 2510 Sed,
2668 2444 2937 2517 quamvis
2969 2443 3145 2499 latius
3190 2460 3372 2515 supra
3419 2448 3821 2500 monstratum

2167 2535 2243 2590 sit
2275 2534 2555 2606 Spiritum
2588 2538 2859 2590 sanetum
2890 2517 2997 2588 nec
3017 2549 3186 2605 posse
3215 2533 3385 2588 vendi
3412 2549 3514 2587 nec
3531 2532 3820 2601 emi,sine

2166 2641 2279 2696 quo
2311 2623 2706 2682 sacerdotium
2739 2640 2854 2679 non
2886 2626 3077 2694 potest
3107 2621 3330 2695 acquiri
3356 2626 3458 2677 aut
3476 2621 3696 2690 haberi,
3722 2622 3818 2678 vel

2165 2713 2523 2769 consecratio
2550 2713 2752 2784 aliqua
2783 2712 2928 2777 fieri,
2961 2715 3018 2766 et
3078 2711 3205 2766 ideo
3262 2710 3605 2781 hujusmodi
3665 2728 3813 2783 pras-

2166 2808 2500 2874 sumptores
2529 2803 2738 2858 debere
2761 2801 2968 2873 deponi
2994 2801 3066 2855 ab
3096 2817 3164 2855 ea
3185 2800 3698 2873 transﬁguratione
3719 2800 3813 2855 vel

2167 2893 2598 2964 specie,‘quam,
2633 2890 2790 2946 velut
2820 2889 3070 2944 ministri
3096 2889 3362 2960 justitiaa,
3399 2889 3616 2960 injuste
3647 2905 3816 2944 usur-

2167 2981 2358 3052 pando
2389 2983 2665 3052 arrogant
2696 2978 2828 3046 sibi,
2864 2978 3214 3032 concedatur
3245 2981 3439 3032 tamen
3472 2976 3624 3032 inter
3669 2993 3814 3032 ven-

2165 3070 2412 3124 ditorem
2431 3073 2486 3124 et
2502 3072 2823 3140 emptorem
2839 3083 2960 3122 rem
2980 3065 3196 3139 negotii
3221 3065 3550 3121 necessario
3569 3065 3807 3135 versari,

2166 3158 2302 3230 quia
2323 3175 2428 3213 nec
2457 3157 2551 3212 ille
2583 3157 2864 3221 venditor,
2899 3172 3003 3210 nec
3033 3154 3142 3210 iste
3160 3160 3387 3227 emptor
3408 3153 3575 3210 aliter
3600 3155 3812 3226 poterit

2085 3223 2127 3288 (ἶ
2158 3223 2292 3319 jure
2324 3247 2456 3302 dici.
2489 3248 2597 3301 Sed
2619 3263 2687 3301 ea
2715 3245 2970 3318 Spiritus
2991 3249 3230 3300 sanctus
3257 3223 3386 3300 esse
3422 3261 3539 3300 non
3597 3223 3807 3316 potest,

2165 3338 2442 3409 quoniam
2475 3336 2600 3408 ipse
2630 3334 2884 3407 Spiritus
2909 3342 3146 3389 sanctus
3167 3332 3354 3405 gratia
3376 3332 3593 3388 dicitur
3615 3336 3673 3388 et
3701 3335 3809 3387 est.

2162 3426 2358 3482 Gratia
2388 3430 2604 3490 autem,
2638 3423 2750 3479 nisi
2777 3423 2961 3495 gratis
2995 3423 3313 3494 accipiatur
3342 3426 3398 3477 et
3427 3423 3622 3488 detur,
3671 3437 3809 3493 gra-

2161 3516 2242 3570 tia
2273 3532 2376 3570 nec
2405 3518 2512 3581 est,
2546 3530 2650 3568 nec
2683 3529 2808 3569 vere
2840 3511 3070 3566 dicitur.
3124 3512 3269 3566 Nam
3330 3509 3381 3565 si
3411 3509 3685 3565 venditur
3749 3514 3808 3565 et

2159 3604 2372 3660 emitur
2401 3603 2606 3676 gratia,
2631 3603 2757 3674 jam
2792 3619 2905 3656 non
2964 3617 3092 3656 esse
3147 3599 3336 3673 gratia
3409 3598 3616 3655 merito
3677 3615 3810 3654 con-

2157 3693 2433 3749 cluditur.
2483 3692 2721 3748 Constat
2770 3691 2950 3763 igitur
2996 3688 3280 3761 Spiritum
3343 3692 3640 3753 sanctum,
3705 3691 3810 3742 aut

2156 3787 2308 3838 certe
2337 3781 2608 3856 gratiam,
2637 3796 2760 3837 rem
2791 3778 3141 3836 venditionis
3198 3781 3255 3833 et
3322 3776 3642 3850 emptionis
3688 3793 3802 3832 non

2155 3889 2306 3928 esse.

2225 4052 2585 4121 Quapropter
2615 4045 2796 4102 altera
2825 4049 3117 4118 quaratur
3158 4061 3250 4100 res
3297 4047 3545 4116 oportet,
3597 4063 3795 4118 quam,

2154 4155 2226 4194 ne
2255 4137 2476 4193 diutius
2507 4141 2563 4191 et
2592 4134 2811 4206 passim
2831 4134 3141 4206 qurerenda
3163 4132 3606 4208 Vl'atigemur,a‘ut
3646 4140 3795 4190 certe

2151 4228 2510 4293 aberremus,
2545 4225 2606 4281 Β.
2638 4224 3013 4278 Ambrosium
3038 4222 3206 4278 nobis
3228 4239 3356 4278 eam
3380 4223 3793 4280 demonstran-

2149 4320 2267 4371 tem
2288 4300 2678 4370 advertamus.
2699 4335 2725 4361 «
2751 4312 2913 4378 Quod
2927 4311 3468 4383 dedit,inquit,cum
3484 4313 3792 4385 episcopus

2148 4405 2754 4469 ordinaretur,aurum
2775 4402 2910 4470 fuit;
2941 4401 3092 4473 quod
3111 4401 3593 4473 perdidit,anima
3611 4403 3736 4457 fuit.
3763 4426 3788 4453 ››

2149 4494 2226 4548 Ex
2256 4509 2372 4564 qua
2401 4496 2520 4546 tam
2552 4490 2768 4562 egregii
2803 4490 2908 4544 viri
2942 4489 3231 4545 sententia
3262 4490 3386 4544 sine
3404 4489 3786 4564 ambighitate

2144 4582 2424 4637 docemur
2443 4597 2564 4634 rem
2587 4579 2824 4634 nefandi
2845 4579 3024 4649 hujus
3046 4578 3379 4634 commercii
3402 4579 3786 4651 perditionem

2145 4675 2202 4725 et
2233 4669 2667 4724 damnationem
2691 4667 3041 4735 animarum,
3065 4667 3358 4740 etlepram
3381 4669 3785 4725 tantummodo

2143 4763 2296 4815 recte
2327 4757 2440 4813 diei
2470 4761 2665 4812 etvere
2682 4772 2829 4811 esse.
2866 4755 3330 4828 Etperditionem
3348 4756 3584 4827 quidem
3609 4757 3785 4814 etiam

2141 4848 2464 4904 secundum
2482 4844 2662 4918 prinei
2671 4861 2800 4916 pem
2816 4843 3670 4917 apostolorum,damnationem
3687 4862 3785 4900 au-

2141 4937 2436 5008 ternjuxta
2476 4936 2536 4990 B.
2573 4934 3000 5003 Innocentium,
3034 4933 3255 5006 lepram
3296 4949 3423 4988 vero
3447 4932 3778 4990 secundum

2139 5027 2410 5082 eumdem
2426 5023 2824 5088 Ambrosium.
2858 5023 3020 5079 Unde
3042 5023 3373 5096 ubicunque
3389 5020 3637 5094 perditio
3695 5023 3781 5079 vel

2137 5115 2434 5171 damnatio
2465 5117 2714 5180 taxatur,
2731 5112 3056 5168 necessario
3075 5120 3274 5167 auctor
3303 5110 3672 5184 perditionis,
3695 5113 3778 5168 vel

2137 5202 2534 5260 damnationis
2546 5200 2814 5256 diabolus
2830 5202 3071 5257 taxeotis
3086 5199 3425 5271 hujusmodi
3441 5203 3780 5272 cooperatur

2135 5297 2192 5348 et
2223 5289 2764 5364 principatur,sieut
2792 5289 3179 5345 nihilominus
3201 5290 3357 5345 idem
3391 5289 3516 5361 ipse
3539 5289 3776 5362 spiritus

2134 5381 2481 5435 immundus
2512 5377 2608 5432 ubi
2639 5376 2800 5448 lepra
2838 5379 3029 5434 datur.
3064 5379 3263 5450 Neque
3292 5378 3449 5434 enim
3484 5379 3567 5434 rei
3615 5381 3776 5450 cujus

2135 5472 2446 5524 aurtorest
2504 5465 2817 5538 principari
2875 5471 2977 5521 aut
3034 5468 3324 5523 dominari
3402 5484 3516 5522 non
3571 5473 3774 5540 potest.

2132 5556 2357 5623 Quibus
2386 5561 2583 5612 autem
2645 5553 2889 5624 spiritus
2941 5554 3305 5626 perditionis,
3356 5555 3772 5627 damnationis,

2131 5643 2518 5702 immunditia:
2547 5640 2927 5715 principatur,
2963 5644 3215 5716 Spiritus
3274 5643 3554 5702 salutaris
3596 5646 3775 5703 nostri
