4004 6210
228 335 394 430 i049

837 360 1254 428 ADVERSUS
1300 358 1771 427 SIMOMACOS
1813 357 2022 425 LIBRI
2065 360 2292 427 TRES.
2319 398 2396 412 —
2421 363 2656 428 LIBER
2698 363 3018 429 PRIMUS.

3473 337 3632 426 1056

235 500 476 559 Domini
507 497 729 557 scilicet
747 498 906 563 Jesu,
928 499 1128 570 quiest
1141 497 1532 552 auctortotius
1552 497 1876 568 munditiae,
1910 496 1962 562 Α
1995 498 2216 570 quitur,
2233 522 2260 549 ‹‹
2278 499 2434 556 aliud
2458 517 2626 556 nemo
2646 502 2833 571 potest
2848 515 3057 571 ponere
3071 499 3277 570 praeter
3292 498 3348 553 id
3366 499 3519 571 quod
3539 516 3634 572 po-

236 591 441 665 procul
474 590 548 646 ab
603 589 686 645 eis
732 591 1154 660 sequestratur.
1206 586 1352 640 Nam
1400 603 1526 657 quas
1576 585 1881 642 conventio

236 680 451 736 Christi
483 679 554 733 ad
570 677 750 735 Belial
764 678 848 733 ?A
861 676 1075 749 quibus
1093 691 1228 748 ergo
1241 675 1486 746 perditio
1500 675 1884 730 etimmundi-

232 770 319 826 tia
339 769 692 842 possidetur,
722 783 986 839 quosque
1001 764 1259 820 vicissim
1285 763 1413 836 ipsa
1433 764 1712 836 possidet,
1738 764 1879 835 quid

232 859 348 914 nisi
380 856 630 930 perditio
647 855 735 910 vel
754 853 1151 919 immunditia,
1177 870 1352 925 Quam
1383 852 1566 908 solam
1590 853 1880 924 acquisie-

234 955 372 1004 runt
401 945 526 1001 dari
557 949 613 999 et
643 944 824 1016 accipi
857 943 1097 1015 potest?
1125 945 1324 1013 Itaque
1377 940 1515 1012 quia
1545 942 1876 996 necessario

237 1035 608 1094 concluditur
655 1031 1040 1104 perditionem
1094 1035 1149 1086 et
1197 1030 1418 1102 lepram
1467 1031 1761 1087 venditam
1823 1035 1880 1086 et

230 1128 512 1198 emptam,
576 1124 754 1178 restat
784 1121 1129 1191 hujusmodi
1163 1124 1512 1175 mercatores
1561 1118 1877 1191 improprie

231 1214 350 1270 dici
383 1212 709 1269 sacerdotes
739 1215 795 1265 et
825 1209 1085 1278 clericos,
1119 1209 1348 1280 proprie
1376 1212 1571 1264 autem
1623 1208 1877 1280 perditos

227 1308 288 1362 et
315 1302 573 1376 leprosos
602 1319 614 1368 ;
649 1315 897 1372 quorum
928 1316 1105 1370 prava
1137 1315 1350 1354 manus
1382 1297 1701 1369 impositio,
1751 1315 1873 1352 ma-

229 1391 356 1448 lum
389 1390 542 1464 quod
576 1389 764 1446 solum
799 1387 1108 1460 acquisivit
1138 1387 1364 1453 tribuit,
1399 1385 1650 1442 nullum"
1677 1391 1873 1441 autem

227 1483 450 1537 bonum
483 1476 765 1544 concedit,
817 1478 954 1549 quia
1002 1475 1232 1530 nullum
1293 1474 1486 1530 taliter
1527 1475 1875 1547 negotiando

232 1565 560 1642 acquisivit.
609 1567 922 1638 Nunquam
971 1565 1128 1620 enim
1159 1565 1326 1634 juste
1386 1564 1684 1631 tribuitur,
1721 1551 1876 1636 quod

228 1659 450 1730 injuste
475 1655 703 1712 colitur.
737 1655 899 1711 Unde
930 1671 1127 1710 secum
1163 1653 1310 1708 alios
1343 1669 1575 1725 quoque
1599 1653 1790 1725 perdit
1821 1658 1878 1709 et

233 1747 520 1810 sordidat,
555 1761 668 1800 non
692 1744 1014 1800 sanctiﬁcat
1027 1747 1126 1798 aut
1141 1742 1508 1809 mundiﬁcat,
1525 1742 1874 1812 sicutScrip-

1991 587 2170 642 situm
2207 593 2317 655 est,
2353 591 2508 662 quod
2555 593 2642 644 est
2665 588 2928 643 Christus
2952 588 3125 642 Jesus
3157 587 3203 658 (I
3223 587 3340 642 Cor.
3369 606 3428 642 ιιι
3460 589 3566 658 lli).
3601 610 3628 638 ››

1991 679 2165 731 Porro
2193 677 2457 734 Christus
2488 679 2660 734 Jesus
2683 676 2907 732 habitat
2937 676 2996 731 in
3027 677 3300 731 cordibus
3333 693 3433 747 per
3452 677 3633 748 Spiri-

1991 768 2116 820 tum
2139 771 2404 822 sanctum
2424 767 2832 834 corroboratis,
2853 767 3005 821 sicut
3026 766 3150 838 ipse
3174 765 3433 820 insinuat
3453 765 3635 838 Ephe-

1992 853 2132 908 siis:
2173 878 2199 902 «
2234 855 2426 910 Flecte
2457 874 2647 928 genua
2677 872 2806 909 mea
2840 856 2909 909 ad
2941 856 3169 909 Patrem
3220 855 3452 909 Domini
3491 855 3631 910 Jesu

1989 942 2227 1012 Christi,
2262 960 2329 998 ex
2361 962 2474 1015 quo
2502 945 2694 1000 omnis
2714 943 3106 1015 paternitasin
3133 943 3293 998 coelis
3316 949 3370 998 et
3393 944 3448 997 in
3480 948 3636 999 terra

1991 1032 2351 1096 nominatur,
2387 1038 2450 1087 ut
2479 1033 2574 1087 det
2605 1033 2767 1087 vobis
2803 1033 3126 1087 secundum
3178 1032 3411 1088 divitias
3437 1031 3634 1104 gloriae

1989 1138 2106 1174 sua:
2121 1121 2270 1174 virtu
2283 1125 2333 1175 te
2347 1122 2706 1176 corroborari
2727 1137 2829 1192 per
2847 1121 3131 1192 Spiritum
3153 1123 3279 1191 ejus
3299 1122 3351 1174 in
3375 1121 3634 1176 interiori

1988 1208 2244 1277 homine,
2264 1208 2528 1264 habitare
2553 1209 2847 1264 Christum
2867 1227 2969 1280 per
2992 1210 3162 1264 ﬁdem
3179 1210 3235 1264 in
3252 1211 3529 1266 cordibus
3546 1228 3638 1266 ve-

1988 1297 2125 1352 stris
2141 1297 2348 1369 (Ephes.
2371 1316 2455 1364 ιιι,
2473 1299 2492 1352 l
2510 1300 2581 1370 4).
2603 1296 2694 1352 »Ξὶ
2711 1314 2846 1370 ergo
2860 1299 3182 1352 secundum
3197 1303 3316 1353 tam
3337 1298 3632 1371 egregium

1987 1387 2366 1458 Symmistam
2381 1390 2453 1451 ,et
2470 1404 2653 1458 usque
2671 1387 2741 1440 ad
2757 1387 2927 1441 tertiu
2940 1403 2992 1440 m
3009 1386 3217 1440 coelum
3234 1388 3305 1456 (ll
3316 1388 3433 1443 Cor.
3451 1389 3633 1458 xu,2),

1986 1475 2073 1530 vel
2101 1475 2158 1529 in
2180 1475 2375 1548 ipsum
2403 1475 2742 1548 paradisum
2767 1479 2996 1545 raptum
3024 1475 3166 1528 ﬁdes
3191 1475 3637 1531 christianitatis

1986 1564 2436 1619 fundamentum
2484 1567 2595 1629 est,
2644 1563 3093 1618 fundamentum
3143 1567 3336 1618 autem
3371 1563 3640 1620 Christus

1984 1651 2294 1718 Jesus,est,
2320 1657 2498 1707 restat
2529 1657 2594 1707 ut
2626 1653 2770 1708 ﬁdes
2819 1652 3091 1708 Christus
3140 1651 3236 1722 sit,
3258 1653 3354 1724 qui
3391 1670 3497 1708 nos
3539 1669 3640 1724 per

1986 1741 2269 1813 Spiritum
2302 1741 2403 1797 Dei
2435 1741 2623 1796 Patris
2653 1743 3066 1797 corroboratos
3097 1741 3436 1797 inhabitans
3470 1741 3638 1814 regit.

234 1832 370 1916 tura
387 1833 684 1890 evidenter
705 1831 946 1888 clamat:
977 1855 996 1880 α
1020 1831 1312 1903 Quidquid
1333 1831 1586 1902 tetigerit
1618 1831 1875 1886 immun—
1909 1865 1958 1930 B
1988 1829 2132 1886 Hinc
2164 1830 2369 1902 procul
2420 1830 2597 1885 dubio
2648 1834 2807 1902 patet
2856 1830 3048 1902 qualis
3097 1830 3250 1885 inter
3279 1830 3642 1886 Christianos

234 1925 369 1992 dus,
385 1922 761 1978 immundum
777 1920 1446 1992 ﬁet(Num.x1x,22).»—«
1467 1919 1721 1992 Spiritus
1737 1937 1881 1990 quo-

237 2029 352 2085 que
368 2015 606 2068 sanctus
621 2009 939 2082 disciplinae
961 2010 1194 2082 effugiet
1217 2010 1438 2076 ﬁctum,
1456 2013 1509 2063 et
1523 2010 1743 2063 auferet
1757 2026 1818 2064 se
1849 2025 1883 2063 a

233 2101 688 2175 cogitationibus
701 2116 827 2171 qua:
842 2102 980 2155 sunt
993 2097 1448 2163 sineintellectu,
1465 2102 1521 2152 et
1537 2097 1883 2168 corripietur

233 2186 1224 2262 asupervenienteiniquitate(Sap.
1256 2206 1292 2255 ι,
1315 2188 1391 2256 5).
1427 2209 1452 2235 ››
1491 2187 1623 2242 Ideo
1639 2185 1882 2259 spiritus

233 2277 554 2349 disciplima
578 2276 812 2342 dicitur,
841 2276 980 2346 quia
1001 2275 1411 2348 disciplinatos
1430 2276 1882 2347 quibuscunque

234 2365 459 2437 aspirat
481 2363 678 2430 efﬁcit,
713 2366 768 2418 et
793 2379 896 2434 per
935 2379 1031 2417 eos
1073 2364 1224 2418 dona
1261 2365 1585 2436 gratiarum
1612 2381 1879 2435 suarum,

235 2452 412 2526 preat
433 2450 580 2518 vult,
602 2449 851 2522 singulis
875 2451 945 2504 ad
967 2449 1333 2520 disciplinam
1358 2452 1675 2508 distribuit.
1703 2453 1885 2508 Indis-

237 2541 548 2614 ciplinatos
579 2543 771 2595 autem
791 2537 964 2611 longe
982 2556 1015 2593 a
1038 2555 1098 2594 se
1119 2538 1367 2610 repellit,
1393 2541 1478 2595 vel
1521 2542 1714 2613 potius
1745 2541 1884 2613 quia

241 2631 360 2688 ﬁcti
377 2629 748 2700 sunteﬁ'ugit.
762 2628 976 2701 thuis
988 2628 1374 2699 perniciosius
1389 2630 1746 2686 convincitur
1759 2648 1886 2686 esse

241 2720 435 2787 ﬁctus,
469 2735 648 2791 quam
667 2718 765 2790 qui
787 2721 989 2773 contra
1009 2715 1383 2788 disciplinam
1405 2717 1770 2791 catholicam,
1793 2736 1887 2773 cu-

239 2808 341 2880 jus
363 2806 633 2880 specialis
647 2805 1088 2862 administrator
1103 2806 1361 2860 creditur
1377 2805 1624 2876 Spiritus
1649 2811 1886 2862 sanctus

244 2897 417 2967 ﬁngit
442 2913 504 2951 se
527 2911 654 2950 esse
676 2895 831 2966 quod
853 2910 960 2949 nec
982 2897 1090 2961 est,
1117 2911 1219 2949 nec
1251 2911 1379 2948 esse
1400 2897 1590 2966 potest
1607 2894 1888 2965 aliquate-

245 2983 382 3051 nus,
407 2981 631 3040 scilicet
661 2986 724 3036 ut
759 2999 861 3054 per
897 2982 1202 3054 pecuniam
1250 2981 1537 3037 habeatur
1557 2983 1887 3055 episcopus,

243 3072 335 3128 vel
358 3072 644 3144 cujusque
666 3070 904 3127 alterius
928 3070 1150 3126 ordinis
1175 3070 1420 3126 clericus
1439 3071 1466 3125 ?

883 3177 1110 3234 CAPUT
1149 3179 1267 3233 XX.

1992 1919 2355 1991 reputandus
2389 1920 2485 1991 sit,
2519 1919 2618 1991 qui
2653 1919 2723 1975 de
2754 1919 2974 1991 Spiritu
3007 1923 3211 1974 sancto
3257 1919 3411 1974 male
3442 1919 3640 1974 sentit.

1991 2009 2229 2064 Constat
2257 2009 2437 2075 enim,
2473 2009 2615 2080 quia
2644 2025 2748 2063 nec
2780 2007 3014 2074 Filium,
3044 2023 3148 2063 nec
3179 2009 3409 2062 Patrem
3442 2008 3637 2063 habet.

1991 2097 2158 2164 Nam,
2193 2097 2346 2152 sicut
2363 2097 2644 2152 catholico
2668 2095 3037 2168 pradicatur,
3063 2095 3477 2167 inseparabilia
3503 2101 3645 2152 sunt

1992 2202 2168 2258 Opera
2180 2185 2504 2250 Trinitatis,
2531 2186 2740 2250 Patris,
2761 2189 2817 2240 et
2839 2184 2986 2250 Filii,
3008 2189 3064 2239 et
3083 2184 3338 2255 Spiritus
3357 2185 3564 2253 sancti,
3589 2189 3645 2240 et

1991 2276 2318 2347 cuicunque
2348 2275 2524 2329 unius
2538 2273 2850 2344 cujuslibet
2870 2273 3047 2328 trium
3069 2273 3326 2328 visitatio
3349 2273 3641 2342 defecerit,

1993 2363 2320 2418 necessario
2334 2363 2509 2417 etiam
2525 2360 2881 2433 reliquorum
2901 2362 3149 2416 duorum
3163 2360 3646 2433 deerit.Quisquis

1993 2453 2190 2524 itaque
2222 2453 2406 2506 credit
2437 2450 2716 2522 Spiritum
2749 2453 3019 2504 sanctum
3050 2466 3163 2504 non
3191 2448 3383 2504 solum
3411 2451 3523 2505 ﬁde
3544 2450 3644 2506 sed

1994 2542 2170 2597 etiam
2219 2541 2465 2613 pecunia
2512 2555 2684 2612 posse
2737 2539 2983 2610 acquiri,
3041 2539 3218 2594 Deum
3269 2538 3499 2593 Patrem
3530 2556 3646 2593 non

1995 2629 2192 2698 habet,
2229 2631 2299 2684 ad
2324 2647 2498 2702 quem
2529 2627 2947 2683 devotissimus
2969 2625 3282 2698 Apostolus
3305 2643 3496 2698 genua
3520 2628 3649 2683 flec-

1995 2719 2173 2786 tebat,
2226 2723 2291 2774 ut
2336 2717 2616 2790 Ephesios
2664 2734 2763 2789 per
2812 2717 3086 2772 eumdem
3135 2715 3418 2788 Spiritum
3467 2733 3643 2772 suum

1997 2809 2415 2863 corroboraret.
2467 2806 2675 2861 Filium
2721 2821 2955 2876 quoque
3002 2821 3118 2860 non
3186 2804 3382 2870 habet,
3442 2809 3649 2877 praeter

2000 2912 2175 2966 quem
2209 2913 2378 2952 nemo
2409 2895 2568 2950 aliud
2590 2894 3048 2950 Christianitatis
3072 2894 3521 2949 fundamentum
3543 2911 3643 2965 po-

1999 3000 2135 3039 nere
2168 2990 2372 3056 potest,
2399 2984 2535 3056 quia
2558 3001 2628 3038 ne
2651 2983 2761 3038 sub
2783 2983 2928 3037 tanti
2956 2983 3318 3038 fundamenti
3344 2983 3637 3056 magnitu-

2004 3070 2140 3126 dine
2169 3073 2534 3138 dcﬁciamus,
2566 3089 2667 3143 per
2689 3071 2971 3144 Spiritum
2993 3075 3262 3126 sanctum
3288 3071 3567 3127 fulcimur
3590 3077 3648 3127 et

2005 3159 2468 3216 corroboramur.
2487 3163 2687 3216 Restat
2701 3177 2838 3233 ergo
2853 3161 3023 3232 utqui
3047 3159 3326 3232 Spiritum
3351 3166 3643 3228 sanctum,

251 3263 406 3337 Quod
433 3269 739 3324 Simoniaci
763 3267 880 3340 sine
908 3267 1033 3340 ﬁde,
1063 3270 1199 3335 sint,
1230 3268 1474 3340 quodque
1519 3268 1629 3323 sibi
1665 3284 1891 3324 consen-
1923 3233 1965 3299 Ο
2003 3247 2095 3302 συί
2118 3248 2750 3340 Γξιηξίαωθυιιιξηνίιυοεξ
2769 3248 3647 3340 estChristustssvs,innititur.

762 3339 958 3394 tientes
997 3338 1103 3408 ﬁde
1136 3338 1376 3411 pribent.

322 3427 393 3482 Et
422 3427 654 3498 quidem
686 3425 784 3482 alii
808 3427 1122 3500 hypocrita:
1155 3428 1617 3501 incorporatione
1649 3429 1895 3484 istorum

253 3515 450 3572 minus
481 3519 620 3570 sunt
650 3516 828 3584 noxii,
852 3517 993 3587 quia
1007 3516 1099 3570 vix
1118 3516 1321 3573 alienis
1345 3523 1573 3585 nocent,
1604 3518 1715 3573 nisi
1741 3518 1852 3573 sibi
1879 3536 1892 3586 ;

250 3604 349 3660 isti
381 3607 576 3659 autem
593 3620 794 3659 secum
807 3604 1167 3660 Christianos
1190 3606 1522 3661 catervatim
1537 3605 1898 3661 interﬁciunt

250 3693 394 3748 dum
426 3708 524 3748 eos
544 3708 652 3747 sua
671 3691 832 3763 lepra
846 3693 1076 3764 vigente
1099 3693 1477 3762 interﬁciunt,
1495 3701 1551 3750 et
1572 3695 1896 3751 damnatio-

248 3781 342 3838 nis
371 3780 460 3836 vel
490 3781 836 3853 perditionis
884 3780 1129 3837 venditae
1180 3776 1282 3837 aut
1325 3788 1530 3854 emptae
1579 3783 1892 3855 participes

248 3869 579 3939 ordinandi,
613 3887 714 3924 seu
747 3869 1153 3925 sanctiﬁcandi
1183 3872 1425 3926 obtentu
1457 3871 1740 3927 efﬁciunt.
1786 3874 1894 3937 Qui

243 3953 420 4032 plane
452 3956 825 4015 simulatores
858 3961 914 4012 et
943 3955 1141 4012 callidi
1167 3975 1281 4030 pra:
1313 3960 1534 4014 caeteris
1555 3966 1892 4032 provocant,

245 4064 362 4103 non
395 4051 587 4103 autem
620 4045 854 4120 placant
881 4045 1029 4102 iram
1063 4047 1182 4116 Dei,
1218 4047 1356 4118 quia
1377 4049 1593 4104 venditi
1634 4050 1893 4106 vendito-

245 4151 339 4191 res
371 4135 630 4208 quotidie
661 4136 921 4191 vendunt
951 4151 1084 4191 oves
1114 4140 1169 4191 et
1199 4136 1374 4192 boves
1407 4136 1642 4202 Christi,
1669 4137 1892 4194 scilicet

244 4221 546 4297 simplices
578 4227 634 4280 et
663 4224 1017 4297 ingeniosos,
1051 4229 1152 4279 aut
1177 4227 1327 4280 certe
1353 4224 1637 4280 invalidos
1669 4231 1725 4280 et
1745 4227 1887 4283 vali-

244 4303 374 4370 dos.
405 4313 475 4368 Et
501 4312 593 4368 cui
614 4314 891 4384 vendunt,
919 4312 1131 4379 nisi,ut
1161 4315 1366 4368 beatus
1395 4314 1760 4385 Augustinus
1786 4314 1887 4382 ait,

243 4401 475 4459 diabolo
500 4403 512 4457 ι
547 4403 653 4458 Ubi
669 4402 825 4458 enim
848 4402 1070 4459 seducti
1089 4403 1220 4458 cred
1233 4405 1336 4457 unt
1356 4403 1686 4458 sacerdotes
1705 4405 1886 4475 pretio

241 4487 416 4565 posse
439 4489 582 4555 ﬁeri,
607 4490 966 4564 etScriptum
981 4496 1250 4554 sanctum
1266 4491 1444 4547 vendi
1459 4495 1514 4546 et
1526 4492 1661 4560 emi,
1678 4492 1825 4564 prim
1836 4510 1888 4548 o-

241 4577 441 4652 genita
451 4578 643 4632 cordis
656 4594 878 4647 eorum,
894 4580 948 4635 id
967 4585 1056 4636 est
1071 4581 1237 4647 ﬁdes,
1255 4581 1537 4653 probatur
1551 4582 1846 4653 corrumpi
1869 4599 1882 4637 :
1916 4602 1963 4667 D

240 4685 360 4741 qua
389 4671 679 4738 corrupta,
714 4683 949 4724 necesse
993 4674 1081 4725 est
1129 4671 1272 4726 adeo
1321 4669 1637 4742 corrumpi,
1687 4669 1736 4725 si
1771 4687 1886 4742 qua

239 4751 437 4813 inesse
467 4759 705 4828 potuere
741 4755 912 4822 bona,
946 4761 1010 4811 ut
1041 4759 1282 4814 omnino
1328 4759 1470 4814 ﬁant
1520 4757 1716 4827 nulla;
1752 4759 1890 4831 quia

239 4845 415 4903 unica
440 4843 743 4918 virginitas
774 4844 980 4901 anima:
1012 4851 1099 4901 est
1129 4848 1273 4903 ﬁdes
1306 4847 1662 4920 incorrupta,
1707 4863 1887 4919 quam

239 4933 443 5008 utique
459 4951 493 4988 a
508 4930 1015 5007 pseudoapostolis
1039 4936 1330 5008 corrumpi
1379 4937 1644 5004 timebat,
1664 4937 1764 5009 qui
1783 4937 1888 4992 Co-

240 5022 477 5079 rinthiis
503 5023 766 5078 dicebat:
801 5045 828 5071 ‹‹
860 5020 1124 5077 Emulor
1170 5023 1326 5078 enim
1374 5043 1475 5081 vos
1514 5026 1615 5081 Dei
1645 5025 1887 5080 aemula-

240 5113 420 5178 tione,
434 5111 718 5183 despondi
732 5110 889 5167 enim
900 5126 1003 5165 vos
1017 5110 1115 5164 uni
1131 5111 1249 5166 viro
1262 5112 1545 5186 virginem
1562 5118 1784 5170 castam
1800 5131 1888 5169 ex-

238 5196 438 5254 hibere
456 5197 704 5256 Christo.
737 5199 937 5254 Timeo
965 5201 1160 5253 autem
1184 5216 1254 5255 ne
1272 5201 1425 5256 sicut
1447 5219 1684 5274 serpens
1705 5204 1882 5258 Evam

239 5281 473 5344 seduxit
497 5288 712 5343 astutia
727 5305 854 5357 sua,
880 5287 962 5341 ita
982 5292 1434 5360 corrumpantur
1466 5307 1676 5346 sensus
1703 5292 1884 5347 vestri

238 5372 297 5433 et
323 5371 592 5430 excidant
622 5393 656 5431 a
685 5375 1062 5447 simplicitate
1084 5392 1210 5447 qua
1241 5381 1329 5432 est
1377 5379 1436 5432 in
1487 5379 1718 5434 Christo
1742 5380 1772 5434 J
1780 5397 1884 5435 esu

238 5456 307 5538 (II
329 5463 447 5519 Cor.
470 5481 547 5533 x1,
563 5465 641 5536 2).
663 5486 690 5516 »
714 5466 896 5532 Quam
916 5464 1170 5537 profecto
1197 5466 1370 5520 ﬁdem
1395 5466 1552 5522 idem
1572 5467 1883 5537 Apostolus

237 5552 561 5612 secundum
581 5553 829 5629 gratiam
847 5553 958 5610 sibi
973 5554 1167 5609 datam
1179 5596 1191 5620 ,
1208 5559 1272 5610 ut
1285 5555 1518 5626 sapiens
1532 5554 1883 5611 architectus

236 5643 738 5704 fundamentum»
789 5645 874 5703 eis
895 5643 1094 5719 posuit
1118 5660 1128 5698 :
1157 5645 1334 5716 quod,
1361 5644 1514 5698 sicut
1537 5644 1660 5713 ipse
1679 5644 1884 5699 subse-

2009 3350 2123 3388 non
2142 3333 2337 3400 habet,
2379 3352 2483 3390 nec
2502 3336 2696 3407 ipsum
2720 3336 3166 3391 fundamentum
3187 3336 3420 3392 habeat.
3446 3337 3504 3392 Si
3529 3337 3654 3392 fun-

2007 3424 2348 3478 damentum
2368 3441 2482 3480 non
2506 3425 2701 3491 habet,
2725 3425 3021 3481 Christum
3045 3443 3160 3481 non
3185 3426 3380 3482 habet.
3404 3427 3462 3482 Si
3483 3427 3650 3482 Chri-

2006 3515 2163 3567 stum
2196 3529 2311 3566 non
2331 3512 2527 3578 habet,
2548 3513 2721 3568 ﬁdem
2745 3532 2858 3569 non
2881 3515 3074 3580 habet,
3100 3531 3202 3587 per
3218 3532 3394 3587 quam
3415 3515 3651 3571 Chritus

2005 3617 2105 3656 cor
2135 3601 2262 3672 ejus
2293 3600 2600 3657 inhabitet.
2623 3603 2823 3674 Itaque
2854 3604 3232 3676 consequitur
3255 3607 3318 3659 ut
3349 3603 3446 3675 qui
3471 3604 3648 3659 ﬁdem

2007 3706 2122 3744 non
2144 3689 2339 3759 habet,
2364 3689 2618 3745 inﬁdelis
2640 3692 2754 3758 sit;
2788 3692 3044 3748 inﬁdelis
3067 3697 3281 3749 autem.
3309 3694 3450 3765 quia
3470 3693 3652 3765 Spiri-

2003 3783 2129 3833 tum
2149 3778 2361 3833 Christi
2382 3795 2497 3832 non
2522 3779 2716 3844 habet,
2741 3781 2868 3851 ejus
2890 3799 3005 3836 non
3033 3785 3140 3849 est,
3165 3784 3346 3852 Cujus
3362 3798 3496 3854 ergo
3520 3782 3648 3838 est?

2002 3867 2293 3922 Nimirum
2310 3867 2457 3938 ejus,
2485 3867 2584 3937 qui
2609 3867 2902 3923 homicida
2922 3874 3012 3924 est
3033 3871 3105 3925 ab
3129 3870 3316 3937 initio,
3348 3869 3564 3942 quique
3587 3870 3647 3925 in

2001 3956 2240 4012 veritate
2273 3973 2387 4011 non
2417 3955 2596 4023 stetit,
2627 3955 2765 4026 quia
2793 3959 3004 4012 veritas
3026 3975 3139 4013 non
3159 3963 3249 4014 est
3288 3959 3346 4013 in
3398 3976 3484 4024 eo,
3509 3957 3647 4029 quia

2003 4046 2254 4101 mendax
2274 4050 2362 4100 est
2399 4044 2524 4115 ipse
2546 4047 2602 4098 et
2623 4047 2786 4114 pater
2829 4046 3116 4101 mendacii
3160 4050 3337 4120 (Joan.
3376 4066 3503 4114 VIII,
3535 4047 3645 4119 44),

2003 4136 2279 4210 quoniam
2296 4135 2542 4206 quicum
2565 4132 2792 4188 Christo
2807 4151 2920 4188 non
2937 4134 3179 4207 colligit,
3197 4137 3420 4210 spargit
3438 4137 3645 4208 (Matth.

1997 4243 2098 4292 x11,
2121 4226 2211 4293 30)
2237 4243 2249 4291 ;
2269 4228 2323 4279 et
2345 4223 2483 4296 quia
2501 4239 2613 4278 non
2636 4226 2725 4276 est
2748 4238 2879 4276 cum
2900 4227 3192 4287 eo,contra
3213 4243 3344 4280 eum
3369 4226 3648 4282 est.Unde

2001 4313 2377 4369 manifestum
2409 4317 2498 4368 est
2527 4310 2889 4366 Simoniacos
2921 4326 3022 4380 per
3051 4312 3434 4382 cupiditatem
3467 4331 3500 4369 a
3533 4315 3648 4370 ﬁde

1998 4403 2318 4470 aberrasse,
2338 4400 2424 4456 vel
2448 4401 2645 4472 potius
2667 4403 3049 4469 apostatasse,
3072 4400 3293 4455 etcirca
3312 4402 3483 4456 ﬁdem
3509 4419 3651 4458 nau-

2000 4491 2277 4563 tragasse,
2303 4490 2456 4545 sicut
2480 4487 2796 4560 Apostolus
2843 4487 3148 4543 Timotheo
3187 4488 3410 4544 dicit:«
3463 4491 3648 4546 Radix

1997 4580 2259 4635 omnium
2281 4577 2570 4633 malorum
2593 4581 2684 4634 est
2704 4577 2994 4648 cupiditas
3023 4595 3034 4632 :
3060 4593 3238 4648 quam
3275 4577 3516 4647 quidam
3541 4595 3645 4651 ap-

1997 4672 2258 4740 petentes
2282 4671 2625 4722 erraverunt
2649 4684 2682 4721 a
2707 4667 2841 4733 ﬁde,
2867 4672 2925 4722 et
2945 4666 3318 4721 inseruerunt
3340 4683 3400 4720 se
3432 4667 3646 4722 dolori-

1997 4756 2161 4811 ribus
2185 4755 2389 4810 multis
2412 4757 2458 4820 (I
2471 4757 2604 4810 Tim.
2625 4755 2820 4826 v1,l0).
2848 4778 2876 4804 »
2895 4755 3048 4819 Quos
3066 4751 3332 4812 videlicet
3349 4768 3642 4825 erroneos,

1995 4845 2081 4901 vel
2107 4849 2406 4917 apostotas
2427 4842 2515 4896 vel
2542 4842 2675 4897 ﬁdei
2700 4844 3036 4914 naufragos,
3062 4861 3176 4899 non
3199 4847 3394 4899 autem
3419 4842 3646 4913 episco-

1998 4953 2122 5008 pos,
2147 4938 2248 4989 aut
2265 4932 2504 4988 clericos
2531 4932 2738 4986 debere
2761 4933 2875 4987 dici
2897 4933 2982 4988 vel
3005 4933 3204 4988 haberi
3227 4935 3472 4989 constat.
3498 4932 3645 4989 Nam

1997 5025 2047 5080 si
2075 5027 2313 5079 terrena:
2336 5025 2392 5076 et
2411 5020 2753 5091 temporalis
2790 5022 3075 5078 mercedis
3116 5022 3506 5094 negotiatores
3540 5037 3643 5092 per

1997 5111 2376 5184 cupiditatem
2399 5124 2826 5178 nonnunquam
2851 5126 2884 5162 a
2914 5110 3026 5164 ﬁdo
3057 5112 3349 5179 aberrant,
3381 5110 3521 5164 dum
3553 5109 3642 5164 in-

1996 5205 2164 5258 caute
2187 5203 2243 5256 et
2259 5197 2574 5254 artiﬁciose
2592 5197 2868 5267 jurando,
2884 5203 2940 5252 et
2961 5199 3312 5269 perjurando
3332 5204 3646 5255 assumunt

1995 5307 2206 5346 nomen
2239 5288 2338 5344 Dei
2373 5285 2465 5341 sui
2495 5290 2554 5341 et
2587 5284 2818 5340 animas
2869 5303 3007 5340 suas
3053 5287 3108 5340 in
3164 5305 3404 5354 vanum,
3437 5291 3502 5342 ut
3532 5287 3642 5343 sibi

1995 5379 2306 5434 corradant
2335 5375 2477 5430 lucri
2532 5372 2988 5444 aliquantulum,
3040 5380 3325 5443 quantum
3362 5380 3642 5446 putamus

1997 5469 2264 5522 aberrare
2299 5483 2330 5520 a
2359 5466 2469 5519 ﬁde
2499 5479 2596 5517 eos
2624 5461 2722 5533 qui
2767 5479 2881 5515 non
2916 5459 3105 5516 solum
3139 5461 3364 5516 animas
3387 5479 3525 5517 suas
3549 5481 3642 5518 ve-

1995 5555 2161 5610 nales
2192 5556 2433 5620 babent,
2461 5553 2560 5609 sed
2595 5550 2769 5606 etiam
2801 5549 3083 5622 Spiritum
3131 5553 3424 5618 sanctum,
3457 5551 3640 5607 Deum

1995 5644 2199 5714 utique
2230 5648 2288 5700 et
2317 5642 2636 5699 Dominum
2662 5641 2908 5698 vendere
2929 5638 3258 5696 conantur?
3305 5637 3453 5694 Vere
3475 5640 3639 5696 aber-
