4004 6210
372 377 521 448 1051

1418 375 1830 444 HUMBEBTI
1877 377 1942 440 s.
1989 375 2067 466 Β,
2110 377 2180 442 E.
2228 377 2720 446 CARDINALIS.

3613 376 3770 461 1062

369 523 500 576 rant
555 521 674 574 tota
720 515 810 571 via
839 533 872 570 a
919 515 1050 582 fide,
1085 530 1335 586 quorum
1396 513 1467 569 ab
1501 514 1664 568 initio
1697 514 2006 569 damnatas
2037 514 2090 581 Α
2121 512 2388 572 homines
2414 534 2548 572 cum
2583 518 2639 572 in
2672 517 2890 575 honore
2920 521 3136 591 essent,
3170 534 3286 577 non
3329 517 3762 593 intellexerunt,

368 609 662 665 nundinas
685 605 821 677 quia
841 604 1092 676 Spiritus
1114 607 1465 668 exsecratur,
1495 602 1644 674 fugit
1684 619 1781 658 eos
1813 604 2003 674 longe.

367 701 488 763 Quo
511 695 782 767 fugiente,
818 710 921 748 nec
954 692 1400 746 fundamentum
1433 693 1586 761 quod
1622 696 1709 746 est
1743 692 2008 746 Christus

361 787 534 841 Jesus
562 787 750 855 potest
779 782 864 836 eis
893 797 1214 848 remanere,
1261 780 1396 850 quia
1442 779 1739 834 subtrahit
1785 798 1846 834 se
1882 781 2006 851 ipse

363 872 634 945 Spiritus,
660 872 830 941 cujus
852 871 1090 924 interest
1111 868 1406 924 suffulcire
1421 874 1473 923 et
1497 869 1888 924 corroborare.
1913 870 2006 924 Sic

363 961 573 1019 accidit
590 965 652 1015 ut
673 961 810 1014 dum
831 959 1198 1030 cupidissimi
1227 955 1560 1012 mortalium
1585 956 2006 1028 incomparabi-

362 1052 478 1108 lem
504 1066 839 1121 comparare
868 1053 923 1102 et
939 1048 1184 1102 vendere
1199 1050 1556 1109 concertant,
1584 1045 1872 1116 malignos
1897 1047 2009 1117 spi-

361 1141 509 1196 ritus
541 1140 610 1193 ad
635 1137 1054 1194 destruendum
1074 1136 1326 1190 exterius
1346 1152 1457 1188 non
1501 1133 1688 1189 solum
1715 1135 2001 1188 bonorum

359 1247 600 1302 operum
629 1244 868 1283 suorum
892 1243 1112 1295 muros,
1148 1225 1245 1278 sed
1281 1225 1455 1278 etiam
1483 1223 1726 1278 interius
1766 1225 1835 1278 ad
1862 1241 2001 1278 con-

357 1318 687 1373 vellendum
709 1317 896 1388 ipsam
923 1315 1116 1379 ﬁdem,
1143 1312 1364 1368 scilicet
1388 1313 1860 1379 fundamentum,
1883 1312 1999 1367 ala-

357 1408 570 1462 criores
590 1406 854 1470 reddant,
873 1411 928 1458 et
947 1402 1112 1474 quasi
1131 1401 1376 1456 invicem
1395 1401 1494 1454 sed
1515 1401 1584 1454 ad
1600 1401 2000 1456 omnimodam

357 1495 817 1552 destructionem
850 1493 1226 1547 adhortantes
1258 1489 1476 1556 dicant,
1515 1489 1653 1560 quid
1690 1489 2002 1544 Psalmista

319 1581 321 1583 ’
357 1584 622 1641 deflendo
646 1582 941 1637 insinuat:
981 1601 1000 1628 ι
1038 1579 1363 1642 Exinanite,
1395 1577 1688 1632 exinanite
1723 1595 1906 1648 usque
1928 1577 1997 1632 ad

356 1674 806 1729 fundamentum
840 1671 896 1724 in
931 1670 1183 1739 ea(Psal.
1211 1685 1435 1732 cxxxv1,
1467 1670 1541 1734 7).
1572 1689 1597 1714 ››
1620 1665 1920 1737 Siquidem
1945 1670 2000 1720 et

355 1762 555 1818 avulso
587 1780 620 1816 a
650 1760 922 1815 cordibus
970 1758 1279 1812 hominum
1321 1756 1723 1821 fundamento,
1776 1754 1884 1808 hoc
1911 1758 1998 1808 est

354 1851 603 1920 Christo,
628 1850 726 1920 qui
746 1866 864 1902 sem
877 1845 1044 1918 perin
1055 1845 1261 1900 nititur
1275 1843 1515 1915 Spiritui
1531 1847 1752 1907 sancto,
1771 1851 1994 1896 certum

353 1945 441 1996 est
463 1937 801 2010 hujusmodi
855 1937 1093 1988 domum
1129 1934 1444 1996 desertam,
1466 1924 1532 1985 'et
1565 1930 1829 2007 funditus
1862 1930 1995 1985 des-

349 2033 601 2084 tructam
621 2023 944 2095 derelinqui
969 2040 1002 2076 a
1023 2023 1157 2089 Deo,
1183 2025 1239 2076 et
1260 2020 1407 2075 efﬁci
1434 2019 1773 2091 speluncam
1814 2017 1993 2073 latro-

349 2134 491 2171 num
517 2114 735 2186 (Matth.
754 2130 866 2178 xxx,
895 2114 999 2179 13),
1027 2111 1125 2182 qui
1147 2127 1274 2165 eam
1301 2125 1433 2163 mox
1458 2125 1562 2163 suo
1587 2107 1886 2162 vindicant
1909 2107 1993 2162 lu-

349 2205 538 2260 dibrio
564 2223 576 2269 ;
604 2204 682 2258 ita
695 2204 886 2272 utjam
903 2201 1137 2256 nomine
1153 2215 1331 2254 vacuo
1351 2197 1716 2253 Christianus
1742 2197 1989 2261 dicatur,

348 2294 438 2349 cui
474 2292 619 2348 nihil
650 2291 807 2356 fidei,
841 2290 895 2345 id
928 2294 1014 2344 est
1045 2287 1278 2354 Christi,
1316 2285 1596 2342 remansit
1618 2285 1856 2340 omnino
1879 2305 1900 2351 ;
1927 2302 1992 2339 ac

347 2401 450 2455 per
468 2382 578 2438 hoc
610 2379 972 2436 convincitur
1001 2378 1126 2433 sine
1158 2377 1273 2431 Deo
1305 2381 1361 2430 et
1391 2377 1552 2446 pejor
1574 2391 1819 2445 pagano,
1855 2373 1992 2445 quia

346 2473 442 2527 hic
472 2468 728 2526 infidelis
750 2467 926 2523 simul
959 2472 1046 2522 est
1094 2471 1150 2520 et
1179 2468 1480 2537 apostata;
1543 2481 1675 2518 cum
1726 2480 1988 2535 paganus

346 2559 614 2633 quamvis
647 2558 724 2613 sit
753 2555 1026 2623 infidelis,
1060 2560 1254 2609 tamen
1306 2553 1644 2608 Christiana:
1696 2552 1849 2617 fidei,
1899 2551 1988 2606 vel

346 2645 822 2708 conversationis,
873 2660 1049 2715 quam
1113 2657 1416 2713 nunquam
1482 2640 1686 2695 habuit
1737 2645 1989 2711 nequeat

342 2742 496 2794 recte
526 2735 638 2791 dici
669 2739 771 2790 aut
801 2732 999 2788 haberi
1031 2735 1314 2803 apostata.
1350 2735 1396 2783 Α
1430 2731 1600 2799 cujus
1635 2729 1810 2783 etiam
1834 2728 1989 2800 cogi-

339 2826 681 2889 tationibus,
714 2823 866 2878 sicut
897 2821 1234 2893 praedictum
1265 2823 1374 2887 est,
1404 2818 1592 2874 aufert
1635 2821 1690 2871 te
1735 2816 1984 2888 Spiritus

342 2920 600 2980 sanctus,
634 2912 771 2984 quia
803 2917 941 2966 sunt
967 2907 1426 2979 sineintellectu.
1451 2909 1518 2960 Et
1535 2924 1660 2977 qua:
1684 2904 1977 2976 cogitatio-

339 3021 444 3060 nes
471 3002 660 3074 magis
682 3005 821 3056 sunt
844 2999 968 3055 sine
992 2997 1310 3063 intellectu,
1337 3013 1512 3067 quam
1538 3012 1663 3066 qua:
1689 2993 1983 3048 azstimant

340 3093 624 3166 Spiritum
647 3094 913 3146 sanctum
940 3103 1107 3160 posse
1134 3085 1304 3141 vendi
1335 3090 1390 3140 et
1411 3083 1524 3140 emi
1545 3085 1572 3138 ?
1602 3083 1793 3138 Minus
1823 3081 1979 3137 enim

338 3189 430 3239 est
473 3181 709 3236 noxium
733 3176 1016 3251 quidquid
1041 3176 1112 3232 de
1132 3179 1395 3230 creatura
1431 3172 1720 3244 cogitatur
1751 3170 1977 3226 irratio-

337 3269 629 3337 nabiliter,
663 3285 838 3340 quam
873 3266 1026 3338 quod
1057 3265 1127 3320 de
1154 3263 1444 3319 Creatore.

939 3372 1171 3427 CAPUT
1233 3370 1372 3425 XXI.

334 3467 609 3538 Repulsior
639 3481 828 3519 eorum
881 3464 977 3534 qui
1032 3461 1218 3515 dicunt
1257 3460 1476 3538 fiebam“,
1533 3465 1583 3538 et
1622 3457 1787 3538 έιιπςιεΔ
1823 3470 1976 3525 posse

404 3531 532 3593 dari
587 3537 854 3608 Spiritum
892 3531 1157 3588 sanctum
1214 3531 1279 3586 ab
1328 3547 1387 3586 eo
1446 3532 1541 3600 qui
1618 3531 1822 3598 injuste
1885 3542 1973 3580 ac-

403 3611 561 3681 cepit.

403 3716 565 3781 Quod
599 3715 647 3770 si
679 3715 750 3769 ab
783 3712 897 3767 illis
928 3728 990 3768 se
1038 3711 1227 3766 aufert
1269 3708 1522 3780 Spiritus
1578 3709 1838 3772 sanctus,
1872 3703 1970 3775 qui

331 3822 465 3862 eum
497 3803 791 3859 aestimant
820 3818 990 3874 posse
1019 3799 1212 3866 vendi,
1246 3795 1430 3852 multo
1482 3795 1668 3867 magis
1717 3793 1788 3849 ab
1833 3792 1970 3859 illis,

331 3895 432 3966 qui
463 3909 579 3948 non
610 3892 802 3948 solum
834 3890 892 3945 id
924 3889 1236 3953 aestimant,
1271 3886 1370 3941 sed
1418 3885 1593 3940 etiam
1649 3883 1708 3936 in
1741 3886 1970 3937 tantum

329 3983 597 4050 credunt,
631 3985 694 4036 ut
723 3981 793 4036 ad
825 3979 1138 4052 perniciem
1172 3975 1492 4031 multorum
1515 3971 1704 4028 verbis
1734 3975 1791 4026 et
1831 3970 1972 4026 scri-

329 4071 444 4144 ptis
473 4072 558 4126 sic
588 4070 936 4142 praedicent:

401 4160 693 4216 OBJECTIO.
728 4159 952 4227 Liquet,
986 4155 1282 4228 inquiunt,
1315 4151 1498 4208 sancti
1556 4149 1811 4222 Spiritus
1842 4165 1969 4220 gra-

329 4249 472 4306 tiam
503 4249 672 4305 vendi
706 4246 883 4304 simul
913 4250 968 4301 et
991 4241 1338 4315 comparari.
1373 4241 1521 4312 Ergo
1551 4239 1824 4311 spiritum
1847 4255 1976 4293 san-

332 4344 512 4403 ctum,
547 4355 723 4408 quem
741 4336 874 4406 quis
896 4335 1112 4405 injuste
1135 4330 1467 4403 acquisivit,
1487 4328 1704 4399 injuste
1725 4326 1968 4392 habuit;

329 4427 422 4483 cui
454 4428 670 4498 injuste
701 4425 1008 4491 concessit,
1040 4423 1195 4477 hunc
1243 4436 1441 4476 secum
1492 4416 1829 4483 damnavit;
1881 4415 1972 4470 cui

327 4534 462 4572 vero
484 4518 644 4587 juste
674 4515 920 4588 largitus
950 4517 1056 4581 est,
1092 4511 1206 4577 hic,
1239 4510 1287 4565 si
1311 4511 1515 4580 justus
1544 4511 1652 4573 est,
1679 4507 1842 4576 juste
1872 4522 1972 4576 po-

2119 607 2437 677 comparati
2471 612 2610 662 sunt
2633 608 2924 678 jumentis
2957 609 3392 682 insipientibus,
3443 616 3501 666 et
3541 613 3764 671 similes

2120 694 2254 748 facti
2299 701 2436 750 sunt
2488 696 2602 750 illis
2663 697 2830 768 (Psal.
2890 715 3060 765 xcvu,
3121 699 3232 768 l3).
3295 699 3576 763 Quamvis
3605 703 3759 760 enim

2119 783 2398 839 rationale
2425 784 2642 839 animal
2674 803 2708 840 a
2739 785 2853 841 Deo
2894 787 3070 842 creati
3121 788 3260 855 sint,
3314 790 3538 846 ratione
3569 795 3758 850 tamen

2117 872 2422 928 abutentes
2478 890 2592 928 non
2624 873 2960 946 intelligunt
2981 876 3276 946 justitiam
3302 878 3632 949 injustitiaz,
3666 886 3762 937 aut

2115 961 2383 1015 virtutem
2418 963 2555 1017 vitio
2587 962 2872 1019 cohaerere
2923 970 3024 1019 aut
3062 966 3368 1021 convenire
3420 985 3536 1023 non
3570 986 3756 1041 posse.

2117 1049 2245 1116 Qui,
2282 1053 2345 1103 ut
2379 1050 2438 1104 Β.
2473 1051 2657 1106 Judas
2691 1051 2988 1122 apostolus
3019 1054 3099 1108 ait
3132 1072 3144 1109 :
3179 1055 3606 1129 «Quaecunque
3638 1058 3758 1130 qui—

2116 1137 2247 1192 dem
2298 1139 2587 1210 ignorant,
2649 1139 3078 1211 blasphemant.
3144 1143 3514 1215 Quaecunque
3558 1150 3749 1201 autem

2115 1227 2457 1282 naturaliter
2487 1233 2766 1300 tanquam
2817 1229 2989 1284 bruta
3048 1229 3328 1285 animalia
3376 1238 3663 1290 noverunt
3692 1235 3752 1290 in

2112 1314 2205 1370 his
2236 1322 2692 1389 corrumpuntur
2721 1318 2865 1386 (Jud.
2909 1319 3007 1390 ιο).
3048 1341 3072 1366 ››
3107 1319 3269 1374 Unde
3303 1320 3523 1392 Spiritu
3558 1327 3753 1379 sancto

2113 1405 2182 1459 ab
2215 1404 2554 1474 bujusmodi
2585 1405 3039 1477 cogitationibus
3073 1407 3324 1480 effugato
3355 1414 3412 1464 et
3441 1410 3654 1478 ablato,
3691 1417 3754 1467 ut

2112 1510 2290 1565 supra
2323 1495 2554 1562 dicitur,
2590 1495 3004 1566 corripiuntur,
3030 1496 3084 1550 id
3117 1502 3206 1551 est
3233 1513 3299 1551 ex
3325 1502 3442 1554 toto
3462 1500 3750 1571 arripiun-

2111 1585 2206 1636 tur
2254 1600 2287 1636 a
2341 1581 2782 1654 superveniente
2849 1584 3179 1656 iniquitate,
3237 1585 3485 1658 maligno
3530 1587 3742 1658 spiritu

2107 1671 2345 1737 scilicet,
2379 1671 2586 1741 quisic
2619 1671 2858 1743 iniquus
2890 1678 2978 1728 est
3008 1678 3072 1728 ut
3119 1672 3195 1728 sit
3243 1672 3416 1729 etiam
3466 1675 3594 1746 ipsa
3621 1675 3746 1740 Lui-

2107 1759 2324 1829 quitas,
2357 1759 2509 1814 sicut
2539 1759 2827 1832 gloriosus
2876 1761 3090 1817 Paulus
3136 1761 3427 1818 declarat:
3461 1786 3487 1812 ‹‹
3537 1763 3754 1834 Myste-

2106 1848 2280 1914 rium,
2297 1848 2614 1919 inquitjam
2629 1854 2905 1920 operatur
2919 1849 3247 1921 iniquitatis
3264 1869 3314 1906 ;››
3336 1855 3392 1906 et
3408 1855 3756 1923 postpauca:

2107 1961 2134 1986 ‹‹
2169 1937 2237 1990 Et
2267 1943 2406 1993 tunc
2444 1937 2792 1992 revelabitur
2823 1938 2917 1994 ille
2951 1939 3189 2010 iniquus
3219 1941 3292 2007 (II
3321 1941 3498 1995 Thess.
3538 1957 3599 2007 ιι,
3623 1940 3702 2008 7),
3732 1961 3760 1987 ››

2103 2025 2670 2098 quideniquesicest
2699 2026 2992 2082 homicida
3018 2027 3169 2081 utsit
3199 2027 3373 2081 etiam
3394 2027 3523 2099 ipsa
3557 2044 3754 2096 mors;

2103 2115 2189 2169 sic
2221 2115 2484 2186 perditus
2515 2119 2570 2169 et
2600 2115 2857 2186 perditor
2914 2123 2975 2169 ut
3031 2115 3107 2169 sit
3154 2130 3389 2185 quoque
3448 2115 3577 2186 ipsa
3623 2133 3760 2187 per-

2103 2203 2264 2258 ditio.
2297 2204 2382 2258 Ab
2416 2204 2524 2258 hac
2555 2220 2687 2276 ergo
2710 2202 3014 2274 iniquitate
3036 2219 3101 2257 ex
3119 2206 3239 2256 toto
3263 2202 3644 2274 arrepti,jam
3668 2204 3756 2259 si-

2101 2296 2200 2346 cut
2217 2292 2454 2347 omnino
2479 2289 2757 2346 animales
2771 2290 3038 2345 homines
3053 2307 3165 2345 non
3182 2290 3513 2361 percipiunt
3531 2306 3597 2345 ea
3620 2309 3749 2363 quae

2100 2387 2240 2435 sunt
2267 2379 2520 2452 Spiritus
2551 2380 2644 2434 Dei
2679 2379 2727 2449 (Ι
2755 2379 2874 2434 Cor.
2911 2397 2974 2446 ιι,
3010 2380 3116 2447 14).
3150 2377 3410 2433 Stultitia
3459 2383 3549 2434 est
3585 2380 3749 2435 enim

2100 2468 2234 2537 illis,
2268 2474 2323 2524 et
2353 2484 2467 2521 non
2518 2469 2765 2538 posSunt
2813 2465 3136 2538 intelligere
3185 2483 3313 2537 quae
3358 2466 3750 2538 spiritualiter

2097 2557 2520 2612 examinantur.
2555 2555 2751 2621 Porro,
2785 2560 2850 2610 ut
2871 2555 3026 2610 idem
3059 2553 3374 2626 Apostolus
3396 2555 3743 2628 subjungit:

2100 2667 2122 2697 ι
2155 2643 2488 2716 Spiritualis
2520 2649 2714 2699 autem
2733 2643 2960 2714 judicat
2981 2643 3200 2712 omnia,
3222 2648 3279 2700 et
3302 2643 3428 2716 ipse
3448 2661 3482 2700 a
3505 2645 3742 2701 nemine

2085 2735 2410 2804 judicatur.
2429 2733 2568 2798 Quis
2587 2733 2745 2787 enim
2769 2733 3037 2803 cognovit
3057 2749 3298 2788 sensum
3324 2732 3743 2805 Domini?quis

2094 2823 2343 2877 instruet
2371 2837 2505 2876 eum
2531 2824 2553 2875 ?
2584 2837 2689 2875 nos
2722 2823 2915 2875 autem
2948 2836 3188 2875 sensum
3216 2820 3428 2877 Christi
3449 2819 3741 2876 habemus

2093 2913 2138 2982 (I
2171 2911 2290 2966 Cor.
2327 2929 2387 2977 ιι,
2426 2912 2509 2976 15,
2542 2910 2648 2980 l6).
2688 2931 2714 2957 »
2746 2909 2892 2964 Nam
2925 2909 3076 2964 sicut
3097 2909 3268 2981 paulo
3292 2909 3564 2981 superius
3597 2927 3743 2982 pren-

2092 3000 2378 3055 mittitur:
2405 3022 2432 3049 ‹‹
2456 2999 2633 3054 Nobis
2657 2997 2927 3053 revelavit
2948 2998 3102 3053 Deus
3119 3013 3221 3069 per
3237 2997 3519 3070 Spiritum
3535 3015 3740 3056 suum.

2089 3089 2344 3161 Spiritus
2391 3087 2547 3143 enim
2599 3088 2794 3142 omnia
2847 3091 3162 3153 scrutatur,
3214 3087 3390 3142 etiam
3446 3088 3740 3159 profunda

2094 3177 2210 3232 Dei.
2247 3177 2386 3242 Quis
2412 3177 2568 3230 enim
2600 3175 2906 3230 hominum
2942 3175 3052 3230 scit
3093 3193 3220 3247 qua:
3270 3179 3409 3231 sunt
3451 3175 3736 3243 hominis,

2008 3243 2050 3308 C
2092 3266 2202 3322 nisi
2236 3265 2477 3337 spiritus
2507 3263 2781 3331 hominis,
2817 3264 2916 3336 qui
2946 3264 3006 3318 in
3050 3265 3177 3336 ipso
3225 3264 3356 3320 est?
3398 3263 3482 3319 ita
3515 3268 3571 3319 et
3603 3281 3732 3336 quas

2087 3354 2188 3411 Dei
2219 3358 2376 3418 sunt,
2408 3369 2578 3408 nemo
2609 3352 2897 3424 cognovit,
2933 3351 3046 3407 nisi
3073 3352 3324 3425 Spiritus
3342 3352 3465 3408 Dei.
3487 3353 3604 3408 Nos
3629 3370 3732 3408 au-

2085 3450 2202 3500 tem
2235 3459 2348 3498 non
2383 3440 2657 3513 spiritum
2689 3441 2894 3496 mundi
2928 3442 3284 3514 accepimus,
3315 3442 3417 3497 sed
3440 3442 3728 3513 Spiritum

2085 3532 2186 3604 qui
2216 3547 2284 3586 ex
2312 3531 2427 3585 Deo
2459 3534 2568 3597 est,
2599 3534 2663 3584 ut
2691 3529 2950 3586 sciamus
2981 3547 3107 3602 quae
3138 3531 3308 3586 aDeo
3339 3531 3555 3586 donata
3584 3535 3730 3585 sunt

2084 3619 2286 3676 nobis:
2322 3636 2447 3691 qua:
2476 3623 2533 3673 et
2564 3618 2864 3691 loquimur
2893 3635 3008 3674 non
3041 3619 3101 3673 in
3131 3619 3318 3676 doctis
3340 3619 3610 3674 humanae
3640 3635 3731 3675 sa-

2086 3709 2316 3782 pientia
2328 3707 2539 3775 verbis,
2557 3707 2656 3762 sed
2673 3707 2730 3761 in
2753 3707 3018 3762 doctrina
3029 3707 3300 3778 Spiritus,
3316 3706 3731 3780 spiritualibus

2084 3795 2416 3870 spiritualia
2446 3799 2872 3867 comparantes.
2907 3795 3086 3867 (Ibid.,
3118 3793 3328 3866 40-43).
3358 3817 3385 3843 »
3410 3797 3487 3848 Ex
3507 3794 3730 3866 quibus

2082 3884 2375 3959 Apostolis
2397 3884 2587 3940 verbis
2609 3884 2760 3940 inter
2779 3883 2893 3940 alia
2911 3883 3056 3939 illud
3083 3883 3333 3939 maxime
3355 3882 3732 3939 consideran-

2083 3976 2225 4030 dum
2249 3979 2338 4029 est
2359 3973 2514 4045 quod
2535 3972 2617 4028 ait
2637 3991 2654 4026 :
2674 3996 2700 4020 ‹‹
2721 3973 2836 4027 Nos
2861 3989 2976 4028 non
2991 3972 3262 4045 spiritum
3282 3972 3486 4027 mundi
3509 3972 3732 4045 accepi-

2085 4081 2238 4130 mus,
2264 4063 2362 4118 sed
2404 4063 2690 4133 Spiritum
2727 4061 2826 4134 qui
2867 4079 2935 4116 ex
2955 4061 3070 4118 Deo
3093 4065 3198 4117 est.
3230 4083 3258 4111 »
3277 4061 3533 4133 Spiritus
3572 4062 3727 4116 enim

2085 4153 2314 4218 mundi,
2340 4156 2400 4207 ut
2423 4153 2482 4207 B.
2506 4151 2760 4206 Joannes
2774 4148 3049 4207 scribitin
3073 4150 3328 4224 maligno
3353 4151 3546 4223 positi,
3564 4150 3724 4221 spiri-

2087 4246 2184 4298 tus
2198 4240 2493 4312 malignus
2506 4243 2612 4308 est,
2633 4241 2784 4312 quia
2800 4239 3046 4296 Domino
3059 4241 3118 4296 in
3132 4239 3444 4313 Evangelio
3458 4239 3725 4313 princeps

2087 4330 2573 4395 mundivocatur,
2607 4328 2760 4384 sicut
2807 4332 2896 4384 est
2941 4328 3087 4384 illud
3117 4346 3129 4384 :
3164 4352 3191 4379 ‹‹
3241 4328 3519 4401 Princeps
3548 4327 3732 4398 hujus

2088 4419 2291 4475 mundi
2319 4417 2584 4488 ejiciatur
2601 4417 2752 4472 foras
2775 4418 3200 4490 (Joan.xu,31);
3227 4439 3253 4468 »
3276 4421 3334 4473 et
3361 4433 3374 4472 :
3401 4440 3428 4466 ‹‹
3452 4416 3731 4488 Princeps

2085 4509 2264 4580 hujus
2298 4506 2501 4561 mundi
2525 4506 2825 4578 judicatus
2881 4510 2970 4563 est
3029 4509 3204 4578 (Joan.
3264 4524 3379 4576 xvr,
3418 4506 3539 4578 li);
3576 4528 3603 4556 »
3635 4509 3729 4560 et:

327 4609 441 4662 test
469 4605 704 4674 habere,
735 4603 1013 4676 quoniam
1048 4603 1238 4656 bonus
1286 4615 1320 4653 a
1365 4596 1519 4652 malo
1564 4595 1785 4649 bonum
1828 4594 1974 4650 bene
2005 4611 2052 4674 D
2088 4619 2116 4648 «
2147 4597 2320 4652 Venit
2349 4595 2618 4667 princeps
2647 4595 2829 4665 hujus
2861 4596 3088 4662 mundi,
3120 4600 3177 4651 et
3208 4595 3266 4649 in
3300 4611 3392 4650 me
3415 4611 3529 4649 non
3553 4593 3734 4648 habet

328 4694 574 4766 accepit.

400 4785 709 4840 REPULSIO.
729 4783 789 4836 In
805 4797 923 4852 qua
935 4779 1137 4850 utique
1151 4773 1458 4838 sententia,
1474 4773 1607 4844 quis
1622 4770 1970 4841 intellectus,

326 4872 415 4929 vel
446 4890 572 4945 quae
602 4869 850 4927 rationis
872 4868 990 4924 sint
1020 4867 1121 4922 illa
1141 4863 1388 4920 inveniri
1414 4861 1651 4933 potest?
1669 4861 1712 4916 Ο
1733 4861 1886 4916 Deus
1918 4864 1975 4916 et

327 4961 570 5018 Domine
609 4959 864 5032 Spiritus
895 4959 1114 5021 sancte,
1144 4953 1245 5026 qui
1267 4950 1575 5023 esjustitia
1595 4949 1969 5021 sempiterna,

327 5051 653 5109 secundum
717 5046 1022 5119 perfidiam
1073 5045 1320 5099 istorum
1371 5039 1804 5112 praedictorum,
1856 5038 1972 5093 imo

328 5139 712 5213 perditorum,
748 5136 963 5206 injuste
987 5133 1232 5205 acquiri,
1259 5131 1476 5201 injuste
1499 5127 1720 5192 haberi,
1757 5127 1974 5198 injuste

327 5227 564 5285 concedi
591 5225 786 5298 potes!
817 5225 883 5280 Et
912 5225 1010 5279 ubi
1044 5227 1163 5278 tam
1188 5217 1421 5291 justitia
1453 5217 1764 5289 quaerenda
1783 5219 1890 5283 est,
1923 5216 1970 5272 si

319 5315 555 5388 justitia
575 5313 791 5384 injuste
813 5313 1034 5385 acquiri
1058 5316 1115 5367 et
1137 5308 1335 5366 haberi
1360 5305 1594 5379 potest?
1627 5305 1747 5360 Heu
1773 5304 1970 5361 miseri

326 5410 384 5460 et
412 5401 629 5469 insani,
661 5401 761 5472 qui
792 5407 847 5457 te
876 5401 1036 5457 velut
1065 5399 1287 5471 aliquid
1315 5412 1493 5470 pecus
1527 5395 1679 5448 furto
1711 5393 1968 5466 acquisi-

328 5496 456 5546 tum
487 5493 544 5542 et
573 5505 605 5542 a
627 5489 1053 5558 furehabitum,
1087 5485 1550 5560 sicquescienter
1567 5487 1968 5554 comparatum

331 5574 656 5631 aestimant!
695 5575 804 5629 Sed
839 5578 1001 5648 prius
1032 5577 1144 5648 ipsi
1175 5577 1320 5631 fiant
1351 5575 1502 5630 sicut
1533 5589 1720 5642 equus
1750 5575 1806 5626 et
1836 5588 1968 5627 mu-

333 5663 450 5726 lus,
481 5659 694 5728 quibus
717 5677 830 5716 non
861 5669 948 5720 est
977 5664 1303 5720 intellectus
1335 5662 1504 5735 (Psal.
1536 5677 1692 5726 xxxx,
1723 5659 1800 5730 9),
1830 5662 1968 5734 quia

2086 4685 2414 4759 quidquam
2445 4687 2603 4754 (Joan
2632 4701 2748 4752 xxv,
2780 4684 2892 4756 30).
2929 4707 2955 4733 »
2988 4684 3169 4748 Quem
3201 4684 3403 4756 utique
3421 4681 3617 4755 palam
3641 4685 3734 4736 est

2084 4791 2182 4831 eos
2212 4791 2329 4829 non
2364 4774 2656 4846 accepisse
2679 4772 2778 4845 qui
2797 4772 2991 4828 sciunt
3011 4789 3136 4845 quae
3154 4789 3188 4828 a
3215 4773 3330 4828 Deo
3352 4773 3567 4827 donata
3588 4774 3734 4826 sunt

2081 4865 2388 4929 eis.Quam
2420 4862 2723 4918 scientiam
2755 4867 3029 4934 operatur
3053 4861 3115 4917 in
3136 4862 3219 4918 eis
3250 4861 3505 4934 Spiritus
3527 4858 3626 4930 qui
3657 4875 3734 4914 ex

2082 4953 2197 5009 Deo
2215 4957 2322 5008 est.
2339 4953 2520 5017 Quem
2539 4951 2608 5006 ad
2629 4950 2736 5006 hoc
2749 4950 3043 5022 accepisse
3055 4947 3740 5024 perhibentur,utsciant

2083 5059 2207 5113 quae
2225 5058 2258 5095 a
2279 5041 2392 5096 Deo
2416 5040 2629 5096 donata
2651 5039 2904 5095 sunteis.
2929 5039 3198 5096 Probatio
3219 5055 3350 5111 ergo
3367 5033 3734 5107 acceptionis

2083 5129 2357 5202 Spiritus,
2383 5128 2481 5200 qui
2505 5146 2574 5185 ex
2595 5129 2709 5184 Deo
2731 5132 2837 5196 est,
2863 5145 3065 5184 eorum
3089 5147 3213 5201 quae
3245 5129 3314 5184 ab
3343 5127 3468 5200 ipso
3501 5125 3735 5180 donan-

2082 5224 2182 5275 tur
2203 5217 2518 5290 recognitio
2550 5222 2656 5273 est.
2675 5219 2859 5283 Quam
2874 5235 2978 5273 nos
2999 5218 3248 5289 perfecte
3267 5217 3517 5272 retinere
3539 5213 3740 5270 exhoc

2082 5307 2516 5378 comprobatur,
2550 5305 2687 5377 quia
2716 5305 2936 5361 donum
2967 5304 3193 5375 donari,
3214 5305 3268 5359 id
3293 5301 3745 5376 estgratisacci-

2080 5397 2161 5469 pi,
2194 5401 2250 5450 et
2264 5395 2390 5450 dari
2404 5395 2727 5450 secundum
2741 5411 2879 5450 evan
2887 5393 3133 5466 gelicam
3155 5398 3212 5449 et
3225 5391 3607 5466 apostolicam
3621 5395 3746 5447 tra-
3793 5427 3797 5429 -

2079 5476 2359 5539 ditionem
2378 5482 2740 5553 profitemur,
2774 5486 2830 5537 et
2856 5498 2959 5553 pro
2984 5480 3221 5538 modulo
3243 5485 3444 5538 nostro
3470 5481 3746 5537 defendi-

2077 5588 2230 5639 mus,
2255 5569 2661 5642 spiritualibus
2693 5569 3022 5642 spiritualia
3049 5574 3478 5642 comparantes.
3498 5570 3670 5626 Unde
3708 5588 3743 5626 e

2079 5661 2306 5717 diverso
2321 5657 2616 5732 colligitur
2635 5675 2731 5716 eos
2757 5657 3026 5730 spiritum
3049 5659 3257 5716 mundi
3281 5660 3602 5733 accepisse,
3632 5659 3744 5734 qui
