4004 6210
198 348 379 425 ’1053

823 355 1247 423 ADVERSUS
1290 348 1758 421 SIMONIACOS
1801 347 2015 416 LIBRI
2057 348 2282 416 TRES.
2316 385 2396 402 --
2421 350 2660 418 LIBER
2703 349 3023 420 PRIMUS.

3470 352 3623 419 1054

216 495 421 550 contra
439 488 833 565 evangelicum
859 488 1359 564 apostolicamque
1379 487 1750 560 disciplinam
1772 487 1869 541 do-
1895 484 1951 552 Α
1978 484 2111 557 quis
2128 486 2199 542 de
2215 486 2436 559 Spiritu
2456 490 2658 545 sancto
2676 486 2826 544 male
2844 488 3472 555 sentit,animadvertat
3487 491 3627 565 quid

219 598 366 637 num
394 580 490 637 Dei
514 580 760 654 pecunia
782 596 953 653 posse
973 577 1260 653 possideri
1279 576 1867 643 aastimant,crcdunt,

219 669 566 743 proﬁtentur
583 672 638 725 et
654 672 943 742 quantum
965 664 1547 740 possunt,defendere
1563 667 1869 729 conantur,

225 756 561 814 carnalibus
588 757 919 831 spiritualia
948 760 1373 829 comparantes.
1394 753 1500 819 Qui
1522 752 1571 809 si
1599 752 1869 808 eumdem

223 845 500 919 spiritum
533 845 736 901 mundi
759 845 891 917 quis
911 850 969 901 et
989 844 1087 901 ubi
1110 844 1206 910 sit,
1229 842 1315 899 vel
1339 842 1479 915 quid
1503 843 1629 912 jam
1660 856 1871 912 passus

217 934 558 1003 recolerent,
589 951 724 991 cum
772 950 987 1007 magna
1032 933 1222 989 cordis
1271 930 1617 987 contritione
1647 929 1771 985 erui
1801 929 1871 983 de

216 1026 505 1096 potestate
524 1023 920 1086 tenebrarum,
936 1027 1131 1094 atque,
1146 1023 1287 1077 dum
1308 1019 1670 1090 adhuc_licet,
1686 1022 1872 1073 trans-

218 1109 356 1168 ferri
388 1111 448 1166 in
481 1128 728 1186 regnum
754 1110 884 1167 Filii
925 1109 1205 1167 claritatis
1239 1113 1487 1183 paternae
1519 1110 1865 1179 quaererent.

218 1199 523 1273 Siquidem
538 1198 634 1257 ille
649 1205 737 1256 est
754 1200 1025 1272 princeps
1046 1198 1274 1266 mundi,
1290 1202 1479 1253 rector
1494 1196 1869 1252 tenebrarum

221 1305 446 1356 earum,
466 1288 771 1345 hominum
799 1287 1023 1344 scilicet
1044 1285 1389 1352 inﬁdelium,
1415 1285 1471 1340 in
1496 1284 1710 1358 quibus
1742 1275 1869 1339 tan'-

218 1392 397 1449 quam
418 1375 478 1431 in
503 1375 640 1432 ﬁliis
659 1375 995 1432 difﬁdentia;
1016 1379 1224 1449 regnat
1245 1378 1301 1430 et
1324 1377 1599 1447 operatur
1619 1389 1727 1428 sua
1746 1371 1872 1444 ipse

217 1481 459 1538 serpens
492 1465 790 1538 antiquus,
824 1464 924 1537 qui
964 1467 1053 1521 est
1079 1462 1350 1519 diabolus
1380 1468 1437 1518 et
1463 1466 1709 1519 Satanas
1745 1462 1871 1533 jam

209 1554 516 1627 judicatus
544 1557 602 1610 et
630 1554 949 1610 damnatus
980 1556 1154 1626 atque
1176 1552 1329 1608 foras
1351 1553 1593 1624 ejectus,
1617 1567 1731 1606 non
1765 1548 1873 1604 uti-

221 1658 336 1716 que
364 1647 526 1698 extra
570 1642 850 1698 fabricam
890 1641 1018 1698 cceli
1048 1646 1106 1697 et
1134 1645 1322 1708 terrae,
1356 1641 1457 1697 sed
1488 1643 1651 1696 extra
1699 1638 1874 1694 corda

225 1729 514 1796 ﬁdelium,
541 1746 687 1803 quos
713 1730 849 1786 fecit
871 1730 1139 1787 Christus
1168 1746 1436 1803 regnum,
1460 1732 1516 1785 et
1542 1727 1873 1784 sacerdotes

1978 575 2040 630 B.
2074 591 2225 647 papa
2254 575 2544 633 Damasus
2580 576 2824 633 Paulino
2874 578 3233 634 Antiocheno
3283 582 3625 652 patriarchas

1980 662 2262 731 scribens,
2288 665 2439 721 inter
2468 664 2582 720 alia
2612 665 2754 721 dicit
2776 682 2825 721 :«
2852 665 2908 722 Si
2943 666 3075 739 quis
3106 668 3178 724 de
3208 668 3375 725 Patre
3400 676 3456 727 et
3486 671 3627 727 Filio

1978 751 2126 807 bene
2156 753 2425 817 senserit,
2458 754 2530 808 de
2558 752 2778 825 Spiritu
2827 759 3021 810 autem
3057 761 3258 813 sancto
3308 776 3423 814 non
3474 766 3628 817 recte

1981 838 2269 908 habuerit,
2294 840 2601 897 haereticus
2622 844 2851 898 est.»Et
2877 845 3031 916 quod
3059 862 3263 901 omnes
3288 847 3535 904 haeretici
3558 850 3630 905 de

1979 927 2121 984 Filio
2152 930 2274 996 Dei,
2308 935 2408 986 aut
2436 932 2506 985 de
2538 932 2757 1002 Spiritu
2789 936 2987 988 sancto
3020 934 3170 990 male
3196 937 3533 1003 sentientes,
3566 938 3627 994 in

1980 1017 2228 1089 perﬁdia
2241 1018 2576 1074 Judaeorum
2596 1024 2653 1075 et
2668 1020 2974 1090 gentilium
2998 1022 3391 1080 inveniuntur.
3409 1026 3629 1098 Nempe

1978 1104 2198 1161 Judzeis
2222 1106 2551 1163 dicentibus
2574 1124 2624 1163 ει(
2652 1109 2768 1164 Nos
2797 1125 2866 1165 ex
2892 1110 3291 1178 fornicatione,
3314 1135 3340 1162 ››
3363 1114 3631 1171 videlicet

1977 1192 2325 1262 idololatria,
2349 1217 2376 1245 «
2402 1212 2514 1250 non
2556 1213 2766 1252 sumus
2798 1197 2933 1253 nati.
2967 1198 3155 1254 Unum
3188 1200 3414 1257 Patrem
3447 1202 3629 1258 habe-

1979 1300 2114 1338 mus
2148 1287 2355 1350 Deum;
2384 1305 2410 1333 ››
2444 1284 2745 1356 respondit
2790 1286 3072 1342 Dominus
3100 1288 3275 1344 Jesus
3301 1306 3313 1345 :
3335 1313 3362 1339 ‹‹
3386 1290 3443 1345 Si
3476 1293 3629 1349 Deus

1980 1371 2148 1427 Pater
2176 1376 2365 1427 vester
2393 1376 2566 1440 esset,
2604 1372 2916 1445 diligeritis
2949 1374 3149 1446 utique
3180 1394 3291 1433 mc.
3323 1378 3441 1451 Ego
3473 1381 3628 1437 enim

1981 1476 2049 1516 ex
2083 1462 2192 1516 Deo
2236 1461 2510 1531 processi,
2543 1464 2601 1516 ct
2655 1462 2805 1517 veni.
2841 1463 3040 1534 Neque
3097 1466 3254 1520 enim
3286 1483 3321 1521 a
3351 1483 3444 1524 me
3503 1469 3630 1541 ipso

1978 1552 2130 1616 veni,
2164 1549 2264 1605 sed
2299 1548 2396 1605 ille
2426 1567 2518 1605 me
2550 1549 2729 1606 misit.
2761 1551 2876 1607 Vos
2904 1567 2972 1606 ex
3020 1555 3183 1624 patre
3230 1554 3459 1612 diabolo
3491 1559 3633 1615 estis

1981 1640 2158 1709 (Joan.
2192 1656 2313 1706 VIII,
2347 1639 2457 1709 41).
2485 1662 2513 1688 ››
2546 1638 2769 1695 Simoni
2830 1657 3063 1712 quoque
3123 1642 3289 1715 Mago
3346 1644 3631 1717 Spiritum

1980 1730 2251 1783 sanctum
2285 1728 2535 1783 mercari
2560 1728 2816 1799 cupienti
2849 1729 3055 1787 Petrus
3103 1730 3250 1786 dixit
3283 1749 3295 1787 :
3328 1754 3355 1783 ‹‹
3388 1734 3512 1789 Non
3545 1741 3636 1792 est

215 1819 337 1876 Deo
368 1822 426 1875 et
452 1818 608 1875 Patri
640 1836 770 1875 suo.
796 1819 958 1885 Quod
991 1819 1039 1875 si
1072 1818 1314 1891 spiritus
1334 1817 1535 1873 mundi
1554 1818 1681 1888 jam
1708 1816 1869 1915 dam:
1899 1850 1949 1915 Β
2118 1832 2273 1915 pars,
2322 1832 2510 1888 neque
2558 1833 2687 1915 sors
2734 1818 2803 1915 in_
2844 1816 2952 1873 bac
3001 1819 3115 1875 ﬁde
3145 1819 3278 1891 (Act.
3306 1839 3435 1889 vm,
3466 1825 3577 1896 2t).
3604 1848 3632 1875 ››

219 1911 398 1964 natus
427 1910 516 1964 est
543 1910 601 1963 et
629 1907 785 1964 foras
826 1907 1066 1978 ejectus,
1099 1910 1259 1980 patet
1281 1907 1407 1978 jam
1440 1906 1784 1962 damnatum
1814 1906 1871 1958 et
1899 1904 1947 1915 ”
1980 1904 2091 1960 Sed
2124 1920 2196 1959 ne
2226 1904 2373 1959 forte
2418 1906 2759 1961 continuata
2790 1905 2911 1961 haec
2943 1907 3198 1979 repulsio
3248 1908 3382 1966 licet
3428 1928 3632 1983 perse-

220 2012 356 2051 eum
386 2012 454 2052 eo
484 1995 640 2053 foras
669 1998 925 2068 ejectum
956 1997 1267 2064 mundum,
1301 1995 1394 2051 cui
1431 1995 1553 2067 ipse
1585 1991 1872 2066 principa-
1981 1992 2254 2059 cessaris,
2300 1992 2351 2048 si
2398 1993 2730 2050 diuturnior
2784 1994 3090 2066 habeatur,
3141 1997 3224 2053 sic
3279 2000 3633 2058 desertorem

218 2088 338 2154 tur,
370 2101 475 2141 nec
496 2086 622 2157 jam
646 2101 775 2142 esse
804 2085 864 2140 in
894 2086 1137 2154 mundo,
1161 2101 1335 2157 quem
1365 2082 1565 2139 dilexit
1594 2083 1769 2149 Deus,
1793 2085 1871 2148 et,
1982 2084 2187 2153 urgeat
2231 2084 2288 2136 et
2334 2081 2598 2153 impetat,
2630 2086 2696 2137 ut
2734 2083 3053 2139 commilito
3110 2089 3312 2142 noster
3369 2089 3634 2147 defessus

221 2171 509 2246 sanguine
539 2172 668 2229 Filii
698 2173 790 2229 sui
832 2174 1223 2245 redemptum,
1260 2172 1598 2229 emundavit
1642 2169 1871 2226 lavacro
1982 2173 2310 2241 appetatur,
2334 2168 2580 2226 delicato
2612 2169 2813 2227 lectori
2838 2172 3161 2244 respirandi
3193 2175 3381 2247 gratia
3409 2183 3636 2250 oportet

222 2277 391 2332 aquas
413 2259 474 2315 in
493 2260 687 2328 verbo,
712 2264 776 2315 ut
795 2260 873 2316 sit
891 2260 1015 2332 ipse
1034 2261 1188 2317 Deus
1210 2278 1345 2317 cum
1367 2261 1453 2317 eis
1472 2276 1671 2317 eorum
1693 2258 1867 2315 Deus.
1982 2258 2285 2330 scriptoris
2335 2257 2581 2314 intentio
2632 2260 2919 2329 consulat,
2955 2262 3309 2336 tandemque
3358 2264 3450 2322 hic
3499 2267 3635 2324 ﬁnis

222 2342 372 2406 Nam
392 2363 520 2420 quae
542 2364 674 2421 pars
697 2347 854 2404 ﬁdeli
874 2364 1010 2404 cum
1043 2348 1301 2406 inﬁdeli?
1322 2350 1684 2421 Quapropter
1708 2347 1867 2419 quis-
1982 2345 2157 2419 primi
2188 2345 2370 2419 hujus
2401 2347 2582 2403 libelli
2615 2349 2735 2404 ﬁat.

1468 2471 1791 2528 EXPLICIT
1833 2470 2045 2526 LIBER
2081 2470 2372 2528 PRIMUS.

1179 2729 1574 2793 INCIPIUNT
1617 2730 2003 2794 CAPITULA
2057 2731 2268 2792 LIBRI
2316 2732 2678 2794 SECUNDI.

223 2883 267 2938 Ι.
298 2880 445 2951 Quid
474 2880 659 2936 beatus
694 2882 888 2936 Petrus
927 2881 1197 2953 apostolus
1244 2882 1439 2953 suique
1486 2882 1779 2954 coapostoli
1808 2882 1872 2938 de
1982 2881 2125 2937 XVI.
2162 2881 2261 2938 Ubi
2287 2882 2692 2937 contradicitur
2710 2882 2993 2942 haereticos
3022 2903 3122 2943 nec
3149 2889 3289 2945 sicut
3314 2892 3636 2952 criminosas

236 2964 243 2973 '
294 2970 565 3025 haereticis
592 2971 886 3025 senserint.
2053 2971 2205 3026 intra
2237 2970 2522 3026 ecclesiam
2550 2972 2722 3027 Deum
2751 2974 2964 3030 audire.

223 3057 297 3115 II.
328 3058 406 3112 De
429 3058 629 3129 pietate
655 3066 707 3114 et
727 3059 1029 3131 impietate,
1049 3063 1101 3114 et
1120 3059 1184 3116 de
1206 3058 1377 3114 Cham
1403 3067 1456 3115 et
1478 3060 1709 3115 Balaam
1734 3075 1873 3131 praa-
1980 3059 2151 3116 XVII.
2186 3061 2259 3116 De
2286 3059 2600 3131 differentia
2620 3064 3023 3132 negotiatorum
3040 3068 3235 3123 saeculi
3252 3072 3303 3124 et
3323 3085 3511 3128 eorum
3539 3089 3635 3145 qui

294 3147 623 3217 sumptione.
2051 3148 2313 3204 dicuntur
2340 3147 2671 3207 Simoniaci.

218 3234 318 3291 III.
350 3237 426 3290 De
446 3242 667 3307 peccato
697 3235 869 3293 Chore
913 3241 965 3294 et
1012 3239 1305 3309 fautorum
1347 3238 1465 3310 ejus
1506 3244 1665 3309 atque
1706 3253 1872 3309 pana
1906 3306 1943 3320 ﬂ
1980 3237 2179 3294 XVIII.
2212 3240 2287 3295 De
2314 3254 2377 3294 eo
2419 3239 2560 3311 quod
2604 3241 2855 3297 carnales
2900 3244 3160 3302 Ecclesiae
3204 3248 3325 3303 sine
3370 3250 3480 3320 ﬁde
3524 3268 3635 3307 non

293 3306 501 3380 eorum.
1012 3306 1021 3309 Ἴ
1369 3306 1382 3310 ⁷
1570 3306 1587 3309 -
1706 3306 1721 3309 -
1900 3306 1945 3373 C
2051 3329 2165 3383 sint
2203 3328 2384 3384 instar
2425 3306 2615 3385 Ruben
2660 3336 2712 3385 et
2762 3329 2892 3400 Cad,
2924 3339 2976 3387 et
3002 3332 3252 3393 dimidia
3300 3306 3478 3396 tribus
3524 3306 3633 3397 Ma;

220 3411 313 3468 IV.
344 3414 420 3470 De
446 3414 607 3485 vulgo
635 3417 855 3487 sequaci
874 3423 1357 3489 presumptorum,
1390 3421 1441 3472 et
1469 3416 1535 3472 de
1562 3416 1877 3489 differentia
2055 3432 2235 3471 nasse.

288 3502 407 3557 veri
432 3506 484 3558 et
509 3502 650 3573 falsi
674 3504 991 3560 sacerdotii.

222 3592 294 3646 V.
326 3594 411 3647 De
436 3594 638 3650 Iamne
679 3595 729 3647 et
758 3591 1015 3664 Humbre,
1045 3594 1242 3665 quibus
1266 3595 1476 3665 pejores
1520 3598 1647 3649 sunt
1694 3594 1875 3649 Simo-

295 3694 468 3733 niact.

221 3766 318 3825 VI.
357 3767 455 3825 Ubi
472 3767 837 3825 admonentur
857 3768 1162 3824 Christiani
1190 3771 1365 3825 vitare
1384 3770 1879 3841 supplantationem

300 3856 706 3924 hareticorum,
765 3872 999 3929 quorum
1053 3857 1196 3912 inibi
1249 3858 1462 3912 malum
1515 3866 1676 3929 atque
1716 3875 1878 3931 paena

299 3961 490 4003 eorum
516 3945 835 4003 ostenditur.

222 4031 349 4090 VII.
380 4035 456 4091 De
472 4033 835 4092 damnatione
856 4034 979 4106 ﬁcte
997 4036 1355 4107 quaerentium
1378 4036 1547 4091 Deum
1567 4038 1666 4092 sub
1690 4052 1875 4093 exem-

290 4123 386 4195 plo
412 4123 650 4182 Ananiae
676 4131 729 4180 et
758 4123 1033 4197 Saphiree.

219 4209 371 4268 VIII.
403 4213 479 4268 De
504 4229 565 4270 eo
592 4213 734 4286 quod
761 4229 873 4270 non
899 4214 1078 4271 solum
1102 4212 1427 4282 vovendum,
1446 4213 1537 4269 sed
1560 4217 1613 4270 et
1642 4214 1875 4271 redden-

294 4301 427 4357 dum
452 4304 527 4359 sit
554 4304 801 4360 Domino.

217 4390 309 4448 IX.
343 4389 492 4460 Quod
514 4392 754 4464 Spiritus
782 4400 1002 4450 sanctus
1022 4393 1283 4463 ﬁdelibus
1311 4396 1589 4464 appareat,
1624 4393 1871 4466 inﬁdeles

292 4486 476 4534 autem
505 4479 693 4552 lateat,
724 4498 759 4537 a
787 4483 982 4555 quibus
1011 4498 1112 4538 nec
1137 4484 1430 4555 queritur.

217 4567 288 4623 Χ.
320 4567 395 4622 De
420 4581 669 4624 excessus
704 4585 892 4627 eorum
935 4571 1259 4645 differentia
1303 4573 1401 4643 qui
1443 4582 1609 4643 super
1659 4572 1869 4643 funda-

293 4657 540 4711 mentum
581 4655 785 4714 Christi
828 4660 1093 4717 excedunt
1130 4664 1181 4716 et
1214 4675 1403 4716 eorum
1444 4661 1543 4731 qui
1585 4660 1706 4717 sine
1754 4662 1869 4732 eius
1897 4678 1945 4743 D

292 4744 667 4818 fundamento.

218 4834 314 4892 XI.
348 4835 502 4905 Quod
524 4834 737 4893 vitandi
775 4838 885 4893 sint
913 4835 1164 4894 haeretici
1190 4838 1439 4909 exemplo
1470 4839 1790 4910 viperarum
1818 4844 1870 4896 et

290 4925 461 4984 male
486 4926 719 4983 arboris.

216 5014 340 5072 XII.
375 5014 525 5084 Quod
547 5015 847 5089 plusquam
887 5015 1096 5087 viperae
1121 5015 1351 5072 cavendi
1374 5018 1489 5074 sint
1516 5017 1781 5086 hxretici,
1815 5022 1869 5074 et

292 5102 357 5159 de
378 5108 582 5161 natura
612 5108 665 5160 et
692 5113 819 5178 typo
848 5119 1059 5161 earum.

215 5190 364 5249 XIII.
394 5192 643 5260 Qualiter
670 5195 877 5267 viperae
903 5193 1233 5249 conveniant
1266 5194 1615 5254 Simoniacis.

218 5277 365 5335 XIV.
399 5279 549 5348 Quod
575 5284 742 5339 unius
771 5281 923 5340 modi
948 5284 1063 5339 sint
1105 5281 1449 5339 subversores
1495 5290 1864 5342 sacramento-

287 5383 418 5422 rum
459 5372 511 5424 et
549 5372 835 5428 verborum
879 5370 1101 5441 Christi,
1128 5378 1181 5428 et
1208 5371 1348 5442 quod
1393 5388 1491 5428 nec
1532 5381 1722 5445 petant
1767 5391 1867 5431 nec

288 5456 587 5529 impetrant
617 5458 690 5516 ab
716 5476 798 5518 eo.

214 5544 334 5604 XV.
369 5546 615 5616 Qualiter
646 5566 682 5608 a
708 5551 1034 5626 quibusdam
1053 5551 1221 5626 juxta
1249 5549 1506 5623 quaedam
1532 5567 1642 5609 non
1672 5552 1864 5610 audia-

286 5639 380 5696 tur
406 5645 459 5697 et
478 5638 645 5710 juxta
672 5643 925 5719 quaedam
953 5641 1213 5704 audiatur
1239 5639 1519 5699 Dominus.

1985 3503 2126 3559 XIX.
2156 3505 2232 3560 De
2286 3520 2346 3560 eo
2404 3504 2545 3577 quod
2595 3505 2900 3563 Simoniaci
2953 3526 2989 3564 a
3052 3510 3259 3567 Salana
3320 3516 3636 3584 pervadun-

2054 3596 2149 3646 tur
2174 3593 2422 3663 exemplo
2466 3591 2619 3648 Iuda
2661 3594 3031 3664 proditionem
3057 3600 3280 3655 Domini
3307 3603 3633 3671 aggredien-

2057 3680 2145 3733 tis.

1985 3764 2099 3821 XX.
2134 3767 2272 3834 Quot
2299 3766 2780 3824 maledictionibus
2824 3786 2947 3826 cum
2983 3772 3128 3828 Juda
3156 3773 3462 3834 Simoniaci
3505 3781 3634 3836 sub-

2046 3855 2290 3925 jaceant,
2322 3862 2372 3911 et
2400 3855 2638 3927 qualiter
2664 3872 2880 3913 omnem
2909 3860 3207 3917 Ecclesium
3235 3864 3488 3922 vendant.

1984 3940 2126 3998 XXI.
2157 3943 2233 3997 De
2268 3958 2328 3999 eo
2371 3944 2512 4017 quod
2539 3960 2649 4001 non
2674 3948 2850 4017 prosit
2880 3946 3210 4006 Simonideis
3238 3954 3635 4030 qualiscurfque

2053 4046 2241 4088 eorum
2270 4032 2628 4104 eleemosyna.

1984 4119 2152 4177 XXII.
2200 4120 2340 4190 Quid
2388 4122 2575 4193 vulpes
2622 4122 2957 4184 Simoniacae
3007 4127 3221 4197 faciant
3273 4132 3357 4187 vel
3406 4136 3631 4205 patian-

2054 4218 2163 4266 tur.

1980 4299 2174 4355 XXIII.
2205 4300 2483 4370 Allegoria
2513 4300 2578 4357 de
2606 4302 2860 4369 vulpibus
2888 4322 2922 4360 a
2951 4304 3209 4365 Samsone
3238 4313 3428 4382 captis.

1981 4388 2171 4444 XXIV.
2208 4389 2438 4445 Collatia
2467 4393 2686 4446 actuum
2713 4391 2870 4450 Iuda:
2896 4398 2949 4450 et
2978 4395 3435 4456 Simoniacorum.

1977 4477 2141 4533 XXV.
2173 4478 2248 4534 De
2273 4495 2334 4534 eo
2363 4479 2502 4552 quod
2547 4479 2725 4538 ludas
2769 4483 2890 4539 sine
2935 4483 3040 4554 fide
3087 4488 3360 4561 paenituit,
3392 4495 3444 4545 et
3490 4494 3630 4566 quod

2047 4570 2441 4625 consentientes
2482 4569 2828 4641 principibus
2876 4573 3217 4631 sacerdotum
3260 4578 3367 4649 ﬁde
3418 4583 3630 4651 privati

2046 4660 2195 4712 sunt.

1974 4745 2166 4801 XXVI.
2200 4745 2350 4815 Quod
2377 4746 2463 4801 nil
2489 4748 2605 4803 nisi
2630 4748 3038 4807 damnationem
3065 4768 3101 4807 a
3125 4754 3453 4812 Simonideis
3481 4761 3625 4815 acci-

2046 4836 2208 4907 piant
2233 4837 2403 4890 etiam
2425 4837 2599 4903 gratis
2644 4836 2907 4903 ordinati,
2939 4847 2990 4895 et
3035 4840 3176 4912 quod
3216 4842 3365 4899 idola
3406 4846 3625 4915 faciant

2041 4940 2145 4996 pro
2177 4923 2387 4979 Christo
2415 4922 2660 4979 adorari.

1974 5011 2192 5069 XXVII.
2225 5012 2505 5069 Sententia
2545 5014 2724 5068 sancti
2769 5013 3068 5086 Augustini
3095 5034 3205 5089 qua
3231 5034 3418 5077 omnes
3444 5022 3619 5081 haere-

2047 5104 2150 5158 tici
2173 5102 2572 5158 convincuntur
2604 5117 2809 5172 negare
2850 5105 3034 5160 Iesum
3065 5105 3341 5164 Christum
3369 5111 3427 5167 in
3457 5128 3624 5170 carne

2044 5207 2273 5247 υεηιεδσ.

1974 5281 2220 5337 XXVIII.
2252 5281 2384 5335 Item
2414 5280 2571 5351 cujus
2597 5294 2785 5350 supra,
2818 5280 2883 5337 de
2906 5297 2967 5339 eo
2995 5283 3135 5354 quod
3163 5283 3411 5344 haeretici
3438 5288 3620 5361 Spiri-

2044 5375 2163 5426 tum
2203 5376 2454 5425 sanctum
2480 5383 2593 5424 non
2620 5368 2838 5437 habent,
2870 5374 3120 5444 quamvis
3148 5376 3394 5433 visibilia
3434 5394 3619 5435 sacra-

2043 5461 2234 5514 menta
2262 5458 2515 5515 habeant.

1972 5546 2168 5606 XXIX.
2197 5549 2332 5604 Item
2371 5546 2528 5618 cujus
2557 5550 2611 5603 et
2637 5546 2782 5605 unde
2826 5565 2996 5623 supra
3024 5554 3086 5609 in
3132 5570 3237 5628 quo
3281 5556 3622 5629 cognoscitur

2045 5637 2286 5712 Spiritus
2314 5636 2433 5694 Dei.
