4004 6210
390 266 546 335 1055

1450 268 1863 337 HUMBER’I‘I
1908 267 1975 336 S.
2022 268 2099 333 Β.

2128 267 2214 335 .-E.
2259 270 2732 342 CARDINALIS
3634 277 3841 351 «1058

387 406 545 463 ΧΧΧ.
599 405 992 478 Recapitulatio
1042 406 1454 477 prtemissorum
1511 406 1800 462 verborum
1853 404 2033 461 sancti
2057 403 2113 471 Α
2142 404 2432 464 XXXVIII.
2464 410 2855 483 Recapitulatio
2904 415 3201 487 praemissae
3240 417 3531 478 sententiae
3557 434 3631 477 ex
3663 421 3833 495 Apo-

454 497 769 567 Augustini.

382 585 568 641 XXXI.
601 585 679 639 De
704 583 924 639 malitia
952 582 1409 649 Simoniacorum,
1442 588 1493 638 et
1517 583 1658 655 quod
1682 584 1893 655 pejores
1919 586 2037 638 sint

450 672 776 739 latronibus,
812 675 860 726 et
892 673 1014 726 sine
1042 672 1234 743 aliqua
1264 672 1372 742 ﬁde
1399 673 1517 727 Dei.

376 760 589 817 XXXII.
626 761 876 829 Qualiter
906 760 1154 817 haeretici
1180 779 1214 816 a
1244 763 1348 817 Deo
1375 763 1716 833 fornicantes
1744 762 1957 832 faciant
1984 768 2035 815 et

451 851 590 906 alios
619 852 911 922 fornicari.

377 938 619 993 XXXIII.
677 944 754 993 De
807 938 1175 995 diminutione
1229 940 1493 996 Ecclesiae
1546 948 1597 995 et
1651 940 2034 995 hwreticorum

447 1028 919 1099 multiplicatione.

372 1115 612 1173 XXXIV.
649 1118 859 1186 Quanto
883 1118 1303 1189 perniciosiores
1331 1118 1590 1173 omnibus
1620 1117 1896 1173 haereticis
1920 1119 2032 1173 sint

443 1207 774 1261 Simoniaci.

370 1294 582 1351 XXXV.
616 1296 689 1350 De
718 1297 1009 1351 nativitate
1045 1299 1095 1351 et
1130 1298 1457 1352 incremento
1484 1296 1812 1351 Simoniarae
1851 1294 2027 1351 luere-

438 1401 571 1440 8803.

367 1472 601 1528 XXXVI.
637 1474 882 1542 Qualiter
929 1474 1233 1528 Simoniaci
1264 1489 1373 1528 non
1402 1474 1579 1529 solum
1614 1488 1699 1527 res
1751 1472 2025 1537 Ecclesiae,

435 1561 527 1617 sed
587 1563 728 1634 ipsos
779 1578 990 1635 quoque
1032 1564 1311 1635 principes
1365 1578 1486 1618 cum
1531 1562 1752 1632 populis
1804 1561 2027 1615 diabolo

436 1650 697 1707 vendunt.

2213 496 2408 552 calusi.

2213 514 2299 551 cat
2339 514 2408 552 si.

2144 514 2377 641 XXXIyX.
2411 590 2545 657 Quae
2571 590 2685 646 sint
2713 592 2874 662 signa
2901 601 2952 648 et
2975 594 3235 665 prodigia
3265 595 3695 655 catholicorum.

2144 672 2250 728 XL.
2287 676 2422 744 Qum
2447 678 2557 733 sint
2584 680 2746 750 signa
2772 689 2824 736 et
2847 682 3101 755 prodigia
3133 684 3546 742 hereticorum.

2145 760 2283 818 XLI.
2318 764 2390 819 De
2417 767 2627 823 saevitia
2656 769 2819 839 huius
2860 771 3040 827 bestia
3068 781 3122 831 et
3145 771 3212 828 de
3247 774 3564 832 charactere
3595 776 3832 835 Christi

2213 856 2265 906 et
2295 852 2637 912 Antichristi.

2140 937 2303 995 XLII.
2336 943 2411 997 De
2439 947 2868 1014 negotiatoribus
2899 949 3104 1006 Christi
3129 955 3179 1007 et
3207 954 3552 1010 Antichristi.

2139 1026 2332 1084 XLIII.
2367 1032 2479 1099 Quo
2507 1034 2818 1093 charactere
2860 1037 3164 1095 Simoniaei
3198 1047 3502 1099 noscantur
3531 1061 3645 1101 esse
3685 1046 3816 1101 An-

2210 1118 2465 1177 tichristi.

2137 1204 2322 1262 XLIV.
2356 1210 2637 1278 Quantum
2671 1215 2784 1270 sint
2830 1217 2917 1272 rei
2962 1218 3219 1276 Ecclesiae
3264 1220 3588 1287 Simoniaci,
3637 1227 3691 1280 et
3739 1222 3813 1278 de

2208 1313 2439 1353 numero
2467 1302 2706 1358 nominis
2738 1304 2970 1361 Christi.

2135 1382 2300 1438 XLV.
2336 1387 2408 1442 De
2437 1405 2663 1445 numero
2690 1394 2932 1449 nominis
2962 1395 3307 1453 Antichristi.

2136 1470 2322 1529 XLVI.
2359 1475 2606 1543 Qualiter
2634 1478 2868 1537 Satanas
2901 1485 3201 1555 profanam
3245 1487 3562 1545 Trinitatem
3591 1494 3802 1543 contra

2208 1561 2455 1619 divinam
2484 1572 2746 1624 exstruat.

2135 1648 2353 1706 XLVII.
2390 1655 2539 1722 Quod
2582 1658 2730 1714 nihil
2772 1663 2946 1733 prosit
2975 1662 3248 1720 hareticis
3280 1680 3377 1721 nec
3422 1664 3492 1720 ad
3536 1664 3663 1735 ﬁdei
3692 1678 3807 1720 nec

364 1739 631 1796 XXXVII.
668 1741 739 1795 De
765 1741 1149 1796 inaestimabili
1193 1743 1438 1813 nequitia
1491 1739 1757 1798 hwreseos
1785 1741 1837 1794 et
1868 1739 2025 1810 quali
2050 1766 2099 1832 Β
2207 1739 2279 1832 ad
2307 1742 2505 1800 salutis
2546 1748 2814 1820 effectum,
2846 1753 3066 1807 etiamsi
3104 1753 3407 1823 grandibus
3453 1754 3671 1810 vocibus
3699 1768 3805 1808 ca-

437 1830 617 1885 beslia:
646 1829 703 1884 in
732 1830 1063 1902 Apocalypsi
1089 1834 1457 1901 comparetur.

2199 1828 2461 1888 thoticum
2490 1834 2777 1895 decantent
2802 1841 3129 1911 symbolum.

2644 1927 2965 1999 Expliciunt
2999 1929 3257 2001 capitula.

1308 2110 1715 2197 INCIPIT
1777 2107 2121 2195 LIBER
2182 2109 2821 2202 SECUNDUS.

890 2261 1118 2318 CAPUT
1168 2258 1472 2317 PRIMUM.

432 2352 573 2422 Quid
605 2353 787 2408 beatus
819 2356 1010 2423 Petrus
1036 2352 1309 2423 apostolus
1331 2352 1526 2421 suique
1554 2348 1852 2421 coapostali
1879 2346 1945 2401 de

893 2422 1168 2479 haereticis
1205 2424 1494 2477 senserint.

430 2529 717 2602 Principis
738 2528 1137 2601 apostolorum
1160 2528 1409 2600 piissimi
1431 2526 1689 2583 Simonis
1712 2524 1864 2582 Petri
1892 2539 2020 2579 seu-

360 2619 610 2676 tentiam
626 2621 685 2674 in
700 2618 1120 2690 impiissimum
1137 2618 1431 2673 Simonem
1449 2617 1682 2690 Magum
1697 2614 1818 2671 zelo
1832 2613 2020 2686 ipsius

369 2707 675 2773 columbae,
695 2706 866 2778 cujus
888 2705 1044 2761 filius
1063 2708 1204 2777 erat,
1225 2704 1532 2777 prolatam,
1552 2707 1753 2761 contra
1773 2701 2024 2775 pertina_

359 2812 455 2852 ces
487 2794 936 2850 calumniatores
965 2794 1268 2850 defensum
1292 2792 1375 2848 ire
1402 2810 1505 2867 pro
1527 2797 1698 2865 captu
1736 2785 2021 2864 ingenioli

360 2898 693 2958 aggressus,
728 2882 958 2940 nullum
999 2883 1142 2938 mihi
1186 2883 1382 2955 aptius
1424 2882 1804 2954 principium,
1836 2892 2018 2953 quam

358 2975 535 3067 verba
562 2974 1041 3067 ejusdem,_cujus
1076 2972 1309 3067 egregia
1349 2973 1495 3027 ﬁdes
1531 2988 1637 3067 nec
1670 2970 1882 3026 defecit
1912 2984 2017 3067 nec
2046 3000 2089 3067 α

359 3062 675 3135 aliquando
698 3060 944 3129 deficiet,
960 3078 1089 3117 sum
1111 3060 1684 3127 arbitratus.Quibus
1703 3057 2015 3114 concordes

358 3151 659 3209 sententiae
691 3150 1156 3224 coapostolorum
1198 3150 1327 3220 ejus
1357 3149 1515 3206 velut
1554 3147 2029 3219 subscriptiones

355 3238 814 3311 subjungantur.
839 3238 941 3295 Hic
972 3238 1130 3295 enim
1168 3238 1238 3294 de
1268 3239 1395 3312 ipso
1426 3242 1483 3293 et
1510 3235 1850 3310 hujusmodi
1882 3250 2019 3308 per-

357 3328 491 3384 fidis
550 3332 606 3384 et
663 3326 942 3401 apostatis
990 3328 1051 3383 in
1099 3327 1349 3400 epistola
1386 3345 1494 3384 sua
1535 3325 1793 3383 secunda
1834 3321 2019 3379 latius

352 3417 674 3485 disserens,
706 3418 784 3473 ait
818 3434 831 3472 :
867 3438 895 3468 «
929 3418 1190 3473 Fuerunt
1233 3415 1757 3490 pseudoprophetm
1806 3412 1867 3468 in
1916 3428 2018 3484 po-

352 3505 510 3580 pulo,
543 3506 695 3562 sicut
722 3511 779 3562 et
822 3506 879 3561 in
922 3507 1087 3562 vobis
1138 3510 1311 3562 erunt
1359 3505 1625 3579 magistri
1677 3504 2016 3583 mendaces,

353 3594 453 3668 qui
483 3596 865 3651 introducent
894 3599 1085 3651 sectas
1106 3595 1473 3668 perditionis,
1496 3598 1553 3651 et
1574 3610 1708 3650 eum
1741 3593 1841 3665 qui
1876 3591 2020 3648 emit

354 3700 453 3739 eos
484 3683 799 3739 Dominum
850 3687 1088 3758 negant,
1120 3684 1580 3757 superducenles
1629 3681 2016 3754 sibimetipsis

353 3771 599 3828 celerem
654 3772 1064 3845 perditionem.
1110 3773 1178 3827 Et
1222 3771 1390 3827 multi
1443 3775 1764 3844 sequentur
1812 3787 2013 3827 eorum

353 3860 641 3932 luxurias,
666 3877 768 3934 per
797 3876 947 3935 quos
968 3861 1061 3917 via
1088 3860 1350 3917 veritatis
1380 3859 1848 3933 blasphematur,
1868 3863 1925 3914 et
1953 3859 2012 3914 in

353 3950 595 4007 avaritia
642 3949 793 4007 ﬁctis
839 3950 1033 4007 verbis
1064 3949 1135 4007 de
1161 3949 1328 4005 vobis
1377 3948 1855 4022 negotiabuntur,
1884 3947 2012 4020 qui-

352 4038 464 4096 bus
475 4040 769 4113 judicium
786 4041 909 4111 jam
934 4039 1073 4096 olim
1099 4056 1214 4095 non
1236 4041 1451 4104 cessat,
1466 4040 1523 4093 et
1539 4036 1789 4109 perditio
1809 4052 2011 4092 eorum

268 4198 271 4201 _
352 4140 471 4185 nun
504 4129 785 4184 dormitat
812 4130 890 4199 (ΙΙ
914 4131 1063 4185 Petr.
1098 4145 1161 4198 II,
1190 4127 1330 4198 1-3).
1359 4149 1386 4176 ››
1410 4127 1481 4181 Et
1502 4128 1634 4198 post
1662 4140 1849 4197 pauca
1871 4142 1920 4179 :«
1942 4124 2011 4179 Hi

351 4216 510 4272 velut
536 4217 960 4273 irrationabilia
981 4232 1191 4290 pecora
1213 4213 1558 4270 naturaliter
1587 4214 1648 4268 in
1680 4213 2010 4287 captionem

352 4310 410 4360 et
439 4306 499 4361 in
531 4305 843 4378 perniciem
879 4306 937 4361 in
966 4306 1060 4361 bis
1085 4320 1210 4377 quae
1232 4304 1505 4376 ignorant
1524 4301 2009 4374 blasphemantes

2124 2258 2477 2333 refugientes
2507 2263 3007 2335 coinquinationes
3024 2265 3230 2320 mundi
3261 2263 3321 2321 in
3353 2263 3653 2338 agnitione
3671 2270 3800 2323 Do-

2126 2348 2270 2403 mini
2301 2352 2505 2419 nostri,
2530 2356 2591 2407 et
2619 2352 2935 2417 Salvatoris
2962 2354 3106 2410 Jesu
3138 2351 3375 2422 Christi,
3409 2353 3502 2409 his
3561 2358 3783 2412 rursus

2127 2436 2409 2509 implicati
2468 2446 2866 2512 superantur:
2914 2444 3068 2498 facta
3124 2446 3264 2499 sunt
3318 2441 3402 2497 eis
3460 2444 3793 2514 posteriora

2128 2525 2417 2583 deteriora
2474 2528 2790 2600 prioribus.
2842 2530 3053 2587 Melius
3107 2531 3265 2586 enim
3318 2534 3442 2587 erat
3497 2530 3615 2587 illis
3665 2549 3788 2588 non

2129 2628 2478 2685 cognossem
2501 2616 2655 2672 viam
2678 2618 2942 2689 justitiie,
2971 2635 3149 2691 quam
3177 2622 3309 2691 post
3333 2619 3592 2690 agnitam
3623 2624 3787 2677 retro

2130 2704 2387 2759 converti
2426 2704 2498 2760 ab
2549 2720 2615 2761 eo
2662 2702 2818 2778 quod
2862 2707 3145 2763 traditum
3192 2711 3282 2763 est
3336 2706 3454 2763 illis
3512 2712 3784 2765 sanetum

2132 2792 2499 2850 mandatum.
2532 2794 2788 2868 Contigit
2814 2795 2970 2851 enim
3001 2795 3117 2851 illis
3155 2794 3301 2851 illud
3332 2794 3450 2851 veri
3492 2796 3785 2868 proverbii

2131 2880 2312 2950 (Prov.
2345 2900 2542 2954 xxvm,
2577 2884 2702 2957 12):
2737 2907 2767 2935 «
2808 2884 2978 2940 Canis
3021 2901 3285 2941 reversus
3334 2884 3405 2940 ad
3458 2902 3632 2940 suum
3678 2902 3785 2941 vo-

2130 2969 2366 3039 mitum,
2412 2976 2469 3027 et
2513 2989 2617 3029 sus
2668 2972 2787 3030 lota
2829 2972 2889 3029 in
2933 2972 3237 3030 volutabro
3287 2973 3397 3029 luti
3428 2975 3503 3042 (II
3526 2970 3677 3029 Petr.
3714 2992 3781 3043 ιι,

2129 3059 2244 3131 22.)
2265 3080 2294 3110 ››
2327 3059 2511 3116 Judas
2543 3078 2774 3134 quoque
2803 3061 3102 3134 apostolus
3131 3061 3202 3118 de
3240 3061 3457 3118 talibus
3486 3078 3592 3119 nos
3621 3078 3782 3118 com-

2129 3162 2396 3217 moneas,
2429 3148 2511 3204 ait
2537 3166 2551 3204 :
2577 3173 2606 3201 «
2637 3150 3059 3207 Subintroeunt
3088 3150 3329 3224 quidam
3361 3151 3649 3218 homines,
3674 3152 3780 3224 qui

2128 3234 2268 3291 olim
2314 3238 2623 3310 proscripti
2671 3242 2814 3295 sunt
2860 3239 2920 3294 in
2966 3239 3077 3296 hoc
3113 3237 3406 3312 judicium
3455 3239 3642 3313 impii,
3675 3239 3780 3296 Dei

2128 3325 2311 3380 nostri
2341 3326 2590 3399 gratiam
2615 3328 3034 3384 transferentes
3063 3328 3125 3383 in
3151 3327 3469 3396 luxuriam,
3497 3332 3555 3385 et
3584 3327 3775 3392 selum

2125 3412 2559 3471 Dominatorem
2591 3419 2649 3471 et
2694 3415 3007 3472 Dominum
3039 3421 3308 3473 nostrum
3352 3417 3557 3473 Jesum
3606 3416 3777 3473 Chri-

2127 3506 2285 3558 stum
2317 3506 2597 3577 negantes
2626 3504 2771 3576 (Jud.
2804 3506 2880 3577 4).
2908 3506 2978 3561 Et
3014 3509 3147 3578 post
3187 3523 3374 3578 pauca
3402 3523 3415 3562 :
3442 3528 3471 3556 «
3504 3505 3598 3562 Va:
3630 3504 3772 3577 illis,

2126 3591 2229 3665 qui
2253 3592 2347 3648 via
2376 3592 2519 3648 Cain
2566 3593 2856 3662 abierunt,
2886 3601 2946 3650 et
2983 3609 3175 3651 errore
3221 3593 3459 3650 Balaam
3509 3594 3775 3652 mercede

2123 3682 2292 3738 etl'usi
2325 3685 2482 3750 sunt,
2533 3687 2592 3738 et
2633 3683 3094 3740 contradictione
3122 3682 3305 3739 Chore
3354 3683 3672 3756 perierunt.
3706 3684 3773 3741 Hi

2125 3775 2264 3827 sunt
2307 3771 2368 3826 in
2411 3770 2600 3844 epulis
2645 3772 2770 3829 suis
2801 3769 3067 3842 maculae,
3098 3772 3472 3829 convivantes
3523 3772 3651 3829 sine
3698 3772 3774 3829 ti-

2124 3872 2304 3925 more,
2329 3859 2676 3932 sem'etipsos
2708 3862 3015 3932 paScentes
3040 3877 3052 3916 :
3079 3860 3264 3916 nubes
3292 3858 3421 3916 sine
3454 3874 3628 3933 aqua,
3649 3877 3772 3934 quae

2123 3964 2159 4003 a
2186 3947 2373 4004 ventis
2423 3947 2941 4017 circumferuntur;
2974 3949 3213 4006 arbores
3263 3948 3655 4017 autumnales,
3688 3950 3773 4005 in-

2122 4033 2455 4104 fructuosae,
2488 4036 2580 4093 bis
2612 4042 2876 4105 mortuae,
2905 4036 3237 4107 eradicataa;
3270 4038 3486 4094 ﬂuctus
3514 4038 3616 4097 feri
3649 4054 3769 4094 ma-

2121 4126 2224 4195 ris,
2244 4127 2661 4199 despumantes
2682 4143 2821 4183 suas
2850 4126 3252 4196 confusiones;
3278 4127 3475 4183 sidera
3496 4126 3769 4193 errantia,

2121 4215 2337 4288 quibus
2358 4214 2611 4288 procella
2629 4216 3003 4272 tenebrarum
3030 4215 3090 4271 in
3112 4220 3395 4272 aeternum
3419 4219 3647 4272 servata
3667 4216 3771 4271 est.

2120 4303 2492 4378 PrOphetavit
2531 4307 2749 4373 autem,
2777 4307 2836 4361 et
2880 4305 2953 4363 de
2995 4304 3088 4360 his
3137 4304 3429 4377 septimus
3478 4305 3549 4361 ab
3595 4304 3772 4361 Adam

354 4394 412 4449 in
446 4395 814 4467 corruptione
863 4413 973 4452 sua
1016 4393 1309 4467 peribunt,
1352 4388 1739 4465 percipientes
1787 4408 2005 4448 merce-
2036 4369 2085 4434 D
2115 4392 2311 4451 Enoch
2343 4393 2580 4449 dicens:
2606 4392 2749 4449 Ecce
2769 4392 2931 4449 venit
2953 4393 3242 4449 Dominus
3269 4392 3328 4449 in
3354 4392 3578 4450 sanctis
3611 4392 3771 4448 milli-

353 4483 485 4538 dem
534 4484 932 4554 injustitiaa....
985 4480 1348 4538 Pellicientes
1401 4480 1630 4537 animas
1676 4480 2003 4548 instabiles,

353 4586 454 4628 cor
481 4571 793 4628 excitantis
814 4571 1063 4627 avaritiae
1086 4569 1391 4634 habentes,
1415 4568 1849 4626 maledictionis
1872 4568 1976 4625 filii
2002 4603 2015 4642 ε

353 4661 825 4733 derelinquentes
846 4663 1064 4716 rectam
1081 4658 1238 4713 viam
1261 4662 1626 4726 erraverunt,
1647 4658 1833 4715 secuti
1864 4659 2018 4715 viam

353 4750 591 4806 Balaam
625 4766 694 4805 ex
714 4749 914 4814 Bosor,
934 4748 1031 4819 qui
1060 4746 1383 4802 mercedem
1416 4746 1745 4820 iniquitatis
1775 4748 2012 4809 amavit.

353 4837 790 4910 Correptionem
815 4841 1012 4893 autem
1033 4835 1238 4891 habuit
1262 4852 1381 4892 suae
1402 4836 1648 4892 vesaniae
1671 4853 1685 4892 :
1707 4837 1839 4909 subj
1849 4839 2017 4911 ugale

352 4933 607 4995 mutum,
644 4926 798 4998 quod
830 4926 888 4980 in
920 4924 1179 4979 hominis
1230 4940 1367 4979 voce
1416 4923 1665 4996 loquens
1713 4925 2017 4997 prohibuit

353 5016 649 5089 prophetae
682 5012 1100 5086 insipientiam.
1131 5011 1196 5067 Bi
1230 5017 1371 5069 sunt
1393 5013 1581 5069 fontes
1612 5013 1738 5069 sine
1759 5031 1933 5086 aqua,
1959 5021 2017 5073 et

355 5102 583 5161 nebulae
604 5102 943 5158 turbinibus
965 5100 1284 5173 exagitatae,
1308 5100 1524 5172 quibus
1550 5101 1735 5174 caligo
1755 5104 2016 5161 tenebra-

356 5209 489 5248 rum
523 5195 877 5247 reservatur.
895 5190 1159 5262 Superba
1187 5188 1344 5244 enim
1375 5189 1653 5246 vanitatis
1685 5190 2011 5264 loquentes,

355 5279 607 5336 illiciunt
623 5280 681 5334 in
697 5279 1001 5336 desideriis
1016 5276 1209 5333 carnis
1225 5276 1465 5332 luxurias
1478 5294 1577 5333 eos
1590 5279 1690 5350 qui
1708 5278 2012 5350 paululum

356 5367 572 5441 effugiu
584 5368 771 5439 nt,qui
791 5368 849 5423 in
868 5383 1061 5424 errore
1078 5371 1526 5421 conversantur:
1550 5365 1880 5424 libertatem
1898 5370 2014 5429 illis

358 5455 787 5525 promittentes,
802 5473 934 5512 cum
959 5453 1069 5527 ipsi
1089 5454 1235 5508 servi
1261 5452 1378 5509 sint
1398 5454 1819 5527 corruptionis;
1845 5476 1878 5514 a
1898 5477 2013 5532 quo

360 5542 516 5599 enim
534 5540 666 5624 quis
688 5544 1123 5614 superatusest,
1136 5538 1315 5611 hujus
1335 5545 1391 5596 et
1407 5556 1611 5598 servus
1627 5547 1735 5599 est.
1778 5545 1839 5602 Si
1855 5549 2013 5608 enim

2116 4484 2229 4539 bus
2260 4481 2385 4539 suis
2418 4482 2605 4558 facere
2627 4480 2922 4555 judicium
2955 4486 3160 4539 contra
3190 4490 3417 4550 omnes,
3452 4485 3510 4538 et
3540 4497 3772 4555 arguere

2129 4588 2333 4628 omnes
2364 4571 2578 4644 impios
2605 4570 2675 4626 de
2705 4571 2981 4627 omnibus
3011 4569 3286 4645 operibus
3336 4569 3655 4643 impietatis
3683 4582 3772 4626 eo-

2126 4676 2282 4725 rum,
2302 4658 2517 4732 quibus
2534 4659 2713 4733 impie
2730 4662 3067 4733 egerunt,et
3082 4661 3154 4717 de
3171 4659 3446 4717 omnibus
3464 4659 3629 4714 duris
3651 4666 3771 4731 quae

2126 4748 2308 4806 locuti
2331 4752 2472 4805 sunt
2489 4753 2692 4805 contra
2713 4764 2848 4805 eum
2872 4752 3206 4822 peccatores
3234 4752 3291 4805 et
3319 4746 3503 4820 Impii.
3536 4746 3607 4801 Hi
3637 4750 3773 4803 sunt

2128 4840 2615 4906 murmuratores,
2654 4835 2965 4908 querelosi,
2998 4837 3319 4893 secundum
3350 4833 3637 4896 desideria
3663 4840 3772 4890 sua

2125 4924 2520 4993 ambulantes,
2547 4929 2605 4980 et
2634 4941 2699 4981 os
2727 4924 2966 4981 illorum
2991 4925 3255 4998 loquitur
3272 4921 3631 4996 superbiam,
3664 4923 3771 4979 mi-

2126 5019 2325 5072 rantes
2374 5024 2656 5086 personas
2709 5019 2964 5085 quaestus
2994 5028 3191 5071 causa.
3222 5010 3340 5069 Vos
3386 5012 3606 5079 autem,
3638 5002 3774 5068 cha-

2124 5102 2368 5174 rissimi,
2401 5118 2692 5158 memores
2744 5105 2927 5158 estote
2974 5103 3307 5170 verborum,
3342 5110 3471 5174 quae
3500 5098 3773 5173 pradi‘cta

2126 5195 2268 5250 sunt
2296 5191 2369 5246 ab
2399 5188 2682 5262 apostolis
2730 5189 2960 5247 Domini
3002 5192 3185 5249 nostri
3233 5191 3267 5247 J
3273 5205 3378 5247 esu
3408 5189 3647 5261 Christi,
3678 5191 3770 5263 qui

2124 5280 2400 5338 dicebant
2426 5276 2614 5344 vobis,
2646 5277 2926 5351 quoniam
2955 5278 3016 5334 in
3046 5276 3367 5336 novissimo
3396 5281 3661 5351 tempore
3687 5293 3771 5336 ve-

2124 5370 2292 5427 nient
2320 5365 2592 5421 illusores
2613 5366 2937 5422 secundum
2968 5384 3076 5424 sua
3094 5368 3387 5424 desideria
3406 5367 3770 5425 ambulantes

2124 5460 2184 5515 in
2218 5455 2601 5526 impietatem.
2636 5455 2708 5509 Hi
2753 5458 2893 5510 sunt
2919 5456 3021 5527 qui
3052 5461 3364 5529 segregant
3406 5457 3769 5529 semetipsos,

2124 5541 2431 5610 animales,
2451 5539 2727 5612 spiritum
2751 5558 2865 5600 non
2888 5543 3318 5602 habentes.Vos
3332 5547 3538 5602 autem
3560 5544 3772 5615 charis-

3944 5446 3952 5519 l
