4004 6210
175 367 346 446 {0M

741 376 1160 446 ADVERSUS
1208 378 1681 446 SIMONIACOS
1727 378 1936 446 LIBRI
1977 378 2541 449 TRES.—LIBER
2586 383 3019 452 SECUNDUS.

3425 384 3581 451 1038

173 513 883 588 rimi,supera3diflcantes
901 515 1289 587 vosmetipsos
1310 517 1691 572 sanctissimae
1733 534 1826 572 ve-
1858 527 1913 593 Α
1942 520 2248 589 quentium
2298 522 2690 588 mendacium,
2730 516 3194 579 'ctcauteriatam
3236 520 3580 577 habentium

174 621 256 658 rae
292 604 447 671 ﬁdei,
472 603 530 658 in
554 603 776 675 Spiritu
826 607 1030 658 sancto
1080 606 1335 670 orantes,
1359 606 1746 677 vosmetipsos
1768 605 1826 659 in

175 692 496 749 dilectione
522 693 747 748 Domini
771 698 1015 760 servate,
1050 696 1450 764 exspectantes
1501 694 1826 749 misericor-

176 782 343 837 diam
367 781 467 837 Dei
488 781 675 837 nostri
711 782 851 837 Jesu
872 781 1084 838 Christi
1102 780 1161 836 in
1209 780 1389 837 vitam
1434 785 1729 837 aeternam.
1762 783 1833 837 Et

177 869 293 926 hos
319 870 558 943 quidem
580 870 807 944 arguite
820 870 1180 942 judicantes,
1210 869 1342 926 illos
1360 887 1494 927 vero
1515 869 1732 927 salvete
1761 871 1831 926 de

174 957 318 1031 igne
337 958 631 1031 rapientes
656 984 669 1027 ;
695 958 828 1015 aliis
850 963 1046 1016 autem
1079 957 1440 1015 miseremini
1490 958 1549 1014 in
1597 958 1828 1030 timore,

178 1046 448 1103 odientes
470 1051 526 1103 et
541 1064 692 1115 eam,
717 1064 843 1120 quae
864 1046 1118 1103 carnalis
1139 1051 1247 1114 est,
1283 1046 1635 1104 maculatam
1676 1046 1831 1103 tuni-

178 1150 313 1190 cam
336 1134 486 1208 (Jud.
520 1134 723 1207 lt-25).
749 1135 1046 1192 >>Joannes
1067 1152 1297 1208 quoque
1319 1135 1436 1192 sive
1454 1135 1830 1209 evangelista,

180 1227 249 1278 ut
273 1224 552 1291 creditur,
578 1223 697 1280 sive
720 1224 1022 1297 presbyter
1040 1223 1308 1280 Ecclesize
1331 1224 1562 1297 Ephesi,
1599 1224 1833 1280 cuidam

179 1316 398 1367 sancta:
422 1313 650 1368 feminae
670 1312 933 1368 scribens
950 1312 1125 1374 dicit:
1160 1336 1188 1362 «
1216 1312 1333 1368 Hoc
1356 1317 1445 1369 est
1490 1314 1834 1369 mandatum

178 1400 305 1468 Dei,
331 1406 393 1456 ut
414 1402 914 1472 quemadmodum
937 1402 1185 1457 audistis
1209 1403 1279 1457 ab
1311 1401 1475 1457 initio
1508 1402 1563 1457 in
1597 1419 1661 1457 eo
1711 1419 1836 1458 am-

178 1488 421 1543 buletis.
450 1490 734 1555 Quoniam
759 1489 926 1545 multi
951 1491 1288 1545 seductores
1303 1492 1567 1546 exierunt
1586 1491 1647 1546 in
1673 1508 1840 1545 mun-

180 1577 352 1647 dum,
374 1578 473 1650 qui
498 1596 612 1635 non
645 1580 1003 1635 conﬁtentur
1031 1579 1232 1635 Jesum
1265 1580 1562 1636 Christum
1611 1580 1838 1636 venisse

182 1666 240 1721 in
275 1683 533 1723 carnem.
561 1668 664 1724 Hic
691 1672 781 1724 est
810 1669 1082 1724 seductor
1112 1674 1169 1724 et
1196 1669 1610 1725 Antichristus.
1637 1668 1839 1725 Videte

178 1756 576 1828 vosmetipsos
601 1774 673 1813 ne
705 1758 961 1830 perdatis
993 1775 1119 1829 qua:
1152 1758 1371 1830 operati
1404 1759 1568 1823 estis,
1621 1758 1720 1813 sed
1777 1761 1840 1812 ut

182 1846 513 1901 mercedem
547 1845 777 1918 plenam
810 1846 1130 1918 accipiatis.
1163 1846 1368 1903 Omnis
1406 1847 1504 1919 qui
1538 1846 1754 1902 recedit
1782 1851 1839 1903 et

182 1949 302 1989 non
327 1938 523 1989 manet
542 1934 600 1989 in
622 1933 887 1990 doctrina
908 1935 1131 2000 christi,
1154 1936 1338 1991 Deum
1363 1952 1478 1991 non
1505 1935 1683 1991 habet
1703 1952 1715 1989 :
1735 1935 1836 2008 qui

182 2028 492 2095 permanet
520 2023 579 2078 in
602 2024 886 2093 doctrina,
918 2023 1013 2079 hic
1033 2027 1089 2080 et
1118 2022 1330 2079 Filium
1360 2027 1417 2080 et
1446 2024 1674 2079 Patrem
1734 2024 1835 2081 ha-

182 2112 302 2167 bet.
330 2110 526 2183 Siquis
545 2113 704 2167 venit
728 2114 799 2167 ad
830 2129 929 2167 vos
959 2118 1016 2167 et
1045 2112 1195 2168 hanc
1228 2112 1552 2168 doctrinam
1589 2130 1700 2168 non
1752 2114 1834 2168 af-

186 2200 318 2266 fert,
354 2200 529 2255 nolite
550 2217 684 2255 eum
704 2201 958 2273 recipere
978 2201 1038 2255 in
1061 2202 1325 2270 domum,
1342 2218 1448 2256 nec
1468 2203 1581 2256 Ave
1603 2202 1652 2257 ei
1676 2202 1835 2257 dixe-

188 2286 457 2349 ritis.Qui
482 2288 636 2342 enim
660 2288 903 2342 dicitilli
952 2291 1088 2352 Ave,
1114 2290 1512 2344 communicat
1560 2291 1837 2362 operibus

188 2376 321 2444 ejus
346 2374 615 2447 malignis
637 2376 899 2446 (llloan.,
922 2377 1098 2442 640).
1127 2400 1153 2426 ››
1175 2378 1319 2432 Hinc
1341 2378 1515 2433 etiam
1539 2379 1634 2432 ille
1661 2377 1837 2432 mini-

188 2480 328 2519 mus
346 2463 741 2536 apostolorum
765 2464 1083 2539 vocatione,
1104 2466 1394 2521 maximus
1421 2473 1614 2521 autem
1641 2468 1839 2538 praedi-

187 2552 420 2608 catione
440 2555 497 2608 et
512 2552 847 2625 operatione
869 2552 1107 2621 Paulus,
1127 2553 1361 2610 Galatas
1388 2573 1422 2609 a
1442 2557 1838 2627 pseudoapos-

188 2640 328 2697 telis
349 2640 667 2697 fascinatos
689 2640 1213 2711 deterret,dicens:
1266 2664 1295 2694 ‹‹
1343 2643 1519 2698 Miror
1555 2644 1711 2717 quod
1754 2644 1840 2699 sic

185 2734 311 2786 tam
339 2729 453 2786 cito
496 2730 922 2786 transferimini
953 2731 1025 2786 ab
1051 2746 1138 2799 eo,
1157 2730 1256 2804 qui
1277 2748 1378 2787 vos
1393 2731 1685 2788 vocavitin
1708 2749 1839 2805 gra-

188 2819 338 2874 tiam
359 2818 682 2895 Christi,in
704 2818 866 2875 aliud
910 2819 1325 2893 Evangelium;
1378 2820 1531 2893 quod
1588 2837 1703 2876 non
1754 2825 1843 2876 est

187 2907 508 2975 aliud,nisi
532 2912 670 2964 sunt
687 2907 868 2981 aliqui
892 2908 992 2983 qui
1013 2925 1114 2965 vos
1154 2909 1522 2977 conturbant,
1544 2915 1601 2965 et
1639 2909 1841 2966 volunt

187 3002 524 3054 convertere
554 2996 933 3070 Evangelium
965 2997 1200 3054 Christi.
1235 2999 1345 3055 Sed
1388 2997 1524 3054 licet
1553 3015 1682 3077 nos,
1740 3003 1843 3054 aut

124 3076 139 3087 ’
185 3085 436 3159 angelus
485 3085 555 3141 de
610 3085 752 3142 coelo
800 3086 1150 3159 evangelizet
1203 3086 1389 3155 vobis,
1450 3089 1839 3159 praeterquam

186 3174 345 3247 quod
380 3173 925 3248 evangelizavimus,
957 3175 1271 3231 anathema
1291 3175 1386 3231 sit.
1440 3176 1600 3232 Sicut
1629 3176 1837 3249 praadi-

1941 606 2354 663 conscientiam
2370 626 2539 664 suam
2563 611 2609 681 (I
2624 609 2869 677 Ti'm.iv,l
2884 611 2920 681 ).
2940 632 2966 658 ››
2986 610 3052 664 Et
3073 613 3202 681 post
3218 610 3412 680 aliqua
3430 610 3584 665 idem

1939 696 2007 751 ad
2027 697 2332 753 eumdem:
2361 720 2387 747 «
2408 697 2466 753 Si
2492 698 2624 770 quis
2647 698 2817 754 aliter
2838 700 3024 767 docet,
3051 703 3106 753 et
3128 715 3240 753 non
3267 699 3588 769 acquiescit

1940 785 2101 840 sanis
2124 786 2493 841 sermonibus
2516 787 2743 842 Domini
2790 786 2971 843 nostri
3023 789 3156 842 .lcsu
3179 786 3411 853 Christi,
3446 791 3500 843 et
3535 786 3588 843 ei

1941 890 2066 945 quae
2088 875 2412 930 secundum
2437 876 2713 947 pietatem
2735 880 2823 930 est
2844 876 3142 944 doctrinm,
3172 876 3464 948 superbus
3494 875 3587 931 ni-

1941 961 2024 1016 hil
2049 962 2259 1028 sciens,
2281 964 2381 1018 sed
2408 962 2693 1036 languens
2716 964 2869 1019 circa
2891 965 3244 1037 quaestiones
3266 968 3323 1020 et
3362 980 3589 1038 pugnas

1940 1052 2270 1118 verborum,
2297 1069 2364 1107 ex
2386 1053 2599 1123 quibus
2613 1053 2883 1108 oriuntur
2901 1053 3150 1118 invidiae,
3188 1054 3589 1109 contentiones

1943 1137 2344 1210 blasphemiae,
2406 1141 2853 1212 superstitiones
2894 1140 3079 1209 malae,
3129 1141 3591 1198 conflictationes

1943 1226 2249 1282 hominum
2275 1233 2466 1283 mente
2487 1234 2918 1300 corruptorum,
2946 1236 3003 1285 et
3026 1229 3123 1302 qui
3143 1230 3380 1286 veritate
3409 1230 3595 1303 priva-

1944 1315 1985 1370 ti
2013 1320 2169 1380 sunt,
2195 1315 2595 1371 existimantes
2617 1322 2907 1388 quaestum
2964 1335 3092 1373 esse
3150 1319 3445 1389 pietatem.
3493 1319 3596 1374 Est

1946 1409 2138 1458 autem
2169 1409 2427 1474 quaastns
2453 1422 2699 1476 magnus
2727 1406 2909 1476 pietas
2931 1423 3061 1459 cum
3088 1406 3459 1461 sufficientia.
3494 1407 3591 1461 Ni-

1936 1482 2027 1547 hil
2052 1492 2206 1547 enim
2232 1493 2541 1547 intulimus
2568 1494 2625 1547 in
2652 1494 2805 1547 hunc
2829 1495 3137 1561 mundum,
3172 1493 3325 1548 haud
3348 1495 3594 1550 dubium

1947 1582 2086 1653 quia
2106 1580 2453 1637 necauferre
2476 1582 2614 1653 quid
2656 1599 3014 1654 possumus;
3068 1582 3350 1637 habentes
3400 1587 3595 1637 autem

1949 1669 2226 1725 alimenta
2262 1674 2318 1725 et
2352 1670 2566 1743 quibus
2614 1675 2901 1742 tegamur,
2944 1670 3037 1725 his
3082 1670 3334 1726 contenti
3386 1669 3594 1725 simus.

1949 1758 2094 1813 Nam
2117 1757 2441 1829 quivolunt
2468 1758 2674 1814 divites
2718 1758 2860 1825 fieri,
2913 1759 3180 1814 incidunt
3219 1759 3274 1813 in
3329 1759 3596 1814 tcntatio-

1950 1863 2106 1914 nem,
2130 1846 2472 1919 etlaqueum
2497 1847 2731 1913 diaboli,
2762 1853 2817 1903 et
2834 1847 3123 1902 desideria
3149 1846 3334 1902 multa
3368 1846 3601 1903 inutilia

1945 1938 2002 1990 et
2021 1934 2221 1989 nociva
2243 1952 2369 2006 quae
2390 1936 2947 2008 mergunthomincs
2971 1936 3029 1989 in
3050 1935 3351 1991 interitum
3379 1941 3437 1991 et
3467 1952 3599 2008 per-

1944 2023 2248 2078 ditionem.
2285 2023 2468 2078 Radix
2499 2024 2764 2078 omnium
2790 2023 3082 2078 malorum
3130 2027 3217 2078 est
3266 2024 3596 2096 cupiditas;

1945 2129 2120 2182 quam
2146 2112 2383 2184 quidam
2405 2117 2742 2184 appetentes
2777 2116 3113 2167 erraverunt
3137 2112 3316 2178 nfide,
3369 2112 3599 2167 etinse-

1947 2204 2191 2255 ruerunt
2214 2217 2272 2255 se
2295 2199 2592 2254 doloribus
2617 2198 2817 2254 multis
2842 2201 2887 2271 (l
2908 2201 3039 2253 Tim.
3064 2216 3139 2263 v1,
3162 2200 3337 2268 3-10).
3362 2224 3381 2251 ι»
3440 2200 3596 2255 Idem

1945 2290 2013 2343 ad
2042 2289 2311 2343 eumdem
2338 2305 2350 2342 :
2377 2311 2402 2337 ‹‹
2432 2288 2555 2341 Noli
2581 2288 3146 2343 verbiscontendere.
3166 2289 3249 2342 Ad
3276 2288 3417 2342 nihil
3440 2289 3596 2344 enim

1949 2377 2089 2432 utile
2107 2383 2214 2441 est,
2246 2377 2354 2431 nisi
2380 2378 2449 2431 ad
2477 2377 2911 2432 subversionem
2964 2377 3348 2432 audientium.
3376 2376 3598 2432 Sollici-

1949 2470 2001 2521 te
2024 2484 2163 2521 cura
2191 2466 2460 2536 teipsum
2505 2465 2863 2537 probabilem
2918 2464 3189 2520 exhibere
3227 2466 3342 2521 Deo
3392 2482 3597 2537 opera-

1948 2554 2100 2608 riuiu
2128 2553 2625 2618 inconl'uslhilcm,
2652 2558 2799 2607 recte
2822 2556 3167 2608 tractantem
3188 2554 3427 2609 verbum
3455 2554 3599 2608 veri-

1947 2642 2369 2699 tatis.Profana
2387 2647 2582 2699 autem
2605 2647 2660 2697 et
2707 2642 3046 2714 vaniloquia
3086 2642 3295 2697 devita.
3348 2643 3599 2698 Multum

1949 2731 2102 2787 enim
2129 2731 2445 2804 proficiunt
2464 2732 2536 2788 ad
2559 2731 2944 2805 impietatem,
2969 2735 3025 2787 et
3046 2748 3237 2787 sermo
3277 2747 3481 2788 eorum
3535 2737 3602 2787 ut

1949 2836 2158 2876 cancer
2178 2821 2466 2892 serpit.Ex
2491 2820 2707 2893 quibus
2727 2823 2816 2877 est
2838 2819 3183 2894 Hymaeneus
3236 2825 3293 2876 et
3337 2820 3600 2877 Philetus

1950 2908 2367 2981 quiaveritate
2401 2909 2753 2979 ceciderunt,
2802 2910 3064 2965 dicentes
3112 2910 3598 2967 resurrectionem

1942 2999 2068 3067 jam
2093 2997 2328 3063 factam,
2353 3002 2411 3053 et
2431 2998 2782 3060 subvertunt
2822 2998 3215 3071 quorumdam
3239 2998 3436 3054 fidem.
3487 2999 3598 3055 Sed

1951 3086 2187 3141 ﬁrmum
2215 3086 2665 3143 fundamentum
2688 3085 2789 3142 Dei
2833 3086 3015 3155 stetit,
3054 3087 3279 3143 habens
3327 3087 3600 3160 signacu-

1950 3173 2216 3230 lumhoc.
2253 3175 2836 3248 CognovitDominus
2858 3176 2955 3247 qui
2976 3176 3277 3247 suntejus,
3311 3181 3369 3231 et
3414 3175 3600 3231 disce-

184 3264 265 3335 xi,
302 3266 361 3321 et
390 3279 547 3319 nune
575 3263 787 3319 iterum
816 3263 1066 3335 praedico
1099 3282 1112 3320 :
1144 3262 1205 3319 Si
1253 3263 1386 3337 quis
1441 3265 1606 3321 vobis
1662 3281 1834 3321 evan-
1866 3252 1909 3320 C
1949 3263 3260 3336 ditabiniquitateomnisquinominatnomen
3277 3264 3599 3321 Domini.ln

186 3351 526 3425 gelizaverit
554 3355 762 3424 praeter
785 3352 843 3407 id
873 3353 1029 3424 quod
1061 3353 1391 3425 accepistis,
1418 3353 1733 3409 anathema
1763 3355 1842 3410 sit

187 3441 331 3513 (Gal.
365 3457 409 3510 ι,
439 3441 568 3512 69).
607 3464 628 3491 ι
664 3441 825 3513 Idem
856 3441 928 3496 ad
954 3440 1352 3514 Fhilippenses
1375 3441 1491 3497 ait:
1527 3465 1554 3492 ‹‹
1586 3441 1839 3506 Quicun-

187 3546 302 3602 que
333 3529 574 3602 perfecti
605 3546 834 3597 sumus,
868 3528 977 3586 hoc
1008 3530 1355 3599 sentiamus,
1389 3534 1447 3585 et
1478 3530 1525 3585 si
1557 3531 1698 3602 quid
1729 3530 1835 3586 ali-

183 3624 273 3675 ter
300 3618 537 3690 sapitis,
560 3620 617 3672 et
646 3617 757 3672 hoc
799 3617 963 3672 vobis
993 3618 1149 3672 Deus
1207 3618 1502 3673 relevabit.
1536 3618 1839 3674 Verumta-

182 3724 319 3763 men
352 3706 428 3763 ad
461 3706 615 3777 quod
647 3704 1039 3777 pervenimus,
1072 3709 1138 3760 ut
1166 3705 1321 3761 idem
1352 3706 1673 3777 sapiamus,
1697 3711 1755 3762 et
1776 3707 1835 3761 in

181 3797 390 3853 eadem
421 3780 874 3867 permaneamus
898 3792 1116 3866 regula.
1142 3793 1469 3849 Imitatores
1492 3794 1605 3850 mei
1628 3798 1835 3863 estote,

181 3885 421 3953 fratres,
451 3886 510 3939 et
538 3882 842 3939 observate
885 3897 1005 3950 eos,
1038 3881 1136 3954 qui
1169 3881 1252 3937 ita
1299 3881 1625 3951 ambulant,
1683 3882 1836 3939 sicut

180 3972 417 4028 habetis
440 3971 689 4027 formam
713 3974 974 4026 nostram
1017 3969 1190 4041 (Phil.
1217 3986 1302 4035 ιιι,
1352 3969 1565 4042 -15-17).
1595 3992 1622 4019 ››
1674 3972 1833 4028 Idem

182 4061 252 4116 ad
277 4060 656 4118 Colossenses
691 4076 704 4114 :
729 4081 757 4110 ‹‹
783 4059 900 4115 Ηοο
928 4058 1077 4133 dico,
1114 4062 1177 4114 ut
1196 4075 1368 4115 nemo
1385 4075 1487 4115 vos
1500 4059 1753 4132 decipiat
1772 4060 1831 4116 in

182 4149 512 4207 subtilitate
533 4164 867 4206 sermsnum
889 4147 1111 4220 (Coloss.
1135 4165 1197 4217 ιι,
1220 4148 1297 4220 Δ).
1318 4170 1346 4199 ››
1379 4152 1446 4203 Et
1465 4152 1598 4221 post
1621 4165 1828 4221 pauca:

184 4261 212 4288 ‹‹
234 4237 440 4295 Videte
460 4255 533 4293 ne
554 4236 687 4310 quis
707 4254 807 4293 vos
845 4235 1099 4309 decipiat
1146 4253 1248 4310 per
1299 4235 1734 4309 philosophiam
1775 4242 1833 4294 et

181 4326 422 4385 inanem
481 4326 793 4393 fallaciam,
837 4325 1164 4382 secundum
1211 4325 1585 4382 traditionem
1633 4325 1826 4382 homi-

184 4433 351 4487 num,
377 4417 700 4472 secundum
722 4414 1011 4471 elementa
1031 4415 1261 4484 mundi,
1290 4419 1347 4470 et
1368 4431 1482 4470 non
1501 4416 1826 4472 secundum

185 4504 484 4560 Christum
506 4503 686 4575 (Ibid.,
708 4505 783 4575 8).
811 4526 838 4554 »
873 4504 1034 4560 Idem
1083 4520 1315 4577 quoque
1354 4504 1424 4560 ad
1449 4503 1831 4561 Thessaloni-

189 4608 421 4648 censes:
447 4614 475 4641 ‹‹
498 4592 553 4646 Si
574 4592 707 4663 quis
728 4610 841 4648 non
863 4593 1059 4649 obedit
1079 4594 1250 4650 verbo
1272 4598 1471 4649 nostro
1496 4609 1600 4665 per
1619 4594 1828 4666 episto-

186 4681 331 4749 lam,
353 4680 509 4735 hunc
526 4683 741 4749 notate,
765 4684 821 4735 et
842 4698 958 4736 non
995 4680 1499 4738 commisceamini
1548 4699 1683 4737 cum
1730 4682 1830 4739 illo

191 4775 257 4826 ut
281 4769 696 4825 confundatur.
719 4768 786 4823 Et
804 4767 983 4824 nolite
1004 4770 1173 4842 quasi
1196 4770 1498 4826 inimicum
1522 4771 1833 4841 azstimare,

188 4860 289 4915 sed
311 4858 652 4933 corrigitent
674 4858 907 4913 fratrem
933 4858 1007 4928 (11
1029 4860 1200 4915 Thess.
1221 4877 1306 4929 III,
1333 4860 1414 4925 l4,
1464 4860 1570 4928 l5).
1598 4882 1625 4909 »
1676 4861 1835 4917 Idem

187 4949 257 5005 ad
274 4949 677 5005 Timotheum:
702 4969 731 4998 «
764 4946 924 5001 Finis
947 4948 1214 5019 praecepti
1235 4953 1325 5004 est
1344 4947 1601 5004 charitas
1621 4949 1692 5005 de
1710 4966 1835 5005 cor-

186 5039 257 5094 de
269 5056 417 5111 puro
439 5045 496 5096 et
520 5036 880 5109 conscientia
899 5036 1070 5106 bona,
1095 5040 1152 5090 et
1176 5036 1290 5092 fide
1322 5049 1436 5092 non
1462 5038 1614 5094 fleta.
1637 5041 1683 5094 A
1704 5039 1834 5112 qui-

183 5127 296 5183 bus
335 5130 582 5200 quidam
631 5129 969 5183 aberrantes
1011 5124 1275 5179 conversi
1320 5131 1461 5182 sunt
1509 5127 1565 5182 in
1608 5128 1832 5185 vanilo-

188 5216 393 5287 quiuin
420 5234 432 5271 :
456 5216 715 5272 volentes
736 5231 863 5271 esse
884 5212 1028 5285 legis
1055 5212 1341 5285 doctores,
1366 5231 1481 5270 non
1506 5216 1829 5290 intelligen-

187 5308 276 5359 tes
293 5318 483 5375 neque
496 5321 621 5376 quae
643 5303 1178 5376 loquuntur,neque
1206 5300 1276 5355 de
1297 5303 1512 5373 quibus
1535 5305 1832 5363 afﬁrmant

191 5394 242 5466 (Ι
260 5394 392 5448 Tim.
424 5391 920 5464 »,5-7).»Etpost
937 5388 1135 5461 aliqua
1185 5388 1341 5444 idem
1387 5392 1457 5447 ad
1507 5396 1780 5451 eumdem
1816 5414 1829 5453 :

194 5503 222 5532 «
243 5481 499 5555 Spiritus
520 5479 830 5536 manifeste
870 5478 1035 5546 dicit,
1057 5475 1197 5551 quia
1240 5477 1300 5533 in
1324 5479 1662 5538 novissimis
1680 5489 1833 5540 tem-

190 5570 434 5642 poribus
445 5569 763 5638 discedent,
783 5568 1021 5641 quidam
1043 5582 1078 5620 a
1098 5565 1602 5634 ﬁde,attendentes
1628 5571 1839 5644 spiriti-

191 5658 301 5719 bus
321 5659 619 5733 erroris,et
637 5656 919 5717 doctrinis
938 5652 1359 5715 daemoniorum
1382 5657 1442 5715 in
1454 5658 1748 5734 hypocrisi
1758 5660 1840 5719 lo-

1949 3369 2163 3426 magna
2178 3357 2373 3408 autem
2393 3352 2565 3408 domo
2583 3369 2696 3408 non
2716 3350 2907 3407 solum
2926 3357 3065 3408 sunt
3080 3369 3218 3409 vasa
3232 3370 3408 3409 aurea
3420 3357 3477 3409 et
3505 3371 3602 3408 ar-

1949 3445 2177 3512 gentea,
2203 3441 2302 3496 sed
2321 3440 2585 3513 etlignea
2605 3444 2662 3495 et
2676 3439 2975 3495 ﬁctilia.Et
2996 3442 3267 3512 quaedam
3290 3442 3525 3513 quidem
3542 3442 3599 3497 in

1950 3529 2528 3600 honorem,quzedam
2542 3532 2737 3583 autem
2760 3528 2818 3582 in
2843 3528 3348 3584 contumeliam.Si
3363 3530 3495 3599 quis
3512 3547 3599 3584 er-

1946 3632 2016 3687 go
2036 3616 2405 3671 mundaverit
2426 3632 2487 3671 se
2500 3615 3035 3679 abistis,eritvasin
3054 3615 3331 3672 honorem
3350 3618 3602 3672 sanctifi-

1946 3702 2310 3768 catum,utilc
2331 3703 2674 3771 Domino,ad
2697 3720 2870 3759 omne
2885 3705 3103 3759 bonum
3129 3707 3451 3776 paratumJ
3464 3722 3603 3761 uve-

1946 3790 2090 3846 nilia
2111 3794 2306 3846 autem
2330 3791 2621 3847 desideria
2671 3791 2824 3863 fuge.
2850 3792 3083 3847 Sectare
3130 3792 3598 3863 verojustitiam,

1946 3878 2145 3946 fidem,
2169 3878 2537 3946 charitatem,
2564 3895 2764 3950 pacem
2793 3895 2926 3934 cum
2945 3879 3037 3935 his
3067 3880 3164 3952 qui
3190 3880 3457 3936 invocant
3489 3882 3598 3938 Do-

1944 3967 2176 4023 minum
2199 3967 2270 4022 de
2295 3967 2466 4022 corde
2489 3984 2656 4039 puro.
2683 3967 2907 4023 Stultas
2928 3973 3127 4023 autem
3148 3972 3207 4024 et
3255 3967 3383 4025 sine
3430 3970 3602 4027 disci-

1942 4055 2092 4129 plica
2115 4055 2467 4128 quaestiones
2489 4056 2700 4124 devita,
2726 4056 2918 4112 sciens
2959 4055 3097 4129 quia
3128 4062 3411 4130 generant
3466 4058 3598 4115 lites

1940 4146 2183 4201 Servum
2206 4148 2406 4199 autem
2422 4143 2655 4200 Domini
2680 4161 2792 4200 non
2816 4144 3409 4219 oportetlitigaro,sed
3433 4164 3599 4202 man-

1940 4238 2176 4290 suetum
2200 4250 2328 4289 esse
2349 4234 2422 4289 ad
2442 4250 2668 4303 omnes,
2719 4233 3052 4303 docibilem,
3081 4235 3418 4307 patientem,
3464 4254 3598 4292 cum

1940 4324 2230 4380 modestia
2250 4322 2663 4396 corripientem
2687 4340 2786 4379 eos
2816 4322 2915 4395 qui
2950 4324 3252 4393 resistunt,
3275 4341 3346 4381 ne
3364 4328 3600 4397 quando

1939 4412 2038 4468 det
2060 4411 2176 4468 illis
2199 4417 2351 4468 Deus
2369 4412 2773 4485 penitentiam
2799 4413 2869 4468 ad
2898 4414 3361 4486 cognoscendam
3398 4416 3598 4471 verita-

1936 4505 2142 4570 tem,et
2165 4500 2514 4574 resipiscant
2544 4519 2576 4556 a
2604 4500 2818 4558 diaboli
2859 4500 3149 4574 laqueis,a
3174 4520 3289 4576 quo
3312 4504 3461 4576 capti
3512 4508 3599 4561 te-

1861 4616 1908 4682 D
1939 4594 2154 4646 nentur
2176 4591 2247 4682 ad
2273 4590 2462 4663 ipsius
2482 4589 2843 4682 voluntatem
2870 4591 2941 4682 (11
2957 4593 3171 4682 Timui,
3190 4594 3399 4648 iii-26..
3434 4615 3460 4643 ››
3481 4597 3599 4649 Iloc

1941 4684 2135 4736 autem
2159 4679 2303 4734 scito
2347 4679 2503 4750 quod
2556 4679 2615 4734 in
2666 4680 3003 4736 novissimis
3035 4681 3240 4737 diebus
3292 4682 3599 4738 instabunt

1944 4772 2208 4840 tempora
2228 4767 2641 4840 periculosa,et
2664 4774 2838 4824 erunt
2855 4769 3124 4824 homines
3146 4768 3373 4840 seipsos
3393 4787 3597 4824 aman-

1943 4855 2706 4929 tcs,cupidi,elati,superbi,
2733 4856 3084 4930 blasphemi,
3117 4857 3457 4929 parentibus
3481 4875 3593 4913 non

1943 4942 2938 5015 obedientes,ingrati,scelesti,sine
2955 4944 3407 5013 atfectione,sine
3433 4962 3593 5017 pace,

1943 5032 3251 5102 criminatores,incontinentes,immites,sine
3274 5034 3593 5105 benignita-

1943 5121 2372 5195 te,proditores,
2399 5120 2671 5192 protervi,
2704 5121 3069 5193 voluptatum
3095 5126 3386 5177 amatores
3409 5123 3593 5194 magis

1942 5228 2119 5285 quam
2140 5210 2264 5275 Dei,
2298 5208 2580 5264 habentes
2603 5209 2840 5280 quidem
2864 5209 3116 5281 speciem
3146 5209 3590 5282 pietatis,virtu-

1940 5305 2059 5356 tem
2082 5302 2275 5353 autem
2289 5297 2413 5367 ejus
2429 5296 2868 5369 abnegantes,et
2882 5295 2989 5351 hos
3003 5296 3215 5351 devita.
3231 5296 3309 5350 Ex
3331 5295 3422 5350 his
3436 5296 3591 5352 enim

1944 5392 2085 5445 sunt
2110 5387 2210 5458 qui
2232 5389 2540 5458 penetrant
2573 5386 2801 5454 domos,
2833 5394 2891 5442 et
2911 5386 3174 5458 captivas
3194 5386 3418 5442 ducunt
3466 5402 3594 5441 mu-

1942 5475 2216 5534 lierculas
2238 5477 2507 5530 oneratas
2530 5475 2935 5548 peccatis,qum
2952 5476 3253 5531 ducuntur
3274 5474 3450 5531 variis
3496 5475 3593 5532 de-

1945 5566 2436 5638 sideriis,semper
2456 5564 2768 5637 discentes,
2790 5569 2847 5622 et
2867 5581 3169 5638 nunquam
3191 5564 3262 5621 ad
3286 5564 3590 5637 scientiam

1947 5653 2207 5715 veritatis
2224 5642 2657 5730 pervenientes:
2696 5655 3194 5734 quemadmodum
3239 5654 3481 5716 Jamnss
3532 5658 3589 5723 et
