4004 6210
393 335 548 395 1059

1440 323 1851 386 HUMBERTI
1896 325 1960 386 S.
2008 324 2081 386 lt.
2128 325 2200 386 E.
2246 325 2745 392 CARDINALIS.‘

3642 325 3820 396 {060

393 468 685 522 Mambres
701 461 1036 518 restiterunt
1063 455 1244 530 Moysi
1268 457 1594 527 (E.rod.v11,l
1614 459 1769 527 li,ita
1796 463 1850 512 et
1872 457 1927 511 hi
1951 475 2036 513 re-
2073 462 2121 526 Α
2155 461 2291 514 dum
2318 461 2686 516 Paslmistam
2717 478 2727 516 :
2755 486 2781 510 ‹‹
2811 462 2935 516 Non
2966 463 3274 535 resurgant
3294 460 3463 534 impii
3489 461 3552 517 in
3574 463 3808 535 judicio

390 555 604 611 sistunt
620 547 1144 614 veritati,homincs
1166 547 1644 618 corrupti,mente
1676 547 1902 618 reprobi
1922 545 2029 599 rir-

388 661 453 698 ca
473 644 669 704 ﬁdem,
702 639 803 693 sed
823 636 975 691 ultra
996 652 1112 690 non
1142 635 1464 706 prolicient.
1498 635 1833 707 lnsipientia
1874 636 2029 691 enim

385 747 587 787 eorum
613 727 924 783 manifesta
945 724 1055 779 erit
1076 723 1352 779 omnibus
1379 723 1778 780 sicutillorum
1805 725 1915 779 fuit
1962 726 2036 795 (II

389 821 618 882 Tim.111,
645 816 783 888 1-9).
810 838 837 864 ››
889 815 955 869 Et
976 817 1106 885 post
1135 829 1320 884 pauca
1346 829 1357 866 :
1379 836 1405 862 ‹‹
1437 813 1552 867 Erit
1573 813 1728 868 enim
1775 817 2026 885 tempus,

384 925 516 964 cum
540 922 743 962 sanam
761 902 1087 959 doctrinam
1114 919 1229 957 non
1273 902 1671 972 sustinebunt,
1704 903 1803 958 sed
1831 903 1900 956 ad
1922 919 2029 957 sua

383 994 671 1053 desideria
691 991 1114 1048 coacervabunt
1141 990 1251 1045 sibi
1303 991 1638 1062 magistros,
1700 990 2026 1062 prurientes

381 1085 644 1150 auribus,
677 1086 733 1137 et
755 1100 788 1136 a
807 1080 1047 1135 veritate
1069 1079 1306 1151 quidem
1354 1079 1619 1134 auditum
1645 1085 1926 1141 avertent,
1955 1079 2025 1134 ad

381 1174 606 1232 fabulas
629 1176 823 1228 autem
847 1173 1256 1225 convertentur
1275 1170 1346 1236 (11
1368 1169 1724 1238 Tim.1v,3,/1).
1756 1192 1781 1217 ››
1807 1168 1874 1222 Et
1898 1173 2028 1240 post

381 1265 579 1336 aliqua
632 1262 785 1316 idem
821 1260 892 1313 ad
949 1258 1267 1312 eumdem:
1330 1283 1354 1305 ‹‹
1417 1256 1738 1312 Alexander
1789 1257 2028 1313 mrarius

381 1353 570 1409 multa
593 1347 906 1406 malamihi
953 1346 1228 1414 ostendit,
1283 1346 1485 1400 reddet
1533 1344 1584 1399 ei
1621 1343 1900 1399 Dominus
1931 1361 2025 1400 se-

381 1443 641 1499 cundum
669 1455 843 1510 opera
872 1437 999 1506 ejus
1034 1434 1214 1506 (lbid.,
1247 1435 1350 1499 Μ).
1388 1456 1414 1481 ››
1464 1434 1606 1488 ltem
1655 1434 1726 1488 ad
1781 1433 1978 1487 Titum
2009 1450 2021 1487 :

381 1557 409 1583 ‹‹
441 1535 587 1586 Sunt
604 1527 774 1584 multi
806 1525 1228 1590 inobodientes,
1255 1522 1548 1594 vaniloqui
1580 1527 1637 1577 et
1668 1522 2024 1589 seductores,

382 1619 633 1675 maxime
665 1616 766 1688 qui
799 1615 870 1670 de
911 1611 1351 1668 circumcisione
1385 1614 1544 1677 sunt,
1600 1627 1747 1682 quos
1802 1613 2028 1680 oportet

380 1706 651 1779 redargui
709 1723 736 1760 ι»
779 1702 877 1775 qui
932 1701 1231 1756 universas
1275 1700 1480 1755 domos
1530 1699 1897 1765 subvertunt,
1928 1699 2027 1753 do-

378 1802 573 1855 centes
623 1811 747 1866 que:
799 1809 910 1846 non
952 1795 1196 1862 oportet,
1219 1787 1572 1860 turpislucri
1613 1787 1818 1858 gratia.
1875 1787 2024 1842 Dixit

380 1887 618 1959 quidam
641 1900 708 1938 ex
732 1880 848 1935 illis
889 1878 1158 1951 proprius
1179 1877 1459 1948 prepheta
1516 1877 1776 1948 ipsorum
1813 1893 1824 1929 :
1883 1877 2016 1932 Cre-

377 1981 570 2030 tenses
593 1986 820 2042 semper
843 1965 1343 2033 mendaces,mala3
1381 1966 1601 2036 bestim,
1652 1970 1880 2021 ventres
1930 1966 2014 2038 pi-

370 2058 910 2135 gri.’l‘estimonium
937 2056 1044 2111 hoc
1060 2073 1258 2110 verum
1300 2060 1406 2110 est.
1433 2057 1614 2120 Quam
1651 2055 1723 2110 ob
1774 2072 2014 2110 causam

369 2148 746 2222 increpaillos
767 2147 1004 2213 dure,ut
1025 2145 1150 2200 sani
1174 2145 1294 2199 sint
1320 2143 1379 2198 in
1409 2145 1663 2209 l1de,non
1711 2144 2012 2199 intenden-

368 2247 456 2297 tes
477 2237 738 2296 Judaicis
762 2233 1058 2298 fabulis,et
1080 2233 1374 2288 mandatis
1399 2232 1706 2287 hominum
1736 2250 2012 2288 aversan-

367 2329 514 2384 tium
539 2345 599 2382 se
622 2325 906 2382 averitate
930 2324 1050 2393 (Tit.
1072 2323 1330 2392 1,10-13).
1359 2323 1468 2376 »Εἰ
1490 2325 1620 2394 post
1641 2321 1836 2393 aliqua
1858 2322 2010 2376 idem

367 2419 436 2472 ad
461 2417 765 2472 eumdem:
796 2436 822 2462 ‹‹
843 2411 1061 2467 Stultas
1085 2416 1280 2467 autem
1333 2412 1779 2483 quaestiones,et
1800 2427 2008 2482 genea-

367 2505 571 2577 logias,
597 2509 652 2559 et
673 2503 1096 2566 contentiones,
1117 2505 1173 2555 et
1195 2517 1423 2572 pugnas
1447 2500 1590 2571 legis
1613 2499 1801 2554 devita
1826 2518 1838 2566 ;
1872 2503 2012 2554 sunt

367 2591 784 2651 cniminutiles
807 2595 862 2646 et
911 2607 1089 2645 vanae.
1145 2589 1488 2644 Haereticum
1539 2589 1834 2643 hominem
1878 2593 2012 2660 post

367 2701 543 2740 unam
558 2687 614 2737 et
635 2680 952 2737 secundam
976 2679 1397 2750 correptionem
1417 2679 1625 2733 devita.
1651 2678 1842 2733 sciens
1871 2678 2008 2750 quia

365 2775 680 2830 subversus
704 2773 814 2836 est,
839 2769 936 2841 qui
959 2767 1248 2840 ejusmodi
1273 2771 1443 2834 est,et
1464 2765 1749 2839 delinquit
1773 2767 2007 2839 proprio

354 2861 580 2936 judicio
611 2859 1031 2916 condemnatus
1064 2860 1186 2930 (Tit.
1221 2874 1306 2927 111,
1337 2856 1514 2928 9-H).
1551 2878 1577 2907 »

1027 2963 1252 3032 CAPUT
1292 2963 1340 3017 11

487 3059 562 3114 De
577 3057 801 3129 pietate,
833 3061 884 3110 et
915 3054 1218 3124 impietate,
1250 3055 1300 3107 et
1329 3051 1394 3107 de
1425 3052 1559 3107 Cain
1591 3055 1642 3106 et
1674 3052 1899 3107 Balaam

957 3132 1398 3196 prwsmnptzone.

2142 549 2312 617 (Psal,
2350 567 2386 615 1,
2409 552 2483 619 5).
2512 573 2537 598 ››
2567 552 2625 606 Si
2659 567 2793 623 ergo
2815 551 2985 621 juxta
3009 551 3357 624 Apostolum
3417 551 3664 610 veritate
3687 553 3812 625 pri-

2139 636 2253 690 vati
2285 642 2424 692 sunt
2453 639 2553 708 qui
2587 644 2876 710 quaestum
2907 639 3218 697 aestimavit
3248 640 3550 712 pietatem,
3576 641 3807 697 scilicet

2139 723 2239 780 Dei
2269 725 2514 793 cultum,
2539 732 2755 799 quanto
2781 729 2970 801 magis
2993 729 3334 802 Simoniaci,
3359 729 3461 802 qui
3488 731 3636 787 adeo
3682 731 3807 804 pie-

2139 817 2318 870 tatem
2341 820 2628 888 quazstum
2647 821 2875 889 putant,
2900 822 2964 874 ut
2984 818 3160 874 etiam
3182 818 3383 876 omnia
3401 819 3591 892 ipsius
3613 820 3803 892 pieta-

2139 905 2215 959 tis
2242 905 2454 971 ofﬁcia,
2488 905 2721 960 ordines
2773 907 3040 962 videlicet
3073 907 3256 963 divini
3279 907 3474 964 cultus
3535 914 3801 981 quaestus

2139 1010 2317 1048 causa
2338 994 2570 1048 venales
2598 994 2834 1063 habent,
2860 995 2941 1049 ita
2988 995 3253 1066 utipsius
3280 1013 3516 1068 quoque
3554 996 3797 1070 pietatis

2136 1086 2432 1137 auctorem
2485 1082 2766 1154 Spiritum
2809 1088 3080 1139 sanctum
3127 1085 3348 1140 donum
3400 1085 3604 1158 utique
3686 1085 3796 1142 Dei

2136 1171 2291 1242 quod
2322 1171 2796 1243 principaliterin
2846 1172 2991 1244 ipsis
3037 1172 3450 1230 ecclesiasticis
3473 1175 3792 1230 ordinibus

2134 1258 2222 1315 vel
2249 1260 2630 1316 sacramentis
2654 1265 2946 1333 operatur,
3005 1262 3255 1334 pecunia
3275 1279 3448 1334 posse
3501 1261 3794 1336 possideri

2135 1349 2476 1404 conﬁdant?
2496 1348 2610 1404 Nec
2629 1349 2989 1420 negligenter
3007 1352 3478 1422 prastereundum
3509 1356 3597 1408 est
3625 1350 3790 1424 quod

2137 1435 2194 1490 in
2217 1436 2360 1508 ipsis
2383 1441 2718 1492 sanctorum
2738 1435 3137 1508 apostolorum
3161 1438 3512 1510 scriptis,ubi
3533 1455 3792 1510 praesen-

2134 1528 2222 1578 tes
2243 1524 2419 1579 simul
2446 1530 2504 1580 et
2521 1525 2728 1580 futurae
2747 1524 2997 1580 haereses
3013 1530 3358 1598 arguuntur,
3383 1525 3551 1582 tacito
3581 1526 3781 1582 nomi-

2136 1630 2208 1668 ne
2228 1613 2747 1668 innumerabilium
2768 1621 2901 1670 ante
2928 1613 3140 1686 legem,
3167 1619 3226 1670 et
3255 1615 3364 1670 sub
3391 1613 3515 1687 lege
3542 1629 3785 1670 reorum

2136 1703 2484 1758 nominatim
2539 1703 2700 1768 Cain,
2747 1703 3003 1772 Balaam,
3031 1702 3215 1759 Chore
3247 1703 3780 1774 ;Jamnesquoque

2134 1797 2191 1846 et
2223 1793 2516 1847 Mambres
2538 1792 2993 1864 paradigmatice
3013 1793 3086 1847 ad
3119 1792 3377 1848 medium
3410 1791 3790 1849 deducuntur

2129 1881 2195 1936 Et
2215 1885 2331 1937 tres
2353 1880 2588 1952 quidem
2613 1879 2831 1952 primos
2847 1881 2878 1936 .Ι
2885 1880 3030 1935 udas
3049 1879 3248 1935 Jacobi
3275 1880 3534 1936 seriatim
3563 1894 3779 1950 propo-

2125 1971 2211 2024 nit
2234 1970 2433 2026 dicens
2449 1969 2598 2024 :«Vze
2621 1969 2735 2025 illis
2757 1969 2897 2041 quia
2926 1969 3016 2024 via
3036 1969 3170 2022 Cain
3194 1967 3484 2033 abierunt,
3500 1971 3556 2022 et
3575 1983 3783 2023 errore

2125 2059 2360 2114 Balaam
2395 2059 2657 2114 mercede
2686 2057 2853 2113 effusi
2885 2060 3043 2126 sunt,
3077 2060 3134 2110 et
3163 2054 3623 2110 contradictione
3638 2055 3788 2112 Cho-

2125 2164 2184 2203 re
2207 2149 2502 2219 perierunt
2525 2147 2667 2216 (Iud.
2697 2146 2802 2216 ll).
2834 2168 2854 2194 ι»
2883 2145 3138 2208 Quorum
3159 2143 3419 2200 medium
3441 2144 3650 2199 beatus
3664 2143 3780 2199 Pe-

2123 2241 2248 2291 trus
2271 2237 2354 2292 sic
2376 2238 2791 2290 commemorat
2815 2250 2826 2287 :
2855 2256 2882 2283 «
2912 2234 3105 2289 Secuti
3137 2232 3290 2288 viam
3315 2231 3553 2287 Balaam
3578 2248 3648 2287 ex
3668 2234 3781 2288 Bo-

2121 2343 2218 2380 sor
2239 2327 2281 2395 (l
2313 2331 2461 2380 Petr.
2493 2342 2552 2390 11,
2579 2325 2681 2391 15).
2708 2344 2735 2371 ››
2761 2322 2935 2378 Porro
2960 2322 3109 2377 duos
3131 2321 3374 2376 ultimos
3393 2321 3604 2376 beatus
3624 2325 3786 2375 Pau-

2121 2415 2215 2469 lus
2237 2415 2315 2468 ita
2339 2413 2553 2484 detegit
2579 2430 2590 2466 :
2616 2435 2640 2460 ‹‹
2664 2411 3174 2474 Quemadmodum
3194 2410 3439 2465 Jamnes
3483 2414 3541 2464 et
3589 2409 3782 2466 Mam-

2119 2504 2250 2557 bres
2281 2501 2618 2556 restiterunt
2663 2499 2870 2572 Moysi,
2898 2499 2980 2554 ita
2999 2503 3057 2554 et
3076 2499 3135 2554 hi
3162 2499 3444 2555 resistunt
3462 2499 3688 2554 veritati
3703 2499 3784 2571 (ιι

2119 2594 2250 2647 Tim.
2305 2609 2388 2658 ιιι,
2439 2592 2516 2659 8).
2549 2614 2574 2638 ››
2602 2592 2964 2660 Quapropter
2985 2588 3033 2643 si
3093 2588 3403 2661 diligenter
3464 2587 3781 2660 inspicitur

2116 2680 2516 2754 praesumptio,
2543 2679 2785 2734 avaritia
2823 2677 2998 2732 simul
3057 2681 3114 2732 et
3171 2678 3511 2750 pertinacia,
3559 2676 3619 2732 in
3678 2677 3778 2734 his

2117 2771 2378 2843 quinque
2417 2769 2581 2841 argui
2629 2767 3166 2840 deprehenduntur.
3201 2769 3334 2831 Quae
3394 2766 3596 2838 utique
3654 2765 3774 2823 tria

2117 2859 2382 2917 omnium
2414 2859 2709 2914 haereseon
2741 2857 2998 2913 existunt
3019 2855 3274 2928 gemina,
3297 2855 3658 2912 incrementa
3682 2859 3776 2911 ta-

2118 2966 2252 3006 men
2269 2953 2325 3004 et
2349 2947 2661 3004 ﬁrmantia.
2687 2947 2756 3001 Et
2779 2945 2916 3000 Cain
2949 2945 3188 3015 quidem
3227 2943 3605 3015 praesumptio
3665 2943 3773 3001 illa

2115 3040 2266 3095 inter
2288 3038 2434 3093 alias
2455 3036 2670 3104 existit,
2705 3035 2859 3106 quod
2883 3035 3202 3090 secundum
3221 3033 3284 3087 B.
3337 3031 3584 3089 Joannis
3605 3050 3776 3106 apos-

2115 3127 2217 3182 toli
2251 3126 2627 3198 dictum,ipse
2650 3124 2749 3195 qui
2769 3141 2836 3179 ex
2855 3123 3112 3194 maligno
3137 3126 3262 3178 erat
3292 3121 3340 3193 (Ι
3365 3123 3522 3178 Joan.
3555 3123 3738 3196 111.12)
3758 3167 3773 3194 ,

434 3219 564 3274 Haec
594 3233 699 3272 nos
730 3232 796 3270 ex
827 3212 1162 3286 apostolicis
1194 3211 1399 3268 litteris
1422 3211 1597 3268 latius
1623 3211 2003 3283 decerpsisse,
2037 3199 2079 3264 C
2119 3221 2176 3271 et
2200 3217 2555 3286 cujusopera
2578 3212 2857 3284 maligna,
2879 3213 2953 3267 ob
2975 3211 3254 3267 invidiam
3281 3210 3641 3268 sanctissimi
3663 3212 3777 3267 fra-

363 3313 421 3364 et
446 3306 830 3364 continuatim
865 3303 956 3359 hic
984 3301 1302 3358 inseruisse
1335 3301 1532 3356 nullus
1565 3301 1882 3372 superbum
1908 3301 2010 3355 du-

361 3397 617 3468 cat,quia
644 3411 774 3450 cum
799 3392 942 3450 alias
971 3392 1240 3457 haereses,
1276 3396 1402 3446 tum
1427 3389 1676 3444 maxime
1700 3387 1878 3444 ullam
1902 3404 2009 3443 no-

361 3489 504 3552 tant,
539 3501 666 3557 qua:
697 3482 884 3554 turpis
916 3480 1060 3536 lucri
1119 3497 1355 3552 sequax,
1387 3479 1660 3552 pietatem
1720 3482 2008 3550 quazstum

359 3575 631 3630 aestimat.
665 3573 852 3627 Pietas
876 3575 1071 3626 autem
1096 3568 1189 3623 hic
1238 3585 1351 3623 non
1384 3573 1472 3623 est
1521 3566 1894 3638 intelligenda
1942 3583 2010 3620 ea

361 3680 486 3736 quae
515 3662 688 3733 vulgo
719 3657 1143 3728 soletintelligi,
1179 3662 1233 3711 et
1265 3655 1578 3728 improprie
1607 3655 1721 3710 dici
1781 3653 2006 3710 miseri-

360 3749 576 3817 cordia,
611 3749 711 3804 sed
742 3765 810 3803 ea
839 3765 964 3819 qua:
996 3748 1187 3802 Graece
1242 3745 1455 3800 dicitur
1500 3744 1758 3810 eusebia,
1811 3744 1866 3798 id
1920 3747 2009 3798 est

363 3842 531 3896 bonus
560 3840 759 3903 cultus,
790 3836 877 3892 vel
908 3836 1102 3908 potius
1133 3833 1458 3899 theusebia,
1489 3833 1543 3887 id
1580 3838 1668 3888 est
1699 3833 1795 3887 Dei
1830 3833 2008 3887 cultus

316 3975 326 3981 .
361 3927 875 3998 secundumquam
902 3925 1000 3979 Dei
1033 3923 1239 3988 cultor,
1272 3921 1358 3977 vel
1391 3921 1523 3976 boni
1557 3920 1747 3976 cultor
1795 3921 2010 3976 dicitur

360 4019 515 4092 pius,
549 4015 794 4073 scillicet
831 4017 986 4069 recta
1018 4013 1129 4067 ﬁde
1163 4017 1275 4066 Deo
1309 4011 1550 4066 devotus
1580 4014 1637 4065 et
1677 4009 2006 4082 religiosus,

362 4108 516 4163 sicut
543 4123 573 4161 e
594 4103 884 4160 contrario
917 4101 1163 4174 impius,
1187 4100 1458 4172 quisquis
1487 4098 1603 4154 veri
1628 4099 1722 4154 Dei
1747 4099 2008 4171 ignarus,

361 4194 616 4251 inﬁdelis
645 4192 864 4249 scilicet
895 4195 996 4246 aut
1042 4188 1386 4256 ineredelus,
1444 4187 1752 4259 spiritibus
1801 4188 2012 4243 erroris

365 4283 594 4357 passim
629 4281 1082 4355 prostituitur,et
1113 4278 1182 4332 ad
1216 4277 1418 4332 libitus
1448 4293 1647 4332 eorum
1674 4276 2012 4332 famulatur.

364 4372 603 4429 Pietatis
628 4372 782 4427 enim
815 4368 1052 4425 ostiaria
1083 4367 1226 4422 ﬁdes
1256 4372 1363 4430 est,
1407 4365 1532 4421 sine
1580 4382 1697 4436 qua
1735 4382 1838 4420 nec
1897 4365 2011 4420 Deo

362 4463 644 4536 placetur,
668 4477 771 4516 nec
799 4465 946 4515 Deus
967 4458 1252 4529 placatur,
1279 4473 1381 4510 nec
1407 4454 1636 4511 colitur.
1654 4454 1815 4509 Unde
1834 4453 2014 4525 hujus

364 4549 644 4607 vocabulo
675 4550 1358 4617 attendentes,quotquot
1389 4543 1588 4598 ﬁdeles
1619 4561 1846 4610 sumus,
1881 4560 2012 4633 pec-
2047 4570 2094 4633 Β

365 4645 590 4696 catores
615 4639 852 4709 quidem
896 4652 1000 4690 nos
1034 4637 1172 4689 dum
1208 4633 1647 4706 peregrinamur
1704 4650 1737 4687 a
1771 4632 2016 4689 Domino

366 4731 438 4802 (Il
461 4732 608 4795 Cor.,
638 4745 692 4793 v,
721 4727 774 4797 ὁ)
791 4725 1068 4780 veraciter
1098 4728 1269 4794 atque
1295 4721 1608 4778 salubriter
1649 4724 2017 4794 proﬁtemur,

362 4819 574 4890 impios
604 4821 796 4871 autem
823 4831 926 4868 nos
941 4812 1296 4867 omnimodis
1322 4811 1512 4866 dicere
1543 4810 1926 4867 abhorremus
1964 4817 2022 4868 et

364 4907 713 4964 devitamus.
747 4905 825 4958 Ac
849 4918 949 4973 per
978 4901 1086 4957 hoc
1118 4901 1402 4957 astruitur
1421 4901 1614 4956 omnis
1633 4901 1872 4972 quidem
1897 4900 2014 4955 im-

365 4997 499 5070 pius
530 4994 703 5050 etiam
739 4995 1026 5063 peccator,
1055 4991 1157 5047 sed
1184 5007 1297 5046 non
1321 4989 1514 5045 omnis
1540 4993 1804 5061 peccator
1837 4991 2013 5044 etiam

365 5085 608 5158 impius,
625 5081 1048 5154 quiaquisquis
1065 5079 1252 5136 ﬁdelis
1275 5078 1534 5152 quandiu
1558 5078 1651 5134 hic
1668 5077 1876 5134 vivitur
1897 5096 2011 5136 non

365 5173 604 5247 quidem
628 5171 753 5226 sine
773 5173 1005 5242 peccato
1025 5174 1132 5239 est,
1160 5186 1294 5224 cum
1319 5173 1515 5223 tamen
1542 5167 1667 5222 sine
1697 5167 2016 5239 impietate,

364 5265 422 5320 id
438 5266 528 5317 est
548 5259 894 5315 inﬁdelitate
917 5258 1281 5315 sit.lnﬁdelis
1299 5262 1493 5314 autem
1511 5273 1613 5312 nec
1635 5256 1762 5311 sine
1785 5262 2018 5328 peccato

366 5368 472 5408 nec
495 5349 622 5404 sine
654 5348 1184 5420 impietate,quales
1206 5351 1343 5404 sunt
1365 5345 1528 5418 impii
1560 5345 1745 5402 Judaei
1767 5350 1823 5401 et
1843 5362 2019 5418 paga-

366 5437 529 5504 ni,de
551 5435 764 5505 quibus
787 5435 1070 5492 Dominus
1092 5438 1150 5491 in
1173 5435 1485 5509 Evangelio
1511 5433 1630 5489 ait:
1683 5456 1710 5482 «
1764 5435 1872 5499 Qui
1903 5452 2018 5492 non

363 5522 557 5582 credit
569 5522 693 5591 jam
713 5522 1015 5592 judicatus
1036 5531 1143 5594 est,
1191 5525 1342 5581 sicut
1397 5529 1454 5581 et
1482 5523 1754 5596 princeps
1814 5526 2019 5581 mundi

363 5608 552 5682 hujus
567 5607 1004 5681 jamjudicatus
1026 5617 1114 5670 est
1135 5614 1310 5690 (toan.
1347 5631 1432 5688 111,
1467 5612 1608 5693 18).»
1649 5611 1780 5670 Ideo
1812 5629 2020 5675 secun-

2122 3305 2323 3371 tris,cu
2325 3306 2426 3375 jus
2445 3304 2604 3374 justa
2625 3305 2787 3356 erant
2809 3299 3368 3372 opera,sacerdotale
3382 3299 3493 3355 sibi
3512 3300 3776 3357 ofﬁcium

2122 3393 2432 3450 sacriﬁcim
2461 3391 2576 3446 Deo
2599 3390 2890 3445 oﬁ'erendo
2913 3388 3287 3461 praesumpsit
3333 3390 3498 3460 (Gen.
3561 3405 3636 3455 1v,
3695 3389 3777 3461 8).

2120 3485 2303 3548 Quam
2338 3481 2617 3536 nimirum
2636 3478 2945 3535 sacerdotii
2969 3478 3408 3550 praerogativam
3441 3476 3567 3534 sola
3602 3479 3777 3534 devo-

2118 3574 2197 3627 tio
2221 3571 2486 3643 patribus
2511 3573 2646 3624 ante
2675 3566 2860 3640 legem
2881 3566 3311 3634 conferebat,ut
3329 3566 3487 3622 velut
3507 3566 3777 3623 sacerdo-

2117 3666 2204 3716 tes
2221 3660 2330 3715 sub
2349 3657 2556 3713 altaria
2575 3655 2820 3712 Domino
2844 3655 3242 3710 sacriﬁcarent
3267 3659 3323 3710 et
3343 3653 3566 3710 hostias
3602 3654 3774 3711 oﬁ‘er-

2118 3753 2264 3814 rent,
2296 3749 2446 3804 sicut
2474 3747 2610 3814 Noe,
2644 3743 3086 3813 Melchisedech,
3121 3743 3438 3812 Abraham,
3469 3745 3658 3812 Isaac,
3717 3747 3776 3800 et

2114 3840 2294 3894 Jacob
2325 3843 2380 3894 et
2411 3838 2472 3892 Β.
2503 3837 2631 3891 Job.
2669 3835 2840 3889 Porro
2875 3833 3115 3888 avaritia
3144 3833 3226 3887 illi
3253 3837 3418 3889 tanta
3467 3833 3769 3906 aspiravit,

2117 3933 2183 3984 ut
2211 3941 2519 3983 commune
2549 3928 2606 3980 et
2635 3921 2938 3995 publicum
2971 3921 3246 3977 omnibus
3273 3922 3520 3994 bonum,
3542 3921 3771 3993 primus

2118 4018 2189 4073 ad
2212 4015 2515 4088 proprium
2547 4017 2604 4068 et
2634 4011 2926 4085 privatum
2960 4011 3219 4082 redigere
3250 4009 3564 4080 laboraret,
3618 4027 3768 4083 prte-

2118 4105 2391 4177 sumptiis
2423 4101 2631 4175 spatiis
2662 4106 2718 4157 et
2749 4099 3019 4156 terminis
3051 4098 3549 4155 translimitando.
3585 4098 3768 4169 Cujus

2119 4192 2424 4265 squalibus
2449 4195 2505 4245 et
2530 4187 2771 4245 sedulus
2793 4189 2982 4243 fossor
3005 4186 3090 4242 sic
3112 4185 3452 4254 incubabat,
3486 4190 3547 4241 ut
3593 4185 3769 4256 quid-

2119 4281 2260 4354 quib
2283 4280 2394 4336 sibi
2418 4277 2599 4335 exilla
2621 4275 3014 4350 proveniebat,
3039 4275 3100 4330 in
3122 4274 3284 4330 illam
3313 4275 3524 4330 anxius
3572 4273 3654 4330 sic
3681 4289 3773 4329 re-

2121 4371 2395 4444 ponebat,
2415 4372 2480 4422 ut
2500 4366 2592 4422 vix
2615 4365 2851 4422 tandem
2902 4365 3246 4421 connivente
3293 4363 3536 4419 avaritia
3565 4363 3638 4418 ad
3688 4379 3776 4418 so-

2121 4458 2239 4513 lam
2266 4457 2541 4512 invidiam
2567 4455 2761 4510 fratris
2815 4472 2884 4510 ex
2906 4459 3057 4510 terra
3096 4453 3350 4509 levatum
3404 4450 3778 4525 manipulum

2125 4547 2454 4604 olferret.Et
2473 4560 2604 4600 vere
2626 4543 2978 4599 miserabilis
2992 4547 3049 4598 et
3071 4541 3358 4598 mirabilis
3383 4542 3629 4598 avaritia
3645 4555 3775 4614 per-

2126 4637 2226 4692 ﬁdi
2253 4634 2630 4702 hominis,cui
2660 4649 2793 4688 cum
2819 4633 3050 4688 duobus
3075 4636 3302 4688 tantum
3325 4631 3484 4699 viris,
3512 4635 3653 4687 tunc
3676 4646 3778 4704 pa-

2135 4732 2220 4782 tre
2242 4725 2463 4782 scilicet
2487 4727 2542 4778 et
2564 4723 2978 4794 fratre,parvus
2999 4726 3055 4777 et
3076 4725 3362 4795 angustus
3383 4720 3542 4776 visus
3565 4723 3652 4776 est
3682 4724 3779 4775 to-

2131 4820 2226 4871 tus
2249 4813 2406 4869 orbis
2429 4817 2717 4868 terrarum
2741 4827 2874 4866 cum
2888 4811 3132 4866 totidem
3177 4810 3438 4883 partibus
3483 4808 3628 4862 suis.
3659 4807 3775 4862 De-

2129 4921 2291 4960 mum
2308 4901 2629 4975 pertinacia
2649 4900 2921 4955 eumdem
2943 4899 3055 4955 sibi
3079 4896 3549 4956 inextricabiliter
3567 4895 3777 4950 devin-

2125 4992 2332 5061 xit,ubi
2355 4991 2531 5046 etiam
2555 4989 2665 5061 ipsi
2691 4988 2939 5043 Domino
2963 5005 2996 5042 a
3020 4987 3271 5060 peccatis
3291 4991 3347 5042 et
3392 5003 3426 5041 a
3471 4983 3783 5058 prtemedi~

2119 5087 2239 5139 tato
2263 5079 2579 5136 fratricidio
2593 5093 2651 5135 se
2667 5094 2792 5134 com
2801 5077 3057 5150 pescenti
3069 5082 3126 5132 et
3141 5074 3489 5134 absterrenti
3510 5074 3780 5147 acquies-

2126 5188 2254 5230 cere
2274 5166 2846 5240 eontempsit.Refert
2867 5182 3124 5239 namque
3145 5166 3408 5235 Genesis,
3457 5164 3780 5221 Dominum

2127 5260 2342 5316 dixisse
2366 5259 2436 5314 ad
2457 5256 2596 5313 Cain
2626 5273 2639 5312 :
2668 5280 2694 5308 ‹‹
2720 5258 2906 5321 Quare
2929 5257 3111 5312 iratus
3133 5272 3196 5311 es
3214 5255 3242 5310 ‘2
3263 5259 3321 5312 et
3336 5272 3441 5311 cur
3461 5251 3670 5310 cecidit
3695 5252 3783 5307 fa-

2128 5349 2246 5404 cies
2271 5353 2372 5403 tua
2394 5347 2421 5402 ‘I
2447 5345 2647 5400 Nonne
2670 5344 2718 5399 si
2736 5344 2882 5399 bene
2905 5343 3093 5416 egeris
3116 5343 3362 5417 recipies
3381 5344 3409 5399 ?
3467 5344 3558 5399 sin
3581 5346 3782 5398 autem

2131 5434 2506 5502 male,statim
2531 5433 2588 5487 in
2613 5431 2834 5488 foribus
2854 5437 3157 5504 peccatum
3199 5433 3408 5505 aderit,
3457 5432 3558 5488 sed
3581 5430 3693 5487 sub
3724 5433 3787 5487 te

2129 5526 2237 5584 erit
2260 5521 2554 5597 appetitus
2573 5521 2786 5592 ejus,et
2807 5523 2870 5575 tu
2899 5519 3298 5578 dominaberis
3318 5521 3480 5578 illius
3506 5523 3664 5592 (Gen.
3701 5535 3785 5590 ιν,

2130 5616 2188 5692 6)
2216 5638 2237 5670 ν
2265 5611 2367 5674 Vel
2398 5608 2722 5672 secundum
2746 5608 2921 5673 aliam
2945 5609 3432 5674 translationem:
3486 5632 3514 5664 «
3539 5608 3601 5670 Si
3626 5611 3787 5672 recte

3951 118 3958 152 ι

3953 179 3960 252 ἑ
