4004 6210
199 361 349 477 ea

747 407 1159 475 ADVERSUS
1206 403 1675 476 SlMONIACOS
1723 401 1929 474 LlBﬂl
1971 401 2199 474 'l‘RES.
2235 445 2311 458 —
2354 401 2588 474 LlBER
2634 410 3066 477 SECUNDUS.

3433 416 3589 480 {062

193 548 418 616 offeras;
445 551 596 603 recte
621 551 815 602 autem
835 562 948 601 non
973 546 1218 613 dividas,
1247 547 1776 618 peccasti,quiesce.
1809 568 1834 594 »
1866 546 1915 611 Α
1949 546 2028 600 vit
2058 564 2156 601 vos
2184 552 2329 602 Deus
2351 548 2421 602 ab
2445 547 2603 601 omni
2627 546 2861 618 populo,
2886 546 3151 617 otjunxit
3172 546 3304 618 sibi,
3325 553 3388 602 ut
3411 551 3589 604 servi-

197 637 368 693 Porro
398 636 633 692 Balaam
659 635 1113 708 praesumptione
1145 635 1251 689 hac
1281 639 1536 702 notatur,
1560 635 1835 707 quoniam

195 741 328 782 cum
358 729 512 781 esset
542 722 756 780 ariolus
787 726 843 778 et
873 721 1481 790 idololatra,credebat
1494 739 1554 778 se
1580 723 1835 794 prophe-

193 818 314 870 tam
332 816 504 886 atque
525 812 897 868 benedictum
916 811 1010 866 cui
1027 811 1410 876 benediceret,
1435 810 1838 866 maledictum-

197 919 307 975 que
339 901 433 958 cui
475 901 864 969 malediceret,
913 900 1186 971 quodque
1215 898 1390 954 veluti
1434 900 1704 954 sacerdos
1737 899 1836 955 Dei

197 991 405 1046 altaria
454 991 796 1046 adificabat.
830 988 1089 1044 Avaritia
1120 1005 1352 1060 quoque
1392 987 1554 1044 illius
1583 993 1641 1044 et
1669 1005 1738 1044 ex
1767 987 1836 1042 li-

195 1080 298 1136 bro
329 1078 588 1148 Numeri,
620 1082 676 1134 et
700 1096 766 1134 ex
797 1076 1132 1150 EpistolaB.
1157 1077 1311 1133 Petri
1342 1076 1836 1149 apostolieviden-

196 1171 284 1222 ter
332 1167 688 1240 agnoscitur,
738 1167 838 1222 ubi
888 1166 1146 1238 praedicit
1190 1166 1501 1238 magistros
1533 1165 1841 1221 mendaces

197 1257 270 1312 ab
303 1257 555 1313 Ecclesia
585 1257 862 1325 exituros,
896 1256 995 1328 qui
1018 1254 1373 1328 pellicientes
1403 1256 1629 1310 animas
1661 1254 1840 1310 insta-

197 1345 364 1413 biles,
398 1362 496 1399 cor
525 1345 902 1401 exercitatum
954 1344 1194 1399 avaritia
1222 1344 1524 1414 habentes,
1567 1343 1843 1398 maledic-

197 1433 371 1505 tionis
403 1434 528 1499 lilii,
552 1431 1026 1504 derelinquentes
1055 1436 1270 1488 rectam
1303 1433 1454 1488 viam
1478 1437 1839 1502 erraverunt,

199 1521 795 1592 secutiviamBalaam
816 1539 882 1577 ex
896 1522 1095 1589 Bosor,
1115 1521 1214 1593 qui
1234 1523 1556 1576 mercedem
1577 1521 1845 1593 iniquita-

199 1610 273 1666 tis
296 1610 511 1666 amavit
534 1611 606 1682 (II
625 1615 770 1665 Petr.
795 1627 857 1677 II,
884 1610 970 1678 l5;
994 1612 1153 1666 Num.
1176 1628 1312 1677 χχιι,
1336 1612 1447 1681 23).
1472 1611 1572 1664 Cui
1605 1627 1846 1666 concor-

203 1701 349 1755 dans
371 1698 737 1771 coapostolus
751 1700 879 1770 ejus
900 1699 1310 1766 JudasJacobi,
1336 1699 1584 1754 intentat
1599 1698 1713 1754 illis
1725 1699 1842 1766 Vae,

204 1789 306 1861 qui
337 1804 529 1843 errore
560 1787 796 1843 Balaam
820 1788 1082 1844 mercede
1099 1787 1268 1843 effusi
1286 1792 1424 1842 sunt
1446 1787 1587 1859 (Iud.
1611 1787 1624 1842 Ι
1644 1787 1713 1858 1).
1735 1787 1847 1842 Cu-

194 1879 298 1949 jus
311 1876 628 1950 pertinacia
643 1893 710 1933 ex
725 1877 833 1932 hoc
847 1877 1098 1932 maxime
1110 1876 1654 1948 convincitur,quod
1673 1875 1849 1931 etiam

204 1952 412 2038 quater
439 1983 472 2021 a
494 1965 739 2022 Domino
762 1970 1084 2038 correptus,
1108 1965 1511 2021 etadmonitus
1542 1969 1796 2019 mentem
1819 1981 1853 2019 a

206 2056 679 2113 maledictione...
696 2055 1082 2129 perditionem
1105 2054 1333 2111 Israelis
1349 2054 1590 2109 minime
1607 2053 1852 2109 mutavit

205 2146 422 2218 Nempe
435 2145 762 2201 sicutsacra
773 2145 1019 2200 historia
1035 2143 1324 2209 refert,bis
1337 2161 1469 2198 eum
1490 2142 1646 2198 domi
1661 2143 1850 2198 adhuc

207 2233 488 2306 positum,
507 2234 588 2288 sic
608 2233 892 2288 Dominus
904 2231 1281 2304 prmmonuit:
1304 2254 1331 2282 «
1351 2231 1477 2286 Noli
1496 2232 1576 2286 ire
1597 2249 1730 2286 cum
1755 2231 1852 2286 ho-

210 2322 471 2376 minibus
487 2321 832 2392 istis,neque
855 2321 1172 2376 maledicas
1189 2320 1570 2392 populo,quia
1585 2321 1854 2376 benedic-

210 2415 307 2465 tus
327 2413 416 2465 est
433 2409 616 2480 (Num.
634 2410 897 2481 xxu,12).
924 2431 952 2458 ››
975 2408 1075 2464 Cui
1097 2414 1285 2464 tamen
1309 2411 1682 2480 postmodum
1707 2427 1850 2481 prte-

209 2498 364 2570 cepit
397 2515 408 2552 :
445 2521 471 2548 «
505 2498 564 2552 Si
589 2513 792 2553 vocare
821 2500 877 2552 te
909 2501 1192 2552 venerunt
1231 2497 1498 2553 homines
1527 2498 1645 2565 isti,
1678 2514 1854 2570 surge

207 2590 265 2641 et
289 2587 432 2642 vade
460 2604 592 2642 cum
623 2587 728 2649 eis,
765 2586 849 2641 ita
877 2585 1179 2650 duntaxat,
1212 2590 1278 2640 ut
1323 2587 1473 2656 quod
1527 2603 1851 2658 pracepero

207 2674 316 2730 tibi
348 2674 526 2730 facias
557 2674 744 2747 (Ibid.,
773 2675 885 2742 20).
921 2693 948 2722 ››
982 2673 1082 2728 Cui
1105 2674 1233 2744 jam
1265 2674 1322 2728 in
1353 2674 1443 2729 via
1483 2675 1669 2746 posito
1722 2679 1856 2746 post

209 2762 507 2826 afﬂamina
539 2763 717 2825 asinae
739 2761 983 2834 angelus
1015 2779 1299 2834 apparens
1330 2762 1742 2828 interminatus
1767 2767 1857 2818 est

208 2851 295 2907 sic
328 2870 339 2906 :
368 2873 396 2903 «
430 2856 546 2924 Ego
593 2851 723 2907 veni
765 2856 829 2906 ut
858 2851 1197 2906 adversarer
1225 2851 1351 2918 tibi,
1403 2850 1540 2923 quia
1587 2867 1857 2922 perversa

207 2944 298 2996 est
327 2940 417 2996 via
443 2945 566 3009 tua,
600 2939 864 3011 mihique
896 2939 1187 2995 contraria
1229 2939 1409 3010 (Ibid.,
1451 2940 1562 3011 33).
1600 2961 1628 2989 ››
1672 2942 1852 3005 Quem

205 3035 402 3086 tamen
452 3029 795 3101 permittens
841 3027 945 3096 ire,
998 3029 1144 3084 dixit
1195 3045 1207 3081 :
1261 3028 1478 3084 «Vade
1509 3045 1642 3084 cum
1689 3028 1853 3096 istis;

206 3122 266 3173 et
295 3133 432 3173 cave
448 3134 519 3173 ne
531 3116 690 3173 aliud
714 3133 890 3189 quam
914 3132 1238 3189 prmcepero
1261 3117 1366 3172 tibi
1386 3115 1645 3189 loquaris
1671 3117 1852 3190 (Ibz'd.,

206 3209 325 3278 35).
351 3228 378 3257 »
413 3207 524 3263 Sed
553 3206 773 3279 impius
800 3206 896 3262 ille
915 3205 1076 3262 ferali
1098 3206 1350 3262 avaritiae
1382 3207 1670 3275 addictus,
1707 3207 1855 3263 clam

1947 636 2086 691 retis
2116 637 2165 691 ei
2199 637 2254 691 in
2289 636 2447 691 cultu
2491 635 2872 702 tabernaculi,
2904 641 2960 690 et
2982 635 3213 690 staretis
3244 653 3439 692 coram
3473 639 3591 694 fre-

1946 725 2184 796 quentia
2221 725 2445 797 populi,
2479 729 2542 779 ut
2596 724 3011 779 ministraretis
3044 725 3133 779 ei?
3166 725 3382 782 Idcirco
3426 728 3498 782 ad
3531 744 3593 783 se

1947 812 2081 868 fecit
2101 815 2373 870 accedere
2392 818 2467 879 te,
2492 817 2548 868 et
2570 830 2773 869 omnes
2797 814 3004 869 fratres
3027 818 3158 869 tuos
3178 813 3328 870 ﬁlios
3353 815 3506 882 Levi,
3526 821 3591 870 ut

1945 901 2108 957 vobis
2138 902 2312 957 etiam
2332 902 2724 957 sacerdotium
2743 901 3070 967 vindicetis,
3098 907 3155 957 et
3176 903 3366 958 omnis
3384 903 3592 976 globus

1946 993 2084 1044 tuus
2117 994 2228 1045 stet
2257 995 2458 1045 contra
2478 989 2793 1045 Dominum
2825 991 3013 1059 (Num.
3041 1009 3152 1055 xvr,
3188 993 3270 1046 5-l
3292 991 3359 1059 l).
3392 1015 3416 1039 ››
3451 993 3595 1048 Hinc

1949 1084 2355 1134 summotenus
2396 1095 2498 1150 per
2534 1078 2931 1134 internuntios
2961 1084 3255 1150 comperta
3276 1080 3500 1136 Dathan
3543 1086 3600 1136 et

1946 1168 2164 1222 Abiron
2190 1172 2452 1238 proterva
2465 1167 3132 1231 contradictione,iratus
3147 1173 3233 1223 est
3254 1169 3466 1225 Moises
3482 1170 3598 1224 val-

1950 1258 2041 1323 de;
2057 1254 2264 1310 haitad
2289 1255 2622 1310 Dominum:
2648 1255 2760 1308 «Ne
2779 1255 3056 1326 respicias
3077 1257 3362 1312 sacrificia
3376 1275 3599 1314 eorum.

1951 1347 2038 1400 Tu
2070 1344 2185 1398 scis
2216 1344 2370 1415 quod
2406 1360 2474 1397 ne
2505 1342 2751 1397 asellum
2777 1343 3013 1412 quidem
3037 1345 3356 1416 acceperim
3391 1347 3462 1401 ab
3486 1347 3590 1412 eis,

1954 1450 2058 1489 nec
2079 1433 2386 1488 afﬂixerim
2407 1431 2741 1503 quempiam
2764 1447 2985 1485 eorum.
3013 1431 3279 1502 Dixitque
3311 1435 3380 1487 ad
3413 1434 3592 1488 Core:

1952 1524 2058 1590 Tu,
2091 1526 2146 1577 et
2176 1519 2366 1575 omnis
2389 1519 2756 1592 congregatio
2789 1523 2908 1589 tua,
2943 1523 3088 1574 state
3110 1537 3373 1574 seorsum
3407 1538 3601 1576 coram

1956 1611 2224 1676 Domino,
2246 1613 2301 1663 et
2321 1611 2509 1663 Aaron
2529 1608 2620 1662 die
2641 1611 2896 1663 crastino
2919 1607 3466 1679 separatim.Tollite
3488 1610 3603 1664 sin-

1956 1698 2078 1770 guli
2110 1697 2412 1752 thuribula
2441 1700 2652 1761 vestra,
2687 1701 2743 1750 et
2766 1696 2958 1767 ponite
2991 1713 3166 1768 super
3183 1714 3250 1752 ea
3274 1697 3601 1765 incensum,

1958 1786 2262 1841 offerentes
2297 1785 2534 1839 Domino
2549 1801 2649 1838 CCL
2669 1783 2969 1838 thuribula
2995 1803 3006 1852 ;
3039 1788 3228 1840 Aaron
3252 1803 3485 1857 quoque
3515 1790 3604 1842 te-

1959 1879 2092 1930 neat
2122 1871 2488 1928 thuribulum
2523 1889 2718 1927 suum.
2753 1873 2910 1936 Quod
2947 1890 3077 1928 cum
3114 1875 3407 1944 fecissent,
3439 1879 3604 1930 stan-

1961 1963 2117 2018 tibus
2150 1963 2344 2033 Moyse
2376 1967 2432 2016 et
2460 1963 2669 2027 Aaron,
2696 1965 3170 2017 etcoaccrvantes
3199 1964 3476 2019 adversus
3507 1981 3605 2020 eos

1961 2069 2195 2107 omnem
2219 2050 2656 2105 multitudinem
2676 2050 2744 2104 ad
2771 2050 2986 2104 ostium
3021 2051 3406 2122 tabernaculi,
3426 2070 3604 2124 appa-

1960 2141 2080 2196 ruit
2105 2139 2331 2194 cunctis
2353 2138 2537 2210 gloria
2560 2138 2807 2192 Domini.
2837 2139 3205 2211 Locutusque
3228 2140 3511 2196 Dominus
3533 2142 3602 2196 ad

1962 2231 2196 2301 Moysen
2229 2231 2283 2283 et
2304 2233 2494 2282 Aaron
2522 2228 2636 2282 ait:
2663 2227 3024 2299 Separamini
3051 2229 3122 2283 de
3146 2229 3333 2284 medio
3366 2246 3604 2303 congre-

1960 2317 2212 2390 gationis
2244 2316 2441 2386 hujus,
2479 2320 2542 2370 ut
2563 2333 2660 2370 eos
2686 2321 2917 2387 repente
2948 2317 3302 2388 disperdam.
3333 2319 3438 2382 Qui
3459 2319 3606 2374 ceci-

1962 2407 2174 2461 derunt
2205 2405 2371 2477 proni
2404 2404 2460 2458 in
2493 2404 2721 2470 faciem,
2743 2408 2917 2475 atque
2939 2405 3210 2460 dixerunt
3236 2422 3248 2461 :
3273 2406 3606 2462 Fortissime

1966 2497 2116 2552 Deus
2137 2494 2451 2566 spirituum
2477 2492 2757 2548 universae
2784 2493 2998 2559 carnis,
3022 2511 3163 2548 num
3196 2512 3313 2549 uno
3337 2501 3609 2566 peccante

1962 2589 2162 2640 contra
2193 2600 2396 2639 omnes
2422 2587 2524 2637 tua
2556 2583 2644 2637 ira
2673 2582 2984 2638 desaeviet?
3015 2583 3084 2637 Et
3115 2583 3196 2638 ait
3226 2583 3512 2640 Dominus
3535 2585 3606 2640 ad

1963 2673 2196 2744 Moysen
2224 2688 2235 2725 :
2269 2671 2522 2742 Przecipe
2556 2671 2824 2725 universo
2853 2670 3092 2742 populo,
3119 2676 3182 2726 ut
3202 2676 3546 2744 separentur
3578 2690 3612 2728 a

1964 2759 2357 2816 tabernaculis
2388 2759 2530 2815 Core
2562 2763 2619 2815 et
2642 2759 2863 2814 Dathan
2889 2763 2946 2815 et
2965 2760 3200 2815 Abiron.
3235 2761 3609 2834 Surrexitque

1964 2849 2191 2922 Moyses
2213 2853 2269 2903 et
2298 2847 2441 2903 abiit
2461 2848 2533 2903 ad
2559 2848 2779 2902 Dathan
2803 2852 2860 2902 et
2883 2849 3121 2916 Abiron,
3141 2853 3198 2904 et
3227 2851 3612 2922 sequentibus

1964 2954 2098 2992 cum
2129 2935 2458 2992 senioribus
2482 2935 2680 3003 Israel,
2702 2936 2845 2991 dixit
2866 2937 2937 2991 ad
2968 2938 3200 2992 turbam
3235 2955 3249 2992 :
3284 2939 3552 2994 Recedite
3577 2957 3611 2995 a

1963 3023 2356 3081 tabernaculis
2388 3025 2692 3080 hominum
2718 3025 3056 3098 impiorum,
3089 3031 3146 3082 et
3167 3026 3346 3083 nolite
3375 3032 3612 3102 tangere

1966 3132 2094 3187 qua:
2111 3115 2183 3169 ad
2214 3131 2312 3170 eos
2343 3114 2743 3186 pertinent,ne
2762 3114 3211 3170 involvaminiin
3235 3117 3486 3188 peccatis
3515 3135 3608 3173 eo-

1966 3221 2119 3259 rum.
2147 3206 2408 3276 Cumque
2437 3204 2818 3259 recessissent
2835 3205 3143 3260 atentoriis
3167 3222 3364 3262 eorum
3383 3223 3484 3279 per
3500 3207 3608 3262 cir-

205 3296 292 3353 eis
325 3295 565 3368 laqueos
603 3294 946 3367 perditionis
974 3295 1210 3367 aptavit,
1235 3295 1448 3368 quibus
1479 3296 1672 3370 palam
1703 3315 1764 3354 se
1794 3298 1852 3354 in
1885 3283 1927 3350 C
1967 3294 2212 3359 cuitum,
2245 3293 2470 3348 Dathan
2503 3297 2560 3348 et
2588 3294 2798 3349 Abiron
2819 3294 3608 3364 egressistabantinintroitu

208 3388 463 3442 mortem
497 3384 620 3440 fieri
664 3383 917 3440 similem
952 3384 1190 3456 optavit.

852 3490 1084 3546 CAPUT
1122 3491 1218 3546 III.

198 3582 277 3637 De
305 3587 527 3652 peccato
549 3581 688 3652 Core
716 3587 767 3634 et
795 3583 1077 3652 fautorum
1107 3581 1243 3650 ejus,
1275 3588 1436 3651 atque
1464 3599 1621 3652 paena
1644 3598 1853 3638 eorum.

272 3649 413 3706 J’am
444 3650 502 3704 in
544 3651 673 3722 ipsa
701 3649 1156 3705 contradictione
1201 3649 1361 3719 Core,
1393 3649 1771 3724 praesumptio
1799 3659 1856 3709 et

197 3739 452 3798 avaritia
480 3737 636 3793 idem
657 3738 929 3793 videntur
946 3753 1095 3793 esse.
1119 3737 1264 3794 Nam
1296 3740 1603 3796 ambiendo
1625 3741 1857 3796 indebi-

196 3835 336 3885 tum
369 3818 480 3883 Sibi
513 3826 903 3883 sacerdotium
937 3827 1328 3898 praesumpsit,
1364 3831 1419 3882 et
1446 3830 1854 3899 praesumendo

198 3916 472 3975 ambivit.
526 3916 700 3972 Porro
747 3915 1009 3981 avaritia,
1051 3920 1115 3971 ut
1163 3917 1224 3971 B.
1260 3918 1572 3990 Gregorius
1603 3919 1702 3986 ait,
1737 3935 1853 3975 non

197 4008 400 4065 solum
423 4006 679 4079 pecunia:
697 4009 805 4072 est,
826 4005 924 4061 sed
944 4004 1120 4060 etiam
1145 4004 1491 4063 altitudinis.
1509 4008 1682 4064 Recte
1696 4009 1852 4064 enim

198 4095 452 4153 avaritia
481 4095 721 4165 dicitur,
750 4112 885 4150 cum
908 4111 1088 4167 supra
1107 4095 1345 4150 modum
1369 4095 1704 4153 sublimitas
1735 4115 1855 4154 am-

196 4187 386 4252 bitur.
416 4185 472 4239 Si
496 4185 651 4240 enim
678 4202 794 4241 non
816 4185 887 4239 ad
911 4184 1213 4240 avaritiam
1228 4184 1465 4242 honoris
1487 4185 1691 4258 rapina
1719 4203 1849 4259 per-

198 4275 440 4330 tineret.
473 4273 854 4345 Nequaquam
902 4272 1118 4328 Paulus
1150 4273 1219 4329 de
1250 4273 1558 4347 Unigenito
1591 4274 1732 4331 Filio
1764 4275 1851 4330 di-

199 4366 364 4421 ceret
389 4379 401 4418 :
430 4362 594 4418 «Non
616 4363 882 4436 rapinam
904 4363 1221 4419 arbitratus
1243 4367 1469 4420 estesse
1489 4380 1551 4419 se
1565 4365 1850 4436 aequalem

199 4452 323 4509 Deo
354 4451 620 4522 (Philipp.
655 4469 715 4519 ιι,
746 4454 823 4520 6).
856 4475 883 4503 »
921 4454 982 4508 In
1023 4451 1133 4507 hoc
1167 4468 1303 4524 ergo
1333 4451 1603 4508 diabolus
1644 4469 1851 4524 paren-

202 4547 329 4597 tem
350 4544 618 4594 nostrum
643 4541 714 4596 ad
745 4543 1078 4612 superbiam
1111 4541 1306 4611 traxit,
1331 4559 1445 4614 quo
1467 4559 1603 4598 eum
1625 4544 1696 4599 ad
1723 4561 1852 4601 ava-

1970 3383 2331 3456 papilionum
2362 3398 2602 3437 suorum
2635 3399 2767 3437 cum
2801 3382 3078 3438 uxoribus
3109 3388 3165 3438 et
3193 3383 3390 3440 liberis
3422 3386 3609 3441 omni-

1969 3489 2080 3544 que
2108 3471 2452 3542 frequentia.
2488 3472 2557 3524 Et
2585 3470 2665 3524 ait
2697 3472 2920 3542 Moyses
2955 3489 2967 3526 :
3005 3473 3067 3526 In
3103 3471 3195 3526 his
3227 3473 3422 3529 scietis
3453 3476 3608 3545 quod

1966 3561 2252 3615 Dominus
2283 3559 2508 3614 miserit
2531 3575 2641 3625 me,
2675 3563 2740 3614 ut
2761 3560 3008 3614 facerem
3037 3559 3307 3615 universa
3335 3578 3461 3631 quae
3495 3577 3611 3615 cer-

1967 3649 2124 3715 nitis,
2159 3652 2216 3702 et
2238 3665 2351 3702 non
2375 3665 2442 3702 ex
2465 3647 2696 3719 proprio
2720 3663 2784 3701 ea
2807 3648 2978 3702 corde
3005 3647 3366 3718 protulerim.
3401 3648 3609 3705 Sicon-

1966 3739 2134 3791 sueta
2162 3736 2468 3790 hominum
2493 3739 2678 3790 morte
2708 3735 3054 3798 interierint,
3080 3740 3136 3791 et
3166 3736 3485 3793 visitaverit
3513 3754 3611 3794 eos
3698 3733 3702 3736 ’

1964 3823 2157 3896 plaga,
2191 3840 2307 3895 qua
2335 3828 2392 3879 et
2428 3823 2617 3878 caeteri
2656 3822 2881 3878 visitari
2911 3822 3118 3891 solent,
3171 3841 3285 3881 non
3318 3827 3480 3882 misit
3518 3844 3612 3883 me

1968 3913 2249 3968 Dominus
2283 3929 2295 3966 :
2331 3913 2420 3967 sin
2454 3915 2649 3968 autem
2679 3929 2887 3968 novam
2923 3929 3042 3968 rem
3077 3912 3273 3970 fecerit
3304 3915 3610 3983 Dominus,

1964 4004 2030 4056 ut
2059 4001 2326 4072 aperiens
2357 4003 2510 4056 terra
2539 4017 2603 4056 os
2646 4016 2819 4055 suum
2863 3999 3144 4071 deglutiat
3191 4016 3289 4056 eos
3320 4005 3377 4056 et
3415 4003 3614 4057 omnia

1963 4107 2091 4163 quae
2123 4091 2193 4144 ad
2223 4089 2353 4145 illos
2385 4089 2696 4162 pertinent,
2721 4089 3244 4162 descenderintque
3265 4090 3521 4146 viventes
3554 4091 3610 4146 in

1961 4180 2281 4246 infernum,
2310 4179 2506 4235 scietis
2529 4179 2684 4250 quod
2709 4178 3241 4250 blasphemaverint
3273 4179 3609 4235 Dominum.

1962 4268 2277 4341 Confestim
2307 4267 2489 4341 igitur
2516 4271 2580 4322 ut
2600 4268 2848 4323 cessavit
2873 4266 3056 4339 loqui,
3081 4268 3318 4341 dirupta
3349 4273 3438 4324 est
3457 4273 3613 4324 terra

1959 4360 2069 4416 sub
2103 4339 2351 4431 pedibus
2381 4373 2603 4424 eorum,
2637 4361 2695 4411 et
2725 4357 2993 4429 aperiens
3017 4374 3082 4413 os
3113 4375 3285 4413 suum
3319 4358 3614 4414 devoravit

1959 4448 2090 4503 illos
2123 4464 2254 4502 cum
2290 4445 2686 4502 tabernaculis
2709 4445 2862 4513 suis,
2884 4450 2941 4501 et
2973 4445 3608 4515 universasubstantia,

1957 4537 2500 4607 descenderuntque
2529 4535 2638 4590 vivi
2671 4535 2729 4589 in
2762 4535 3058 4590 infernum
3092 4537 3274 4608 operti
3315 4536 3519 4606 humo,
3552 4542 3609 4592 et

206 4629 252 4684 ri
263 4628 406 4682 tiam
425 4627 802 4684 sublimitatis
817 4630 1100 4686 excitavit.
1117 4630 1439 4686 Pertinacia
1459 4648 1690 4704 quoque
1707 4632 1849 4689 Core
1879 4654 1925 4718 D
1955 4625 2335 4698 perieruntdc
2349 4622 2538 4679 medio
2551 4622 3042 4718 multitfldifliif-At
3059 4641 3192 4679 vero
3205 4625 3397 4680 omnis
3413 4624 3606 4718 Istae].

206 4718 271 4773 in
303 4716 414 4772 hoc
453 4717 798 4782 ostenditur,
841 4719 995 4789 quod
1028 4736 1132 4775 nec
1161 4719 1575 4791 increpatione,
1610 4737 1713 4776 nec
1745 4723 1848 4776 ad-

207 4805 536 4862 monitione
566 4805 636 4861 ad
661 4822 760 4860 eor
781 4805 890 4860 fuit
911 4822 1197 4863 reversus.
1225 4808 1501 4879 Denique,
1528 4813 1592 4864 ut
1614 4808 1859 4866 historia

208 4896 412 4963 refert,
447 4895 527 4950 ita
554 4894 638 4949 illi
662 4894 873 4950 acriter
894 4894 1380 4968 impudenterque
1402 4897 1666 4968 jurganti
1695 4902 1751 4953 et
1771 4916 1864 4955 ex-

204 4984 510 5056 probranti
532 4983 883 5039 mitissimus
915 4983 1218 5039 hominum
1259 4986 1486 5057 Moyses
1511 4988 1812 5058 respondit
1844 5007 1856 5044 :

285 5095 312 5120 ‹‹
339 5072 506 5128 Mane
526 5079 728 5128 notum
750 5071 1207 5128 facietDominus
1220 5073 1319 5144 qui
1337 5075 1408 5129 ad
1431 5090 1493 5129 se
1509 5075 1859 5147 pertineant,

203 5165 266 5216 et
298 5165 530 5216 sanctos
545 5160 860 5233 applicabit
881 5161 1015 5226 sibi,
1039 5165 1094 5216 et
1125 5177 1269 5232 quos
1290 5161 1527 5233 elegerit
1542 5164 1858 5236 appropin-

203 5247 481 5320 quabunt
536 5249 606 5304 ei.
645 5252 756 5306 Hoc
789 5250 966 5322 igitur
995 5250 1184 5305 facite.
1217 5249 1404 5305 Tollat
1444 5253 1855 5326 unusquisque

201 5334 511 5392 thuribula
532 5354 659 5404 sua,
689 5341 752 5392 tu
783 5338 943 5407 Core,
969 5342 1025 5394 et
1049 5354 1222 5393 omne
1245 5338 1558 5395 concilium
1573 5345 1765 5410 tuum,
1796 5348 1854 5398 et

203 5426 420 5481 hausto
451 5441 579 5480 cras
626 5425 758 5498 igne
786 5426 983 5498 ponite
1014 5427 1265 5497 desuper
1302 5425 1626 5498 thymiama
1657 5446 1852 5487 coram

203 5513 477 5583 Domino,
510 5519 566 5570 et
596 5531 1006 5588 quemcunque
1037 5514 1271 5587 elegerit
1302 5514 1428 5586 ipse
1453 5516 1562 5570 erit
1590 5522 1848 5574 sanctus.

205 5601 460 5660 Multum
490 5603 802 5677 erigimini,
830 5604 930 5661 ﬁlii
957 5604 1105 5661 Levi.
1130 5603 1284 5659 Dixit
1311 5621 1546 5659 rursum
1571 5606 1642 5661 ad
1669 5607 1810 5662 Core
1835 5625 1848 5665 :

202 5691 438 5768 Audite,
453 5692 556 5754 ﬁlii
577 5695 728 5757 Levi.
748 5696 901 5759 Num
918 5710 1126 5778 parum
1147 5693 1312 5753 vobis
1333 5696 1423 5754 est
1442 5693 1597 5771 quod
1620 5710 1850 5776 separa-

1958 4714 2058 4786 qui
2080 4713 2272 4769 stabat
2290 4729 2390 4784 per
2406 4711 2761 4783 gyrum,l‘ugi
2779 4712 2874 4767 tad
2889 4710 3199 4767 clamorem
3216 4712 3585 4783 pereuntium
3598 4757 3612 4779 ,

1968 4803 2169 4858 dicens
2202 4820 2214 4856 ε
2249 4801 2329 4856 Ne
2361 4800 2571 4854 forteet
2593 4816 2698 4855 nos
2717 4804 2868 4855 terra
2892 4787 3195 4871 deglutiat.
3230 4801 3339 4855 Sed
3372 4805 3428 4854 et
3457 4799 3611 4872 ignis

1968 4908 2241 4964 egressus
2263 4907 2296 4944 a
2325 4887 2568 4943 Domino
2582 4887 2867 4942 interfecit
2883 4905 2984 4943 CCL
3002 4888 3157 4942 viros
3177 4887 3274 4960 qui
3297 4889 3613 4943 offerebant

1969 4981 2275 5054 incensum
2304 4976 2484 5047 (lbid.,
2517 4975 2722 5046 15-35).
2760 4997 2786 5024 ››
2807 4976 2884 5030 Ex
2906 4993 3022 5046 quo
3054 4977 3256 5046 utique
3278 4975 3482 5030 divinae
3514 4992 3608 5030 se-

1967 5063 2479 5136 veritatisjudicio,
2511 5063 2686 5118 etiam
2711 5063 2768 5117 in
2792 5065 3098 5136 superficie
3121 5064 3398 5132 historias,
3430 5081 3606 5135 quam

1971 5173 2115 5230 pene
2157 5159 2336 5210 totam
2369 5151 2505 5206 huic
2535 5151 2814 5222 opusculo
2845 5152 3218 5207 inserendam
3269 5153 3610 5224 judicanus,

1964 5245 2248 5316 conjicere
2262 5241 2558 5314 possimus
2581 5239 2721 5310 quid
2739 5245 3072 5295 mereantur
3093 5247 3194 5295 aut
3215 5241 3356 5312 quid
3381 5241 3610 5312 passuri

1963 5337 2082 5392 sint
2112 5333 2211 5404 qui
2235 5329 2621 5386 sacerdotium
2641 5326 2982 5383 Christianae
3014 5329 3212 5400 gratia:
3235 5329 3346 5384 sibi
3373 5329 3609 5385 saecula-

1963 5426 2102 5479 riter
2122 5420 2415 5475 vindicare
2435 5421 2820 5490 praesumunt,
2854 5417 2903 5472 si
2926 5421 3087 5474 tanta
3110 5418 3615 5475 animadversione

1960 5510 2224 5568 mulctati
2258 5506 2534 5576 sunt,qui
2585 5507 2973 5563 sacerdotium
3016 5509 3295 5582 Mosayca
3318 5508 3465 5581 legis
3495 5507 3607 5563 sibi

1961 5598 2385 5658 contumaciter
2405 5595 2712 5671 praeripere
2730 5599 3190 5668 attentaverunt;
3212 5615 3459 5672 quorum
3475 5598 3616 5653 duo-

1961 5709 2094 5751 rum
2142 5691 2295 5750 sicut
2323 5703 2501 5767 quam
2535 5684 2796 5747 maxima
2823 5685 2884 5746 in
2925 5689 3307 5750 sacramentis
3335 5691 3425 5750 est
3453 5686 3615 5753 diffe-
