4004 6210
369 327 524 392 1063
1413 321 1823 386 HUMBERTI
1872 325 1937 386 S.
1985 319 2007 382 Ι

2119 319 2176 382 s.
2223 317 2720 383 CABDINALIS.
3620 319 3794 406 mea
3927 305 3931 348 ³

371 462 575 529 rentia,
604 460 686 515 sic
718 464 772 514 et
804 474 979 528 quam
1001 456 1253 510 maxima
1275 455 1444 511 debet
1472 472 1598 511 esse
1636 457 1691 510 in
1727 453 2010 510 ministris
2038 460 2090 522 Α
2120 453 2339 508 cladem
2366 455 2580 526 experti
2617 461 2772 508 sunt.
2803 453 3063 509 Severior
3091 449 3250 508 enim
3275 449 3576 526 Evangelii
3597 468 3786 523 quam

370 552 676 620 utriusque
707 546 1004 609 distantia,
1042 549 1328 615 quantum
1372 544 1593 599 scilicet
1633 545 1840 599 sistare
1870 543 2015 598 solet

367 637 578 693 servuli
612 637 683 690 ah
705 632 1072 704 imperatoris
1097 650 1362 703 persona.
1388 634 1666 703 Equidem
1693 632 2010 688 Mosaicum

366 725 502 779 illud
529 721 914 779 sacerdotium
931 721 1074 774 sacri
1087 721 1232 774 liciis
1245 720 1458 774 carnali
1471 721 1578 774 bus
1594 719 1871 774 insistens
1886 735 2016 772 san-

365 813 599 884 guinem
633 810 926 864 hircorum
958 813 1014 863 et
1046 813 1372 871 taurorum,
1405 807 1855 878 aliquorumque
1887 807 2011 860 ani-

366 900 630 964 malium,
652 915 767 970 quo
789 896 1375 968 secundumApostoli
1399 897 1622 950 dictum
1649 893 2012 966 impossibile

364 994 487 1044 erat
518 986 731 1042 auferri
766 990 1018 1057 peccata,
1052 986 1321 1039 umbram
1363 983 1734 1040 solummodo
1787 984 2009 1038 futuro-

364 1095 493 1132 rum
518 1078 802 1130 bonorum
827 1074 1164 1146 praeferebat
1189 1091 1202 1139 ;
1227 1073 1624 1128 Christianum
1651 1077 1869 1138 autem,
1897 1072 2010 1144 spi-

363 1165 673 1220 ritualibus
705 1163 912 1217 hostiis
940 1179 1172 1228 vacans,
1206 1161 1552 1231 sanguinem
1579 1161 1723 1232 Agni
1747 1161 2007 1214 inconta-

364 1255 568 1310 minati
599 1262 652 1309 et
683 1250 1043 1306 immaculati
1078 1251 1216 1306 Jesu
1272 1250 1507 1316 Christi,
1563 1250 1665 1320 qui
1696 1249 1848 1303 tollit
1879 1265 2008 1320 pec-

363 1350 490 1399 cata
523 1342 746 1406 mundi,
779 1341 1039 1411 quotidie
1064 1339 1252 1394 fundit
1283 1339 1340 1393 in
1365 1339 1766 1393 remissionem
1805 1354 2010 1409 pecca-

362 1438 553 1486 torum
587 1448 685 1502 per
717 1429 1085 1483 manifestam
1104 1427 1405 1482 veritatem
1436 1427 1888 1498 prmsentiumet
1920 1425 2006 1479 fu-

361 1525 625 1576 turorum
644 1521 946 1573 bonorum.
978 1517 1121 1571 lllud
1145 1533 1376 1587 quoque
1399 1515 2004 1579 animadvertendum,

361 1608 662 1680 quodCore
684 1623 797 1660 non
821 1606 1065 1677 pecunia
1088 1605 1346 1674 [sibimet
1363 1604 1750 1658 sacerdotium
1774 1601 2009 1673 quaesie-

362 1698 479 1767 rit],
511 1697 611 1752 sed
644 1695 862 1766 gradus
893 1695 982 1748 sui
1026 1693 1478 1764 propinquitate,
1513 1693 1611 1746 sed
1644 1691 2006 1763 cognatione,

359 1803 476 1856 qua
514 1783 871 1838 contribules
901 1787 1065 1836 erant
1095 1782 1218 1852 ipse
1250 1787 1304 1835 et
1333 1784 1543 1847 Aaron,
1593 1779 1858 1851 quamvis
1892 1796 2005 1832 non
2038 1812 2084 1876 B

359 1873 618 1942 ejusdem
653 1871 905 1934 familiaz,
940 1874 996 1924 et
1029 1869 1167 1940 quia
1191 1869 1519 1924 confidebat
1543 1885 1603 1923 se
1635 1883 1868 1938 quoque
1893 1867 2006 1922 Do-

359 1961 503 2016 mini
534 1977 681 2025 esse,
709 1959 860 2013 sicut
880 1975 947 2013 ex
973 1957 1066 2012 his
1087 1957 1418 2026 verbisejus
1439 1957 1811 2027 cognoscitur
1840 1972 1997 2026 aper-

359 2056 454 2105 te:
490 2073 516 2098 ‹‹
551 2049 834 2113 Sufﬁciat,
866 2047 1076 2118 inquit,
1110 2047 1273 2101 vobis
1305 2045 1442 2118 quia
1467 2046 1658 2100 omnis
1690 2045 2003 2099 multitudo

355 2144 692 2193 sanctorum
726 2142 831 2201 est,
867 2140 924 2190 et
956 2136 1010 2189 in
1047 2135 1192 2206 ipsis
1221 2140 1310 2189 est
1334 2135 1638 2189 Dominus.
1674 2135 1787 2188 Cur
1817 2133 2004 2187 eleva-

359 2227 498 2281 mini
535 2244 711 2297 super
744 2224 1021 2295 populum
1059 2223 1325 2277 Domini?
1350 2223 1528 2292 (Nam.
1562 2239 1675 2286 xw,
1705 2223 1781 2290 3.)
1815 2221 1924 2274 Sed
1949 2224 2006 2274 et

357 2316 498 2370 illud
524 2333 635 2369 non
663 2315 856 2368 minus
881 2312 1486 2379 animadvertendum,
1511 2327 1684 2380 quam
1716 2309 2004 2363 horrendo

355 2409 410 2459 et
444 2403 758 2458 miserabili
788 2402 956 2454 modo
981 2399 1196 2453 Dathan
1221 2406 1275 2453 et
1297 2399 1508 2453 Abiron
1540 2399 1795 2452 viventes
1826 2397 1882 2451 in
1917 2398 1998 2450 in-

357 2495 586 2546 fernum
617 2508 748 2545 cum
781 2490 1056 2543 omnibus
1089 2489 1236 2552 suis,
1285 2504 1535 2558 eumque
1568 2488 1724 2541 omni
1759 2485 2004 2556 supelle-

356 2581 486 2636 ctile
505 2597 612 2634 sua
632 2579 1059 2633 descenderint.
1086 2593 1214 2629 cum
1235 2576 1466 2630 sibimet
1482 2576 1870 2630 sacerdotium
1889 2592 2000 2629 non

355 2669 710 2740 quaesierint,
736 2683 922 2736 neque
954 2666 1109 2720 enim
1133 2665 1366 2718 extribu
1400 2664 1522 2717 Levi
1543 2665 1841 2729 cr:mt,sed
1876 2669 2002 2717 tan-

355 2757 658 2814 tummodo
690 2753 1212 2827 przssumptoribus
1254 2753 1516 2806 l‘averint.
1555 2753 1620 2804 Et
1649 2757 1843 2806 tamen
1879 2769 2004 2822 gra-

354 2847 486 2901 vius
515 2844 704 2916 puniti
739 2846 877 2898 sunt
908 2843 1164 2896 fautores
1197 2845 1254 2896 et
1293 2840 1648 2904 defensores,
1682 2857 1858 2911 quam
1892 2837 2005 2910 ipsi

357 2937 828 3007 praesumptores.
864 2929 1107 2985 Gravius
1149 2933 1238 2985 est
1280 2928 1435 2983 enim
1468 2932 1682 2983 terram
1729 2927 2004 2999 deglutiri

355 3024 515 3077 vivos
547 3038 676 3077 cum
703 3021 875 3075 rebus
905 3024 962 3074 et
983 3018 1125 3089 ipsis
1149 3017 1427 3090 parvulis,
1462 3015 1562 3088 qui
1594 3034 1706 3071 non
1742 3031 2006 3087 peccave-

356 3115 506 3176 rant,
531 3126 707 3181 quam
734 3109 866 3181 igne
889 3106 1118 3162 amburi
1137 3105 1291 3161 solos
1322 3105 1419 3176 qui
1448 3108 1845 3176 peccaverant.
1879 3104 2007 3158 Ani-

2123 542 2268 614 legis
2299 547 2388 598 est
2405 545 2619 609 cautio,
2645 543 2784 614 quia
2811 543 2871 598 in
2900 543 3008 599 hac
3031 557 3276 616 pravum
3302 541 3524 598 factum
3547 541 3786 598 solum—

2125 633 2318 695 modo,
2369 632 2427 687 in
2478 632 2576 687 illa
2619 637 2812 686 autem
2856 631 3098 704 punitur
3135 632 3313 687 etiam
3373 631 3673 704 cogitatio.
3709 631 3787 686 Et

2123 726 2275 776 certe
2307 721 2531 776 Dathan
2577 725 2632 776 et
2666 721 2878 776 Abiron
2911 726 3085 792 atque
3117 721 3260 777 Core
3305 720 3527 792 duplici
3558 720 3785 776 contri-

2122 811 2298 875 tione,
2331 810 2588 881 corporis
2621 809 2843 864 scilicet
2871 814 2926 864 et
2956 809 3186 877 animas,
3211 811 3534 865 creduntur
3563 809 3781 866 contri-

2121 897 2186 969 ti,
2219 903 2282 953 ut
2313 902 2622 954 attestatur
2649 899 2832 953 Judas
2859 897 3082 953 Jacobi.

2761 1003 2991 1059 CAPUT
3029 1003 3119 1059 1V.

2121 1097 2193 1150 De
2222 1096 2382 1163 vulgo
2412 1096 2631 1166 sequaci
2647 1102 3112 1166 prmsanzptorum
3130 1097 3183 1166 et
3212 1093 3277 1148 de
3304 1093 3625 1166 differentia
3653 1097 3782 1150 veri

2643 1173 2695 1220 et
2737 1165 2879 1234 falsi
2917 1165 3231 1220 sacerdotii.

2187 1255 2362 1310 Jesus
2393 1255 2464 1309 de
2494 1259 2647 1308 terra
2674 1253 2899 1325 [Egypti
2923 1251 3208 1325 populum
3233 1252 3489 1321 salvans,
3510 1255 3773 1310 secundo

2119 1361 2216 1399 eos
2240 1343 2339 1416 qui
2363 1361 2478 1398 non
2502 1343 2874 1398 crediderunt
2895 1341 3168 1414 perdidit.
3191 1343 3300 1398 Sed
3323 1342 3596 1414 hincjam
3621 1344 3772 1416 quid

2118 1433 2317 1487 eadem
2352 1431 2597 1486 historia
2627 1432 2946 1502 subjungat
2977 1431 3369 1502 perpendetur
3399 1449 3412 1486 :
3447 1453 3474 1484 ι
3494 1422 3768 1487 Murmu-

2118 1519 2264 1575 ravit
2277 1525 2469 1574 autem
2490 1519 2681 1574 omnis
2706 1518 3017 1574 multitudo
3032 1517 3283 1573 filiorum
3298 1518 3465 1574 Israel
3487 1519 3760 1591 sequenti

2120 1609 2211 1663 die
2239 1612 2438 1662 contra
2453 1607 2685 1678 Moysen
2702 1611 2756 1662 et
2769 1607 2955 1662 Aaron
2975 1606 3175 1663 dicens
3202 1625 3215 1662 :
3255 1607 3369 1662 Vos
3388 1606 3765 1662 interfecistis

2119 1695 2403 1768 populum
2455 1695 2707 1750 Domini.
2759 1695 3022 1766 Cumque
3053 1695 3305 1751 oriretur
3345 1695 3551 1750 seditio
3581 1698 3638 1750 et
3662 1697 3770 1748 tu-

2118 1785 2344 1840 multus
2379 1785 2747 1848 incresceret,
2781 1783 3007 1855 Moyses
3035 1788 3092 1838 et
3129 1786 3318 1839 Aaron
3362 1782 3660 1856 fugierunt
3691 1782 3769 1836 ad

2116 1871 2558 1928 tabernaculum
2583 1872 2833 1927 fcederis.
2858 1873 3017 1936 Quod
3031 1876 3337 1944 postquam
3359 1869 3609 1942 ingressi
3628 1873 3774 1925 sunt

2114 1963 2344 2034 operuit
2374 1963 2578 2027 nubes,
2613 1966 2670 2016 et
2693 1961 2964 2032 apparuit
2988 1959 3172 2031 gloria
3214 1959 3466 2021 Domini,
3500 1957 3774 2030 dixitque

2114 2050 2398 2105 Dominus
2445 2051 2515 2105 ad
2565 2054 2834 2121 Moysen:
2890 2048 3156 2102 Recedite
3217 2047 3287 2100 de
3337 2045 3530 2101 medio
3578 2045 3770 2116 hujus

2115 2138 2532 2205 multitudinis,
2566 2141 2741 2201 etiam
2774 2152 2927 2190 nunc
2950 2135 3150 2190 delebo
3173 2151 3292 2190 eos.
3317 2134 3765 2205 Cumquejace-

2115 2233 2242 2283 rent
2272 2227 2330 2282 in
2363 2233 2596 2293 terram,
2621 2225 2762 2280 dixit
2787 2225 3008 2296 Moyses
3031 2225 3100 2278 ad
3125 2226 3315 2278 Aaron
3351 2238 3365 2278 :
3393 2221 3557 2277 Tolle
3580 2221 3772 2277 thuri-

2114 2316 2336 2383 bulum,
2372 2320 2426 2370 et
2458 2315 2665 2369 hausto
2685 2313 2816 2383 igne
2842 2313 2911 2367 de
2935 2312 3102 2367 altari
3131 2313 3300 2367 mitte
3324 2311 3629 2366 incensum
3657 2311 3765 2365 de-

2113 2422 2307 2475 super,
2345 2420 2587 2475 pergens
2619 2403 2730 2456 cito
2764 2401 2832 2455 ad
2868 2399 3172 2472 populum,
3206 2403 3272 2454 ut
3317 2414 3488 2470 roges
3520 2415 3622 2470 pro
3653 2398 3764 2454 eis.

2111 2493 2242 2548 Jam
2277 2492 2426 2546 enim
2463 2507 2697 2562 egressa
2727 2494 2816 2544 est
2847 2489 2932 2544 ira
2955 2506 2986 2542 a
3016 2488 3284 2552 Domino,
3304 2491 3360 2542 et
3382 2487 3552 2559 plaga
3580 2481 3766 2541 desae-

2111 2580 2282 2634 vitur.
2319 2580 2477 2644 Quod
2513 2595 2647 2632 cum
2681 2577 2910 2631 fecisset
2959 2578 3169 2641 Aaron,
3203 2580 3258 2630 et
3293 2573 3650 2630 eucurrisset
3690 2576 3766 2629 ad

2116 2667 2368 2722 mediam
2401 2665 2861 2731 multitudinem,
2902 2681 3075 2735 quam
3098 2665 3220 2732 jam
3253 2662 3521 2717 vastabat
3563 2661 3766 2716 incen-

2116 2756 2300 2816 dium,
2339 2755 2548 2809 obtulit
2579 2754 2938 2825 thymiama;
2971 2758 3028 2807 et
3054 2757 3219 2807 stans
3242 2751 3394 2806 inter
3425 2755 3686 2806 mortuos
3708 2755 3770 2806 et

2112 2845 2393 2911 viventes,
2423 2862 2526 2916 pro
2551 2842 2764 2915 populo
2785 2843 3131 2913 deprecatus
3153 2845 3259 2904 est,
3285 2844 3341 2894 et
3371 2838 3542 2910 plaga
3571 2855 3770 2894 cessa-

2113 2933 2212 2988 vit.
2247 2933 2505 2987 Fuerunt
2535 2935 2730 2986 autem
2748 2930 2847 3001 qui
2868 2929 3127 3001 percussi
3160 2931 3298 2984 sunt
3321 2927 3768 2999 quatuordecim

2116 3020 2303 3076 millia
2316 3020 2624 3075 hominum
2647 3024 2702 3074 et
2721 3018 3096 3090 septingenti,
3116 3016 3338 3088 absque
3353 3015 3442 3071 bis
3464 3015 3562 3088 qui
3587 3015 3771 3088 perie-

2119 3115 2257 3164 runt
2289 3110 2345 3163 in
2371 3108 2653 3163 seditione
2675 3109 2814 3162 Core
2832 3106 3016 3177 (Num.
3034 3123 3149 3170 xvr,
3176 3106 3431 3173 Iit-49.)-
3459 3105 3519 3159 In
3541 3119 3660 3176 quo
3681 3103 3768 3159 vi-

355 3177 722 3255 madvertant
746 3177 852 3252 hoc
883 3195 1010 3250 laici
1035 3200 1090 3249 et
1121 3195 1336 3260 clerici,
1370 3194 1466 3262 qui
1493 3210 1606 3248 non
1639 3193 1850 3247 timent
1883 3209 2006 3262 [πά-
2037 3177 2080 3241 C
2119 3198 2329 3254 delicet
2343 3198 2488 3251 facto
2502 3194 3334 3251 evidentermonstraturauod
3352 3193 3524 3250 etiam
3542 3210 3772 3266 perver-

355 3289 440 3344 vis
463 3294 519 3343 et
545 3285 996 3357 indisciplinatis
1020 3282 1392 3356 patrocinari,
1418 3282 1786 3351 maximeque
1805 3280 1897 3334 cui
1922 3279 2005 3334 in-

357 3379 588 3450 dignos,
621 3381 721 3431 aut
755 3374 1012 3446 potentia
1039 3389 1166 3438 sua,
1202 3371 1286 3426 vel
1330 3373 1543 3437 favore,
1583 3386 1682 3424 seu
1718 3367 1898 3440 pretio
1931 3369 2000 3422 ad

356 3483 553 3522 sacros
584 3465 818 3520 ordines
857 3462 1096 3532 exigunt
1128 3459 1471 3532 promoveri.
1522 3457 2006 3512 Animadvertant

356 3571 589 3628 quoque
635 3554 772 3626 quia
827 3551 1157 3624 prohibitus
1210 3548 1321 3602 fuit
1375 3546 1626 3619 populus
1669 3546 2005 3616 contingere

357 3644 642 3716 quidquid
675 3658 874 3697 eorum
904 3657 1029 3711 qum
1062 3638 1132 3692 ad
1175 3637 1396 3692 Dathan
1423 3641 1480 3691 et
1506 3635 1718 3690 Abiron
1753 3633 2003 3704 pertine-

358 3734 518 3800 bant,
554 3748 625 3787 ne
657 3729 1086 3785 involverentur
1113 3725 1367 3798 peccatis
1399 3741 1620 3789 eorum,
1645 3739 1778 3778 cum
1811 3721 2004 3794 supel-

361 3821 451 3876 lex
481 3823 624 3876 Core
648 3819 704 3873 in
735 3823 965 3876 tantum
990 3833 1102 3870 non
1130 3813 1383 3886 perierit,
1417 3819 1479 3867 ut
1499 3813 1674 3867 etiam
1707 3809 2008 3866 thuribula

359 3927 561 3967 eorum
594 3909 651 3964 in
684 3907 934 3962 laminas
964 3905 1245 3977 producta
1266 3904 1440 3973 jussu
1489 3902 1588 3958 Dei
1620 3901 1787 3956 altari
1819 3901 2008 3955 afl'usa

361 4000 497 4056 sint.
532 3999 602 4053 Et
625 4002 687 4051 ut
708 3994 950 4050 historia
972 3994 1144 4048 refert
1166 3993 1222 4046 in
1248 3990 1652 4063 sequentibus,
1677 3991 1890 4044 factum
1919 3992 2008 4044 est

361 4088 579 4160 grande
604 4083 972 4149 miraculum,
999 4086 1082 4148 ut,
1108 4086 1386 4152 pereunte
1404 4079 1682 4143 Core,tilii
1710 4077 1870 4133 illius
1894 4094 2006 4132 non

362 4177 655 4248 perirent;
717 4173 1070 4244 tandemque
1122 4175 1478 4242 cognoscant
1533 4169 1868 4223 defensores
1922 4165 2006 4220 vel

363 4267 618 4320 fautores
651 4278 957 4334 pravorum
981 4264 1202 4331 quanto
1229 4260 1454 4330 pejores
1477 4258 1596 4312 sint
1619 4256 1810 4328 pravis
1844 4255 2005 4326 ipsis.

364 4351 588 4409 Etenim
606 4351 992 4422 sicutpriores
1016 4350 1073 4404 in
1099 4347 1314 4411 scelere
1348 4347 1510 4418 prius
1532 4345 1759 4401 Dathan
1792 4349 1850 4399 et
1880 4344 2011 4398 Abi-

365 4459 469 4498 ron
503 4446 653 4497 terra
683 4440 1016 4507 absorbuit;
1060 4438 1192 4492 dein
1225 4436 1367 4490 Core
1398 4452 1531 4490 cum
1559 4435 1684 4489 suis
1713 4433 2010 4505 complici-

2115 3303 2313 3341 sorum
2346 3301 2564 3355 sequax
2585 3283 2796 3354 vulgus
2818 3283 3012 3338 divina
3030 3281 3428 3355 indignatione
3449 3281 3770 3338 enormiter

2115 3374 2524 3447 prosternitur,
2559 3373 2697 3427 dum
2731 3372 2963 3427 eosdem
2998 3387 3298 3443 perversos
3329 3387 3477 3443 quos
3509 3370 3766 3442 populus

2113 3464 2210 3519 Dei
2237 3461 2380 3517 falso
2401 3461 2741 3515 credebatet
2763 3459 2992 3515 dicebat
3012 3460 3344 3515 interfectos
3357 3458 3760 3531 conqueritur.

2113 3552 2224 3606 Nec
2257 3551 2496 3614 mirum,
2523 3548 2662 3620 quia
2691 3548 2916 3604 amicus
2947 3547 3256 3604 stultorum
3289 3546 3575 3604 efﬁcietur
3595 3546 3763 3603 simi-

2114 3639 2266 3704 liter,
2293 3643 2356 3692 ut
2385 3638 2466 3693 ait
2491 3636 2786 3703 Salomon,
2815 3653 3060 3710 quorum
3086 3636 3424 3692 societatem
3445 3636 3766 3692 cavendam

2114 3729 2314 3783 edocet
2343 3726 2426 3782 sic
2459 3744 2471 3781 :
2503 3750 2530 3774 «
2565 3726 2668 3780 Fili
2703 3726 2804 3790 mi,
2838 3727 2886 3780 si
2935 3730 2990 3781 te
3039 3724 3375 3781 lactaverint
3409 3729 3766 3796 peccatores,

2116 3833 2186 3872 ne
2235 3816 2570 3887 acquiescas
2605 3815 2708 3869 eis.
2767 3814 2825 3868 Si
2874 3813 3128 3869 dixerint
3173 3831 3185 3868 :
3242 3812 3386 3868 Veni
3429 3812 3766 3879 nobiscum,

2117 3910 2217 3960 aut
2275 3908 2489 3960 sortem
2550 3902 2715 3958 mitte
2773 3901 3101 3969 nobiseum,
3161 3900 3530 3973 marsupium
3572 3915 3761 3955 unum

2116 3995 2194 4049 sit
2222 3993 2485 4048 omnium
2521 3995 2809 4046 nostrum.
2834 3991 3015 4046 Pedes
3036 3989 3194 4045 enim
3219 4006 3422 4046 eorum
3447 3989 3518 4044 ad
3542 3987 3765 4044 malum

2116 4086 2374 4138 currunt.
2432 4081 2512 4136 Ne
2544 4079 2834 4135 aemuleris
2862 4079 3017 4135 viros
3045 4078 3280 4151 impios,
3334 4093 3440 4133 nec
3470 4076 3764 4133 desideres

2116 4187 2244 4227 esse
2268 4187 2399 4224 cum
2430 4169 2534 4236 eis,
2570 4169 2706 4240 quia
2737 4168 2971 4224 fraudes
3000 4167 3154 4223 labia
3192 4183 3395 4222 eorum
3423 4166 3762 4238 loquuntur.

2116 4260 2347 4314 Etcum
2378 4256 2802 4312 detractoribus
2852 4273 2924 4311 ne
2974 4255 3432 4322 eommiscearis,
3487 4253 3766 4326 quoniam

2118 4351 2353 4420 repente
2425 4350 2737 4418 consurget
2811 4345 3057 4416 perditio
3117 4333 3340 4412 eorum,
3401 4349 3458 4399 et
3533 4343 3769 4398 ruinam

2121 4437 2428 4507 utriusque
2448 4435 2581 4506 quis
2603 4434 2762 4490 novit
2780 4433 2900 4489 ?Ne
2917 4435 3019 4490 des
3041 4432 3246 4490 alienis
3263 4433 3544 4489 honorem
3567 4437 3766 4498 tuum,

365 4534 475 4587 bus
506 4532 743 4586 flamma
774 4528 1093 4600 corripiens
1123 4523 1466 4580 combussit.
1502 4524 1622 4579 Pra:
1653 4523 1878 4577 cunctis
1906 4539 2008 4576 au-
2043 4545 2088 4610 ι)
2120 4530 2176 4580 et
2207 4542 2389 4580 annos
2415 4527 2547 4580 tuos
2578 4523 2821 4594 crudeli,
2854 4539 2924 4578 ne
2955 4523 3099 4578 forte
3130 4521 3486 4594 impleantur
3508 4519 3767 4578 extranei

364 4627 482 4677 tem
513 4620 982 4676 animadvertant
1012 4612 1350 4681 Simoniaci,
1394 4613 1492 4684 qui
1529 4617 1658 4684 post
1708 4613 2015 4666 innumera

365 4710 739 4766 anathemata
771 4707 1054 4779 Spiritum
1078 4708 1345 4758 sanctum
1374 4719 1476 4773 pro
1499 4701 1904 4757 ecclesiastica.-
1936 4700 2018 4754 di-

365 4799 603 4872 gnitatis
622 4797 943 4853 ambitione
972 4793 1219 4864 pecunia
1256 4791 1601 4863 impugnare
1632 4793 2014 4861 praesumunt,

366 4889 584 4960 quique
615 4904 678 4942 se
709 4900 1044 4955 expugnare
1074 4880 1160 4935 vel
1193 4879 1513 4951 expugnari
1545 4895 1713 4950 posse
1745 4878 2014 4933 eumdem

364 4977 627 5045 credunt,
661 4977 882 5046 quanto
915 4971 1314 5027 sceleratiores
1349 4968 1467 5022 sint
1505 4970 1666 5034 Core,
1719 4968 1841 5038 qui,
1886 4971 2017 5022 ante

365 5065 502 5137 quid
515 5065 629 5119 libe
643 5070 658 5119 t
671 5060 1005 5128 anathema,
1024 5057 1412 5114 sacerdotium
1435 5057 1690 5112 Judaicm
1703 5057 2017 5128 Synagogze

364 5153 528 5210 nulla
558 5150 809 5224 pecunia
829 5148 1052 5220 prolata
1083 5146 1168 5202 vel
1194 5146 1503 5219 promissa,
1529 5145 1626 5200 sed
1651 5145 1774 5201 sola
1805 5161 2014 5216 cogna-

361 5241 559 5307 tionis,
593 5241 679 5296 vel
715 5237 1042 5295 sanctitatis
1072 5235 1422 5302 ﬁdueia,sibi
1454 5235 1709 5306 arripere
1744 5234 2009 5288 tentavit.

364 5333 646 5386 Praeterea
697 5328 1170 5384 animadvertant
1215 5323 1702 5389 Simoniacorum,
1737 5339 1835 5378 seu
1869 5339 2014 5394 quo-

362 5415 1237 5488 rumlibetjndisciplinatorum
1265 5416 1520 5470 fautores
1540 5416 1596 5468 ct
1616 5411 1889 5466 obstinati
1915 5411 2012 5466 de»

362 5508 628 5562 fensores
678 5505 752 5560 ab
800 5503 1130 5575 evangelica
1175 5503 1412 5565 veritate
1464 5500 1606 5572 quid
1655 5501 1860 5555 timere
1918 5501 2016 5555 de-

362 5593 566 5658 beant,
589 5591 639 5645 sli
672 5589 896 5646 Dathan
925 5595 981 5646 et
1011 5590 1222 5646 Abiron
1243 5593 1316 5648 ab
1347 5592 1557 5648 umbri
1583 5587 1759 5662 legati
1784 5592 2009 5646 tantam

2123 4614 2345 4669 viribus
2392 4613 2528 4681 tuis,
2563 4618 2619 4668 et
2649 4612 2877 4668 labores
2906 4612 2989 4667 tui
3023 4611 3141 4667 sint
3170 4612 3228 4665 in
3262 4611 3434 4666 domo
3467 4609 3678 4677 aliena,
3711 4613 3771 4664 et

2124 4719 2324 4775 gemas
2356 4701 2414 4756 in
2439 4701 2775 4756 novissimis
2806 4701 3043 4765 quando
3076 4697 3511 4770 consumpseris
3560 4712 3772 4752 carnes

2125 4795 2182 4846 et
2210 4807 2421 4862 corpus
2453 4795 2643 4857 tuum,
2676 4793 2732 4844 et
2763 4789 2922 4844 dicas
2953 4805 2965 4843 :
2999 4789 3111 4844 Cur
3144 4787 3459 4844 detestatus
3483 4801 3612 4840 sum
3643 4784 3769 4838 dis—

2126 4878 2424 4952 ciplinam,
2475 4883 2530 4933 et
2587 4877 3086 4948 increpationibus
3157 4893 3268 4931 non
3324 4872 3607 4944 acquievit
3663 4887 3773 4926 cor

2128 4985 2346 5034 meum,
2382 4983 2485 5022 nec
2514 4966 2706 5021 audivi
2738 4981 2935 5020 vocem
2956 4965 3288 5020 docentium
3321 4977 3432 5027 me,
3459 4964 3513 5016 et
3545 4958 3775 5031 magis-

2127 5057 2234 5113 tris
2267 5074 2379 5112 non
2410 5055 2687 5111 inclinavi
2710 5071 2908 5110 aurem
2943 5071 3132 5110 meam
3156 5055 3335 5124 (Prov.
3369 5069 3408 5120 1,
3439 5067 3493 5119 v,
3522 5048 3707 5120 xxxv.)
3739 5071 3767 5102 ι

2128 5147 2276 5202 Pene
2310 5145 2388 5200 fui
2421 5145 2478 5200 in
2512 5144 2667 5200 omni
2702 5143 2854 5199 malo
2888 5143 2945 5198 in
2980 5142 3168 5198 medio
3212 5139 3480 5197 Ecclesiae
3514 5143 3570 5195 et
3599 5154 3776 5210 syna-

2125 5251 2308 5307 gogas,
2341 5251 2467 5305 quae
2499 5249 2568 5288 ex
2598 5231 2916 5305 proverbiis
2945 5230 3160 5286 idcirco
3193 5229 3372 5285 latius
3403 5227 3777 5301 collegimus,

2126 5323 2263 5395 quia
2293 5323 2466 5377 bruta
2493 5327 2550 5376 et
2571 5321 2766 5393 segnis
2793 5321 2863 5376 ad
2888 5318 3228 5390 malumque
3257 5335 3442 5390 prona
3463 5316 3775 5373 hominum

2125 5409 2292 5466 multi
2303 5411 2439 5464 tudo
2454 5410 2777 5465 doctrinam
2792 5407 3050 5463 veritatis
3063 5422 3415 5478 cognoscere
3429 5403 3775 5470 contemnit,

2121 5503 2351 5556 tantum
2375 5514 2550 5569 prava
2581 5499 2729 5553 facta
2760 5497 3048 5567 majorum
3079 5494 3164 5550 vel
3207 5499 3499 5550 rectorum
3530 5509 3779 5550 suorum

2121 5586 2339 5646 imitari
2371 5586 2602 5664 cupida,
2635 5603 2742 5644 sua
2771 5602 2832 5642 se
2862 5583 3210 5659 ignorantia,
3234 5582 3328 5640 cui
3351 5587 3563 5659 sponte
3580 5583 3786 5664 subju-
