4004 6210
181 371 205 440 1
215 379 319 442 065

710 377 1128 440 onsasus
1179 375 1651 440 SIMONIACOS
1697 376 1901 439 LIBRI
1946 371 2171 438 TRES.
2206 408 2281 422 -
2311 369 2546 438 LIBER
2591 351 3022 439 SECUNDUS.

3409 374 3563 437 1066

179 520 280 583 cet,
307 529 581 569 excusare
630 510 947 577 contendit,
980 526 1115 565 cum
1164 510 1319 564 dicat
1366 510 1581 565 Paulus
1610 527 1622 565 :
1655 534 1674 558 ιι
1701 510 1807 574 Qui
1840 511 1893 576 Α
1922 514 2156 581 propter
2185 511 2585 582 pertinaciam,
2610 510 2782 565 etiam
2815 527 2946 565 cum
2971 509 3260 581 jumentis
3288 527 3387 566 eos
3415 511 3568 567 ulce-

177 603 395 676 ignorat
417 601 782 674 ignorabitur
812 602 857 671 (Ι
885 600 1005 655 Cor.
1040 616 1154 664 xlv,
1187 599 1350 668 38).»
1386 599 1546 653 Unde
1577 597 1813 667 abjiciat

177 707 210 745 a
238 707 294 748 se
318 689 710 764 ignorantiam
741 705 868 761 quae
898 692 1087 744 mater
1116 691 1205 743 est
1232 687 1505 742 vitiorum
1527 685 1810 742 Christia-

173 797 279 836 nus
314 779 586 853 pepulus,
609 779 798 836 discat
838 778 970 850 quis
1002 777 1080 832 sit
1109 779 1326 848 pastor,
1350 775 1482 847 quis
1513 791 1810 831 mercena-

169 869 305 935 rius,
329 867 462 940 quis
484 867 576 922 fur
601 872 660 923 et
689 867 867 934 latro;
901 870 958 922 et
987 868 1277 937 pastorem
1303 865 1540 935 quidem
1573 864 1810 921 omnino

169 961 442 1028 sequatur
461 960 517 1011 et
537 957 756 1025 audiat,
776 953 1199 1010 mercenarium
1223 957 1417 1008 autem
1440 953 1810 1009 solummodo

168 1046 378 1112 audiat,
401 1049 458 1101 et
487 1045 724 1100 interim
759 1045 1026 1110 sufferat;
1060 1043 1245 1097 furem
1276 1059 1409 1097 vero
1439 1047 1498 1097 et
1522 1041 1809 1098 latronem

168 1151 268 1191 nec
288 1133 602 1206 aliquando
624 1133 840 1198 audiat,
865 1149 971 1187 nec
993 1131 1249 1198 sufferat,
1274 1130 1412 1202 quia
1432 1147 1548 1186 non
1570 1131 1812 1187 veniunt

170 1224 279 1281 nisi
298 1227 364 1279 ut
382 1224 671 1289 furentur,
691 1226 747 1277 et
768 1224 1024 1276 mactent
1045 1224 1102 1275 et
1123 1221 1387 1292 perdant.
1413 1221 1478 1274 Et
1499 1220 1611 1275 heu
1633 1220 1812 1293 lacry-

171 1311 454 1368 mabiliter
481 1310 684 1366 vitiata
710 1314 923 1366 nostra;
952 1307 1336 1364 humanitatis
1365 1307 1650 1364 conditio!
1685 1326 1808 1380 quae

169 1401 258 1457 vix
283 1415 566 1470 unquam,
598 1397 827 1453 diurnis
859 1397 1338 1453 meditationibus
1367 1402 1425 1452 et
1451 1397 1809 1468 quotidianis

169 1486 705 1561 pramonitionibus
727 1486 988 1558 fatigata,
1009 1485 1308 1557 cognoscit
1329 1485 1438 1539 sibi
1464 1487 1806 1559 appetenda,

167 1577 252 1633 vel
280 1575 573 1648 fugienda,
607 1591 744 1631 cum
790 1573 1016 1646 reliqua
1047 1573 1245 1630 omnia
1273 1573 1552 1629 animalia
1581 1575 1652 1630 ab
1681 1575 1809 1646 ipso

167 1666 257 1722 sui
287 1664 518 1721 exordio
549 1664 671 1720 solo
703 1664 985 1719 instinctu
1019 1666 1238 1718 natura:
1269 1666 1547 1734 appetant
1575 1663 1686 1718 sibi
1720 1680 1809 1719 ac-

166 1753 488 1818 commoda,
521 1755 580 1808 et
608 1751 836 1824 fugiant
881 1751 1275 1819 incommoda,
1307 1750 1418 1817 vel,
1448 1756 1514 1806 ut
1550 1754 1810 1807 turtures

166 1841 419 1912 [milvos]
449 1844 506 1897 et
534 1839 898 1910 hujusmodi,
939 1839 1058 1895 sive
1102 1837 1426 1940 accipitres,
1459 1839 1810 1910 generisque
1841 1875 1888 1940 B

162 1946 359 1986 eorum
391 1944 525 1984 aves
555 1928 846 1984 columba.
874 1928 934 1981 In
967 1927 1271 1999 superficie
1303 1943 1536 1999 quoque
1567 1929 1810 2000 praefixae

162 2018 413 2075 historia
437 2017 836 2072 indubitanter
857 2019 1220 2071 monstratur
1237 2020 1521 2087 quantum
1545 2017 1816 2071 differant

163 2107 258 2180 qui
288 2110 532 2162 sumunt
552 2105 663 2160 sibi
686 2105 965 2160 honorem
990 2105 1062 2159 ab
1084 2104 1178 2160 his
1199 2106 1298 2177 qui
1322 2122 1356 2160 a
1376 2105 1490 2160 Deo
1513 2110 1810 2160 vocantur.

161 2194 300 2250 Core
329 2195 545 2265 quippe
575 2195 818 2264 ejusque
841 2192 1153 2264 complices
1185 2194 1478 2248 offerendo
1508 2193 1813 2250 incensum

167 2288 223 2338 et
243 2298 442 2354 preces
461 2281 708 2336 Domino
735 2280 955 2335 nemini
979 2279 1339 2352 profuerunt,
1357 2282 1466 2337 sibi
1492 2287 1685 2338 autem
1714 2298 1817 2355 per

165 2370 363 2426 omnia
395 2369 728 2435 obfuerunt,
759 2367 858 2422 ubi
889 2384 994 2422 nec
1026 2384 1189 2422 mora
1219 2368 1554 2425 incendium
1589 2387 1814 2427 merue-

161 2461 314 2513 runt.
343 2459 533 2512 Aaron
565 2460 759 2512 autem
792 2454 952 2510 solus
975 2456 1265 2512 offerendo
1294 2457 1620 2526 incensum,
1646 2463 1702 2514 et
1731 2476 1817 2515 ro-

161 2547 355 2618 gando
408 2562 512 2617 pro
561 2543 968 2616 pereuntibus,
1019 2543 1171 2599 inter
1223 2549 1486 2601 mortuos
1544 2551 1601 2602 et
1655 2548 1815 2604 vivos

161 2633 520 2706 staus,quasi
535 2632 773 2705 quidam
798 2631 1270 2704 inexpugnabilis
1287 2637 1342 2688 et
1360 2633 1816 2706 impenetrabilis

162 2739 383 2790 murus,
408 2727 465 2779 et
493 2723 619 2794 ipse
649 2739 682 2777 a
711 2725 871 2777 tanto
915 2721 1188 2778 incendio
1220 2724 1544 2794 permansit
1573 2723 1810 2793 illaesus,

157 2815 331 2882 atque
353 2811 497 2866 illud
522 2809 726 2866 avertit
745 2827 780 2864 a
799 2810 1463 2881 superstitibus.Taliter
1483 2812 1658 2867 unius
1681 2812 1816 2884 legi-

151 2901 285 2956 timi
309 2898 627 2956 sacerdotis
647 2897 886 2966 oblatio,
909 2902 966 2953 et
990 2898 1172 2954 oratio
1190 2899 1653 2972 indignationem
1677 2900 1818 2956 divi-

157 2988 359 3044 nitatis
417 2987 686 3060 placavit,
723 3003 899 3059 quam
949 2987 1334 3042 ducentorum
1386 2989 1817 3061 quinquaginta

151 3081 647 3148 praesumptorum
681 3075 793 3131 sibi
824 3079 881 3130 et
909 3074 1039 3130 aliis
1069 3077 1416 3148 provocavit.
1447 3078 1610 3143 Quod
1643 3094 1813 3149 opor-

157 3167 246 3220 tet
279 3165 521 3220 audiant
553 3163 867 3220 Simoniaci
908 3169 1082 3235 atque
1125 3180 1325 3220 eorum
1377 3166 1731 3235 defensores,
1766 3157 1815 3223 si

1921 599 2084 654 ribus
2113 602 2170 653 et
2196 599 2404 655 vesicis
2433 600 2804 671 turgentibus
2833 599 3174 671 deturpasse
3203 603 3260 655 et
3291 601 3563 656 condem-

1921 703 2110 754 nasse,
2134 704 2206 743 ne
2220 689 2344 759 jam
2369 692 2606 760 possent
2626 693 2778 745 stare
2813 705 3008 745 coram
3041 689 3256 760 Moyse.
3281 689 3455 744 Porro
3476 689 3564 744 di-

1921 775 2109 846 gitum
2140 776 2241 831 Dei
2271 777 2551 848 Spiritum
2580 782 2849 834 sanctum
2882 794 3006 834 esse
3035 778 3159 850 ipse
3190 778 3473 833 Dominus
3502 777 3563 834 in

1921 863 2232 935 Evangelio
2263 865 2501 933 indicat,
2536 866 2735 922 dicens
2768 883 2780 919 :
2813 889 2834 915 α
2872 866 2930 921 Si
2962 866 3022 921 in
3054 866 3234 938 digito
3267 867 3366 922 Dei
3398 867 3564 938 ejicio

1921 951 2206 1007 daemonia
2241 953 2389 1023 (Luc.
2415 971 2494 1020 χι,
2524 955 2636 1024 20).
2664 977 2690 1004 ››
2715 955 2873 1022 Quod
2905 954 3056 1010 alius
3087 955 3441 1027 evangelista
3469 972 3563 1011 ex-

1922 1056 2164 1110 ponens,
2201 1040 2281 1095 ait
2303 1057 2352 1094 :«
2377 1043 2436 1097 Si
2468 1042 2524 1096 in
2559 1043 2766 1114 spiritu
2805 1043 2927 1098 Dei.
2956 1066 2983 1091 »
3008 1044 3152 1099 Hinc
3202 1044 3566 1117 perpendant

1920 1127 2175 1183 hmretici
2199 1129 2416 1200 quibus
2437 1129 2556 1185 sint
2576 1130 2904 1198 assimilati,
2919 1135 2976 1186 et
2998 1137 3239 1188 caveant
3259 1150 3320 1189 se
3341 1149 3566 1206 suaque

1920 1231 2132 1271 arcana
2161 1221 2282 1282 aut,
2321 1217 2472 1272 sicut
2500 1218 2612 1289 ipsi
2645 1218 2754 1272 sibi
2787 1224 3167 1290 praesumunt,
3200 1225 3566 1277 sacramenta

1920 1304 2244 1360 assimilare
2267 1305 2650 1360 sacramentis
2671 1305 3111 1374 catholicorum,
3127 1309 3342 1379 quibus
3368 1324 3567 1380 coope-

1919 1398 2084 1449 ratur
2103 1393 2322 1465 digitus
2342 1395 2457 1462 Dei,
2473 1409 2578 1449 nec
2600 1411 2703 1466 pro
2725 1411 2832 1450 sua
2853 1394 3237 1450 irrationabili
3251 1396 3568 1467 pertinacia

1921 1499 1954 1538 a
1982 1483 2204 1554 Spiritu
2237 1487 2457 1549 sancto,
2492 1484 2582 1538 cui
2630 1483 3052 1539 contumaciter
3096 1500 3420 1556 repugnare
3449 1501 3565 1540 non

1920 1571 2659 1642 metuunt,velutjumenta
2675 1572 3096 1628 irrationabilia
3109 1571 3570 1644 irrecuperabili-

1918 1663 2007 1713 ter
2031 1661 2451 1732 percutiuntur.
2471 1662 2836 1732 Perpendant
2857 1678 3088 1733 quoque
3114 1661 3410 1717 maleficos
3434 1660 3568 1717 illos

1922 1746 2102 1804 nullis
2124 1749 2249 1802 suis
2270 1748 2732 1804 invocationibus
2752 1753 2809 1803 et
2829 1750 3278 1805 exsecramentis
3305 1748 3568 1821 potuisse

1920 1837 2149 1892 auferre
2178 1836 2266 1891 vel
2296 1836 2646 1892 imminuere
2678 1838 2872 1892 clades
2905 1854 3144 1892 suorum
3184 1842 3241 1893 et
3270 1854 3430 1906 suas,
3463 1837 3566 1892 sed

1921 1925 2115 1996 potius
2133 1931 2629 1998 augmentasse,et
2644 1926 3156 1997 tandem,digitum
3175 1926 3274 1980 Dei
3294 1925 3566 1993 confessi,

1922 2013 2204 2085 incipiant
2236 2014 2347 2070 sibi
2370 2015 2620 2086 suisque
2639 2014 3062 2070 ecclesiasticos
3080 2015 3316 2069 ordines
3336 2012 3572 2068 humili-

1923 2107 2012 2158 ter
2032 2102 2376 2158 declinando
2413 2119 2638 2175 pavere,
2674 2103 2866 2174 potius
2901 2120 3076 2174 quam
3121 2103 3372 2175 superbe
3403 2119 3572 2158 usur-

1923 2191 2117 2262 pando
2148 2191 2449 2246 interitum
2495 2207 2834 2263 propagare.
2869 2192 3027 2256 Quod
3075 2191 3189 2246 nisi
3234 2191 3570 2263 sategerint,

1924 2281 2234 2352 nequiores
2265 2296 2326 2336 se
2345 2280 2552 2336 Jamne
2584 2284 2641 2336 et
2670 2281 2930 2335 Mambre
2955 2279 3156 2352 procul
3185 2280 3364 2334 dubio
3396 2295 3574 2334 nove-

1923 2369 2061 2432 rint,
2081 2385 2214 2424 cum
2246 2369 2344 2424 isti
2374 2367 2621 2440 digitum
2653 2369 2754 2424 Dei
2787 2368 2900 2424 sibi
2931 2368 3223 2424 adversari
3255 2367 3574 2424 sentientes

1923 2457 2227 2523 cesserint,
2259 2457 2573 2528 ipsumque
2602 2457 2845 2527 professi
2876 2456 3108 2524 fuerint,
3140 2456 3274 2512 licet
3302 2455 3571 2527 impaeni-

1921 2549 2112 2601 tentes
2141 2545 2370 2601 veniam
2403 2563 2516 2600 non
2545 2545 2883 2600 meruerint.
2909 2545 3021 2616 Ipsi
3043 2562 3174 2601 vero
3194 2543 3340 2599 nihil
3364 2548 3573 2616 printer

1924 2633 2108 2689 solam
2143 2633 2520 2705 pertinaciam
2542 2633 2872 2701 habuerint,
2894 2637 3055 2688 tanto
3083 2632 3305 2689 scilicet
3325 2632 3570 2703 nequio-

1924 2739 2037 2788 res,
2062 2727 2280 2793 quanto
2311 2721 2394 2776 illi
2427 2722 2484 2776 in
2519 2722 2732 2778 scelere
2764 2722 3036 2790 minores,
3063 2727 3126 2778 ut
3149 2726 3290 2795 puta
3321 2722 3420 2793 qui
3452 2722 3570 2777 fue-

1924 2811 2041 2865 rint
2072 2811 2228 2882 magi
2258 2811 2578 2867 Pharaonis
2609 2811 2872 2867 mortalis
2902 2812 3104 2884 utique
3133 2811 3409 2875 hominis,
3433 2826 3568 2866 cum

1924 2899 2045 2954 sint
2073 2898 2186 2970 ipsi
2214 2900 2323 2954 sub
2355 2900 2589 2955 nomine
2611 2899 2905 2973 religionis
2936 2899 3173 2956 lenones
3203 2898 3424 2971 antiqui
3450 2915 3571 2955 ser-

1927 2986 2135 3060 pentis.
2159 2986 2520 3060 Quapropter
2549 2988 2811 3060 exemplo
2842 2987 3003 3056 Cain,
3027 2989 3286 3054 Balaam,
3319 2992 3375 3042 et
3403 2988 3566 3057 Core,

1926 3076 1996 3131 de
2029 3075 2242 3148 quibus
2274 3093 2453 3148 supra
2497 3077 2772 3145 diximus,
2801 3081 2858 3132 et
2903 3093 3209 3150 magorum
3259 3077 3470 3133 horum
3503 3077 3574 3133 de

1925 3165 2143 3236 quibus
2172 3181 2364 3220 sermo
2407 3169 2515 3232 est,
2547 3165 2962 3237 perterrefacti,
2997 3165 3282 3237 quotquOt
3329 3166 3575 3238 cupiunt

156 3253 382 3309 habent
411 3270 580 3310 aures
611 3252 907 3319 audiendi,
940 3253 1297 3326 tandemque
1328 3255 1601 3310 desinant
1628 3255 1815 3326 preci-
1847 3239 1890 3305 C
1931 3253 2001 3308 de
2032 3252 2328 3308 catholicae
2351 3253 2616 3309 Ecclesia
2647 3271 2786 3325 pace
2807 3255 2863 3308 in
2886 3257 3166 3309 aeternum
3197 3255 3573 3325 gaudere,ca-

156 3341 274 3397 bus
306 3341 430 3398 suis
460 3346 516 3397 et
557 3340 861 3397 sacriﬁciis
891 3345 1092 3397 contra
1123 3359 1184 3397 se
1216 3348 1272 3398 et
1300 3347 1501 3399 contra
1531 3343 1812 3416 populum

156 3429 715 3503 inexstinguibiliter
745 3430 1060 3486 accendere
1091 3430 1239 3486 iram
1267 3431 1387 3488 Dei.

819 3518 1050 3573 CAPUT
1089 3518 1156 3574 V.

152 3609 234 3664 De
261 3609 453 3664 Jamne
479 3611 530 3662 et
559 3607 814 3672 Mambre,
847 3606 1044 3676 quibus
1084 3607 1293 3676 pejores
1337 3617 1466 3664 sunt
1499 3609 1818 3667 Simoniaci.

230 3697 475 3752 Restant
502 3694 744 3750 Jamnes
776 3697 832 3748 et
863 3693 1126 3748 Mambre
1158 3710 1410 3764 quorum
1444 3698 1820 3768 praesumptio

151 3789 210 3842 et
239 3783 487 3840 avaritia
517 3782 711 3855 palam
741 3785 846 3837 est.
874 3780 1138 3852 Denique
1159 3798 1292 3837 cum
1326 3789 1527 3839 essent
1547 3784 1820 3841 malefici.

151 3873 406 3947 geminae
440 3871 692 3928 avaritiae
723 3887 919 3938 causa,
949 3872 1395 3943 praesumebant
1423 3872 1590 3945 signa
1621 3873 1823 3930 divini-

149 3960 298 4018 tatis
323 3959 608 4030 aemulari,
630 3959 750 4015 sive
775 3964 838 4014 ut
859 3975 1029 4032 pares
1057 3959 1237 4030 Moysi
1261 3959 1349 4015 vel
1373 3961 1701 4032 superiores
1724 3962 1822 4019 illo

154 4049 434 4106 aestimati
467 4065 501 4104 a
530 4048 747 4121 populo
778 4048 1311 4121 magnificarentur,
1337 4053 1437 4104 aut
1465 4054 1617 4106 certe
1649 4055 1713 4106 ut
1743 4069 1826 4108 re-

157 4138 278 4210 giis
313 4138 481 4194 donis
513 4137 975 4193 cumularentur.
995 4136 1251 4200 Quorum
1284 4137 1637 4208 pertinacem
1661 4138 1823 4196 falla-

156 4226 316 4282 ciam
349 4226 508 4282 nuda
536 4226 751 4282 veritas
798 4229 856 4282 et
905 4224 1160 4280 maxima
1213 4225 1473 4296 potentia
1521 4227 1823 4300 signorum

155 4314 352 4387 Moysi
375 4331 490 4371 non
514 4315 811 4386 repressit,
832 4315 1016 4370 donec
1039 4313 1155 4369 illis
1178 4313 1344 4386 copia
1364 4313 1605 4371 fallendi
1628 4317 1821 4388 palam

155 4403 445 4460 omnibus
492 4403 722 4459 defecit.
755 4403 898 4458 Nam
935 4402 1074 4474 quia
1105 4403 1191 4458 uti
1242 4403 1466 4459 ratione
1497 4405 1570 4459 ad
1602 4405 1823 4462 discer-

155 4492 433 4549 nendum
465 4491 683 4545 honum
709 4508 741 4545 a
761 4490 915 4546 malo
942 4491 1240 4560 nolebant,
1264 4509 1362 4548 eos
1392 4496 1675 4564 tanquam
1699 4495 1826 4549 inﬁ-

1925 3346 2095 3397 veant
2133 3341 2670 3413 praeumptionem,
2706 3341 2931 3413 fugiant
2960 3342 3287 3411 avaritiam,
3318 3343 3575 3398 devitent

1926 3431 2328 3502 pertinaciam,
2361 3429 2522 3484 illam
2554 3430 2615 3484 B.
2649 3430 2812 3484 Pauli
2843 3446 3074 3501 semper
3102 3448 3218 3502 prae
3249 3430 3433 3485 oculis
3462 3430 3572 3484 ha-

1927 3519 2130 3574 bentes
2175 3519 2524 3573 sententiam
2551 3536 2562 3573 :
2589 3541 2616 3567 «
2650 3519 3020 3589 Quacunque
3057 3519 3274 3590 scripta
3304 3521 3464 3584 sunt,
3497 3517 3572 3572 ad

1929 3611 2192 3662 nostram
2223 3607 2548 3661 doctrinam
2581 3606 2798 3677 scripta
2822 3611 2960 3662 sunt
2984 3607 3163 3679 (Rom.
3186 3623 3280 3672 xv,
3302 3606 3376 3677 4).
3404 3628 3431 3655 ››
3463 3605 3568 3660 Et:

1930 3716 1958 3744 «
1992 3694 2122 3748 Haec
2153 3693 2350 3748 omnia
2384 3695 2443 3748 in
2475 3694 2663 3766 ﬁgura
2704 3695 3122 3766 contingebant
3169 3694 3307 3750 illis.
3345 3695 3574 3767 Scripta

1930 3787 2070 3838 sunt
2098 3785 2291 3837 autem
2321 3783 2394 3837 ad
2425 3783 2841 3838 correctionem
2863 3788 3146 3854 nostram,
3166 3784 3226 3838 in
3249 3800 3396 3855 quos
3427 3784 3576 3840 fines

1931 3869 2279 3926 saeculorum
2309 3870 2666 3926 devenerunt
2695 3872 2742 3942 (I
2767 3874 2889 3929 Cor.
2921 3889 2978 3941 x,
3013 3874 3120 3942 11).
3152 3895 3180 3922 ››

2563 3976 2795 4033 CAPUT
2839 3978 2931 4034 VI.

1935 4065 2034 4123 Ubi
2070 4064 2433 4121 admonentur
2487 4065 2791 4121 Christiani
2845 4069 3020 4122 rilare
3074 4068 3577 4139 supplantationem

2001 4139 2408 4211 haereticorum,
2460 4153 2692 4208 quorum
2749 4140 2892 4194 inibi
2941 4139 3152 4194 malum
3206 4151 3366 4211 atque
3419 4155 3581 4211 paena

2002 4209 2319 4265 ostenditur.

2005 4314 2071 4372 Et
2102 4329 2257 4368 nunc
2279 4313 2633 4381 sacerdotes,
2657 4330 2822 4387 reges
2843 4318 3031 4386 terrae,
3051 4319 3109 4371 et
3127 4333 3331 4372 omnes
3357 4315 3579 4389 populi,

1933 4400 2259 4473 intelligite,
2307 4402 2644 4470 erudimini,
2697 4403 2990 4476 principes
3020 4408 3076 4460 et
3105 4422 3311 4462 omnes
3349 4406 3582 4476 judices

1935 4495 2099 4547 terra:
2116 4508 2129 4558 ;
2145 4491 2390 4560 juvenes
2412 4496 2468 4546 et
2489 4491 2946 4564 virgines,senes
2963 4510 3095 4548 cum
3108 4495 3469 4565 junioribus,
3484 4511 3584 4567 ap-

153 4579 330 4637 deles
361 4594 475 4634 non
505 4580 702 4645 verba,
736 4580 835 4634 sed
867 4579 1034 4652 signa
1080 4581 1365 4653 respicere
1407 4582 1822 4652 admonebant,
1856 4601 1902 4665 D
1935 4579 2277 4652 prehendite
2301 4579 2696 4652 disciplinam,
2730 4583 3040 4654 nequando
3070 4582 3358 4639 irascatur
3386 4583 3584 4638 Domi-

154 4673 221 4725 et
252 4666 654 4739 increpabant.
677 4666 974 4737 Siquidem
1003 4669 1324 4724 admonitio
1348 4669 1525 4725 simul
1557 4675 1613 4726 et
1638 4671 1824 4728 incre-

156 4756 326 4830 patio
361 4754 477 4812 illis
505 4754 912 4821 adhibebatur,
936 4757 1034 4810 ubi
1066 4775 1100 4812 a
1129 4759 1291 4830 virga
1324 4759 1506 4831 Moysi
1539 4760 1713 4831 virgae
1735 4777 1825 4816 eo-

158 4863 302 4902 rum
352 4845 798 4910 devorabantur,
845 4848 902 4899 et
950 4861 1104 4915 aqua
1151 4846 1208 4901 in
1262 4847 1608 4920 sanguinem
1656 4865 1826 4905 versa

156 4939 349 5005 atque
381 4951 532 4990 rana:
580 4934 800 4989 eductae
831 4934 903 4988 ad
937 4932 994 4987 id
1026 4934 1179 5004 quod
1232 4935 1462 4991 fuerant
1501 4954 1603 5008 per
1634 4938 1826 4993 solum

157 5023 407 5095 Moysen
431 5023 888 5090 revertebantur,
909 5038 1042 5077 cum
1067 5021 1178 5093 ipsi
1201 5023 1447 5080 malefici
1468 5026 1673 5098 plagas
1698 5027 1827 5082 illas

158 5112 283 5168 sibi
319 5117 377 5167 et
399 5111 531 5168 aliis
562 5115 789 5166 tantum
821 5110 1054 5179 addere,
1088 5127 1202 5165 non
1231 5115 1425 5167 autem
1457 5119 1699 5185 possent
1725 5133 1827 5171 au-

156 5201 345 5257 ferre.
375 5199 482 5263 Qui
516 5215 647 5254 cum
680 5204 881 5270 postea
920 5198 1095 5254 etiam
1139 5198 1326 5270 ipsam
1372 5200 1607 5256 fallendi
1640 5207 1696 5258 et
1728 5220 1828 5259 no-

155 5286 341 5344 cendi
367 5285 815 5357 possibilitatem
839 5288 897 5342 in
918 5287 1090 5342 tertia
1109 5286 1278 5359 plaga
1299 5289 1658 5358 amisissent,
1679 5292 1832 5347 dixe-

157 5379 317 5434 runt
350 5391 362 5429 :
395 5396 416 5423 ι
452 5373 682 5446 Digitus
713 5374 811 5429 Dei
860 5379 949 5430 est
979 5374 1072 5430 hic
1102 5376 1296 5446 (Exod.
1328 5394 1450 5444 vm,
1485 5379 1592 5449 19).
1619 5401 1646 5428 ››
1668 5379 1831 5436 Unde

159 5469 412 5523 constat
427 5462 710 5537 Spiritum
728 5471 1015 5531 sanctum,
1029 5466 1198 5537 cujus
1217 5466 1538 5538 operationi
1561 5467 1620 5521 in
1642 5468 1832 5540 Moyse

162 5555 552 5623 resistebant,
577 5570 776 5610 eorum
800 5553 1096 5628 praestigia
1115 5557 1258 5610 tunc
1277 5554 1630 5624 exinanisse,
1653 5560 1711 5612 et
1729 5572 1831 5629 po-

161 5648 302 5705 stea
325 5643 386 5702 in
409 5643 579 5704 tertia
600 5642 984 5701 nihilominus
1001 5642 1192 5721 plaga,
1218 5661 1344 5722 quas
1359 5645 1488 5719 jam
1508 5648 1668 5704 sexta
1688 5649 1830 5714 erat,

507 5772 770 5844 PATROL.
818 5773 1078 5843 CXLIII.

1936 4685 2049 4722 nus
2064 4671 2119 4723 et
2132 4669 2756 4739 pereatisdeviajusta.
2773 4670 3003 4742 Diligite
3018 4671 3585 4741 justitiam,recolite

1935 4755 2066 4828 quis
2099 4756 2321 4812 dederit
2341 4757 2502 4812 vobis
2534 4757 2748 4829 pignus
2779 4759 3052 4830 Spiritus,
3074 4763 3132 4815 et
3159 4760 3338 4815 nolite
3371 4758 3584 4813 contri-

1938 4850 2092 4902 stare
2114 4845 2384 4900 eumdem
2413 4845 2694 4915 Spiritum
2717 4851 2984 4902 sanctum
3009 4848 3129 4919 Dei,
3155 4849 3212 4902 in
3235 4865 3347 4920 quo
3370 4847 3587 4920 signati

1938 4934 2079 4990 estis
2101 4933 2157 4988 in
2182 4934 2272 4990 die
2293 4933 2733 5004 redemptionis.
2763 4957 2789 4984 «
2811 4938 2896 4990 An
2923 4937 3160 4992 nescitis
3183 4937 3320 5008 quia
3345 4953 3588 5007 corpora

1935 5028 2131 5078 vestra
2148 5022 2434 5094 templum
2457 5027 2596 5076 sunt
2616 5023 2869 5093 Spiritus
2892 5025 3098 5091 sancti,
3114 5042 3288 5096 quem
3310 5024 3537 5081 habetis
3555 5041 3589 5080 a

1940 5113 2075 5179 Deo,
2099 5116 2156 5166 et
2176 5129 2287 5166 non
2312 5112 2452 5167 estis
2472 5111 2685 5166 vestri?
2708 5112 2755 5166 (Ι
2775 5112 2895 5168 Cor.
2914 5115 3231 5185 v1,19.)»—
3251 5137 3278 5164 ‹‹
3294 5114 3407 5168 Vos
3429 5113 3585 5169 enim

1939 5201 2081 5256 estis
2103 5200 2387 5272 templum
2407 5199 2506 5254 Dei
2523 5199 2653 5266 vivi,
2667 5205 2723 5254 et
2743 5201 2995 5273 Spiritus
3016 5208 3255 5258 sanctus
3275 5202 3505 5258 habitat
3525 5201 3585 5257 in

1937 5290 2123 5344 vobis.
2143 5289 2201 5343 Si
2227 5287 2358 5360 quis
2381 5293 2574 5343 autem
2603 5289 2889 5360 templum
2912 5290 3012 5345 Dei
3032 5290 3350 5360 violaverit,
3367 5291 3589 5364 disper-

1940 5379 2037 5433 det
2056 5377 2222 5431 illum
2247 5377 2400 5431 Deus
2416 5377 2600 5447 (ICor.
2622 5395 2707 5443 III,
2731 5380 2814 5447 16,
2837 5379 3411 5452 17).»—«Templum
3431 5379 3586 5438 enim

1940 5466 2039 5522 Dei
2071 5470 2340 5520 sanctum
2368 5471 2457 5521 est
2487 5467 2642 5538 quod
2673 5467 2812 5523 estis
2841 5486 2962 5526 vos.
2987 5470 3182 5543 Empti
3230 5470 3369 5526 estis
3401 5470 3587 5542 pretio

1941 5570 2154 5627 magno
2188 5555 2235 5627 (Ι
2264 5555 2382 5612 Cor.
2414 5574 2490 5626 vr,
2525 5559 2638 5627 20).
2665 5579 2694 5608 »
2733 5557 2919 5616 Nolite
2957 5577 3059 5617 vos
3106 5560 3297 5617 denuo
3342 5561 3589 5620 vendere

1942 5643 2172 5704 diabolo
2194 5647 2515 5725 quadrante
2537 5647 2801 5722 minimo,
2821 5667 2997 5730 quem
3019 5652 3201 5711 donec
3223 5651 3588 5724 reddatis,de

3193 5780 3274 5862 δὲ
