4004 6210
447 312 600 376 1067

1458 304 1944 371 HUMBERTUS
1991 309 2056 369 S.
2104 306 2175 370 Β.
2224 306 2296 369 E.
2345 306 2840 375 CARDINALIS.

3701 316 3879 382 1068‘

446 462 675 502 carcere
699 441 945 499 districti
967 440 1191 496 Judicis
1214 440 1431 495 exitum
1455 441 1672 495 frustra
1696 442 1965 512 speratis.
1985 443 2094 498 No-
2125 445 2175 510 Α
2210 442 2374 499 rimis
2396 444 2732 500 mortalium
2755 446 3008 502 venditio
3043 459 3486 507 suarumrerum
3506 450 3601 507 vix
3630 469 3745 509 non
3768 454 3856 510 in-

439 534 540 593 lite
567 535 753 587 facere
775 532 1014 585 domum
1041 528 1140 584 Dei
1173 528 1363 583 Patris
1384 529 1623 583 domum
1659 530 2090 601 negotiationis,

442 639 628 694 neque
647 622 885 674 domum
907 618 1186 673 orationis
1200 618 1536 689 speluncam
1556 618 2095 675 latronum.Seutite

440 712 512 769 de
531 708 778 765 Domino
810 707 869 762 in
894 706 1175 773 bonitate,
1202 706 1536 778 praesumite
1564 707 1633 761 de
1658 706 1756 762 illo
1778 708 1847 762 ad
1876 708 2094 763 bonum

438 798 713 870 incipere,
731 797 917 852 facere
947 800 1004 850 et
1034 794 1329 867 perﬁcere,
1348 799 1404 849 et
1428 795 1486 849 in
1510 795 1881 867 simplicitate
1904 797 2094 853 cordis

439 886 683 961 quierite
713 885 905 951 illum,
929 901 1047 939 non
1080 888 1276 939 autem
1309 884 1365 939 in
1394 883 1591 956 aliqua
1614 884 1971 957 duplicitate,
1998 903 2096 942 ue-

441 992 553 1049 que
575 974 820 1048 potestis
838 974 954 1028 Deo
972 974 1211 1040 servire,
1226 972 1310 1029 vel
1332 973 1708 1039 adharere,et
1724 992 2092 1030 mammona}.

440 1064 704 1136 Denique
735 1063 874 1135 quia
905 1062 1031 1134 ipse
1055 1062 1309 1134 Spiritus
1341 1066 1580 1118 sanctus
1611 1062 1958 1135 simplicitas
1988 1070 2095 1129 est,

442 1158 501 1211 et
521 1151 819 1225 simplices
845 1151 999 1218 facit,
1022 1150 1436 1222 simplicesque
1458 1155 1524 1205 ut
1543 1152 1614 1205 ab
1638 1151 1783 1223 ipsis
1805 1158 2100 1223 quaeratur

442 1243 669 1317 qurerit,
704 1256 958 1312 congrue
990 1239 1045 1294 in
1083 1238 1523 1311 simplicissima
1544 1239 1740 1295 avium
1767 1258 1943 1315 super
1964 1241 2099 1296 sim-

440 1330 835 1407 plicissimum
870 1328 1183 1383 Dominum
1215 1328 1417 1382 Jesum
1451 1328 1726 1400 apparuit
1756 1334 1812 1384 et
1842 1331 2097 1387 mansit:

441 1440 570 1496 qua:
621 1417 993 1490 simplicibus
1038 1416 1304 1489 frugibus
1352 1421 1651 1484 contenta,
1682 1418 1827 1472 nulli
1884 1419 2098 1491 rapinae

439 1510 649 1575 inhiat,
665 1505 806 1578 quin
826 1505 1019 1578 potius
1039 1504 1269 1560 fallaces
1288 1504 1516 1572 milvos,
1535 1510 1593 1561 et
1610 1506 1948 1576 hujusmo'li
1974 1523 2101 1580 rap‘

438 1604 597 1657 tores
620 1596 797 1669 [aves]
820 1600 989 1650 caute
1012 1594 1247 1649 devitat.
1269 1617 1294 1643 α
1316 1594 1675 1666 Simplicitas
1696 1599 1888 1650 autem
1905 1596 2096 1667 justo-

442 1704 573 1744 rum
599 1685 811 1757 diriget
836 1700 955 1753 eos,
980 1688 1037 1738 et
1062 1681 1458 1754 supplantatio
1481 1700 1883 1754 perversorum
1907 1689 2097 1741 vasta-

440 1778 528 1833 bit
557 1775 689 1830 illos
711 1774 891 1845 (Prov.
916 1789 993 1840 χι,
1017 1772 1093 1842 3).
1124 1794 1150 1820 ››
1176 1771 1497 1871 Undejusti
1522 1772 1723 1876 exﬁde
1743 1773 2001 1829 viventes
2023 1775 2099 1830 si-
2130 1813 2177 1876 Β

440 1881 508 1922 ve
530 1881 633 1938 pro
651 1861 840 1918 ofﬁcio
863 1877 968 1916 suo
988 1876 1198 1914 manus
1221 1859 1395 1915 alicui
1414 1859 1757 1931 simpliciter
1778 1862 2101 1934 imponant,

443 1954 565 2010 sive
595 1950 752 2006 aliud
787 1948 925 2021 quid
960 1948 1018 2002 in
1053 1947 1292 2003 nomine
1318 1948 1549 2003 Domini
1584 1954 1780 2021 agant,
1802 1952 1999 2006 omnia
2019 1951 2103 2006 eis

442 2043 834 2114 cooperantur
882 2038 939 2092 in
998 2038 1239 2093 bonum.
1273 2038 1613 2094 Econtrario
1666 2040 1919 2111 perversi
1969 2041 2107 2112 quia

443 2127 905 2204 supplantationi
928 2131 1144 2181 mutuae
1176 2126 1597 2182 insatiabiliter
1628 2127 1873 2195 inhiant,
1898 2144 2107 2200 pecca-

440 2226 568 2277 tum
591 2222 679 2275 est
701 2216 985 2289 quidquid
1013 2215 1284 2286 actitant,
1312 2216 1589 2287 quoniam
1616 2216 1741 2270 sine
1765 2216 1875 2271 ﬁde
1897 2219 2102 2271 exstat.

440 2311 587 2367 Nam
621 2307 719 2363 ubi
744 2304 1143 2378 supplantatio
1165 2309 1272 2371 est,
1292 2306 1451 2359 fraus
1473 2320 1707 2375 quoque
1731 2304 1952 2359 cst.Ubi
1974 2321 2106 2359 vero

443 2400 628 2467 fraus,
652 2394 732 2450 ibi
763 2397 820 2450 et
847 2392 1165 2449 inﬁdelitas
1196 2396 1373 2464 atque
1413 2390 1763 2481 maledictio,
1792 2392 1945 2481 sicut
1973 2407 2102 2481 pro:

441 2487 619 2560 pheta
634 2483 943 2540 denuntiat
970 2498 1019 2537 :«
1042 2480 1383 2536 Maledictus
1421 2480 1522 2550 qui
1546 2479 1682 2534 facit
1704 2495 1850 2550 opus
1872 2479 2103 2534 Domini

443 2573 852 2631 fraudulenter
872 2571 1001 2643 (Jer.
1025 2586 1218 2636 xavm,
1240 2569 1348 2638 10).
1375 2590 1401 2616 ››
1427 2568 1625 2638 Itaque
1657 2567 1994 2622 attendatur
2013 2566 2101 2622 in-

442 2669 535 2721 ter
556 2663 702 2720 alias
724 2661 825 2716 illa
848 2658 1320 2716 Simoniacorum
1350 2654 1765 2727 supplantatio,
1792 2671 1905 2727 qua
1939 2672 1999 2711 se
2026 2658 2106 2712 in-

442 2754 629 2809 vicem
674 2747 1065 2821 supplantant
1104 2743 1405 2799 vendendo
1436 2747 1492 2798 et
1519 2743 1785 2799 emendo.
1820 2745 2104 2816 Equidem

444 2846 677 2914 emptor
698 2835 948 2912 pretium
970 2834 1164 2889 dando
1194 2831 1533 2903 supplantat
1550 2832 1926 2901 venditorem,
1959 2834 2098 2889 dum

449 2931 619 2987 illum
652 2925 840 3001 gratia
883 2921 983 2977 Dei
1022 2920 1255 2975 fraudat
1285 2936 1356 2975 ne
1387 2936 1514 2975 eam
1559 2920 1771 2977 habeat
1816 2922 2100 2990 venditor,

449 3023 553 3077 aut
577 3015 828 3089 pretium
857 3009 1191 3081 accipiendo
1215 3008 1601 3065 nihilominus
1623 3010 1963 3083 supplantat
1980 3028 2101 3066 em-

447 3101 848 3179 ptorem,dum
873 3096 1041 3152 illum
1075 3097 1261 3169 gratia
1291 3097 1391 3153 Dei
1415 3098 1664 3165 fraudat,
1692 3115 1764 3154 ne
1792 3116 1918 3155 eam
1952 3099 2102 3156 acci-

2204 532 2331 603 ﬁgit
2355 537 2678 604 peceatum,
2701 535 2853 604 quod
2878 536 3181 608 Scriptura
3202 538 3412 595 asserit
3431 539 3583 596 inter
3601 543 3859 599 venden-

2204 625 2320 676 tem
2345 625 2400 676 ct
2416 626 2702 677 ementem
2726 623 2820 694 ﬁgi
2849 628 2905 678 et
2925 626 3322 698 coangustiari
3342 627 3500 684 velut
3519 629 3689 701 palus
3710 630 3861 686 inter

2206 709 2430 764 medias
2472 710 2787 781 juncturas
2833 710 3212 783 lapidum.Et
3243 718 3532 786 quantum
3582 724 3859 791 putamus

2205 797 2425 853 crimen
2456 798 2787 867 incurrunt,
2804 800 2902 871 qui
2927 800 3129 857 illicita
3148 806 3206 857 et
3236 805 3511 875 pestifera
3529 807 3861 864 venditione

2206 886 2455 942 alienam
2491 903 2634 952 rem,
2659 888 3090 945 contradicente
3116 906 3182 946 eo
3208 893 3380 964 cujus
3404 899 3514 961 est,
3536 895 3862 953 distrahere

2207 975 2608 1047 praesumunt?
2640 976 2813 1032 Plane
2842 975 3078 1033 violenti
3102 984 3159 1034 et
3189 985 3455 1053 raptores
3476 989 3617 1040 sunt
3637 985 3709 1041 de
3729 985 3860 1057 qui-

2205 1063 2317 1118 bus
2363 1063 2674 1135 Apostolus
2708 1083 2775 1120 ;‹‹
2810 1065 3009 1138 Neque
3058 1071 3340 1140 raptores,
3368 1069 3581 1143 inquit,
3615 1089 3858 1146 regnum

2207 1152 2304 1206 Dei
2330 1152 2712 1223 possidebunt
2729 1155 2777 1223 (Ι
2796 1154 2916 1209 Cor.
2932 1172 3010 1223 v1,
3030 1156 3173 1227 10).»
3194 1158 3255 1212 In
3278 1159 3517 1230 quibus,
3536 1162 3585 1217 si
3609 1162 3861 1234 possint,

2201 1242 2359 1311 juste
2377 1241 2753 1298 considerent
2775 1248 3055 1315 quantam
3077 1244 3343 1317 rapinam
3373 1251 3859 1322 praesumant,qui

2207 1330 2278 1385 de
2300 1330 2425 1402 ipso
2452 1332 2560 1386 Deo
2582 1334 2639 1385 et
2659 1332 2924 1387 omnium
2952 1348 3146 1389 rerum
3170 1335 3492 1393 visibilium
3515 1343 3571 1394 et
3592 1339 3857 1395 invisibi-

2206 1418 2350 1473 lium
2386 1420 2628 1475 Domino
2670 1421 2919 1476 nefande
2959 1422 3238 1495 negotiari
3272 1425 3565 1493 atl'ectant,
3591 1428 3690 1483 ubi
3722 1444 3859 1501 gra-

2207 1507 2348 1562 tiam
2381 1508 2529 1578 ejus,
2564 1524 2742 1579 quam
2798 1509 2984 1582 gratis
3012 1515 3310 1583 acceptam
3342 1530 3376 1568 a
3406 1529 3470 1569 se
3498 1515 3681 1587 gratis
3727 1516 3861 1572 dari

2208 1596 2498 1667 praecipit:
2522 1597 2769 1653 vendere
2790 1602 2847 1654 et
2866 1614 3059 1655 emere
3080 1600 3146 1654 ad
3174 1599 3494 1657 multarum
3521 1603 3858 1660 animarum

2207 1684 2589 1755 perditionem
2626 1702 2736 1741 non
2772 1686 3062 1743 dubitant.
3077 1687 3292 1745 Verum
3316 1690 3376 1745 in
3397 1690 3506 1746 hoc
3527 1708 3642 1747 non
3664 1691 3863 1748 solum

2208 1779 2465 1845 raptores
2499 1778 2555 1829 et
2604 1774 2895 1846 sacrilegi,
2929 1793 3129 1832 verum
3160 1782 3219 1833 et
3256 1777 3586 1845 homicidia,
3621 1780 3860 1852 perjuri,

2212 1866 2487 1934 apostatae
2520 1866 2694 1934 atque
2734 1863 3013 1930 haeretici,
3044 1882 3295 1936 quorum
3326 1868 3501 1938 justa:
3533 1866 3739 1923 ultioni
3770 1868 3865 1923 vix

2213 1949 2510 2006 sufﬁciant
2533 1951 2690 2005 varia
2711 1955 2764 2005 et
2788 1951 3239 2007 innumerabilia
3261 1957 3551 2011 tormenta
3572 1955 3865 2013 inferioris

2210 2038 2424 2093 inferni
2459 2056 2470 2093 :
2505 2039 2602 2110 qui
2653 2055 2757 2093 nec
2808 2039 3062 2110 praefatis
3108 2039 3428 2096 sceleribus
3476 2044 3756 2113 contenti,
3789 2045 3868 2100 ad

2212 2125 2516 2180 cumulum
2558 2125 2927 2197 sempiterna:
2974 2127 3369 2182 damnationis
3417 2145 3536 2184 suae
3582 2129 3870 2202 blasphe-

2213 2218 2375 2267 mant
2396 2212 2674 2283 Spiritum
2708 2217 2999 2279 sanctum,
3023 2229 3197 2284 quem
3222 2232 3330 2271 suo
3359 2216 3663 2290 sacrilegio
3694 2224 3752 2275 et
3772 2237 3867 2276 ra-

2212 2299 2358 2372 pinae
2383 2300 2719 2370 caeterisque
2746 2300 3024 2371 nequitiis
3050 2302 3109 2357 in
3135 2306 3364 2358 tantum
3393 2306 3691 2376 cooperari
3715 2324 3866 2380 pras-

2212 2387 2409 2445 dieant
2437 2392 2493 2442 et
2522 2387 2785 2457 credunt,
2811 2394 2877 2443 ut
2906 2390 2976 2444 ad
3001 2393 3199 2445 votum
3231 2389 3466 2448 illorum
3500 2395 3869 2452 sacriﬁcetur

2210 2480 2267 2531 et
2316 2475 2695 2531 benedicatur
2742 2477 3029 2550 quidquid
3061 2479 3173 2551 ipsi
3203 2478 3416 2551 leprosi
3467 2485 3525 2537 et
3571 2482 3869 2542 maledicti

2212 2581 2308 2620 ore
2342 2580 2639 2635 manuque
2673 2566 3039 2639 contingunt.

2840 2674 3071 2730 CAPUT
3110 2674 3233 2730 VII.

2300 2761 2374 2816 De
2402 2760 2756 2817 damnatione
2784 2762 2904 2831 ﬁcte
2932 2765 3302 2834 quaerentium
3332 2765 3645 2832 Dominum,
3676 2769 3778 2824 sub

2591 2834 2838 2904 exemplo
2871 2835 3107 2891 Ananiae
3129 2838 3178 2891 et
3210 2835 3482 2907 Saphirw.

2283 2921 2468 2992 Igitur
2512 2925 2798 2994 quotquot
2827 2922 2969 2979 estis
3012 2922 3116 2978 ﬁlii
3165 2923 3287 2992 Dei,
3322 2925 3461 2997 quia
3491 2925 3710 2998 Spiritu
3760 2928 3868 2985 Dei

2210 3008 2474 3082 agimini,
2506 3009 2562 3064 in
2598 3010 2978 3083 simplicitate
3008 3012 3201 3067 cordis
3233 3014 3476 3085 quaarite
3508 3015 3701 3087 ipsum
3730 3016 3867 3089 Spi-

2209 3097 2388 3153 ritum
2420 3098 2542 3166 Dei,
2577 3100 2853 3171 quoniam
2886 3100 3178 3156 invenitur
3216 3102 3287 3158 ab
3320 3101 3412 3158 his
3444 3103 3545 3175 qui
3589 3121 3705 3161 non
3736 3109 3867 3161 ten-

448 3172 722 3266 piat.Qua
738 3185 1213 3259 supplantatione
1230 3185 1369 3257 quia
1385 3186 1877 3258 utriqueinvicem
1897 3205 1958 3245 se
1974 3206 2106 3261 gra-
2136 3172 2179 3239 C
2215 3190 2343 3242 tant
2387 3186 2575 3242 illum.
2608 3187 2861 3260 Simplex
2897 3192 2987 3243 est
3023 3189 3201 3258 enim,
3236 3189 3355 3245 imo
3403 3172 3533 3263 ipsa
3581 3192 3868 3266 simplici-

448 3280 532 3336 tia
564 3278 666 3334 Dei
698 3276 994 3341 fraudant,
1032 3273 1341 3347 elongatur
1384 3275 1457 3330 ab
1497 3275 1582 3330 eis
1622 3276 1968 3343 benedictio,
1994 3293 2109 3349 qua

446 3365 825 3442 postmodum
851 3380 1049 3419 secum
1081 3362 1225 3418 alios
1254 3363 1554 3418 damnent.
1577 3365 1967 3437 Quoscunque
1988 3365 2107 3421 sive

444 3455 650 3532 gratis,
670 3454 791 3511 sive
812 3469 927 3508 non
951 3452 1134 3524 gratis
1156 3452 1517 3507 contaminat
1540 3470 1749 3508 manus
1771 3470 1970 3509 eorum
1994 3453 2105 3509 im-

444 3544 687 3620 positio;
712 3559 776 3599 ac
808 3558 911 3615 per
940 3541 1050 3596 hoc
1074 3541 1138 3595 ﬁt
1166 3543 1231 3595 ut
1274 3540 1672 3612 supplantatio
1702 3558 2106 3614 perversorum

439 3638 629 3692 vastet
650 3632 803 3700 illos,
828 3647 933 3687 nec
959 3629 1102 3686 relin
1118 3633 1264 3702 quat
1283 3630 1368 3685 eis
1392 3630 1642 3686 radicem
1662 3636 1718 3685 et
1733 3646 1969 3702 germen
1991 3629 2106 3702 spi-

442 3722 671 3782 ritualis
688 3721 908 3796 gratiae.
928 3720 1071 3775 Nam
1093 3735 1270 3791 quam
1290 3719 1447 3790 peric
1463 3719 1695 3774 ulosum
1714 3719 1791 3774 sit
1807 3719 1981 3774 etiam
2005 3718 2105 3774 lai-

340 3820 345 3825 ’
440 3813 524 3869 cis
546 3829 615 3868 ex
638 3808 1024 3868 saecularibus
1040 3807 1216 3863 rebus
1241 3824 1276 3862 n
1295 3807 1573 3880 egotium,
1590 3806 1880 3879 Sapientis
1904 3824 2103 3863 mons.

435 3906 555 3958 trat
574 3900 683 3956 hoc
704 3897 1076 3972 proverbium
1103 3913 1156 3951 :«
1179 3896 1315 3951 Duae
1339 3897 1564 3969 species
1586 3895 1852 3951 difﬁciles
1872 3899 1929 3952 et
1949 3895 2105 3969 peri-

437 3991 649 4048 culosae
666 3987 809 4044 mihi
830 3989 1256 4058 apparuerunt:
1276 3984 1524 4041 Difﬁcile
1539 3984 1777 4041 exuitur
1795 3986 2100 4058 negotians

438 4076 862 4152 anegligentia,
881 4079 937 4131 et
958 4092 1071 4130 non
1093 4074 1522 4146 justiﬁcabitur
1573 4090 1756 4145 caupo
1787 4091 1820 4129 a
1850 4075 2102 4146 peccatis

437 4169 752 4225 labiorum.
772 4166 1013 4235 Propter
1032 4163 1290 4236 inopiam
1315 4162 1482 4218 multi
1510 4162 1905 4234 deliquerunt,
1920 4166 1976 4218 et
1997 4163 2098 4234 qui

439 4255 650 4330 quaerit
670 4251 1032 4326 locupletari,
1050 4253 1256 4309 avertit
1271 4250 1506 4307 oculum
1526 4251 1887 4317 suum,sicut
1904 4251 1963 4306 in
1983 4268 2100 4308 me-

439 4346 536 4403 dio
566 4340 929 4415 compaginis
959 4340 1221 4414 lapidum
1266 4339 1435 4412 palus
1476 4340 1694 4412 ﬁgitur.
1734 4340 1829 4395 Sic
1860 4343 1918 4395 et
1948 4339 2098 4396 inter

439 4433 699 4490 medium
722 4431 1092 4497 venditionis,
1109 4433 1167 4484 et
1199 4428 1512 4500 emptionis
1538 4427 1947 4501 angustabitur
1967 4446 2095 4501 pec-

2215 3280 2327 3344 tas,
2360 3275 2451 3330 cui
2486 3292 2588 3348 per
2615 3276 2812 3331 omnia
2842 3275 3213 3333 exsecrabilis
3244 3282 3333 3333 est
3362 3278 3778 3337 simulatorum
3810 3285 3872 3338 et

2215 3364 2537 3420 calidorum
2586 3364 2918 3436 duplicitas,
2945 3366 3119 3435 juxta
3164 3368 3321 3437 quod
3378 3368 3667 3440 scriptum
3725 3374 3819 3428 est
3852 3389 3871 3426 :

2217 3474 2245 3502 ‹‹
2275 3452 2658 3508 Simulatores
2699 3457 2757 3508 et
2802 3453 2995 3508 callidi
3031 3459 3344 3525 provocant
3391 3455 3539 3510 iram
3589 3457 3691 3513 Dei
3724 3459 3870 3530 (Job.

2212 3557 2402 3605 xxxvr,
2437 3541 2544 3609 13).
2573 3562 2599 3589 ››
2633 3540 2977 3612 Ubicunque
3007 3546 3199 3597 autem
3252 3541 3552 3598 simulatio
3581 3542 3672 3599 vel
3703 3545 3871 3602 calli-

2213 3629 2389 3695 ditas,
2438 3628 2519 3683 ibi
2565 3646 2798 3701 quoque
2849 3629 3041 3698 fraus;
3075 3634 3133 3686 et
3184 3630 3520 3703 ubicunque
3566 3632 3750 3701 fraus,
3784 3634 3869 3691 ibi

2212 3733 2445 3790 quoque
2485 3722 2746 3773 tentatur
2773 3717 3050 3774 divinitas
3086 3737 3098 3775 :
3129 3736 3245 3792 qua
3291 3719 3496 3792 utique
3544 3723 3867 3779 testatione

2210 3804 2298 3861 ira
2325 3805 2425 3862 Dei
2467 3810 2832 3879 provocatur,
2860 3806 3014 3862 sicut
3062 3808 3121 3862 in
3171 3808 3568 3880 apostolorum
3617 3812 3864 3869 Actibus

2208 3895 2385 3951 verbo
2416 3898 2472 3949 et
2498 3895 2647 3951 facto
2691 3895 2977 3967 principis
3025 3896 3421 3969 apostolorum
3473 3903 3864 3971 monstratur,

2210 3984 2309 4039 ubi
2343 3984 2430 4039 sic
2460 3983 2673 4056 legitur
2706 4001 2768 4040 :«
2803 3984 2907 4039 Vir
2936 3988 3131 4041 autem
3165 3986 3403 4058 quidam
3436 3987 3672 4043 nomine
3705 3993 3864 4045 Ana-

2208 4072 2357 4142 nias,
2391 4089 2524 4128 cum
2554 4073 2802 4146 Saphira
2846 4090 3023 4129 uxore
3071 4091 3199 4141 sua,
3231 4076 3493 4132 vendidit
3539 4092 3772 4149 agrum,
3806 4081 3869 4135 et

2207 4161 2498 4217 fraudavit
2526 4162 2597 4217 de
2625 4162 2809 4233 pretio
2841 4162 2989 4233 agri,
3021 4163 3255 4219 conscia
3285 4180 3462 4220 uxore
3491 4181 3620 4231 sua,
3643 4168 3698 4220 et
3719 4165 3865 4222 affe-

2208 4266 2342 4306 rens
2359 4255 2581 4322 partem
2601 4251 2917 4321 quamdam
2936 4252 3009 4306 ad
3027 4252 3202 4324 pedes
3217 4252 3613 4324 apostolorum
3638 4255 3860 4326 posuit.

2205 4339 2412 4394 Petrus
2440 4343 2632 4395 autem
2683 4339 2829 4394 dixit
2875 4339 2946 4394 ad
2984 4342 3430 4409 eum:Anania,
3462 4359 3568 4398 cur
3612 4343 3862 4399 tentavit

2206 4427 2453 4483 Satanas
2498 4443 2598 4482 cor
2643 4431 2812 4483 tuum
2843 4428 3079 4483 mentiri
3138 4433 3193 4485 te
3242 4429 3487 4502 Spiritui
3542 4435 3766 4501 sancto,
3800 4436 3862 4488 et

439 4527 632 4580 catum
653 4517 1659 4594 (Ecclz'.xxv1,28;xxv11.t,2).»Quod
1683 4517 1869 4573 sitam
1894 4518 2096 4573 ditﬁci-
2127 4540 2172 4605 Β
2204 4515 2476 4605 fraudare
2506 4515 2576 4570 de
2606 4516 2790 4588 pretio
2821 4515 2989 4605 agri?
3018 4516 3221 4573 Nonne
3252 4534 3497 4575 manens
3518 4519 3623 4575 tibi
3653 4535 3863 4575 mane-

436 4612 513 4668 lis
532 4616 589 4668 et
611 4609 937 4684 periculosa
958 4612 1047 4664 est
1065 4606 1320 4663 venditio
1342 4609 1398 4660 et
1418 4605 1634 4677 emptio
1668 4605 1832 4662 laicis
1855 4606 1910 4661 in
1933 4622 2091 4662 com-

436 4700 717 4758 munibus
734 4704 793 4755 et
808 4696 1048 4770 privatis
1065 4712 1265 4750 eorum
1289 4694 1368 4749 uti
1381 4693 1801 4766 Iitatihus,quis
1818 4710 2091 4751 enarrare

433 4794 626 4865 potest
647 4805 825 4861 quam
848 4783 1106 4841 difﬁcilis
1127 4788 1186 4839 et
1218 4782 1544 4855 periculosa
1574 4782 1650 4837 sit
1669 4782 1894 4839 clericis
1914 4784 1973 4838 in
1996 4800 2085 4839 ec-

433 4876 776 4937 clesiasticis
825 4871 1336 4930 ordinationibus?
1368 4872 1436 4926 Et
1465 4875 1616 4927 certe
1663 4872 1764 4927 tibi
1812 4872 1970 4927 licita
1999 4877 2088 4929 est

430 4966 689 5026 venditio
730 4964 808 5020 rei
849 4966 981 5028 tuae,
1006 4962 1146 5034 quia
1180 4961 1504 5017 secundum
1529 4961 1591 5016 B.
1614 4961 1925 5033 Augustini
1964 4962 2084 5015 dic-

2202 4604 2329 4672 bat;
2366 4609 2424 4660 et
2452 4605 2852 4660 venundatum
2885 4604 2944 4659 in
2988 4609 3093 4661 tua
3140 4610 3265 4662 erat
3311 4607 3639 4679 potestate?
3666 4608 3862 4672 Quare

2199 4692 2447 4766 posuisti
2479 4693 2538 4747 in
2569 4693 2740 4748 corde
2777 4696 2878 4749 tuo
2909 4692 3060 4750 hanc
3090 4695 3259 4750 rem?
3287 4696 3411 4751 Non
3459 4713 3521 4751 es
3568 4697 3861 4754 mentitus

2197 4781 2558 4847 hominibus,
2601 4782 2701 4837 sed
2751 4782 2879 4837 Deo.
2915 4783 3171 4840 Audiens
3214 4787 3407 4839 autem
3437 4782 3692 4838 Ananias
3724 4783 3857 4841 haec

2193 4873 2387 4939 verba,
2433 4870 2641 4928 cecidit
2689 4874 2746 4926 et
2789 4871 3123 4944 exspiravit.
3160 4873 3225 4928 Et
3281 4872 3469 4927 factus
3520 4875 3610 4926 est
3663 4871 3855 4931 timor

2196 4977 2447 5034 magnus
2476 4959 2535 5014 in
2567 4976 2772 5016 omnes
2804 4962 2901 5032 qui
2936 4961 3265 5016 audierunt.
3298 4959 3612 5031 Surgentes
3648 4964 3856 5020 autem

431 5062 712 5124 tum,non
732 5052 931 5109 illicite
949 5051 1282 5107 venduntur
1303 5050 1605 5122 quaelicite
1626 5050 2083 5106 emuntur.Nam
2185 5051 2433 5122 juvenes
2464 5053 2808 5104 amoverunt
2837 5066 2993 5115 eum,
3020 5054 3077 5105 et
3112 5049 3415 5104 eﬁ‘erentes
3460 5047 3849 5122 sepelierunt.

431 5147 559 5218 ipse
581 5142 867 5201 Dominus
888 5140 1235 5197 adolescenti
1260 5139 1491 5195 cuidam
1522 5157 1573 5195 ζα
1593 5138 1773 5207 Vade,
1794 5137 2004 5210 inquit,
2029 5143 2087 5194 et

430 5234 615 5292 vende
645 5231 844 5289 omnia
875 5248 999 5303 quae
1032 5229 1211 5285 habes
1242 5229 1449 5300 (Matth.
1481 5245 1597 5294 xxx,
1626 5228 1749 5299 21);
1786 5249 1813 5275 »
1836 5232 1894 5282 et
1921 5226 2080 5294 alibi,

430 5323 561 5395 ipso
583 5323 809 5377 dicente
827 5320 991 5375 Judce
1014 5318 1291 5391 proditori
1319 5334 1371 5373 τι(
1398 5317 1557 5382 Quod
1615 5317 1777 5382 facis,
1804 5316 1891 5370 fac
1911 5316 2084 5371 citius

433 5412 611 5485 (Joan.
642 5426 765 5477 xm,
786 5411 941 5475 27),»
968 5407 1208 5480 quidam
1257 5405 1684 5479 discipulorum
1734 5408 2085 5477 putaverunt

433 5513 570 5556 eum
600 5497 769 5555 solito
791 5497 1008 5553 dixisse
1033 5514 1046 5552 :
1072 5497 1208 5551 Eme
1238 5494 1408 5552 nobis
1429 5512 1495 5551 ea
1521 5511 1648 5569 qua:
1671 5510 1820 5567 opus
1849 5498 1988 5550 sunt
2008 5494 2080 5551 ad

434 5584 588 5654 diem
618 5586 854 5646 festum.
887 5584 959 5648 Et
985 5587 1180 5648 tamen
1220 5583 1381 5651 licita
1406 5587 1463 5643 et
1492 5583 1927 5662 pernecessaria
1954 5582 2079 5666 plu-

2192 5139 2432 5194 Factum
2465 5141 2555 5193 est
2575 5142 2769 5193 autem
2794 5138 2959 5211 quasi
2983 5137 3258 5194 horarum
3279 5137 3464 5193 trium
3485 5137 3767 5210 spatium,
3791 5146 3854 5198 et

2193 5244 2339 5283 uxor
2368 5226 2575 5299 ipsius,
2599 5226 2868 5282 nesciens
2890 5227 3044 5299 quod
3076 5227 3293 5282 factum
3324 5227 3537 5297 fuerat,
3559 5227 3847 5286 introivit.

2191 5317 2347 5373 Dixit
2368 5320 2564 5372 autem
2587 5316 2637 5371 ei
2661 5316 2865 5373 Petrus
2890 5334 2903 5372 :
2929 5316 3030 5372 Dic
3060 5316 3204 5372 mihi
3227 5316 3276 5372 si
3304 5316 3452 5372 tanti
3475 5332 3682 5390 agrum
3703 5333 3845 5374 ven-

2191 5404 2467 5462 didistis?
2494 5410 2571 5458 At
2599 5403 2699 5459 illa
2728 5405 2873 5460 dixit
2904 5420 2919 5460 :
2952 5407 3137 5462 Etiam
3184 5407 3352 5462 tanti.
3386 5406 3598 5462 Petrus
3645 5410 3849 5463 autem

2190 5495 2261 5550 ad
2293 5510 2421 5549 eam
2446 5509 2460 5547 :
2486 5491 2632 5556 Quid
2678 5492 2879 5565 utique
2908 5496 3178 5552 convenit
3206 5500 3431 5553 tentare
3457 5494 3624 5552 vobis
3652 5495 3845 5569 Spiri—

2188 5587 2315 5645 tum
2355 5580 2631 5641 Domini?
2678 5583 2821 5643 Eeoe
2877 5584 3054 5663 pedes
3113 5601 3317 5647 eorum
3364 5585 3467 5666 qui
3518 5582 3845 5665 spoliarunt
