4004 6210
39 391 224 458 1073
641 389 1054 456 ADVERSUS
1101 385 1576 454 SIMONIACOS
1621 381 1825 447 LIBRI
1870 379 2445 444 TRES.—LIBER
2490 379 2923 443 SECUNDUS.
3334 370 3488 444 1074

37 543 187 586 cere
221 525 588 585 conﬁdentes
620 525 757 599 quia
789 523 934 581 nihil
966 523 1150 581 deerit
1178 521 1525 580 timentibus
1555 535 1712 577 eum:
1747 515 1800 583 Α
1830 515 1900 572 Et
1931 511 2103 589 paulo
2144 515 2276 588 post
2306 530 2318 569 :
2360 537 2380 564 α
2432 513 2656 569 Inimici
2704 511 2936 568 Domini
2986 513 3215 569 mentiti
3267 519 3406 572 sunt
3435 516 3488 574 ei

39 616 537 690 qui,seetiamin
562 620 926 671 terrenarum
948 632 1142 670 rerum
1170 610 1723 685 negotiisinterdum
1839 607 2032 678 (ΗΜΛ,
2070 607 2192 675 16);
2222 628 2242 657 ι
2279 605 2349 659 de
2371 603 2585 675 quibus
2614 602 2751 658 alibi
2776 601 3111 672 congeritur
3137 621 3148 658 :
3189 623 3216 654 ι(
3246 603 3487 660 Verum-

36 707 378 770 excedunt,
412 704 819 776 eleemosynis,
856 702 1124 774 alliisque
1166 702 1336 756 bonis
1376 697 1725 771 quantocius
1835 699 2029 750 tamen
2065 694 2316 766 pretium
2351 709 2546 747 meum
2580 691 2981 761 cogitaverunt
3001 690 3279 760 repellere
3310 694 3480 759 (Psal.

38 811 156 866 pro
191 798 362 850 certo
396 793 624 864 placare
661 792 771 847 sibi
805 791 1121 846 Dominum
1157 794 1424 862 possunt,
1460 786 1598 859 quia
1629 802 1723 840 ca-
1838 801 1947 852 LXI,
1977 785 2052 854 5),
2091 806 2117 832 ››
2153 783 2334 838 Deum
2368 798 2564 836 meum
2598 779 2817 835 scilicet
2846 780 2915 834 ad
2951 797 3062 835 me.
3115 783 3238 846 Qua
3269 781 3484 854 cogita-

36 882 297 936 tholieze
334 880 467 936 ﬁdei
491 877 942 934 fundamentum
968 879 1024 933 in
1051 882 1242 932 mente
1264 879 1607 932 conservant
1635 874 1726 928 in-
1835 873 1990 928 tione
2022 873 2091 928 ad
2108 872 2265 943 'quid
2291 871 2675 944 pervenerint,
2698 869 3003 941 subjungit
3033 870 3232 925 dicens
3266 886 3278 924 :
3315 895 3340 920 ‹‹
3371 871 3480 927 Ore

38 975 324 1043 tegrum.
359 970 540 1038 Cujus
563 968 928 1023 fundamenti
956 967 1161 1022 merito
1180 965 1319 1021 salvi
1342 967 1509 1030 fiunt,
1533 965 1616 1018 sic
1634 967 1726 1017 ta-
1838 978 1943 1016 suo
1961 961 2474 1025 benedicebant,et
2492 961 2661 1015 corde
2687 977 2792 1014 suo
2817 958 3240 1013 maledicebant
3259 959 3479 1029 (Ibid).»

42 1075 195 1114 men
232 1057 411 1129 quasi
435 1074 536 1128 per
556 1057 772 1126 ignem,
799 1056 1027 1110 etiamsi
1054 1053 1646 1126 superaediticaverint
1667 1050 1728 1104 li-
1839 1049 1896 1106 Si
1927 1068 2063 1122 ergo
2096 1050 2193 1121 qui
2217 1050 2617 1122 cogitaverunt
2648 1049 2826 1104 Deum
2863 1065 2896 1102 a
2925 1053 3126 1102 sancto
3157 1047 3278 1102 viro
3309 1048 3488 1118 repel-

40 1163 197 1218 gna,
216 1145 545 1216 aliquando
572 1144 790 1209 fenum,
817 1143 1131 1214 stipulas(l
1162 1145 1281 1198 Cor.
1310 1161 1395 1206 ιιι,
1432 1143 1537 1212 12),
1573 1139 1727 1211 quod
1835 1139 1973 1206 lere,
2001 1141 2117 1209 iam
2142 1139 2704 1204 maledicuntcorde,
2729 1136 3000 1208 quamvis
3020 1135 3368 1191 benedicant
3391 1153 3488 1192 ore

42 1237 122 1289 de
159 1233 454 1288 omnibus
476 1231 649 1285 etiam
667 1230 1000 1286 criminosis
1021 1232 1268 1286 creditm
1301 1231 1570 1300 aquibus
1595 1229 1722 1282 fun-
1838 1228 1978 1300 quid
2011 1232 2181 1300 putas
2213 1232 2415 1298 agunt,
2448 1226 2548 1298 qui
2580 1244 2694 1281 non
2728 1226 2852 1281 sola
2882 1225 3250 1298 cogitatione,
3285 1242 3484 1281 verum

43 1323 419 1375 damentum
453 1319 508 1372 id
551 1318 852 1382 retinetur,
883 1318 928 1372 si
959 1321 1156 1372 tamen
1191 1318 1247 1372 in
1281 1319 1389 1372 hac
1419 1318 1538 1372 vita
1579 1318 1723 1370 l'ece-
1837 1317 2126 1372 locutione
2176 1321 2233 1372 ct
2264 1333 2433 1387 opere
2475 1316 2738 1371 laborant
2787 1315 3097 1370 Dominum
3135 1332 3170 1370 a
3218 1331 3279 1370 se
3318 1319 3374 1369 et
3414 1315 3488 1368 ab

45 1409 180 1463 rint
213 1409 434 1480 dign-os
457 1406 807 1479 poenitentia:
835 1408 1075 1461 fructus.
1105 1407 1278 1462 Porro
1301 1406 1550 1478 emptitii
1575 1404 1723 1460 servi
1838 1405 1968 1460 aliis
2000 1405 2272 1477 repellere
2293 1406 2319 1459 ?
2346 1408 2600 1470 Quorum
2634 1403 2750 1459 oris
2773 1403 3096 1459 benedictio
3127 1420 3487 1475 quaecunque

45 1498 446 1561 Mammonze,
469 1497 715 1566 ejusque
736 1513 960 1550 vesanae
986 1495 1219 1550 malitiae
1263 1497 1439 1551 duces
1471 1499 1527 1550 et
1547 1494 1727 1566 signi-
1838 1493 1939 1548 illa
1970 1495 2065 1562 sit,
2117 1491 2432 1549 indicibilis
2464 1491 2790 1547 maledictio
2840 1493 2992 1563 apud
3038 1493 3221 1547 Deum
3268 1493 3349 1559 fit,
3385 1491 3483 1562 qui

48 1587 192 1650 feri,
233 1586 342 1657 qui
363 1603 475 1641 non
501 1584 688 1641 solum
707 1601 846 1640 suas
864 1585 1092 1639 animas
1110 1584 1343 1640 venales
1365 1584 1600 1649 habent,
1628 1583 1726 1637 sed
1837 1583 2013 1636 verba
2041 1581 2126 1636 vel
2165 1582 2314 1636 facta
2343 1579 2650 1636 hominum
2683 1599 2751 1635 ex
2781 1581 2905 1636 sola
2933 1580 3255 1636 intentione
3287 1581 3480 1636 cordis

48 1675 247 1731 etiam
305 1677 568 1747 ipsarum
608 1678 932 1729 Creatorem
965 1678 1021 1728 et
1052 1674 1550 1728 Sanetificatorem
1597 1670 1727 1726 ani-
1838 1670 2163 1741 perpendit.
2207 1671 2320 1724 Nec
2365 1669 2734 1724 considerant
2764 1670 2905 1740 quid
2939 1669 3075 1724 boni
3125 1670 3343 1736 dicant,
3378 1670 3479 1725 sed

51 1780 308 1818 marum
327 1761 875 1828 venderela‘oorant,
901 1762 1040 1833 quid
1064 1762 1276 1833 agent?
1298 1766 1526 1832 autquo
1550 1760 1724 1814 iidem
1838 1759 2082 1814 dicendo
2115 1777 2227 1831 quo
2273 1758 2597 1813 intendant.
2649 1758 2810 1823 Quod
2853 1762 3081 1812 tantum
3139 1757 3324 1813 solius
3381 1759 3481 1814 Dei

54 1851 234 1907 milvi
271 1850 634 1906 fallacissimi
667 1868 700 1906 a
730 1851 873 1906 facie
895 1850 1177 1906 columbae
1206 1851 1394 1922 ipsius
1417 1867 1595 1922 quam
1626 1867 1726 1905 ve-
1760 1885 1807 1948 B
1837 1852 1924 1903 est
1974 1848 2320 1915 discernere,
2367 1847 2518 1902 sicut
2565 1846 2877 1918 Apostolus
2927 1845 3204 1918 praedicat
3235 1849 3432 1918 aperte
3467 1865 3479 1902 ε

56 1940 269 1996 nalem
313 1943 541 2011 putant,
593 1938 839 2009 fugient,
896 1939 996 2010 qui
1029 1940 1407 1994 fundamento
1456 1939 1608 2010 quod
1643 1942 1731 1994 est
1760 1935 1805 1948 "
1845 1958 1871 1986 ‹‹
1903 1936 2079 1991 Vivus
2111 1936 2447 2007 est,inquit,
2472 1952 2663 1990 sermo
2694 1935 2791 1990 Dei
2819 1940 2873 1989 et
2895 1935 3193 2002 efficax,et
3213 1940 3484 2006 penetra-

56 2030 343 2084 Christus
391 2028 583 2090 Jesus,
633 2028 744 2082 fide
803 2027 1025 2083 scilicet
1075 2045 1135 2082 se
1186 2029 1506 2099 privarunt,
1554 2044 1731 2099 super
1839 2025 2034 2080 biliter
2064 2025 2220 2080 omni
2251 2025 2443 2096 gladio
2463 2025 2803 2096 ancipiti,et
2832 2023 3165 2096 pertingens
3199 2039 3386 2094 usque
3413 2022 3484 2077 ad

59 2136 276 2190 quem,
310 2117 468 2173 velut
497 2131 672 2186 super
695 2116 926 2170 firmam
951 2117 1199 2183 Petram,
1221 2117 1539 2172 Ecclesiam
1562 2133 1726 2171 suam
1838 2114 2182 2170 divisionem
2230 2113 2434 2168 animas
2468 2130 2532 2168 ac
2563 2114 2825 2185 spiritus,
2861 2129 3209 2184 compagum
3251 2127 3484 2184 quoque

58 2207 197 2279 ipse
228 2205 525 2261 aadificat?
552 2205 752 2276 Neque
770 2205 926 2259 enim
951 2204 1336 2277 eleemosynis
1365 2205 1612 2276 aliisque
1635 2205 1730 2260 bo-
1838 2208 1894 2258 et
1925 2203 2331 2269 medullarum,
2365 2206 2421 2257 et
2451 2202 2735 2257 discretor
2758 2202 3179 2272 cogitationum
3205 2204 3261 2255 et
3292 2201 3480 2255 inten-

62 2296 186 2361 nis,
223 2312 355 2367 quas
385 2294 608 2364 utique,
644 2294 941 2348 subtracto
973 2294 1099 2365 ipso
1132 2294 1535 2359 fundamento,
1569 2292 1732 2348 nulla
1838 2292 2062 2347 tionum
2096 2290 2308 2356 cordis,
2341 2294 2396 2345 et
2423 2308 2535 2346 non
2554 2295 2642 2345 est
2663 2289 2782 2344 ulla
2806 2293 3071 2345 creatura
3100 2288 3480 2344 invisibilisin

61 2385 155 2441 eis
193 2384 420 2448 insunt,
440 2382 634 2454 juvari
659 2387 930 2453 possunt,
952 2399 1084 2437 cum
1112 2382 1306 2454 potius
1335 2383 1394 2436 in
1426 2387 1728 2454 peccatum
1839 2385 2150 2452 conspectu
2183 2381 2330 2450 ejus.
2359 2379 2568 2435 Omnia
2597 2384 2791 2434 autem
2825 2380 2984 2434 nuda
3013 2383 3070 2434 et
3108 2384 3310 2450 aperta
3340 2381 3482 2432 sunt

65 2472 195 2528 illis
217 2476 528 2543 reputetur
549 2470 838 2542 quidquid
863 2470 994 2526 aliis
1024 2471 1275 2527 salutem
1299 2475 1592 2543 operatur.
1617 2470 1729 2526 Nec
1838 2468 2022 2524 oculis
2053 2470 2180 2539 ejus
2197 2469 2267 2522 ad
2294 2484 2469 2539 quem
2492 2469 2661 2523 nobis
2692 2485 2883 2523 sermo
2903 2469 3082 2538 (Hebr.
3102 2484 3175 2535 1v,
3212 2468 3298 2534 12,
3334 2466 3476 2536 13).»

70 2559 297 2614 mirum
319 2575 450 2613 cum
469 2557 580 2629 ipsi
599 2574 702 2612 nec
717 2557 965 2612 salutem
987 2575 1177 2624 suam,
1193 2575 1296 2614 nec
1310 2558 1559 2628 alicujus
1573 2575 1728 2628 quae-
2467 2575 2700 2630 CAPUT
2739 2575 2832 2629 x1,

71 2652 211 2704 rant
234 2648 295 2702 in
329 2646 745 2703 ecclesiasticis
775 2646 1016 2712 officiis;
1053 2664 1178 2719 quae
1201 2647 1311 2702 sibi
1339 2647 1488 2702 male
1520 2664 1652 2717 praes

1899 2663 1986 2718 md
2028 2665 2244 2719 vitandi
2295 2673 2421 2720 sunt
2463 2664 2712 2720 haeretici
2766 2664 3016 2736 exemplo
3069 2665 3385 2734 viperarum
3431 2672 3480 2719 et

74 2741 274 2802 munt,
306 2735 446 2807 quid
479 2751 547 2790 ex
575 2736 683 2790 hoc
715 2736 996 2808 probatur
1025 2737 1164 2807 quia
1193 2735 1319 2791 sola
1361 2735 1608 2808 pecunia
1644 2736 1728 2790 eis
2440 2737 2608 2792 mala:
2638 2736 2870 2790 arboris.

73 2825 421 2881 dominatur
454 2865 467 2890 ,
519 2841 650 2894 quas
693 2823 818 2879 sola
867 2825 923 2878 in
976 2824 1301 2880 actionibus
1351 2841 1550 2880 eorum
1600 2841 1729 2895 ope-
1907 2825 2018 2879 Sed
2055 2841 2124 2880 nc
2169 2825 2426 2880 crederet
2458 2824 2591 2896 quis
2621 2842 2680 2880 se
2711 2824 3037 2880 immunem
3073 2842 3253 2891 noxas,
3303 2824 3349 2880 si
3384 2841 3482 2880 ne-

74 2919 249 2970 ratur
273 2932 286 2982 ;
318 2913 447 2985 ipsa
471 2913 626 2968 enim
654 2913 1038 2985 petitur,ipsa
1060 2913 1336 2985 quaeritur
1358 2931 1390 2968 a
1412 2912 1727 2980 venditore,
1835 2911 2078 2985 gligeret
2100 2913 2244 2969 tales
2275 2930 2494 2979 cavere,
2528 2912 2686 2968 velut
2707 2914 2806 2985 qui
2835 2914 3009 2970 corda
3039 2930 3240 2969 eorum
3272 2913 3482 2986 nequi-

76 3002 212 3074 ipsa
241 3000 534 3072 pulsatur,
570 3001 698 3072 ipsa
727 3001 1091 3072 proponitur,
1124 3002 1251 3074 ipsa
1280 3003 1576 3066 adoratur,
1600 3002 1727 3072 ipsa
1835 3006 1922 3056 ret
1954 3008 2272 3072 penetrare,
2306 3002 2430 3073 ipse
2460 3002 2764 3070 Dominus,
2799 3004 2859 3058 in
2897 3003 3201 3075 Evangelia
3233 3019 3480 3058 monens

79 3091 402 3156 invocatur,
437 3089 565 3161 ipsa
592 3089 786 3156 datur,
821 3090 950 3162 ipsa
981 3090 1280 3162 accipitur,
1307 3091 1434 3162 ipsa
1455 3090 1722 3158 habetur,
1835 3107 1868 3144 a
1899 3090 2061 3147 falsis
2093 3091 2393 3164 prophetis
2423 3093 2867 3161 attendendum,
2911 3092 3194 3148 indicium
3236 3108 3477 3165 cognos-

80 3182 214 3252 ipsa
257 3177 608 3251 possidetur.
651 3179 784 3242 Quae
834 3179 882 3234 si
933 3180 1003 3234 de
1047 3181 1238 3235 medio
1291 3181 1571 3245 aufertur,
1625 3183 1726 3233 aut
1835 3180 2003 3234 cendi
2052 3197 2186 3234 mox
2223 3180 2466 3247 addidit,
2508 3182 2708 3234 dicens
2743 3197 2755 3235 ε
2809 3203 2830 3229 α
2866 3182 2911 3235 Α
2943 3181 3230 3236 fructibus
3273 3197 3474 3236 eorum

81 3273 259 3338 certe,
291 3269 430 3322 dum
464 3268 732 3339 exigitur,
768 3268 1107 3340 denegatur,
1142 3269 1341 3340 procul
1386 3269 1564 3324 dubio
1590 3286 1721 3324 con-
1753 3252 1794 3317 C
1833 3270 2194 3340 cognoscetis
2233 3286 2332 3324 eos
2375 3269 2580 3339 (Matth.
2625 3287 2722 3336 vn,
2776 3271 2884 3340 16).
2941 3292 2968 3318 ››
3018 3270 3179 3325 Unde
3224 3285 3476 3340 quorum

81 3361 201 3414 stat
230 3357 367 3428 quia
396 3373 500 3411 nec
529 3357 685 3412 Deus
717 3360 952 3428 petitur,
989 3375 1093 3413 nec
1124 3359 1423 3429 quaeritur,
1459 3375 1563 3412 nec
1594 3356 1723 3429 pul-
1835 3358 2076 3412 avaritia
2104 3359 2333 3413 videtur
2364 3357 2555 3429 palam
2589 3359 2672 3412 sic
2703 3357 2922 3423 saevire,
2958 3363 3022 3412 ut
3053 3375 3165 3412 non
3208 3359 3479 3412 dubitent

85 3451 266 3513 satur,
299 3462 402 3501 nec
435 3445 799 3517 preponitur,
824 3463 928 3501 nec
949 3448 1245 3512 adoratur,
1280 3464 1383 3502 nec
1405 3447 1724 3512 invocatur,
1837 3446 2118 3516 Spiritum
2149 3453 2416 3501 sanctum
2449 3445 2706 3500 venalem
2749 3463 3085 3517 proponere,
3118 3449 3346 3500 constat
3376 3460 3476 3500 eos

88 3552 192 3591 nec
218 3536 410 3598 datur,
441 3549 546 3588 nec
577 3533 880 3603 accipitur,
915 3551 1018 3588 nec
1039 3534 1308 3600 habetur,
1340 3552 1444 3589 nec
1466 3534 1724 3605 posside-
1837 3534 2016 3589 falsos
2047 3535 2359 3605 prOpbetas
2387 3549 2536 3600 esse,
2570 3534 2727 3604 quia,
2773 3533 2929 3588 velut
2966 3535 3218 3605 profana:
3251 3533 3478 3588 arboris

89 3629 204 3680 tur.
251 3622 344 3678 Sic
374 3637 542 3676 versa
571 3620 693 3674 vice
725 3620 852 3690 ipsa
901 3621 1063 3691 petit,
1097 3621 1225 3691 ipsa
1271 3621 1486 3692 pulsat,
1537 3622 1725 3692 ipsam
1837 3621 2128 3676 occultum
2162 3637 2420 3692 germen,
2454 3620 2627 3691 quale
2658 3621 2735 3674 sit
2766 3637 2940 3692 sapor
2968 3622 3221 3692 pertiferi
3254 3622 3480 3678 fructus

88 3716 312 3784 emptor
350 3707 642 3781 proponit,
676 3707 866 3779 ipsam
885 3709 1110 3774 adorat,
1133 3709 1323 3779 ipsam
1358 3710 1604 3775 invocat,
1639 3709 1726 3779 ip-
1839 3709 2050 3780 prodit.
2076 3708 2374 3778 ltquequaa
2398 3709 2468 3762 de
2489 3725 2586 3763 ore
2608 3709 2950 3778 procedunt,
2974 3710 3044 3764 de
3063 3711 3233 3764 corde
3246 3713 3479 3779 exeunt;

89 3817 216 3856 sam
245 3800 364 3865 dat,
397 3813 496 3868 per
525 3796 721 3868 ipsum
753 3795 985 3867 accipit,
1021 3813 1121 3866 per
1161 3795 1351 3867 ipsam
1380 3796 1552 3850 habet
1573 3797 1727 3867 quod
1839 3803 1895 3853 et
1927 3798 2052 3852 ideo
2084 3797 2132 3852 si
2169 3796 2324 3852 mala
2355 3801 2494 3850 sunt
2526 3797 2583 3850 in
2618 3797 2808 3861 corde,
2845 3798 2995 3852 bona
3025 3813 3153 3852 esse
3185 3803 3484 3869 nequeunt

91 3889 281 3952 habet,
315 3885 622 3958 peripsam
646 3884 904 3956 possidet
927 3885 1081 3956 quod
1105 3884 1380 3956 possidet.
1407 3884 1514 3939 Sed
1544 3885 1730 3955 quid?
1840 3886 1897 3940 in
1929 3903 2046 3951 ore,
2079 3885 2309 3941 etiarnsi
2353 3885 2663 3941 videantur
2693 3901 2839 3942 esse.
2873 3887 2952 3940 Ea
2984 3890 3121 3941 sunt
3164 3886 3320 3941 enim
3354 3903 3482 3957 quis

95 3975 428 4033 exteriorem
458 3971 885 4029 dealbationem
917 3978 974 4028 et
1005 3973 1339 4028 interiorem
1378 3973 1728 4045 denigratio-
1841 3975 2223 4045 coinquinant
2279 3974 2599 4041 hominem,
2659 3977 2828 4046 cujus
2884 3976 2943 4030 in
2988 3992 3084 4031 ore
3137 3973 3483 4041 benedictio,

96 4081 244 4132 nem,
277 4062 414 4134 quia
445 4061 851 4134 perditionem,
897 4062 1036 4133 quia
1083 4063 1546 4128 damnationem,
1595 4063 1733 4134 quia
1842 4063 1981 4135 quia
2013 4080 2125 4118 non
2169 4081 2270 4135 pro
2308 4065 2416 4118 Deo
2449 4069 2637 4133 sonat,
2673 4065 2773 4119 sed
2807 4082 2908 4136 pro
2941 4080 3182 4120 nummo
3226 4063 3484 4136 plurima

99 4150 1306 4223 maledictionem,quiasacrilegium,quia
1338 4151 1730 4217 mendacium,
1841 4157 2217 4224 computatur
2269 4152 2618 4219 maledictio,
2653 4159 2708 4209 et
2768 4153 2928 4210 nulla
2976 4153 3324 4210 benedictio.
3357 4158 3480 4208 Hu-

102 4241 233 4314 quia
259 4239 611 4312 apostasiam
635 4239 882 4294 invicem
904 4240 1016 4295 sibi
1049 4241 1190 4295 dant
1211 4244 1266 4294 et
1289 4239 1600 4311 accipiunt,
1627 4240 1732 4294 ha-
1836 4242 2096 4313 jusmodi
2131 4241 2310 4310 enim,
2345 4247 2408 4296 ut
2437 4241 2519 4296 ait
2547 4243 2883 4314 Apostolus,
2925 4267 2952 4294 ‹‹
2987 4261 3088 4316 per
3117 4244 3317 4300 dulces
3364 4259 3485 4300 ser-

102 4331 234 4385 bent
261 4343 322 4383 ac
344 4328 668 4399 possident.
695 4328 840 4391 Quin
858 4329 1052 4400 potius
1067 4333 1194 4384 atot
1215 4329 1578 4384 daemonibus
1596 4346 1734 4401 pos-
1845 4348 2046 4386 mones
2070 4335 2125 4385 et
2147 4330 2578 4386 benedictiones
2593 4333 2883 4386 seducunt
2903 4333 3489 4390 cordainnoeentium

104 4417 354 4475 sidentur
384 4421 528 4486 quot
559 4417 749 4472 modis
781 4435 954 4489 prave
978 4417 1326 4489 negotiando
1351 4418 1737 4490 supplantant
1847 4421 2020 4490 (Rom.
2067 4437 2182 4486 xvr,
2230 4422 2337 4489 18).
2393 4443 2419 4467 »
2469 4420 2610 4474 Ecce
2651 4420 2853 4491 quales
2884 4422 3338 4488 benedictiones,
3365 4439 3491 4494 quae

104 4511 158 4562 et
178 4505 1532 4579 supplantantur.Specialiterautemamaligno
1557 4525 1738 4562 mam-
1848 4511 2136 4565 seducunt
2179 4507 2552 4564 innocentes!
2604 4502 2674 4563 Et
2721 4508 2860 4580 quid
2915 4515 3004 4564 est
3048 4511 3279 4582 proprie
3319 4512 3490 4566 sedu-

106 4610 290 4660 mona,
311 4593 478 4662 cujus
507 4597 647 4649 sunt
677 4594 874 4650 sumni
899 4595 1174 4662 usurarii,
1203 4596 1413 4667 cuique
1433 4597 1624 4651 omnis
1651 4597 1735 4652 in-
1770 4617 1815 4681 D
1849 4599 2025 4655 cunt?
2056 4615 2321 4655 seorsum
2344 4599 2586 4653 ducunt.
2612 4598 2772 4653 Unde
2802 4601 2858 4652 et
2887 4597 3042 4668 quo?
3074 4615 3108 4652 a
3131 4604 3242 4654 Deo
3266 4599 3336 4654 ad
3369 4599 3490 4653 dia-

107 4683 294 4748 tentio,
317 4684 376 4736 et
407 4681 553 4737 actio
584 4700 786 4738 eorum
819 4684 1049 4740 militat.
1082 4685 1295 4740 Neuter
1323 4685 1480 4741 enim
1510 4703 1734 4754 eorum,
1848 4687 2069 4744 bolum.
2087 4688 2230 4742 Nam
2255 4689 2304 4743 si
2327 4705 2360 4743 a
2385 4687 2615 4744 diabolo
2642 4687 2710 4741 ad
2733 4687 2938 4751 Deum,
2962 4686 3109 4740 bene
3126 4687 3491 4741 seducerent.

104 4771 366 4828 vendetor
406 4770 629 4827 scilicet
674 4789 740 4828 ac
794 4777 1041 4844 emptor,
1091 4774 1274 4829 Deum
1308 4773 1577 4846 proponit
1608 4780 1740 4830 ante
1849 4777 2014 4844 Vere,
2069 4777 2258 4831 malus
2310 4777 2482 4832 homo
2524 4777 2595 4831 de
2647 4775 2798 4830 malo
2851 4774 3122 4830 thesturo
3169 4774 3361 4830 cordis
3403 4773 3494 4830 sui

108 4864 469 4933 conspectum
491 4878 699 4928 suum;
726 4863 841 4918 imo
859 4863 1093 4933 penitus
1108 4865 1380 4935 proponit
1401 4863 1512 4920 sibi
1532 4865 1737 4919 Deum.
1849 4866 2067 4937 profert
2094 4864 2245 4919 mala
2263 4867 2411 4935 (Luc.
2443 4882 2516 4929 vr,
2542 4866 2648 4937 45).
2684 4865 2828 4918 Nam
2854 4862 2992 4934 quid
3011 4861 3170 4917 aliud
3202 4861 3338 4917 inde
3360 4879 3496 4934 pro-

112 4949 196 5006 cui
245 4950 510 5022 proponit
550 4967 886 5007 numerum.
939 4954 1060 5016 Quo
1105 4954 1169 5006 fit
1229 4958 1292 5007 ut
1341 4953 1741 5024 postponendo
1849 4957 1996 5010 ferre
2039 4955 2266 5025 poterit,
2303 4954 2407 5008 nisi
2442 4955 2594 5025 quod
2627 4951 3090 5008 thesaurizavit?
3124 4954 3186 5006 In
3227 4951 3375 5007 tales
3408 4952 3494 5006 in-

113 5040 300 5109 Deum,
354 5039 614 5109 primum
659 5045 717 5094 et
765 5039 1154 5095 novissimum
1197 5043 1507 5114 antiquum
1540 5043 1742 5113 utique
1847 5040 3500 5114 vehiturDominusdicens:«Geniminaviperarum,quo-

117 5129 346 5194 dierum,
369 5129 541 5200 cujus
569 5128 695 5184 sine
727 5129 841 5184 ﬁne
868 5145 1136 5200 regnum,
1162 5136 1492 5201 proponant
1515 5131 1626 5185 sibi
1658 5147 1740 5185 re-
1850 5133 2022 5188 modo
2067 5131 2310 5204 potestis
2351 5131 2696 5202 bonaloqui,
2716 5148 2849 5186 cum
2873 5130 3007 5186 sitis
3028 5129 3214 5186 mali?
3237 5135 3338 5185 aut
3357 5131 3501 5185 face-

117 5221 319 5272 centem
346 5221 736 5288 Deum,atque
757 5217 1074 5272 deserendo
1097 5235 1269 5272 suum
1294 5219 1536 5273 adorent
1557 5219 1748 5273 Domi-
1857 5241 1916 5278 re
1947 5221 2157 5292 [facite]
2192 5220 2452 5276 arborem
2489 5218 2704 5274 malam
2737 5223 2792 5273 et
2815 5220 3070 5274 fructum
3092 5220 3221 5288 ejus
3247 5217 3501 5273 malum?

116 5323 243 5362 num
263 5305 543 5372 alienum,
569 5305 881 5362 Psalmista
901 5306 1331 5360 contradicente
1350 5307 1460 5361 sic:
1491 5329 1516 5356 ‹‹
1549 5307 1744 5374 Israel,
1857 5311 2078 5382 (Matth.
2112 5327 2211 5373 xu,
2244 5309 2331 5375 33,
2366 5309 2476 5378 31).
2511 5332 2536 5356 ‹‹
2575 5310 2634 5362 In
2659 5309 2874 5379 quibus
2904 5309 3162 5363 veritatis
3183 5307 3374 5363 verbis
3404 5324 3501 5362 ar-

114 5395 159 5451 si
189 5412 272 5451 me
299 5393 579 5459 audieris,
614 5411 727 5448 non
773 5393 881 5448 erit
932 5393 987 5447 in
1022 5397 1075 5448 te
1118 5395 1272 5448 Deus
1313 5412 1532 5460 rec-ens,
1562 5414 1748 5468 neque
1857 5403 2118 5469 guuntur
2147 5397 2463 5452 deteriores
2496 5395 2667 5450 malis
2707 5397 3037 5465 arboribus,
3067 5396 3166 5469 qui
3201 5397 3322 5452 ista:
3356 5413 3498 5467 qua-

36 5533 38 5537 .
115 5484 364 5540 adorabis
396 5484 578 5539 Deum
613 5482 866 5537 alienum
901 5482 1072 5549 (Psal.
1107 5500 1260 5549 Lxxx,
1291 5484 1398 5552 10).
1421 5504 1448 5534 ι)
1476 5485 1585 5538 Sed
1612 5484 1749 5554 quia
1855 5485 1938 5540 les
1969 5486 2078 5539 sibi
2103 5489 2242 5540 sunt
2272 5485 2329 5538 in
2366 5484 2555 5539 radice
2590 5484 2732 5540 tales
2765 5504 2826 5540 se
2856 5485 3131 5541 exhibent
3161 5484 3504 5540 hominibus

113 5591 217 5630 non
259 5574 574 5630 obauditus
623 5571 749 5638 fuit,
798 5571 1000 5625 subdit
1055 5589 1066 5626 :
1123 5595 1142 5620 «
1182 5572 1249 5625 Et
1297 5572 1495 5627 dimisi
1524 5589 1624 5626 eos
1658 5588 1744 5626 sc-
1858 5574 1914 5627 in
1948 5591 2174 5644 sapore,
2208 5573 2290 5628 illi
2317 5579 2532 5641 autem,
2559 5591 2695 5629 cum
2726 5576 2862 5630 mali
2885 5575 3004 5631 sint
3035 5575 3093 5629 in
3126 5575 3317 5644 corde,
3352 5575 3507 5630 bona

117 5664 354 5722 cundum
418 5660 709 5720 desideria
780 5660 970 5717 cordis
1029 5676 1230 5717 eorum
1293 5660 1477 5731 (Ibid,
1539 5660 1654 5729 13).
1714 5683 1742 5709 »
1854 5667 2050 5718 tamen
2114 5664 2286 5720 verbo
2335 5668 2506 5719 tenus
2548 5671 2915 5736 prwsumunt
2959 5665 3171 5722 inore.
3226 5666 3294 5722 Et
3325 5677 3504 5738 quam
