4004 6210
481 383 638 463 1073
1535 400 1947 467 HUMBERTI
1991 405 2054 468 s.
2105 404 2178 468 η.

2223 404 2292 468 E.
2341 405 2830 476 CARDINALIS.
3705 405 3907 477 1076

475 549 860 604 congrue,per
879 532 1116 589 arbores
1138 532 1343 601 malas,
1365 551 1490 606 quae
1507 535 1706 592 vivunt
1727 537 1986 609 quidem,
2012 555 2116 594 nec
2147 539 2202 604 Α
2231 542 2526 597 saerviunt.
2552 544 2632 600 De
2661 545 2876 617 quibus
2907 544 3222 603 Psalmista
3248 545 3394 604 dicit
3425 565 3437 604 :
3463 570 3490 598 «
3525 545 3650 604 Filii
3683 547 3902 605 homi-

477 626 670 677 tamen
704 622 980 689 sentiunt,
1015 624 1383 694 accipiuntur
1413 626 1645 696 pagani,
1678 628 1774 697 qui
1821 629 2124 698 perfidiam

473 710 1020 782 idololatriaa,quam
1055 714 1269 768 habent
1308 714 1363 768 in
1387 717 1579 779 corde,
1612 717 1885 771 exhibent
1914 717 1970 772 in
2006 733 2123 773 ore.

474 801 580 856 Per
599 802 899 871 genimina
925 806 1119 856 autem
1143 803 1493 873 viperarum,
1520 822 1644 876 qua!
1676 805 1879 860 vivunt
1909 811 1963 859 et
1996 822 2124 861 sen-

473 891 647 956 tiunt,
681 908 784 946 nec
815 895 1011 947 tamen
1045 891 1410 958 discernunt,
1445 894 1727 948 increduli
1769 899 1824 948 et
1866 895 2118 965 perversi

473 980 856 1052 haeretici,qui
884 981 1184 1052 perfidiam
1202 983 1436 1052 quidem
1454 983 1707 1038 retinent
1723 984 1899 1038 simul
1917 983 1972 1038 in
1993 1000 2123 1055 ope-

475 1088 571 1137 re;
605 1071 704 1125 sed
734 1071 790 1125 in
821 1088 917 1126 ore
938 1076 1267 1126 monstrant
1293 1072 1585 1127 interdum
1605 1090 1664 1127 se
1687 1089 1918 1144 quoque
1949 1074 2120 1144 quid-

474 1161 610 1215 dam
641 1161 780 1215 recti
811 1161 1044 1215 sentire.
1079 1162 1239 1226 Quod
1273 1161 1410 1231 quia
1441 1178 1552 1216 non
1587 1161 1946 1224 discernunt,
2004 1161 2116 1217 sibi

473 1254 528 1305 et
561 1251 764 1305 multis
798 1251 1042 1322 pejores,
1078 1255 1134 1304 et
1169 1251 1609 1320 perniciosiores
1660 1253 1904 1322 paganis
1955 1255 2114 1320 sunt,

473 1339 572 1411 qui
597 1339 741 1394 nihil
769 1340 896 1393 fidei
923 1338 1261 1393 Christiana:
1284 1340 1564 1403 sentiunt,
1590 1341 1741 1396 sicut
1763 1342 1990 1412 vipera},
2011 1357 2111 1395 no-

473 1428 755 1483 centiores
778 1427 934 1482 mala
952 1428 1154 1482 arbore
1176 1429 1432 1482 existunt
1453 1429 1995 1499 quantum,scilicet
2018 1444 2110 1483 ve-

473 1534 645 1584 nena,
680 1517 750 1572 ab
782 1534 979 1572 amaro
1008 1515 1095 1570 vel
1127 1517 1294 1571 noxio
1326 1535 1498 1589 pomo
1531 1518 1826 1573 dill'erunt.
1859 1519 1926 1572 Et
1950 1517 2105 1587 vipe-

473 1623 549 1661 rze
580 1607 838 1677 quidem,
872 1605 918 1660 si
953 1622 1066 1660 non
1097 1605 1456 1677 impctantur
1487 1606 1570 1661 vel
1605 1607 1905 1669 lazdantur,
1957 1604 2108 1658 ultro

471 1695 763 1766 impetunt
815 1699 1018 1749 caetera
1079 1695 1376 1761 animalia,
1420 1699 1475 1750 et
1507 1693 1846 1749 naturaliter
1892 1691 2110 1746 laedunt

473 1783 627 1839 Mala
651 1787 842 1838 autem
877 1784 1066 1848 arbor,
1102 1800 1206 1838 nec
1227 1783 1546 1856 quemlibet
1579 1783 1764 1835 fructu
1797 1797 1902 1835 suo
1925 1781 2105 1853 impe-

472 1873 562 1939 tit,
605 1889 709 1928 nec
757 1872 1094 1943 quemlibet,
1148 1872 1196 1927 si
1227 1889 1340 1928 non
1375 1873 1704 1967 impctatur,
1753 1868 1928 1924 lzedit.
1962 1871 2104 1928 Cum
2140 1903 2186 1967 B

469 1978 606 2033 ergo
635 1966 862 2016 tantum
891 1961 1118 2034 viperae,
1153 1979 1298 2033 quas
1315 1958 1618 2021 hereticos,
1652 1962 1708 2012 et
1739 1959 1904 2014 malae
1935 1961 2109 2016 arbo-

472 2066 582 2116 res,
617 2066 763 2122 quas
793 2067 1052 2123 paganos
1085 2051 1484 2120 praeﬁgurassc
1527 2045 1749 2101 dictum
1794 2052 1900 2114 est,
1944 2049 2110 2105 diﬂ‘e-

471 2143 620 2204 rant,
673 2140 805 2209 quis
832 2140 1019 2211 magis
1068 2157 1101 2192 a
1150 2135 1448 2191 catholicis
1487 2135 1820 2193 tolerandos
1851 2154 2109 2211 paganos

470 2245 646 2301 quam
680 2229 976 2284 hzereticos
999 2223 1256 2281 dubitat?
1277 2223 1575 2295 Siquidem
1601 2226 1832 2297 pagani,
1867 2228 1978 2282 nisi
2010 2245 2108 2285 eos

469 2316 744 2382 lacessas,
777 2335 891 2372 non
916 2321 968 2371 te
990 2315 1304 2378 lacessunt;
1327 2317 1384 2366 et
1414 2312 1743 2383 lacessiti,si
1777 2316 2106 2387 praevalent,

469 2407 684 2461 damna
695 2404 992 2461 exterioris
1014 2401 1352 2457 substantia:
1369 2405 1424 2456 ct
1440 2404 1824 2460 contumelias
1837 2405 2110 2478 infligunt

469 2499 716 2551 mortem
737 2511 869 2549 vero
892 2489 1114 2562 corpori
1137 2495 1364 2544 tantum
1385 2491 1475 2545 vix
1488 2492 1802 2564 aliquando
1829 2494 2103 2550 inferunt.

466 2583 639 2639 Porro
653 2581 900 2638 hzeretici
926 2584 1280 2651 przesumpta
1301 2580 1408 2634 sibi
1435 2582 1624 2652 specie
1647 2581 1956 2637 Christiani
1974 2601 2106 2639 sen-

469 2689 570 2729 sus
602 2677 658 2728 et
689 2670 924 2742 praelata
949 2667 1102 2722 ultro
1135 2671 1187 2722 te
1220 2667 1535 2734 lacessunt,
1571 2671 1796 2725 etiamsi
1835 2671 2104 2742 quiescas

467 2764 523 2816 et
538 2759 731 2821 sileas,
747 2762 802 2810 et
819 2760 1048 2810 tantum
1066 2755 1274 2810 anima:
1295 2761 1541 2812 mortem
1561 2757 1932 2828 pertinaciter
1947 2777 2104 2832 quae-

465 2853 678 2910 rentes,
711 2846 926 2899 damna
951 2844 1234 2900 exteriora
1253 2850 1309 2900 et
1340 2850 1583 2901 mortem
1607 2848 1865 2918 corporis
1896 2850 2107 2906 inferre

465 2933 629 2990 nihili
676 2933 917 2996 ducunt,
969 2933 1236 3004 quamvis
1277 2934 1450 2988 etiam
1483 2935 1605 2990 hzec
1653 2953 2103 3008 nonnunquam,

465 3024 514 3080 si
547 3021 875 3093 praevalent,
899 3022 1150 3077 inferant
1170 3027 1504 3078 constanter
1524 3024 1632 3079 sibi
1668 3025 2099 3082 resistentibus.

467 3112 528 3166 In
588 3127 703 3182 quo
757 3110 906 3166 facto
967 3111 1321 3166 omnimodis
1380 3111 1602 3167 similes
1681 3117 1817 3168 sunt
1873 3115 2104 3171 diabolo

465 3200 586 3271 qui,
631 3203 859 3255 tantum
909 3200 1238 3255 animarum
1289 3207 1534 3256 mortem
1579 3201 1805 3268 sitiens,
1857 3220 1972 3258 non
2012 3221 2106 3258 cu-

2236 647 2402 700 num,
2431 632 2634 687 dentes
2661 650 2860 689 eorum
2894 652 3058 692 arma
3089 641 3146 692 et
3171 637 3414 709 sagittae,
3445 637 3648 710 lingua
3677 654 3897 694 eorum

2235 717 2467 789 gladius
2517 729 2720 778 acutus
2765 725 2935 791 (Psal.
2973 742 3077 790 va,
3108 726 3184 796 5).
3221 745 3242 775 ι
3282 728 3414 791 Quae
3465 726 3667 798 lingua
3695 743 3899 798 quan-

2235 810 2362 861 tum
2394 808 2625 864 incauto
2661 811 2966 881 praevaleat
2998 813 3204 867 beatus
3235 814 3344 869 Job
3387 815 3746 881 manifestat,
3793 816 3896 870 di-

2233 911 2369 951 cens
2404 914 2416 951 :
2455 920 2473 946 α
2501 898 2733 954 Occidet
2761 918 2894 956 eum
2933 900 3137 972 lingua
3167 902 3379 972 vipera?
3407 905 3548 972 (Job.
3583 921 3676 968 xx,
3713 904 3826 974 16).
3867 925 3898 953 ››

2230 985 2410 1053 Cujus
2441 991 2651 1041 natura
2679 993 2797 1042 tam
2831 988 3242 1044 abominabilis
3290 995 3380 1046 est
3424 991 3768 1048 hominibus
3797 996 3896 1060 ut,

2229 1089 2363 1128 cum
2394 1074 2556 1129 nullo
2587 1076 2657 1129 ab
2687 1076 2770 1130 eis
2801 1076 3194 1147 experimento
3230 1079 3470 1145 sciatur,
3503 1080 3596 1134 vix
3618 1079 3744 1135 sine
3775 1098 3894 1136 au-

2229 1167 2522 1217 reamento
2542 1165 2629 1231 [f.,
2651 1163 2909 1233 horrore]
2933 1165 3113 1220 animi
3139 1167 3434 1234 audiatur,
3469 1184 3601 1223 cum
3625 1169 3776 1223 forte
3800 1185 3898 1224 re-

2226 1249 2423 1304 fertur.
2460 1249 2692 1304 Utenim
2728 1251 3049 1325 physiologi
3069 1260 3360 1322 asserunt,
3404 1256 3600 1326 vipera
3629 1273 3892 1329 concep-

2223 1340 2353 1390 tura
2383 1343 2579 1407 aperto
2609 1355 2706 1392 ore
2734 1356 3064 1410 comparem
3101 1358 3274 1396 suum
3303 1343 3538 1414 expetit,
3582 1346 3758 1414 cujus
3790 1345 3890 1400 ori

2221 1429 2393 1495 caput
2422 1425 2518 1480 ille
2550 1425 2755 1482 insano
2787 1445 2983 1482 amore
3016 1430 3241 1497 inserit,
3276 1431 3430 1500 quod
3456 1429 3556 1485 illa
3585 1432 3887 1487 insaniori

2221 1513 2514 1568 mordicus
2537 1518 2870 1570 truncatum
2901 1516 3176 1588 deglutit;
3205 1533 3332 1588 quae
3359 1535 3427 1572 ex
3456 1519 3748 1591 comparis
3781 1519 3891 1575 sui

2220 1606 2405 1657 morte
2426 1603 2617 1658 taliter
2633 1608 2862 1675 peracto
2879 1621 3009 1660 mox
3023 1605 3488 1678 concipiens,ubi
3513 1607 3731 1661 maturi
3747 1625 3888 1678 par-

2218 1694 2312 1746 tus
2343 1696 2576 1762 tempus
2598 1693 2888 1760 habuerit,
2922 1710 2954 1748 a
2977 1692 3118 1747 ﬁliis
3143 1694 3200 1747 in
3223 1698 3417 1748 ortum
3450 1694 3886 1752 festinantibus

2217 1779 2416 1834 infelix
2447 1785 2632 1835 mater
2662 1798 2896 1837 corrosa
2925 1781 3121 1848 costis,
3160 1781 3488 1853 perimitur,
3515 1782 3657 1853 quia
3686 1783 3738 1837 ei
3771 1801 3882 1839 na-

2218 1873 2350 1924 tura
2370 1870 2600 1941 negavit
2618 1887 2959 1926 communes
2982 1870 3258 1926 omnibus
3276 1871 3640 1942 concipiendi
3655 1875 3712 1926 et
3739 1889 3881 1944 par-

2218 1958 2470 2013 turiendi
2503 1959 2758 2014 effectus.
2795 1959 2888 2014 Sic
2928 1959 3195 2030 pessimae
3234 1959 3556 2015 bestiarum
3602 1965 3882 2030 pereunt,

2221 2064 2346 2102 mas
2380 2047 2646 2102 videlicet
2676 2049 2816 2102 dum
2847 2047 2981 2114 coit,
3017 2047 3234 2103 femina
3254 2049 3397 2103 dum
3431 2049 3616 2119 parit;
3653 2053 3711 2104 et
3743 2066 3883 2106 mas

2219 2137 2454 2208 quidem
2505 2154 2539 2191 a
2570 2137 2806 2206 femina,
2842 2137 3058 2192 femina
3103 2140 3302 2192 autem
3336 2155 3369 2192 a
3401 2136 3554 2198 filiis,
3587 2135 3712 2208 lege
3769 2155 3880 2209 pa-

2220 2232 2450 2281 rentum
2483 2243 2596 2280 non
2629 2226 2814 2280 multo
2840 2230 2973 2297 post
2995 2226 3286 2297 perituris.
3321 2225 3480 2290 Quod
3515 2225 3755 2298 physice
3781 2227 3880 2282 di-

2219 2314 2498 2380 ctum,-si
2529 2315 2717 2386 typice
2749 2315 2921 2369 fuerit
2951 2315 3304 2381 discussum,
3351 2337 3378 2364 ‹‹
3421 2313 3575 2368 Nihil
3609 2314 3769 2369 enim
3807 2315 3878 2371 ﬁt

2219 2404 2276 2457 in
2313 2408 2466 2458 terra
2517 2404 2642 2458 sine
2690 2420 2866 2459 causa
2896 2404 3031 2473 (Job.
3065 2421 3117 2470 ν,
3147 2403 3223 2473 6),
3260 2423 3288 2450 ››
3332 2401 3603 2473 congruit
3634 2401 3746 2458 hoc
3777 2402 3871 2458 ni-

2219 2492 2433 2546 mirum
2465 2492 2672 2546 animm
2702 2492 2894 2563 pravis
2925 2492 3050 2546 suis
3097 2489 3610 2562 concupiscentiis,
3641 2493 3699 2545 et
3737 2507 3872 2546 car-

2218 2581 2309 2635 nis
2341 2580 2673 2645 stimulatze,
2705 2598 2771 2636 ac
2794 2597 2896 2652 per
2925 2581 3031 2636 hoc
3064 2578 3334 2634 fornicari
3367 2596 3402 2633 a
3432 2579 3571 2644 Deo,
3603 2577 3870 2651 legitimo

2216 2671 2343 2740 ejus
2366 2670 2611 2741 Sponso,
2637 2670 2887 2741 cupidae;
2911 2669 3025 2732 cui,
3044 2667 3199 2722 velut
3220 2667 3701 2739 viperae,compar
3720 2685 3871 2725 suus

2216 2757 2485 2825 occurrit,
2511 2757 2776 2812 diabolus
2805 2755 3025 2812 scilicet
3056 2754 3156 2826 qui
3176 2755 3398 2810 ratione
3428 2754 3605 2810 simul
3637 2760 3694 2810 et
3723 2773 3871 2828 apo-

2217 2846 2398 2901 stasia
2419 2846 2592 2916 prior,
2616 2845 2773 2901 velut
2793 2843 3040 2910 adulter,
3055 2844 3538 2915 concupiscentiae
3562 2844 3721 2900 illius
3736 2848 3870 2900 tan-

2217 2951 2392 3006 quam
2423 2936 2507 2989 ori
2529 2939 2722 3006 caput,
2751 2935 2810 2988 id
2832 2937 2921 2988 est
2949 2933 3386 3006 suggestionem
3409 2932 3492 2988 vel
3528 2933 3866 2990 suasionem

2216 3041 2384 3078 suam
2416 3024 2645 3089 inserit;
2679 3039 2855 3094 quam
2888 3022 3104 3077 misera
3143 3022 3361 3090 anima,
3406 3039 3585 3094 supra
3619 3023 3867 3079 modum

2216 3111 2523 3178 oblectata,
2558 3113 2629 3167 ab
2662 3110 2760 3165 illo
2790 3110 2963 3178 tollit,
2997 3115 3054 3166 et
3080 3111 3139 3165 in
3163 3111 3402 3167 secretis
3433 3110 3556 3166 suis
3578 3111 3862 3167 recondit.

2217 3202 2294 3256 Ex
2341 3218 2458 3272 qua
2488 3217 2620 3255 mox
2667 3199 2999 3271 concipiens
3030 3198 3315 3272 paulatim
3355 3204 3412 3255 et
3441 3199 3658 3256 sensim
3706 3199 3865 3257 intra

463 3293 571 3355 rat,
625 3290 778 3346 sicut
827 3294 880 3345 Β.
933 3289 1244 3361 Gregorius
1293 3291 1480 3357 docet,
1540 3294 1603 3345 ut
1650 3295 1878 3346 terrena
1917 3292 2101 3362 tollat,
2135 3271 2177 3337 (ἶ
2216 3306 2279 3345 se
2311 3271 2610 3361 pravitatis
2634 3289 2859 3344 semina
2891 3289 3058 3362 ﬁngit
3077 3294 3132 3344 et
3155 3288 3356 3354 nutrit,
3385 3305 3510 3360 quae
3543 3292 3858 3357 maturata,

459 3379 559 3433 sed
593 3382 658 3434 ut
678 3379 1018 3434 charitatem
1046 3379 1100 3432 in
1145 3379 1313 3434 nobis
1347 3379 1530 3446 feriat,
1555 3380 1725 3450 cujus
1752 3379 2102 3436 fundamen-

458 3471 584 3522 tum
616 3468 760 3523 lidcs
787 3467 1215 3538 exstat.Pagani
1245 3471 1440 3522 autem
1473 3467 1682 3522 irritati
1715 3467 1772 3521 in
1803 3485 1912 3523 sua
1942 3471 2101 3525 saevi-

455 3556 538 3611 tia
566 3555 788 3612 similes
819 3560 958 3610 sunt
1005 3556 1230 3621 bestiis,
1266 3572 1390 3626 quae
1424 3571 1486 3610 se
1523 3554 1876 3612 irritantium
1909 3562 2098 3614 vestes

450 3645 811 3709 discindunt,
846 3649 902 3698 et
922 3642 1236 3714 aliquando
1267 3643 1325 3697 in
1356 3660 1454 3698 eos
1488 3660 1674 3714 usque
1724 3646 1796 3699 ad
1847 3649 2096 3701 mortem

449 3734 643 3790 carnis
692 3734 956 3788 saeviunt.
1003 3733 1108 3796 Qui
1145 3731 1401 3803 profecto
1451 3736 1613 3787 tanto
1661 3733 1897 3788 fuerunt
1925 3735 2095 3791 bonis

445 3821 890 3886 tolerabiliores,
923 3820 1297 3891 hzereticique
1330 3819 1837 3887 intolerabiliores,
1872 3828 2091 3893 quanto

445 3910 640 3967 bestite
672 3910 1190 3983 deprehenduntur
1227 3909 1569 3964 crudelitate
1611 3909 1970 3966 dzemonibus
2002 3912 2090 3968 in-

444 3999 701 4065 feriores,
736 4013 987 4070 quarum
1019 3993 1333 4050 crudelitas
1364 3999 1574 4050 natura
1619 4000 1726 4063 est,
1774 4013 1906 4051 cum
1949 3997 2087 4054 isto-

442 4104 572 4142 rum
606 4086 682 4142 sit
710 4087 937 4141 vitium.

1065 4174 1294 4230 CAPUT
1332 4174 1452 4228 XII.

440 4264 596 4334 Quod
620 4264 746 4334 plus
775 4281 938 4336 quam
969 4265 1169 4332 viperae
1209 4263 1435 4317 cavendi
1474 4266 1601 4317 sunt
1632 4262 1914 4324 haeretici;
1937 4267 1989 4318 et
2018 4265 2083 4319 de

917 4344 1120 4391 natura
1147 4343 1197 4389 ct
1228 4339 1353 4406 typo
1383 4351 1591 4390 earum.

511 4441 670 4496 Unde
711 4442 759 4497 si
795 4442 1102 4498 horremus
1139 4440 1366 4512 viperas
1398 4459 1548 4512 quze,
1601 4444 1820 4496 natura:
1856 4440 2084 4513 legibus

439 4531 647 4598 ductae,
680 4530 758 4585 nil
792 4530 1008 4604 peccati
1032 4545 1100 4584 ex
1124 4546 1230 4585 sua
1252 4529 1478 4585 feritate
1497 4529 1870 4596 contrahunt,
1896 4547 2080 4602 quan-

2212 3378 2487 3450 quoniam
2538 3378 2806 3450 impensa
2858 3383 3050 3434 mente
3104 3376 3400 3433 naturales
3436 3382 3491 3432 et
3537 3382 3706 3449 aptos
3731 3379 3858 3435 suis

2209 3467 2514 3522 conatibus
2547 3472 2774 3522 meatus
2805 3467 2888 3522 vel
2922 3467 3114 3522 exitus
3161 3483 3274 3521 non
3307 3465 3613 3521 inveniunt
3643 3469 3856 3539 (neque

2208 3556 2363 3612 enim
2417 3560 2622 3611 natura
2669 3560 2758 3612 est
2805 3557 3011 3611 animae
3058 3555 3145 3612 vel
3196 3554 3408 3627 angeli,
3460 3560 3526 3609 ut
3574 3555 3851 3611 vitiorum

2205 3661 2381 3716 opera
2404 3645 2692 3718 gignant),
2727 3645 3004 3700 miseram
3038 3648 3284 3700 matrem
3315 3660 3506 3708 suam,
3527 3644 3584 3700 id
3613 3651 3695 3700 est
3726 3644 3850 3700 ani-

2205 3751 2384 3798 mam,
2417 3734 2710 3789 occidunt.
2743 3735 2890 3788 Nam
2935 3735 3076 3789 dum
3126 3733 3255 3803 ejus
3300 3737 3572 3788 naturam
3619 3733 3850 3788 obstare

2202 3839 2320 3878 suze
2372 3821 2656 3877 nativitati
2701 3823 2983 3887 sentiunt,
3024 3821 3083 3876 in
3133 3826 3364 3877 tantum
3414 3821 3729 3876 efferantur
3785 3825 3849 3875 ut

2200 3911 2451 3967 corrosis
2479 3911 2757 3967 vitalibus
2791 3916 2847 3966 et
2877 3911 3076 3978 costis,
3109 3910 3378 3965 videlicet
3409 3908 3848 3965 immortalitate

2198 4004 2256 4055 et
2303 4001 2509 4056 robore
2538 3999 2718 4060 illius.
2752 4018 2885 4056 cum
2937 4016 3171 4055 summo
3202 3999 3408 4054 matris
3457 4015 3576 4052 suae
3608 3997 3845 4054 interitu

2196 4090 2466 4145 ell‘ectum
2484 4107 2659 4146 suum
2683 4090 2915 4162 capiant
2929 4094 2986 4145 et
3009 4089 3162 4144 foras
3183 4090 3511 4156 erumpant.
3542 4085 3638 4139 Sic
3661 4108 3689 4133 «
3711 4103 3844 4156 pec-

2195 4183 2392 4234 catum
2423 4196 2557 4234 cum
2589 4183 3066 4234 consummatum
3100 4174 3291 4239 fuerit,
3324 4175 3564 4243 generat
3594 4176 3842 4230 mortem

2194 4265 2327 4337 (Jac.
2355 4285 2393 4331 ι,
2427 4268 2535 4338 15).
2570 4290 2598 4316 ››
2634 4298 2700 4308 -
2731 4290 2757 4315 ‹‹
2788 4266 3000 4319 Anima
3029 4261 3184 4316 enim
3208 4277 3336 4331 qua:
3358 4259 3687 4330 peccaverit
3713 4261 3839 4334 ipsa

2193 4356 2479 4411 morietur
2528 4357 2739 4427 (Ezech.
2791 4370 2947 4418 xvm,
2983 4352 3055 4421 4).
3092 4373 3112 4400 ι
3161 4349 3272 4403 Sed
3317 4347 3517 4403 anima
3561 4350 3837 4406 morietur

2193 4443 2588 4515 parturiendo,
2603 4444 2670 4498 ad
2682 4442 2868 4496 ulator
2885 4439 3063 4502 illius,
3090 4437 3144 4491 id
3165 4441 3254 4492 est
3270 4435 3540 4493 diabolus
3555 4439 3830 4504 coeundo,

2189 4549 2366 4603 prava
2394 4533 2597 4604 utique
2630 4528 2950 4596 suadendo,
2979 4527 3167 4598 ipsius
3206 4527 3364 4581 enim
3396 4526 3613 4582 diaboli
3662 4533 3831 4599 caput

435 4625 494 4675 to
524 4619 871 4675 abhorrendi
905 4621 1041 4674 sunt
1099 4618 1346 4674 haeretici
1390 4619 1512 4689 qui,
1562 4618 1684 4674 solo
1717 4619 1916 4674 afﬂatu
1966 4620 2079 4674 dze-
2113 4639 2157 4704 Ι)
2189 4622 2384 4678 suasio
2415 4623 2542 4692 ejus
2572 4623 2686 4685 est;
2721 4634 2846 4688 qua
2879 4616 2926 4671 si
2955 4615 3257 4688 recipitur,
3281 4615 3474 4672 omnis
3507 4616 3718 4688 peccati
3740 4632 3826 4671 se-

435 4726 677 4765 monum
728 4706 992 4780 impulsi,
1026 4706 1308 4780 quidquid
1352 4706 1624 4762 vitiorum
1667 4712 1724 4761 et
1769 4709 2078 4774 scelerum,

433 4798 842 4869 ubiquejacet,
869 4796 1246 4852 irreverenter
1267 4801 1467 4868 agunt.
1495 4799 1649 4861 Quos
1681 4812 1794 4851 non
1824 4797 2077 4853 absurde

431 4885 718 4944 Chaldeos
740 4885 1343 4957 captivantes,scilicet
1357 4884 1442 4940 vel
1463 4884 1629 4956 quasi
1653 4885 1967 4951 dmmones,
1991 4903 2079 4941 ac-

431 4976 706 5048 cipimus,
735 4974 874 5046 quia
898 4975 1165 5046 quamvis
1187 4979 1396 5030 natura
1413 4974 1684 5028 homines
1706 4973 1842 5039 sint,
1875 4979 2074 5031 tamen

431 5063 778 5136 captivando
794 5062 992 5120 ﬁdeles
1018 5062 1285 5136 populos,
1307 5063 1446 5117 vitio
1466 5079 1573 5117 suo
1595 5063 1887 5118 daemones
1910 5068 2069 5132 sunt,

429 5157 592 5210 tanto
624 5152 825 5224 utique
868 5153 1176 5208 sollicitius
1207 5152 1444 5206 cavendi
1484 5151 1718 5222 quando
1753 5151 2074 5207 bestiarum

431 5241 804 5312 nequissimi,
828 5259 942 5297 non
975 5241 1166 5297 solum
1199 5239 1471 5294 dentibus
1503 5240 1737 5307 lzedunt,
1773 5241 1894 5307 sed,
1925 5241 2079 5312 quod

431 5329 827 5386 miserabilius
844 5329 1159 5400 est,lingua
1175 5343 1405 5398 quoque
1420 5329 1758 5385 innumeras
1772 5329 2078 5385 hominum

430 5422 689 5473 catervas
711 5421 1029 5490 perimunt,
1052 5433 1182 5470 cum
1210 5415 1441 5486 reliqua:
1465 5418 1662 5473 bestiae
1684 5419 1957 5474 dentibus
1979 5435 2078 5474 so-

431 5503 1069 5572 lummodo,cornibus,
1089 5507 1189 5556 aut
1204 5505 1446 5574 pedibus
1461 5505 1569 5562 sibi
1585 5507 1812 5576 objecta
1834 5508 2073 5580 impete-

433 5605 492 5643 re
515 5589 756 5656 soleant,
778 5603 903 5662 qum
925 5596 1086 5645 tanto
1112 5591 1306 5647 minus
1326 5595 1703 5649 formidandae
1725 5602 1865 5651 sunt
1886 5614 2071 5668 quan-

431 5678 491 5726 to
523 5677 774 5733 exterius
806 5683 896 5732 est
925 5679 1078 5748 quod
1111 5687 1398 5750 quaerunt,
1429 5687 1764 5755 quantoque
1813 5684 2071 5755 apertius

2189 4710 2506 4766 minarium
2539 4711 2595 4762 et
2625 4705 2855 4760 initium
2881 4705 3158 4761 efficitur.

2260 4800 2326 4852 Et
2356 4814 2425 4852 ne
2453 4800 2614 4868 putet
2633 4794 2949 4866 quisquam
2979 4811 3040 4850 se
3072 4794 3443 4867 suggerendo
3480 4790 3632 4847 mala
3660 4807 3825 4862 posse

2188 4903 2300 4942 non
2338 4882 2829 4955 morii,intelligat
2860 4884 3055 4955 ipsum
3102 4881 3420 4948 diabolum,
3464 4879 3821 4952 spiritualem

2185 4974 2407 5030 scilicet
2435 4972 2714 5044 viperam,
2746 4973 2920 5029 toties
2951 4973 3097 5028 mori
3133 4971 3361 5043 quoties
3393 4967 3549 5025 mala
3577 4967 3822 5026 homini-

2185 5064 2294 5119 bus
2316 5061 2593 5134 suggerit.
2609 5061 2737 5130 Qui,
2759 5061 3035 5133 quoniam
3060 5058 3412 5115 immortalis
3427 5062 3516 5114 est
3537 5059 3816 5129 conditus,

2184 5151 2319 5206 licet
2349 5167 2580 5222 semper
2608 5150 2776 5218 vivat,
2801 5167 3032 5223 semper
3055 5154 3253 5204 tamen
3277 5147 3580 5213 morietur,
3612 5155 3728 5202 tum
3757 5165 3821 5205 ex

2189 5257 2296 5296 suo
2347 5244 2578 5312 peccato
2627 5241 2779 5312 quod
2814 5241 2884 5295 ab
2917 5239 3083 5294 initio
3125 5237 3394 5305 incurrit,
3431 5242 3558 5292 tum
3592 5253 3658 5292 ex
3686 5253 3817 5311 sug-

2188 5329 2448 5402 gestione
2479 5328 2756 5402 maligna,
2795 5345 2911 5400 qua
2933 5327 3160 5384 animas
3185 5326 3370 5399 perire
3390 5341 3621 5398 semper
3649 5326 3814 5397 cupit.

2188 5417 2435 5474 Moritur
2465 5434 2600 5491 ergo
2635 5420 2763 5473 sine
2792 5417 3247 5483 intermissione,
3283 5431 3388 5470 nec
3419 5414 3682 5480 moritur,
3721 5415 3814 5486 qui

2185 5509 2422 5579 quidem
2469 5507 2599 5579 ipsa
2628 5507 2744 5561 vita
2775 5523 2883 5562 sua
2911 5505 3227 5577 aliquando
3261 5503 3497 5576 penitus
3547 5519 3659 5558 non
3710 5504 3813 5574 pri-
3897 5527 3911 5545 ι

2183 5602 2370 5662 vatur,
2419 5601 2476 5652 et
2517 5602 2708 5651 tamen
2760 5594 2885 5650 sine
2919 5593 3353 5649 intermissione
3402 5591 3701 5648 tormentis
3728 5592 3809 5648 in-

2177 5685 2490 5759 geminatis
2533 5687 2589 5738 et
2651 5682 2938 5738 renovatis
2986 5687 3244 5753 urgetur.
3305 5680 3409 5736 Cui
3461 5680 3568 5735 hoc
3623 5681 3798 5738 solum
