4004 6210
188 462 195 467 .
225 398 379 467 ωτι

781 401 1200 471 ADVERSUS
1243 394 1711 469 SIMONIACOS
1754 388 1963 465 LIBRI
2006 396 2321 464 TRES.—
2339 399 2573 465 LIBER
2615 398 3048 467 SECUNDUS.

3461 378 3619 465 4016

220 503 334 593 illo:
353 552 461 593 sua
488 533 606 592 vita
636 534 977 611 largitur,ne
1006 554 1238 611 semper
1268 537 1524 594 moriens
1547 533 1860 608 aliquando
1889 531 1945 598 Α
1975 534 2350 606 proponendo
2388 533 2652 605 cupitum
2704 549 3038 599 nummum,
3082 532 3272 588 aufert
3316 531 3367 588 ei
3418 531 3622 603 fidem,

221 624 523 692 moriatur,
557 629 615 681 et
642 624 727 681 vel
761 626 844 682 sic
875 627 947 682 ab
980 626 1443 683 accrescentibus
1474 624 1585 681 sibi
1637 622 1860 696 suppli-

219 711 326 769 ciis
356 713 659 786 eripiatur.
717 714 845 786 Ipse
894 714 1051 770 enim
1100 713 1398 770 homicida
1443 718 1531 769 est
1577 714 1648 768 ab
1698 712 1862 767 initio

215 802 392 874 (Joan.
425 819 548 871 vm,
580 802 962 873 1-1).Primum
987 802 1277 875 siquidem
1308 802 1605 858 hominem
1632 799 1862 866 occidit,

216 894 275 946 et
303 890 581 962 deinceps
613 895 899 963 quotquot
931 891 1118 964 potuit
1146 895 1202 946 et
1232 890 1539 963 poterit.Et
1569 907 1682 944 non
1713 893 1867 944 certe

218 995 335 1034 non
356 979 506 1035 ferro
536 983 637 1035 aut
667 996 882 1035 veneno
915 985 1014 1035 aut
1043 979 1303 1051 quolibet
1325 979 1436 1034 alio
1475 978 1632 1035 necis
1656 978 1871 1033 instru-

218 1072 414 1125 mento
446 1071 710 1123 armatus
741 1068 1169 1140 protoplastum
1232 1068 1395 1124 adiit.
1445 1069 1692 1123 Pravum
1743 1084 1868 1121 ver-

220 1156 364 1212 bum
399 1156 708 1210 seminavit
737 1160 792 1210 et
822 1157 1051 1212 occidit.
1084 1158 1457 1229 Quapropter
1501 1155 1700 1211 nullus
1732 1151 1873 1210 mali

225 1260 436 1300 suasor
464 1242 692 1299 dubitet
722 1261 782 1299 se
806 1243 1186 1312 homicidam,
1222 1245 1278 1300 in
1312 1262 1430 1317 quo
1461 1262 1533 1300 ne
1571 1248 1734 1317 putet
1763 1243 1874 1299 alio

228 1331 422 1388 occiso
454 1348 516 1387 se
540 1331 730 1387 adhuc
778 1331 985 1398 vivere,
1037 1332 1365 1405 apostolum
1412 1334 1699 1389 Joannem
1756 1332 1876 1388 ani-

228 1420 553 1476 madvertat
603 1419 893 1476 dicentem
937 1438 950 1476 :

228 1507 523 1565 homicida
552 1526 666 1565 non
688 1509 862 1565 habet
891 1508 1067 1564 vitam
1095 1509 1151 1563 in
1184 1526 1245 1564 se
1279 1514 1609 1565 manentem
1642 1511 1689 1581 (Ι
1714 1512 1873 1565 Joan.

231 1614 318 1662 ιιι,
360 1598 461 1665 15).
495 1620 523 1646 ››
550 1598 734 1665 Quod,
768 1615 838 1653 ne
880 1598 1399 1670 tergiversaremur
1445 1602 1504 1653 et
1552 1615 1655 1669 pro
1706 1597 1874 1652 libitu

228 1686 578 1741 sententiam
629 1687 757 1756 ejus
805 1690 1184 1753 verteremus,
1233 1686 1514 1758 praemisit
1562 1685 1872 1758 inquiens:

228 1795 259 1823 «
309 1772 417 1837 Qui
473 1773 597 1828 odit
644 1773 881 1830 fratrem
951 1792 1127 1830 suum
1187 1773 1485 1829 homicida
1539 1778 1628 1830 est
1676 1774 1878 1847 (Ibid.).

222 1860 439 1961 anes
471 1866 669 1918 autem
700 1880 823 1930 vos,
886 1862 1089 1934 inquit
1136 1862 1423 1929 Christus,
1482 1863 1688 1918 fratres
1737 1862 1879 1918 estis
1909 1894 1957 1960 Β

226 1948 433 2021 (Matth.
458 1951 727 2021 xx111,8).
764 1973 791 1998 ››
818 1953 971 2017 Quos
1005 1950 1205 2022 procul
1248 1950 1426 2005 dubio
1475 1951 1601 2005 odit
1646 1951 1744 2022 qui
1791 1950 1876 2006 eis

226 2054 404 2111 prava
432 2037 683 2094 scienter
712 2039 993 2111 suggerit.
1028 2039 1193 2094 Unde
1226 2043 1282 2096 et
1312 2042 1472 2095 tanto
1514 2039 1723 2110 majori
1772 2040 1875 2095 ho-

227 2125 463 2183 micidio
496 2141 630 2183 reus
652 2130 883 2182 tenetur
903 2130 1125 2199 quanto
1184 2126 1442 2198 primum
1492 2126 1872 2195 homicidam,

227 2212 450 2270 scilicet
478 2213 775 2270 diabolum
809 2215 868 2270 in
900 2214 1008 2270 hoc
1040 2214 1297 2270 similius
1327 2214 1612 2281 imitatur,
1633 2221 1877 2287 quanto-

228 2317 343 2373 que
404 2301 590 2374 potior
645 2308 735 2359 est
781 2303 979 2358 anima
1032 2320 1209 2375 quam
1272 2320 1504 2375 corpus.
1568 2305 1635 2358 Et
1678 2308 1874 2360 tamen

230 2388 459 2444 nullum
479 2390 775 2446 homicidii
791 2408 977 2464 genus
995 2392 1369 2463 praetermisit
1384 2392 1535 2447 idem
1552 2391 1871 2464 apostolus,

228 2477 330 2532 ubi
354 2477 471 2532 ait:
506 2502 534 2529 «
566 2480 740 2537 Scitis
771 2479 1048 2553 quoniam
1084 2481 1279 2537 omnis
1322 2479 1635 2550 homicida,
1689 2485 1794 2537 etc.
1828 2482 1875 2555 (I

223 2567 383 2623 Joan.
419 2585 501 2636 ιιι,
537 2570 644 2637 15).
674 2591 694 2618 ιι

837 2657 1067 2713 CAPUT
1099 2658 1244 2714 XIII.

448 2744 693 2812 Qualiter
722 2747 919 2818 vipera:
947 2748 1272 2802 conveniant
1297 2746 1647 2803 Simoniacis.

297 2833 424 2889 Haec
456 2838 652 2889 autem
677 2851 803 2906 qua)
834 2835 908 2890 de
959 2839 1173 2890 natura
1201 2836 1528 2907 viperaram
1579 2836 1767 2909 typice
1795 2837 1868 2892 ad

221 2919 521 2978 diabolum
556 2921 889 2990 retulimus,
924 2922 1031 2978 etsi
1065 2924 1135 2978 ad
1177 2924 1376 2979 omnia
1418 2925 1681 2980 membra
1710 2923 1869 2981 illius

220 3010 425 3065 referri
460 3010 1050 3083 possunt,specialius
1080 3017 1273 3067 tamen
1300 3010 1721 3085 principalibus
1737 3030 1870 3069 con-

217 3103 463 3172 gruunt,
494 3098 717 3155 scilicet
739 3099 1050 3170 haereticis,
1085 3106 1148 3156 ut
1178 3107 1319 3174 puta
1344 3102 1415 3156 ab
1446 3101 1545 3157 illo
1568 3102 1865 3170 secundis;

219 3191 287 3243 ut
314 3188 467 3244 enim
528 3188 680 3245 inter
728 3189 911 3245 Deum
935 3194 993 3245 et
1043 3190 1339 3263 seraphim
1374 3190 1517 3245 nulli
1549 3190 1863 3262 spirituum

1012 1446 1040 1471 ‹‹
1101 1421 1276 1477 Scitis
1331 1421 1611 1493 quoniam
1683 1420 1876 1477 omnis

1970 622 2190 678 scilicet
2218 622 2534 694 principale
2584 639 2778 689 suum,
2833 619 2938 677 nec
2980 627 3176 676 tamen
3210 620 3320 677 sibi
3369 624 3471 675 aut
3500 620 3624 676 cui-

1973 728 2149 783 quam
2177 710 2431 767 ablatam
2461 712 2635 767 fidem
2669 711 2949 783 possidet,
2982 710 3083 766 sed
3108 708 3293 764 solam
3316 708 3627 781 perfidiam

1974 818 2151 874 quam
2180 818 2403 857 veneno
2471 800 2685 856 diaboli
2732 798 2893 855 ebria
2935 797 3241 870 deglutivit
3270 799 3340 854 ad
3371 796 3627 854 semina-

1974 890 2129 944 rium
2174 889 2264 945 sui
2296 888 2568 945 interitus
2616 893 2673 944 et
2717 888 2988 943 aliorum.
3021 888 3218 958 Neque
3266 888 3421 942 enim
3480 885 3626 944 fides

1976 978 2221 1050 perfidia
2252 979 2373 1033 fieri
2406 982 2613 1050 potest,
2650 978 2749 1033 sed
2782 974 2958 1032 simul
2992 992 3057 1031 ac
3108 975 3350 1048 perfidia
3380 974 3625 1045 accedit,

1980 1066 2123 1122 fides
2154 1067 2436 1132 abscedit,
2467 1072 2749 1139 tanquam
2782 1067 2852 1121 ab
2885 1081 2951 1120 ea
3004 1064 3094 1119 cui
3141 1062 3458 1135 aliquando
3509 1080 3625 1120 non

1979 1155 2393 1211 communicat.
2430 1157 2496 1211 Et
2526 1155 2679 1211 sicut
2708 1171 2945 1225 compar
2991 1153 3197 1226 viperas
3247 1152 3346 1207 ubi
3386 1153 3627 1209 detrun-

1981 1245 2233 1300 candum
2266 1248 2441 1316 caput
2470 1244 2708 1309 addicit,
2733 1245 2859 1313 jam
2892 1260 2997 1298 nec
3027 1242 3138 1298 sibi
3170 1245 3344 1314 caput
3375 1245 3483 1309 est,
3517 1257 3627 1297 nec

1982 1333 2237 1388 infanda;
2265 1332 2496 1404 conjugi
2531 1333 2632 1388 sed
2666 1332 2749 1386 illi
2781 1349 2960 1400 mors,
2990 1330 3086 1386 isti
3129 1333 3323 1386 autem
3358 1330 3422 1384 tit
3451 1328 3629 1384 semi-

1984 1421 2215 1477 narium
2248 1422 2488 1489 mortis;
2523 1422 2607 1476 sic
2630 1421 2865 1477 nefandi
2889 1419 3226 1486 Simoniaci,
3249 1419 3349 1475 ubi
3380 1418 3630 1491 gratiam

1984 1509 2354 1580 spiritualem
2376 1510 2741 1565 vendendam
2765 1514 2823 1565 et
2844 1510 3151 1565 emendum
3175 1508 3634 1573 adducunt,ven-

1984 1598 2228 1653 ditorem
2263 1597 2496 1669 quidem
2529 1598 2717 1670 gratia
2756 1599 2994 1666 deserit,
3031 1614 3133 1653 nec
3160 1601 3356 1653 tamen
3406 1599 3631 1668 empto-

1987 1702 2106 1741 rem
2139 1687 2280 1752 adit,
2315 1687 2413 1742 sed
2448 1687 2533 1741 ira
2577 1687 2677 1742 Dei
2709 1691 3023 1759 utrumque
3048 1685 3401 1742 horribiliter
3430 1701 3629 1757 perva-

1990 1774 2090 1829 dit.
2138 1774 2384 1830 Invicem
2435 1791 2497 1830 se
2544 1790 2679 1846 ergo
2722 1774 2941 1846 linguis
2970 1774 3118 1841 suis,
3149 1779 3214 1830 ut
3242 1774 3452 1845 vipera:
3480 1772 3631 1831 occi-

1986 1863 2153 1931 dunt,
2182 1863 2321 1935 quia
2366 1864 2460 1918 hic
2509 1863 2812 1936 exigendo,
2862 1862 2960 1918 ille
3009 1862 3331 1918 exhibendo
3379 1862 3630 1934 gratiam

1985 1952 2246 2007 venalem
2278 1952 2528 2008 haeretici
2564 1952 2699 2007 facti
2720 1952 3068 2024 pereunt.De
3092 1951 3328 2022 quibus,
3351 1949 3631 2022 quoniam

1985 2042 2251 2097 venenati
2285 2046 2445 2107 sunt,
2476 2058 2591 2097 non
2621 2041 2735 2096 nisi
2766 2039 3033 2095 venenati
3066 2038 3170 2094 filii
3203 2042 3548 2106 nascuntur,
3568 2041 3636 2093 ut

1984 2129 2222 2201 quidam
2257 2130 2501 2202 Sapiens
2546 2133 2894 2186 testatur:«
2951 2127 3078 2183 Filii
3129 2126 3636 2183 abominationum

1983 2219 2133 2274 fiunt
2160 2219 2263 2274 filii
2298 2222 2692 2291 peccatorum,
2742 2221 2802 2273 et
2843 2217 2945 2290 qui
2998 2219 3417 2272 conversantur
3467 2230 3638 2270 secus

1983 2307 2189 2363 domos
2247 2308 2585 2380 impiorum.
2646 2306 2924 2362 Filiorum
2995 2308 3364 2378 peccatorum
3424 2301 3637 2375 peribit

1983 2394 2375 2463 haereditas,et
2402 2413 2534 2451 cum
2569 2395 2791 2451 semine
2817 2394 3049 2451 illorum
3079 2393 3395 2449 assiduitas
3416 2408 3625 2463 oppro-

1982 2484 2197 2540 brium.
2232 2484 2311 2540 De
2342 2488 2504 2556 patre
2546 2484 2726 2556 impio
2775 2486 3121 2556 quaeruntur
3167 2480 3294 2549 ﬁlii,
3343 2479 3623 2552 quoniam

1980 2577 2216 2645 propter
2245 2572 2413 2629 illum
2462 2578 2600 2629 sunt
2651 2574 2711 2627 in
2758 2571 3089 2644 opprobrio.
3136 2570 3231 2624 Vae
3277 2569 3466 2635 vobis,
3515 2567 3625 2624 viri

1980 2661 2168 2734 impii,
2203 2661 2304 2733 qui
2335 2660 2731 2733 dereliquistis
2760 2660 2947 2733 legem
2979 2659 3208 2716 Domini
3240 2656 3511 2714 altissimi
3538 2659 3630 2726 ;et

1981 2748 2029 2805 si
2068 2750 2188 2805 nati
2242 2750 2469 2805 fueritis
2519 2749 2581 2804 in
2628 2748 3033 2805 maledictione
3081 2746 3422 2813 nascemini,
3468 2750 3526 2802 et
3574 2745 3625 2803 si

1980 2838 2195 2892 mortui
2246 2837 2473 2892 fueritis
2517 2838 2575 2892 in
2609 2835 3017 2893 maledictione
3067 2836 3177 2892 erit
3224 2852 3359 2906 pars
3405 2838 3615 2891 vestra.

1977 2925 2187 2982 Omnia
2217 2943 2344 2998 qua:
2374 2926 2445 2981 de
2476 2930 2631 2981 terra
2660 2929 2820 2992 sunt,
2849 2925 2910 2979 in
2960 2929 3117 2980 terra
3161 2928 3618 2992 convertuntur;

1977 3013 2060 3070 sic
2090 3013 2256 3086 impii
2287 3031 2321 3069 a
2351 3013 2665 3069 maledicto
2717 3013 2775 3068 in
2808 3012 3197 3085 perditionem
3228 3013 3535 3083 (Eccti.x1.1,
3566 3013 3621 3083 8,

1980 3104 2105 3175 13);
2141 3125 2170 3152 ››
2202 3108 2260 3158 et
2287 3103 2459 3157 alibi:
2494 3126 2521 3153 «
2561 3102 2683 3157 Filii
2717 3102 3118 3158 adulterorum
3148 3101 3209 3156 in
3249 3117 3625 3156 consumma-

1978 3191 2136 3247 tione
2193 3196 2384 3259 erunt,
2432 3195 2489 3246 et
2515 3191 2586 3246 ab
2614 3191 2813 3262 iniquo
2846 3191 3016 3246 thoro
3044 3206 3244 3245 semen
3274 3188 3629 3245 extermina-

216 3275 536 3345 intersunt,
588 3278 672 3333 sic
718 3278 871 3333 inter
916 3260 1213 3334 diabolum
1261 3283 1315 3334 et
1365 3260 1664 3335 haereticos
1722 3278 1869 3334 nulli
1899 3260 1940 3326 (ἶ
1977 3279 2172 3335 bitur:
2206 3284 2263 3335 et
2291 3279 2580 3351 siquidem
2620 3260 2806 3352 longa:
2853 3279 2980 3334 vitaz
3024 3282 3214 3344 erunt,
3263 3277 3323 3333 in
3376 3276 3630 3333 nihilum

217 3365 528 3422 hominum
559 3367 872 3423 intersunt.
908 3367 1017 3422 Sed
1052 3368 1329 3439 quoniam
1372 3385 1478 3423 nec
1509 3368 1581 3423 ad
1634 3368 1873 3423 nomina

220 3458 308 3511 tot
340 3459 736 3511 monstrorum
769 3455 1121 3521 sufficimus,
1156 3455 1508 3511 Simoniacis
1541 3457 1873 3524 tantum,de

221 3541 978 3615 quibusimprzesentiarum
1004 3543 1521 3615 agitur,quomodo
1545 3548 1874 3616 congruant

213 3632 541 3688 videamus.
569 3630 942 3699 Quaecunque
967 3630 1312 3685 Christianae
1344 3630 1727 3701 professionis
1749 3648 1875 3702 pcr-

216 3737 380 3787 sona,
414 3718 465 3774 si
496 3717 693 3773 vitiato
722 3716 929 3772 animas
961 3734 1078 3772 suae
1110 3718 1360 3774 naturali
1426 3724 1607 3787 metu,
1655 3718 1876 3775 scilicet

212 3806 590 3867 laudabiliter
609 3804 1054 3877 concupiscibili
1085 3806 1419 3878 arripiatur,
1462 3813 1524 3861 ut
1568 3806 1647 3863 ita
1707 3807 1872 3864 dica-

212 3895 576 3965 tur,honoris
608 3893 1244 3960 ambitione,charitate
1263 3894 1362 3949 Dei
1385 3894 1551 3966 prius
1579 3894 1871 3967 privatur;

216 4004 282 4044 ac
312 3986 523 4042 deinde
556 3982 871 4041 ambitiosa
902 3983 1132 4049 effecta,
1164 3988 1229 4037 ut
1260 3982 1546 4038 Dominus
1597 4000 1659 4039 se
1689 3983 1903 4056 glori-.

219 4076 492 4131 ficantem
524 4072 810 4146 glorificet
839 4070 1081 4128 minime
1111 4076 1429 4143 exspectat.
1468 4071 1633 4128 Unde
1664 4073 1877 4144 quietis

219 4167 278 4219 et
305 4179 482 4218 moras
529 4161 868 4233 impatiens,
920 4160 1145 4233 passim
1196 4164 1253 4215 et
1302 4159 1600 4215 inhianter
1631 4161 1879 4234 vestigat

224 4270 342 4310 sua;
364 4250 850 4322 concupiscentia:
875 4248 1207 4322 parem.Cui
1229 4248 1375 4305 forte
1397 4250 1631 4305 invento
1654 4255 1879 4307 vastam

223 4339 477 4414 pectoris
503 4338 594 4394 sui
627 4338 929 4393 ﬂammam
962 4336 1162 4410 patulo
1206 4354 1304 4393 ore
1350 4336 1621 4410 inspirat,
1676 4338 1776 4394 ubi
1820 4339 1880 4394 in

225 4429 416 4497 corde,
462 4432 518 4484 et
565 4443 700 4483 cum
749 4427 922 4483 corde
992 4426 1277 4482 hactenus
1336 4427 1655 4499 repositam
1716 4428 1886 4483 anxia

226 4516 568 4592 proferendo
600 4514 956 4572 manifestat.
994 4515 1098 4571 Ubi
1130 4515 1288 4571 enim
1328 4515 1665 4584 thesaurus,
1705 4516 1781 4571 ibi
1827 4521 1885 4572 et

1981 3370 2500 3439 computabuntur,
2535 3372 2592 3422 et
2619 3366 2743 3423 sine
2772 3367 2989 3422 honore
3037 3366 3147 3421 erit
3196 3366 3516 3422 novissima
3545 3383 3632 3422 se-

1981 3461 2187 3511 nectus
2219 3455 2474 3521 illorum,
2508 3459 2565 3509 et
2595 3457 2641 3510 si
2676 3455 2921 3510 clericus
2952 3454 3207 3509 defuncti
3242 3454 3477 3523 fuerint,
3511 3471 3629 3509 non

1980 3544 2278 3600 habebunt
2306 3559 2607 3615 spem,nec
2645 3543 2705 3597 in
2738 3542 2831 3597 die
2862 3541 3176 3614 agnitionis
3194 3540 3628 3606 allocutionem,

1981 3631 2243 3686 Nationis
2273 3631 2429 3685 enim
2459 3629 2673 3700 iniqua:
2719 3630 2860 3684 dira:
2906 3633 3044 3685 sunt
3090 3627 3629 3686 consummationes

1981 3720 2129 3793 (Sap.
2166 3736 2251 3785 111,
2280 3718 2368 3785 46,
2407 3718 2548 3789 19).»
2581 3716 2869 3773 Dominus
2894 3734 3125 3789 quoque
3152 3732 3254 3788 per
3283 3716 3626 3789 prophetam

1982 3806 2597 3880 pseudosacerdotium
2627 3806 3087 3878 reprobans,ait:
3122 3828 3149 3856 «
3182 3805 3329 3869 Quia
3358 3804 3627 3877 repulisti

1983 3896 2309 3962 scientiam,
2343 3893 2620 3967 repellam
2652 3899 2808 3961 te,ne
2837 3893 3158 3950 sacerdotio
3190 3894 3455 3966 fungaris
3478 3894 3624 3951 mihi

1983 3986 2124 4058 (056.
2152 4002 2226 4053 IV,
2258 3983 2337 4055 6).
2375 4005 2403 4033 ››
2434 3982 2688 4039 Scientia
2717 3981 2872 4038 enim
2900 3982 3001 4038 Dei
3044 3986 3152 4050 est,
3203 3982 3365 4038 verbi
3416 3983 3626 4055 gratia,

1986 4071 2235 4149 gratiam
2280 4072 2381 4128 Dei
2430 4075 2726 4144 acceptam
2777 4068 2959 4143 gratis
3005 4070 3163 4125 dare.
3212 4070 3331 4125 Scit
3375 4086 3630 4142 namque

1985 4163 2131 4235 ipse,
2163 4161 2317 4217 sicut
2343 4161 2401 4217 in
2434 4159 2880 4217 Deuteronomio
2909 4157 3143 4232 legitur,
3165 4158 3303 4232 quid
3335 4158 3629 4231 loquatur.

1987 4251 2170 4315 Quam
2203 4249 2529 4317 scientiam,
2583 4248 2721 4320 quia
2764 4245 3073 4303 Simoniaci
3122 4246 3429 4320 repellunt,
3474 4250 3534 4303 et
3580 4246 3633 4303 ei

1991 4339 2247 4411 praebere
2277 4340 2347 4394 ad
2381 4355 2443 4394 se
2473 4337 2699 4393 aditum
2735 4336 2963 4401 nolunt,
2995 4336 3225 4392 etiamsi
3256 4353 3372 4392 non
3417 4335 3632 4403 verbis,

1990 4431 2189 4482 tamen
2221 4426 2391 4481 factis
2422 4425 2536 4498 ipsi
2556 4425 2802 4481 Domino
2838 4427 2948 4481 Deo
2973 4426 3214 4481 dicunt:
3264 4449 3291 4477 ‹‹
3338 4425 3559 4482 Recede
3604 4442 3639 4481 a

1994 4515 2197 4582 nobis;
2258 4514 2562 4570 scientiam
2618 4515 2845 4569 viarum
2902 4517 3138 4570 tuarum
3195 4515 3471 4571 nolumus
3522 4514 3638 4586 (Job

228 4622 329 4662 cor
370 4603 579 4677 (Matth.
628 4620 707 4671 VI,
754 4605 867 4673 21).
918 4604 1119 4676 Itaque
1169 4603 1267 4660 ille
1315 4603 1512 4670 miser,
1553 4603 1712 4659 velut
1739 4602 1887 4660 alter
1921 4621 1966 4688 D
1997 4603 2257 4674 xx1,1!1).
2295 4624 2323 4651 ››
2352 4603 2512 4658 Unde
2533 4606 2589 4657 et
2621 4601 2918 4673 ipsijuste
2950 4619 2983 4657 a
3030 4603 3146 4658 Deo
3199 4603 3438 4675 repulsi,
3487 4620 3558 4659 ne
3587 4602 3640 4659 ei

227 4713 263 4752 a
318 4692 549 4750 diabolo
608 4692 857 4758 adulter,
926 4692 1055 4749 visa
1119 4692 1385 4765 pecunia,
1446 4691 1605 4748 velut
1661 4693 1892 4749 occulta

230 4782 662 4857 quondam,sed
696 4797 851 4837 nunc
884 4780 1263 4838 manifestata
1288 4780 1399 4837 sibi
1432 4780 1673 4837 alterius
1695 4781 1887 4838 cordis

229 4870 494 4937 avaritia,
528 4869 773 4926 insanus
806 4885 1003 4924 amore
1024 4869 1286 4941 pecuniae
1306 4875 1481 4943 caput
1500 4887 1674 4926 suum
1697 4870 1886 4926 eidem

231 4961 603 5027 condemnat,
638 4958 739 5014 ubi
764 4958 895 5013 vitae
927 4974 1046 5013 suae
1078 4958 1376 5028 inimicus,
1413 4962 1471 5014 et
1521 4959 1889 5032 sempiternae

232 5049 441 5107 mortis
467 5047 687 5105 oblitus
719 5046 893 5102 fidem
927 5062 1117 5115 suam,
1166 5046 1253 5103 vel
1307 5048 1612 5115 rationem,
1647 5065 1825 5120 quam
1857 5065 1892 5104 a

233 5137 504 5204 Domino,
535 5134 692 5192 velut
724 5133 1043 5207 principale
1069 5136 1424 5203 membrum,
1459 5137 1703 5192 sortitus
1745 5140 1889 5203 erat,

234 5224 579 5284 infidelitate
610 5229 664 5280 et
696 5221 1189 5278 irrationabilitati
1223 5222 1464 5280 alterius
1496 5224 1808 5280 inﬁdeliter
1835 5230 1894 5281 et

236 5313 716 5373 irrationabiliter
748 5313 1070 5380 immersat,
1104 5312 1206 5368 sed
1239 5312 1430 5368 taliter
1468 5314 1654 5385 capite
1703 5315 1891 5386 priva-

236 5410 333 5462 tus
386 5403 655 5469 moritur,
690 5418 795 5458 nec
824 5406 1018 5456 tamen
1050 5400 1271 5472 reliqua
1314 5402 1513 5473 vipera
1559 5403 1748 5474 capite
1797 5402 1893 5459 illo

237 5491 529 5566 eomparis
558 5491 651 5549 sui
682 5490 753 5547 ad
785 5490 1110 5563 profectum
1143 5506 1319 5544 suum
1369 5489 1457 5546 vel
1512 5492 1892 5563 cujusquam,

236 5582 351 5639 nisi
382 5582 456 5638 ad
505 5579 695 5637 solum
741 5578 1043 5634 interitum
1095 5576 1337 5649 potitur,
1391 5578 1530 5649 quia
1584 5578 1897 5636 ambitiosa

232 5687 485 5745 persona
513 5669 706 5745 perdit
740 5667 980 5741 quidem
1043 5664 1390 5739 complicem
1431 5683 1630 5735 suum,
1668 5668 1809 5723 dum
1843 5668 1895 5724 ei

1999 4690 2320 4749 sacerdotio
2352 4692 2673 4762 iungantur
2701 4688 2986 4761 quidquid
3040 4690 3416 4747 sacerdotalis
3463 4690 3641 4747 officii

1998 4780 2188 4853 specie
2220 4785 2392 4835 tenus
2423 4781 2810 4849 praesumunt,
2843 4776 2953 4831 sibi
2982 4781 3212 4832 tantum
3245 4782 3303 4834 et
3339 4794 3453 4832 non
3506 4782 3638 4846 Deo,

2000 4887 2104 4926 nec
2137 4867 2352 4942 populo
2377 4868 2505 4938 ejus
2536 4867 2898 4937 funguntur:
2931 4863 3197 4937 alioquin
3225 4865 3364 4931 Deo,
3415 4864 3465 4920 si
3513 4866 3642 4937 ejus

2002 4957 2238 5032 populo.
2272 4958 2532 5022 Quorum
2565 4953 2733 5027 panis
2764 4953 2823 5008 in
2855 4956 3018 5008 utero
3058 4952 3292 5008 illorum
3321 4952 3566 5010 vertitur
3582 4954 3642 5009 in

2001 5048 2073 5104 fel
2127 5046 2399 5120 aspidum
2453 5044 2807 5099 intrinsecus
2865 5041 2979 5110 (Job
3033 5059 3128 5108 xx,
3177 5042 3290 5115 14,)
3322 5041 3460 5114 quia
3512 5042 3644 5099 vita:

2002 5141 2204 5209 potum
2245 5138 2589 5191 convertunt
2614 5131 2725 5188 sibi
2756 5132 2814 5186 in
2844 5130 3051 5186 veneni
3096 5128 3393 5203 poculum,
3425 5135 3484 5187 et
3511 5130 3647 5187 inde

2002 5225 2355 5291 moriuntur,
2390 5224 2544 5278 unde
2574 5219 2781 5276 nutriri
2815 5220 2885 5275 ad
2913 5218 3092 5274 vitam
3121 5219 3649 5287 videntur.Quibus

2001 5315 2059 5369 in
2091 5331 2346 5368 errorem
2378 5312 2667 5367 haereseos
2697 5308 2877 5382 lapsis
2915 5308 3198 5382 contingit
3244 5313 3328 5375 ut,
3379 5308 3532 5365 sicut
3577 5308 3650 5364 de

2004 5403 2130 5459 felle
2159 5402 2455 5475 aspidum,
2489 5400 2573 5456 sic
2608 5398 2871 5455 infelices
2901 5397 2972 5452 de
2996 5414 3103 5454 suo
3134 5414 3281 5470 pane
3303 5398 3649 5454 moriantur.

2002 5493 2071 5548 Et
2103 5492 2157 5545 in
2194 5508 2299 5547 suo
2333 5490 2619 5547 sacrificio
2653 5492 2904 5545 mortem
2930 5486 3252 5556 inveniunt,
3300 5486 3440 5560 quia
3465 5486 3525 5542 in
3558 5502 3654 5542 sa-

2004 5581 2320 5637 cramentis
2350 5580 2501 5651 vitae,
2533 5577 2620 5635 vel
2658 5576 3062 5648 verbis,vitam
3090 5576 3333 5633 minime
3362 5578 3652 5650 quarunt.

2004 5671 2075 5726 Et
2106 5669 2429 5726 notandum
2464 5668 2601 5743 quia
2631 5666 2971 5740 hujusmodi
3004 5666 3315 5741 panis,jam
3341 5683 3454 5723 non
3485 5663 3655 5740 panis
