4004 6210
445 430 601 505 1079

1499 445 1912 516 HUMBERTI
1959 453 2026 516 S.
2072 452 2144 515 Η.
2188 448 2260 516 E.
2305 451 2795 519 CARDINALIS.

3675 449 3816 528 1080

447 578 570 645 Dei,
631 578 728 634 sed
790 579 956 652 panis
1003 581 1130 653 ejus
1177 583 1442 642 videlicet
1495 586 1776 656 haeretici,
1826 588 1881 642 in
1940 586 2085 641 libro
2114 587 2168 653 Α
2198 587 2337 659 quid
2369 588 2652 659 petieritis
2685 590 2912 646 Patrem
2944 589 3003 646 in
3035 589 3270 648 nomine
3294 605 3446 659 meo,
3472 588 3504 646 d
3567 590 3634 648 )it
3667 591 3814 652 vobis

448 666 599 722 beati
630 669 737 721 Job
769 668 983 723 dicitur
1013 672 1130 741 (Job
1160 691 1252 737 xx,
1287 675 1396 742 14).

1059 780 1290 835 CAPUT
1332 782 1475 836 XIV.

449 863 599 931 Quod
659 866 971 920 uniusmodi
1043 872 1155 924 ,ςίηε
1224 872 1565 926 subiici-sares
1627 875 2087 926 sacramentorum

518 940 569 988 et
593 937 882 1014 Δινθνροιψη
916 939 1142 1008 Christi,
1177 951 1226 996 et
1264 943 1404 1014 quod
1434 961 1532 996 nec
1580 949 1784 1012 petant,
1832 958 1930 996 nec
1979 944 2086 994 im-

516 1011 723 1076 petrcnt
754 1010 819 1062 ab
839 1025 918 1063 eo.

519 1112 646 1166 Haec
679 1115 863 1169 nosin
896 1115 1002 1170 hoc
1062 1119 1346 1173 versiculo
1400 1119 1548 1173 beati
1606 1117 1866 1188 Gregorii
1915 1133 2088 1172 sensa

447 1203 744 1272 sequendo
777 1222 902 1276 qum
936 1208 1005 1261 ad
1039 1207 1338 1261 haereticos
1367 1224 1530 1261 sacra
1567 1205 1796 1276 eloquia
1861 1222 2085 1277 perver-

448 1296 635 1347 tentes
660 1294 876 1359 retulit,
911 1296 981 1349 ad
1013 1296 1152 1350 istos
1175 1297 1270 1365 qui
1306 1300 1665 1350 sacramenta
1700 1294 1899 1350 altaris
1958 1310 2086 1365 per-

447 1386 681 1436 vertunt
712 1400 824 1437 non
856 1382 1322 1436 inconvenienter
1347 1381 1777 1448 transtulimus,
1803 1383 1940 1453 quia
1968 1397 2085 1435 ver-

449 1471 588 1525 bum
624 1471 722 1526 Dei
747 1469 984 1542 etpanis
1020 1470 1134 1534 Dei,
1168 1469 1550 1524 nihilominus
1571 1469 1749 1541 paris,
1780 1470 1897 1523 imo
1929 1470 2090 1540 ejus-

450 1560 580 1614 dem
620 1559 944 1630 dignitatis,
1007 1563 1063 1613 et
1113 1557 1519 1612 cozeternitatis
1574 1563 1730 1611 sunt.
1786 1558 2086 1629 Siquidem

449 1649 688 1702 verbum
719 1647 816 1702 Dei
853 1647 1055 1715 nostri,
1084 1647 1251 1717 juxta
1273 1646 1504 1714 Isaiam,
1530 1647 1707 1701 stabit
1730 1647 1784 1701 in
1805 1652 2084 1702 mternum

453 1740 610 1807 (1δαί.
645 1755 733 1801 XL,
767 1740 842 1805 8),
878 1737 1111 1806 etjuxta
1135 1735 1327 1805 ipsum
1369 1739 1715 1790 coaeternum
1764 1737 1874 1791 Deo
1936 1735 2085 1791 Patri

450 1829 706 1882 Verbum
741 1827 796 1880 in
837 1823 1140 1895 Evangelio
1195 1823 1432 1878 dicens:
1469 1848 1496 1874 ‹‹
1545 1824 1734 1878 Verba
1792 1841 1921 1879 mea
1971 1841 2085 1879 non

451 1916 789 1972 transibunt
816 1915 996 1983 (Marc.
1022 1929 1140 1977 xm,
1171 1913 1281 1979 31).
1322 1934 1348 1959 ››
1392 1912 1470 1968 De
1519 1913 1733 1984 quibus
1793 1918 1847 1968 et
1882 1914 2086 1968 beatus

454 2005 660 2061 Petrus
716 2003 902 2058 eidem
949 2001 1055 2056 ait:
1089 2022 1108 2047 ι
1173 1999 1362 2054 Verba
1409 1999 1538 2054 vitae
1604 2005 1826 2056 aeterna:
1907 2001 2089 2056 habes

452 2095 629 2164 (Joan.
661 2110 740 2159 v1,
769 2091 880 2159 69).
909 2112 935 2138 ››
961 2088 1085 2143 Pari
1105 2088 1276 2142 modo
1309 2088 1478 2160 panis
1517 2089 1637 2156 Dei,
1700 2095 1763 2144 ut
1814 2091 1979 2145 docet
2031 2090 2088 2143 in

455 2181 762 2254 Evangelio
785 2179 978 2250 ipsum
1003 2177 1278 2243 Verbum,
1315 2178 1434 2233 imo
1460 2179 1627 2250 panis
1657 2178 1959 2233 descendit
2017 2179 2088 2234 de

455 2272 618 2337 cmlo,
651 2273 706 2324 et
733 2268 832 2322 dat
857 2266 1039 2320 vitam
1089 2267 1340 2322 mundo:
1381 2290 1400 2316 α
1443 2268 1668 2337 Etergo
1727 2283 1859 2322 sum
1917 2267 2086 2338 panis

445 2362 632 2426 vivus,
666 2357 760 2429 qui
793 2355 864 2410 de
894 2355 1034 2410 coelo
1065 2356 1358 2414 descendi.
1393 2358 1451 2411 Si
1479 2357 1610 2428 quis
1651 2356 2086 2412 manducaverit

446 2467 513 2506 ex
539 2451 644 2504 hoc
668 2461 835 2517 pane,
867 2444 1018 2500 vivet
1038 2446 1094 2501 in
1115 2450 1390 2500 aeternum
1419 2446 1597 2512 (Ibid.,
1621 2449 1711 2510 2|,
1742 2446 1853 2516 52).
1894 2468 1913 2493 ι»
1941 2446 2084 2500 Hinc

441 2554 574 2608 ergo
601 2537 840 2605 apparet
870 2533 1040 2589 Verbi
1077 2535 1174 2589 Dei
1205 2540 1260 2589 et
1317 2535 1485 2605 panis
1541 2535 1668 2605 ejus
1711 2533 2082 2605 coeequalitas

438 2629 495 2679 et
526 2621 906 2689 coaeternitas,
940 2622 1079 2694 quia
1108 2623 1262 2678 sicut
1286 2622 1424 2678 illud
1459 2639 1525 2677 ex
1557 2623 1776 2678 sanctis
1817 2623 2080 2694 Scriptu-

437 2713 537 2780 ris,
571 2713 653 2767 ita
681 2711 776 2766 hic
798 2729 867 2766 ex
882 2712 1266 2768 sacramentis
1297 2713 1473 2766 vitam
1506 2716 1778 2767 aeternam
1819 2716 2075 2782 praestat.

437 2803 550 2858 Nec
575 2802 790 2857 mirum
824 2819 954 2856 cum
990 2819 1144 2856 unus
1176 2801 1446 2872 idemque
1479 2800 1764 2855 Dominus
1782 2800 2082 2856 nosterJe-

436 2909 537 2948 sus
569 2890 834 2946 Christus
867 2894 922 2945 et
951 2889 1007 2943 in
1039 2887 1354 2960 Scripturis
1413 2889 1630 2944 sanctis
1691 2889 1766 2945 sit
1819 2889 2075 2944 Verbum

435 2980 554 3046 Dei,
591 2984 646 3034 et
676 2978 734 3033 in
767 2978 1149 3033 sacramentis
1181 2977 1348 3048 panis
1371 2978 1492 3033 Dei.
1519 2978 1681 3033 Unde
1713 2993 2075 3049 consequens

433 3075 521 3126 est
553 3073 615 3124 ut
645 3069 767 3140 pari
793 3067 1226 3124 abominatione
1248 3068 1571 3123 devitemus
1598 3084 1896 3123 eversores
1929 3065 2074 3121 divi-

433 3175 642 3214 norum
701 3157 1090 3228 eloquiorum,
1123 3161 1295 3228 atque
1326 3173 1620 3212 eversores
1635 3157 1955 3211 caelestium
1989 3171 2076 3209 sa-

430 3251 883 3302 cramentorum.
919 3244 1140 3308 Quibus
1171 3249 1226 3300 et
1275 3245 1320 3299 si
1355 3245 1648 3300 ccelestem
1707 3244 1957 3306 Patrem,
2009 3243 2076 3295 ut

2195 675 2350 746 (Joan
2380 693 2491 739 xvr.
2527 677 2661 748 23.).
2695 699 2724 728 η
2753 679 2850 734 Et:
2887 701 2915 728 «
2947 678 3345 752 Quodcunque
3391 677 3506 750 peti
3567 678 3669 734 'itis
3716 679 3810 736 Pa-

2195 768 2340 818 trem
2368 763 2426 818 in
2461 765 2693 821 nomine
2723 783 2869 832 meo,
2905 768 3065 823 dabit
3087 769 3250 823 vobis
3284 769 3461 839 (Joan.
3493 785 3508 822 1
3567 785 3608 835 ιν,
3657 769 3750 839 13),
3782 791 3808 817 ››

2265 851 2501 908 Constat
2530 853 2726 925 itaque
2757 855 3041 911 haereticis
3063 856 3154 911 his
3187 855 3310 910 dari
3339 857 3494 927 quod
3567 860 3717 911 etunt
3743 857 3808 912 ab

2193 957 2259 995 eo
2293 958 2465 1012 quem
2491 947 2712 1014 petunt.
2747 945 2814 998 Et
2843 961 3016 1016 quem
3050 945 3294 1016 petunt?
3327 949 3513 1016 patre:
3581 948 3636 999 et
3653 945 3812 1000 domi-

2195 1047 2335 1084 num
2370 1049 2541 1086 suum
2576 1049 2993 1089 mammonam.
3028 1035 3094 1088 Et
3114 1035 3254 1105 quid
3303 1039 3510 1106 petunt
3603 1049 3810 1106 panem.

2195 1119 2376 1184 Quem
2401 1122 2650 1192 panem?
2681 1121 2957 1176 nimirum
2991 1123 3091 1193 qui
3125 1123 3429 1178 sibidulce
3446 1140 3520 1194 sa;
3567 1137 3645 1178 are
3664 1121 3814 1178 solet.

2196 1212 2260 1262 ut
2290 1208 2561 1263 Salomon
2585 1210 2694 1265 ait:
2723 1233 2749 1259 «
2773 1211 2980 1265 Suavis
3001 1215 3091 1265 est
3111 1211 3336 1266 homini
3357 1211 3520 1282 panis
3567 1209 3817 1265 nendaeii

2198 1299 2376 1366 (Prov.
2409 1316 2500 1362 xx,
2535 1300 2652 1368 t7);
2689 1325 2716 1347 η
2750 1315 2922 1370 quem
2956 1317 3027 1355 ne
3059 1300 3352 1357 dubitaret
3393 1300 3524 1372 quis
3581 1298 3816 1371 lapidem

2196 1402 2344 1453 esse,
2379 1386 2710 1456 subjunxit:
2744 1411 2768 1434 ››
2824 1389 2896 1442 Et
2941 1392 3142 1460 postea
3191 1388 3526 1461 implebitur
3591 1405 3652 1445 os
3705 1387 3821 1458 ejus

2192 1474 2414 1530 calculo
2444 1475 2652 1545 (lbid.).
2676 1499 2700 1523 ››
2732 1475 2983 1532 Videsne
3016 1477 3108 1532 hic
3127 1495 3227 1548 pro
3259 1493 3405 1549 pane
3428 1476 3528 1531 cha
3572 1476 3723 1530 itatis
3744 1475 3822 1530 la-

2197 1564 2389 1635 pidem
2414 1565 2614 1620 datum
2640 1565 3064 1633 obdurationis,
3098 1566 3264 1635 cujus
3292 1563 3532 1635 pesssim
3567 1581 3576 1614 i
3626 1562 3820 1616 merito

2196 1653 2446 1707 efficitur
2478 1657 2542 1707 ut
2573 1653 2908 1723 petentibus
2930 1654 3099 1707 fidem
3133 1651 3375 1722 perfidia
3404 1647 3532 1703 velu
3594 1663 3823 1720 serpens

2196 1757 2298 1811 pro
2331 1740 2508 1812 pisce,
2532 1741 2740 1796 detur?
2770 1742 2911 1796 Nam
2945 1741 3042 1794 ubi
3073 1738 3238 1809 panis
3296 1737 3536 1793 mendae
3570 1738 3588 1792 i
3645 1753 3824 1792 corne-

2195 1828 2373 1895 ditur,
2397 1829 2719 1902 vinumque
2741 1826 3061 1900 iniquitatis
3080 1824 3316 1896 bibitur,
3340 1824 3538 1879 dubiui
3568 1842 3588 1879 ι
3607 1841 3717 1880 non
3740 1828 3825 1880 est

2195 1917 2334 1988 quin
2377 1917 2455 1972 ibi
2503 1917 2628 1972 sola
2658 1917 2894 1989 perfidia
2940 1913 3292 1968 dominetur.
3328 1913 3490 1968 Unde
3512 1913 3540 1966 ti
3567 1929 3577 1966 ι
3606 1915 3690 1978 ut,
3711 1917 3826 1967 tam

2203 2006 2474 2076 pestifero
2506 2010 2770 2078 serpente
2799 2002 3077 2075 possessi,
3109 2001 3157 2056 si
3192 2017 3367 2056 ovum
3389 2001 3510 2073 spei
3541 1999 3827 2072 Oietierint,

2201 2099 2534 2150 mereantur
2563 2092 2922 2164 scorpionem
2953 2091 3178 2146 extimas
3210 2089 3652 2162 desperationis.
3712 2090 3832 2154 Qua

2195 2183 2472 2256 impletur
2509 2184 2564 2237 in
2595 2182 2729 2245 illis,
2763 2181 2916 2252 quod
2939 2181 3183 2252 Sapiens
3213 2179 3321 2234 ait:
3356 2200 3384 2228 ‹‹
3418 2182 3543 2249 Imp
3571 2194 3660 2245 us,
3697 2195 3827 2234 cum

2195 2273 2416 2328 venerit
2445 2273 2501 2326 in
2533 2270 2888 2342 profundum
2921 2269 3234 2333 malorum,
3268 2269 3589 2323 contemnit
3645 2268 3826 2338 (Prov.

2195 2380 2352 2429 xvm,
2384 2363 2457 2430 3).
2482 2383 2508 2410 ››
2551 2359 2682 2422 Quae
2713 2358 2916 2429 utique
2947 2358 3058 2412 tria
3088 2356 3435 2430 principalia
3493 2355 3647 2412 mala
3685 2374 3830 2428 prm-

2193 2447 2328 2505 fatis
2358 2449 2542 2503 tribus
2572 2452 2628 2502 et
2657 2446 3078 2519 principalibus
3098 2446 3304 2501 animas
3324 2445 3638 2501 virtutibus
3693 2461 3834 2502 con-

2191 2539 2386 2604 traria,
2418 2554 2486 2592 ex
2515 2535 2641 2591 sola
2666 2536 2986 2608 procedunt
3005 2534 3262 2591 avaritia.
3285 2535 3364 2590 De
3394 2535 3558 2605 cujus
3578 2534 3838 2609 pessima

2196 2627 2418 2692 sobole,
2453 2625 2693 2697 quidam
2727 2625 2843 2681 tale
2868 2624 3184 2680 distichum
3214 2623 3536 2696 prompsit:

2249 2733 2467 2794 Semper
2493 2745 2690 2780 avarus
2721 2733 2853 2793 eget,
2886 2731 2962 2779 nil
2993 2730 3526 2794 namquescelestius
3554 2729 3642 2779 illo
3667 2744 3678 2791 ;

2252 2796 2475 2856 Semper
2504 2808 2698 2843 avarus
2729 2798 2870 2842 amat
2899 2793 3193 2851 mendacia,
3226 2793 3386 2853 furta,
3417 2793 3650 2856 rapinas.

2187 2891 2294 2956 Qui
2326 2896 2548 2946 tantam
2581 2894 2897 2963 egestatem
2919 2894 2976 2944 et
3000 2889 3299 2944 miseriam
3323 2889 3536 2946 idcirco
3567 2889 3843 2956 incurrit,

2187 2981 2325 3052 quia
2347 2979 2660 3035 inﬁdeliter
2689 2996 2896 3050 panem
2931 2983 3160 3048 petens,
3207 2977 3460 3050 lapidem
3495 2979 3846 3051 promeruit.

2186 3069 2346 3125 Unde
2386 3069 2617 3141 prodito
2649 3067 2820 3123 corde
2866 3084 3097 3132 carneo,
3156 3067 3215 3122 in
3279 3084 3392 3140 quo
3450 3067 3848 3140 requiesceret

2185 3158 2431 3229 spiritus
2463 3156 2700 3229 pietatis
2724 3161 2781 3212 et
2813 3155 3253 3223 misericordiae,
3286 3157 3505 3211 invenit
3540 3155 3846 3228 lapideum

2184 3252 2383 3302 contra
2440 3246 2639 3301 omnia
2696 3244 2996 3300 charitatis
3053 3245 3252 3300 ofﬁcia
3305 3243 3391 3300 vel
3451 3245 3842 3303 humanitatis

427 3331 2062 3408 putatur,petantpanem,daturtamenlapsis;sipiscem,
2097 3322 2140 3388 C
2177 3334 2596 3390 insensibiliter
2615 3333 2991 3389 obduratum.
3036 3334 3199 3399 Quod
3229 3333 3498 3389 videlicet
3526 3351 3625 3389 cor
3642 3334 3842 3390 Domi-

427 3441 702 3496 serpens;
751 3423 799 3477 si
851 3439 1044 3489 ovum,
1097 3423 1361 3494 scorpius
1421 3423 1626 3492 (Matth.
1686 3437 1784 3486 vu,
1817 3421 1871 3485 9,
1934 3421 2060 3489 10);

421 3513 558 3582 quia
588 3518 651 3567 ut
682 3512 992 3568 Psalmista
1023 3511 1354 3584 prophetiee
1380 3511 1752 3584 imprecatur,
1796 3509 1896 3562 dat
1942 3506 2061 3562 illis

422 3602 710 3657 Dominus
739 3601 1063 3656 secundum
1089 3617 1264 3672 opera
1305 3600 1590 3673 ipsorum,
1624 3602 1680 3652 et
1733 3596 2059 3652 secundum

419 3690 741 3762 nequitiam
760 3689 1234 3744 adinventionum
1255 3689 1514 3760 ipsorum
1535 3685 1854 3741 secundum
1887 3701 2064 3756 opera

420 3796 703 3835 manuum
734 3795 933 3834 eorum
967 3777 1326 3843 tribuitillis,
1374 3776 1563 3832 reddit
1620 3773 2058 3830 retributionem

417 3885 619 3924 eorum
645 3867 806 3939 ipsis.
844 3867 1126 3934 Quoniam
1159 3884 1271 3921 non
1304 3863 1720 3920 intellexerunt
1749 3879 1924 3933 opera
1954 3863 2062 3917 Do-

418 3957 584 4022 mini,
616 3961 671 4012 et
699 3957 759 4012 in
791 3971 966 4028 opera
997 3972 1275 4010 manuum
1332 3967 1528 4008 eorum
1590 3952 1858 4006 destrues
1905 3951 2058 4019 illos,

419 4050 475 4102 et
507 4065 622 4102 non
654 4044 969 4101 aedificabis
991 4061 1088 4100 eos
1119 4045 1288 4116 (Psal.
1338 4057 1510 4109 xxvn,
1554 4041 1606 4112 4,
1636 4041 1713 4112 5).
1771 4040 1884 4097 Nec
1945 4042 2060 4096 mi-

414 4153 576 4204 rum;
611 4143 800 4206 neque
831 4132 984 4188 enim
1017 4135 1307 4189 caelestem
1352 4130 1579 4184 Patrem
1640 4133 1846 4201 petunt
1902 4131 2058 4202 quod

409 4230 498 4281 est
527 4223 775 4287 caeleste,
809 4225 865 4277 et
894 4221 1020 4277 ideo
1057 4221 1197 4277 nihil
1231 4220 1301 4274 ab
1334 4235 1399 4274 eo
1456 4224 1898 4291 consequuntur
1944 4235 2055 4274 cce-

407 4313 570 4380 leste,
595 4312 874 4381 sedjusto
902 4311 1086 4383 ipsius
1117 4308 1215 4365 Dei
1246 4308 1436 4363 Patris
1469 4308 1759 4380 permissu
1810 4313 1867 4364 et
1890 4308 2052 4380 judi-

404 4402 493 4458 cio
525 4399 820 4472 accipiunt
857 4418 891 4455 a
922 4398 1174 4465 diabolo,
1209 4414 1311 4452 seu
1343 4396 1446 4451 ﬁlii
1470 4397 1606 4452 mali
1631 4414 1662 4451 a
1694 4401 1856 4469 patre
1914 4414 2048 4469 pes-

405 4491 578 4556 simo,
611 4507 714 4561 pro
745 4506 893 4562 pane
919 4485 1222 4544 charitatis
1244 4485 1329 4541 vel
1366 4486 1739 4553 sacramenti,
1795 4486 2050 4542 obdura-

404 4577 582 4634 tionis
613 4577 888 4650 lapidem,
921 4594 1023 4649 pro
1057 4576 1234 4648 pisce,
1255 4574 1660 4646 fideiperfidias
1689 4580 2048 4646 serpentem,

2173 3441 2284 3479 nus
2317 3440 2420 3478 nec
2450 3424 2549 3478 dat
2578 3422 2824 3489 homini,
2860 3439 2964 3477 nec
3008 3423 3166 3493 facit,
3197 3423 3295 3477 sed
3322 3424 3482 3494 juste
3512 3423 3838 3480 deserendo

2172 3513 2294 3567 fieri
2327 3512 2630 3584 permittit,
2665 3511 2762 3566 ubi
2783 3510 2975 3566 ultron
2993 3528 3070 3566 cae
3100 3511 3506 3566 obdurationis
3527 3511 3838 3568 subditum

2172 3618 2279 3656 sua
2310 3599 2663 3672 aspiratione
2695 3617 2812 3655 non
2851 3598 3102 3665 emollit,
3137 3599 3237 3654 sed
3273 3598 3681 3671 spiritualibus
3736 3615 3844 3655 ne-

2170 3689 2373 3760 quitiis
2405 3689 2762 3744 obduratum
2795 3689 3106 3759 adhucque
3140 3687 3506 3744 obduratum
3538 3687 3845 3759 relinquit.

2168 3778 2329 3842 Quod
2347 3777 2395 3832 si
2413 3793 2542 3832 vere
2565 3777 3164 3848 peteretur,spiritum
3184 3776 3492 3832 charitatis
3512 3781 3842 3850 gratanter.

2167 3866 2499 3938 largiretur,
2529 3866 2700 3936 cujus
2736 3866 2973 3921 fervore
3005 3864 3194 3938 frigus
3223 3865 3476 3920 avaritias
3534 3864 3853 3920 resolvere-

2167 3959 2282 4011 tur.
2318 3956 2464 4010 Nam
2495 3955 2566 4022 si,
2598 3959 2661 4009 ut
2684 3954 2946 4009 Dominu
2964 3971 2992 4010 s
3012 3953 3656 4025 ait,patres,«quamvis
3673 3951 3845 4019 mali,

2166 4049 2383 4100 norunt
2413 4045 2568 4099 bona
2599 4044 2741 4098 data
2759 4043 2900 4098 dare
2927 4042 3232 4109 ﬁliissuis,
3257 4046 3477 4113 quanto
3493 4041 3681 4112 magis
3705 4041 3841 4112 ipse

2172 4132 2343 4186 Pater
2373 4133 2444 4187 de
2475 4131 2620 4187 cmlo
2650 4131 2816 4186 dabit
2847 4131 3121 4202 spiritum
3142 4131 3358 4185 bonum
3382 4128 3715 4200 petentibus
3732 4129 3835 4183 sel

2165 4221 2485 4292 (Luc.n,13)
2521 4244 2548 4269 ››
2582 4220 2718 4275 hinc
2751 4220 2936 4275 datur
2967 4217 3212 4289 intelligi
3245 4216 3401 4286 quia,
3432 4215 3478 4268 si
3511 4213 3648 4268 mali
3682 4219 3835 4269 sunt

2163 4308 2436 4365 liberales
2468 4311 2538 4365 ad
2573 4309 2913 4380 petitionem
2946 4312 3004 4362 et
3023 4305 3376 4360 voluntatem
3403 4301 3655 4354 filiorum
3681 4318 3828 4358 suo-

2161 4415 2316 4469 rum,
2351 4398 2534 4453 multo
2567 4398 2754 4468 magis
2774 4401 2829 4452 et
2861 4389 3396 4463 incomparabiliter
3424 4388 3686 4445 liberalis
3731 4393 3833 4445 est

2163 4487 2328 4542 Pater
2357 4503 2588 4542 summe
2603 4488 2788 4542 bonus
2815 4483 2949 4537 filiis
2966 4497 3026 4536 se
3050 4477 3833 4552 petentibus,velutincom-

2160 4575 2443 4647 parabilia
2473 4580 2614 4631 sunt
2644 4575 2860 4627 bonum
2893 4573 2951 4622 et
2983 4566 3238 4633 malum;
3275 4566 3359 4621 sic
3382 4567 3538 4638 quod
3563 4565 3828 4638 quilibet

409 4685 512 4740 pro
543 4685 647 4723 ovo
671 4669 793 4740 spei
823 4663 1244 4738 desperationis
1276 4663 1662 4736 scorpionem.
1707 4663 1850 4718 Nam
1901 4663 2046 4718 nihil
2080 4685 2128 4749 Ι)
2160 4664 2421 4720 haeretici
2447 4669 2504 4719 et
2535 4659 2884 4717 nominatim
2921 4654 3239 4711 Simoniaci
3269 4655 3555 4727 Spiritum
3595 4655 3826 4711 bonum

409 4757 671 4813 beneﬁcii
704 4757 953 4813 cmlestis
981 4752 1275 4824 malignus
1306 4752 1399 4808 hic
1430 4757 1595 4825 pater
1615 4751 1739 4807 suis
1771 4751 1907 4807 filiis
1951 4769 2048 4807 va-

408 4845 488 4901 let
517 4847 796 4909 conferre,
843 4859 978 4898 cum
1026 4841 1289 4896 carnales
1346 4847 1541 4913 patres
1596 4841 1866 4913 quamvis
1909 4840 2047 4895 mali

405 4940 696 5002 recusent,
731 4933 842 4988 nisi
874 4933 1025 4986 bona
1055 4930 1209 4996 data,
1243 4935 1525 5002 quantum
1587 4930 1659 4984 ad
1713 4929 1822 4987 hoc
1869 4946 2046 4985 saecu-

400 5023 526 5079 lum
567 5023 701 5079 (iliis
721 5037 780 5076 se
812 5020 1145 5091 petentibus
1176 5019 1332 5085 dare,
1397 5023 1459 5073 ut
1503 5019 1552 5074 si
1602 5023 1760 5090 petat
1811 5035 2042 5090 panem,

396 5110 717 5185 panem;si
750 5109 989 5182 piscem,
1021 5108 1276 5181 piscem;
1320 5107 1366 5164 si
1426 5124 1618 5174 ovum,
1679 5123 1850 5162 ovum
1914 5125 2043 5179 por-

397 5202 567 5276 rigat.

464 5289 589 5356 Qua
618 5291 675 5344 in
700 5306 758 5345 re
787 5288 968 5344 claret
997 5305 1115 5353 eos,
1168 5287 1382 5358 quibus
1432 5285 1764 5356 perniciosa
1807 5287 2040 5352 dantur,

2160 4771 2274 4809 non
2297 4753 2612 4825 accipiunt,
2647 4748 2872 4801 constat
2904 4745 3043 4816 quia
3071 4762 3104 4800 a
3134 4744 3300 4800 Patre
3348 4742 3569 4799 cmlesti
3630 4743 3822 4815 Spiri-

2160 4847 2285 4897 tum
2329 4842 2546 4895 bonum
2581 4852 2692 4890 non
2727 4839 2954 4906 petunt.
2988 4834 3058 4888 Et
3087 4833 3225 4906 quia
3255 4837 3310 4888 et
3339 4849 3373 4888 a
3403 4848 3516 4904 quo
3564 4832 3824 4904 petunt?

2157 4929 2434 5003 spiritum
2469 4925 2668 4995 utique
2701 4923 2924 4978 malum
2957 4921 3651 4993 amalignopatresuo,ut
3667 4924 3822 4991 puta

2156 5023 2391 5074 auctore
2425 5019 2478 5069 et
2509 5013 2808 5067 inventore
2839 5011 3022 5067 totius
3052 5009 3212 5065 mali.
3249 5009 3358 5065 Sed
3393 5011 3633 5064 econtra
3670 5007 3825 5063 dici-

2153 5112 2280 5163 tur:
2316 5105 2517 5159 Nonne
2544 5100 2839 5167 videntur,
2889 5104 2946 5156 et
3002 5099 3328 5155 audiuntur
3381 5099 3532 5153 tales
3579 5097 3822 5152 Patrem

2153 5193 2445 5250 ccelestem
2477 5190 2764 5256 invocare,
2798 5193 2855 5244 et
2886 5188 3175 5260 Spiritum
3197 5188 3418 5242 bonum
3435 5185 3546 5240 sibi
3563 5183 3652 5239 vel
3675 5182 3820 5240 aliis

2155 5286 2348 5353 petere
2367 5279 2394 5333 ?
2424 5279 2646 5344 Quibus
2676 5277 2990 5348 apostolice
3009 5276 3424 5348 respondetur:
3454 5297 3480 5323 ‹‹
3508 5273 3816 5336 Quomodo

389 5380 719 5452 perniciosa
749 5379 859 5433 sibi
910 5377 1169 5450 petiisse,
1220 5391 1323 5430 nec
1349 5391 1381 5429 a
1413 5375 1576 5429 Patre
1643 5373 1956 5441 luminum,
2010 5391 2044 5428 a
2149 5367 2581 5426 invocabuntin
2614 5384 2789 5440 quem
2815 5384 2927 5421 non
2957 5363 3618 5434 crediderunt?(Rom.x,
3645 5362 3762 5430 1-4.)
3783 5385 3808 5414 ι

394 5485 508 5540 quo
539 5484 711 5522 omne
736 5467 935 5523 datum
970 5467 1255 5538 Optimum
1289 5469 1346 5519 et
1401 5479 1572 5518 omne
1633 5463 1850 5518 donum
1911 5481 2038 5536 per-

394 5557 613 5612 fectum
646 5560 736 5610 est
767 5557 899 5610 (Jac.
935 5573 974 5621 ι,
1007 5557 1115 5627 l7),
1148 5577 1173 5604 ››
1209 5553 1531 5625 quidquam
1565 5554 1932 5624 petiisse,nec
1977 5553 2035 5607 in

395 5643 630 5696 nomine
661 5644 796 5697 Jesu
831 5644 1108 5715 petiisse;
1167 5641 1425 5713 alioquin
1477 5640 1899 5697 contradicitur
1955 5641 2036 5696 sic

395 5730 820 5799 repromittenti
854 5731 981 5802 ipso
1005 5730 1263 5785 Christo:
1305 5752 1324 5776 υ
1360 5731 1542 5785 Amen
1567 5745 1735 5784 amen
1790 5730 1940 5797 dico,
1988 5729 2035 5785 si

2153 5461 2217 5514 Et
2247 5475 2318 5513 ne
2349 5457 2597 5525 dicatur,
2639 5455 2779 5527 quia
2810 5471 2940 5510 vere
2996 5459 3052 5510 et
3110 5451 3395 5507 catholice
3449 5449 3698 5505 credunt
3747 5450 3818 5506 in

2151 5554 2355 5614 Deum,
2391 5545 2800 5617 subjungitur:
2843 5567 2862 5592 ι
2895 5541 3194 5607 Quomodo
3226 5539 3469 5594 credent
3516 5538 3590 5609 ei,
3625 5555 3815 5609 quem

2164 5653 2278 5692 non
2311 5634 2661 5691 audierunt?
2699 5633 2883 5702 (Ibid.)
2918 5654 2945 5680 ››
2979 5631 3045 5685 Et
3102 5628 3339 5700 quidem
3397 5627 3816 5699 prastermissis

2146 5727 2416 5784 humana:
2475 5721 2827 5796 fragilitatis,
2859 5728 2911 5776 et
2943 5718 3257 5791 repentina:
3317 5715 3812 5788 concupiscentia
