4004 6210
219 367 373 446 1081

778 368 1194 440 ADVERSUS
1239 365 1706 435 SIMONIACOS
1749 361 1960 428 LIBRI
2000 360 2319 426 TRES.—
2346 361 2579 427 LIBER
2622 361 3056 429 SECUNDUS.

3459 364 3485 426 1
3497 363 3616 430 082

220 506 578 583 quotidianis
608 506 960 578 excessibus,
1007 505 1300 579 quomodo
1351 503 1595 558 credunt
1641 499 1712 568 ei,
1760 497 1860 572 qui
1890 496 2048 562 Ανι.
2108 498 2194 566 5);
2223 519 2251 546 ››
2311 501 2396 553 et:
2431 519 2458 547 ‹‹
2494 497 2724 552 Honora
2772 500 2997 567 patrem
3055 498 3112 550 et
3169 501 3441 568 matrem,
3495 515 3610 556 non

220 597 496 653 diuturna
519 594 1011 670 praemeditatione
1033 597 1088 648 et
1119 591 1356 648 consilio
1386 592 1445 645 in
1477 589 1655 660 hujus
1675 587 1854 643 haere-

221 703 351 744 seos
382 686 601 740 crimen
632 683 778 756 lapsi
811 683 1191 747 contendunt,
1226 697 1329 735 nec
1361 679 1608 735 audiunt
1662 677 1856 732 dicen-

216 779 361 832 tem:
397 797 424 823 «
444 773 635 830 Gratis
657 771 981 844 accepistis,
1007 769 1189 843 gratis
1211 769 1382 824 date?
1409 792 1435 817 ››
1453 769 1692 823 Constat
1720 781 1855 837 ergo

219 863 357 936 quia
385 879 501 918 non
531 862 590 916 in
616 878 750 917 eum
777 861 1048 927 credunt;
1073 858 1456 914 sacramentis
1478 856 1602 912 suis
1622 851 1856 909 inviola-

217 951 359 1008 bilia
389 955 445 1006 et
464 957 739 1024 perpetua
769 948 1068 1022 privilegia
1094 949 1500 1004 decernentem
1551 949 1607 1000 et
1636 941 1858 1009 consti;

221 1044 481 1097 tuentem
518 1056 634 1095 non
666 1039 932 1094 audiunt.

851 1144 1078 1199 CAPUT
1118 1143 1234 1197 XV.

223 1234 472 1304 Qualiter
500 1250 534 1315 ti
566 1231 1076 1315 quibusdam‘juasta
1117 1231 1364 1315 qaaedarp
1411 1245 1521 1311 non
1568 1227 1858 1294 audiatur,

479 1311 532 1358 et
553 1302 716 1375 juxta
745 1302 995 1374 quaedam
1027 1302 1290 1356 audiatur
1318 1302 1597 1356 Dominus.

295 1393 428 1459 Sed,
461 1409 531 1446 ne
565 1392 697 1464 quis
727 1390 864 1445 hinc
895 1407 1096 1445 ansam
1132 1388 1436 1444 calumniae
1458 1388 1516 1442 in
1550 1405 1655 1442 nos
1680 1390 1862 1442 retor-

220 1481 514 1554 quendam
543 1479 879 1547 arbitretur,
912 1479 1225 1534 asserendo
1257 1495 1360 1532 nec
1393 1491 1499 1532 nos
1538 1476 1771 1530 credere
1802 1473 1860 1528 in

219 1569 427 1637 Deum,
462 1567 599 1640 quia
630 1567 925 1623 multoties
952 1571 1184 1638 peccata
1207 1569 1265 1622 et
1282 1565 1529 1621 crimina
1548 1566 1858 1624 vetantem,

221 1661 396 1730 atque
418 1658 488 1712 ad
517 1657 762 1712 virtutes
793 1654 1132 1711 invitantem
1157 1672 1270 1712 non
1302 1653 1597 1720 audimus,
1621 1650 1861 1718 noverit,

223 1746 376 1802 sicut
406 1744 718 1816 plurimam
750 1761 878 1800 esse
907 1743 1298 1800 diversitatem
1331 1742 1659 1797 divinorum
1711 1757 1860 1811 prae-

1967 585 2213 651 occides,
2246 603 2359 641 non
2394 585 2776 641 mcechaberis
2807 583 2960 655 (Deut
3016 602 3074 653 v,
3110 585 3324 657 16-18).
3367 610 3393 635 ››
3441 587 3613 646 Tales

1968 676 2016 731 si
2052 693 2082 730 a
2115 674 2266 730 malo
2297 673 2611 742 declinant,
2645 690 2748 728 nec
2771 677 2965 728 tamen
2988 673 3138 727 bona
3168 673 3615 738 faciuntﬁdeles

1970 765 2206 837 quidem
2239 761 2396 828 sunt,
2429 763 2526 817 sed
2553 761 2739 817 otiosa
2769 767 2858 816 est
2890 762 3033 816 fides
3061 778 3288 816 eorum.
3325 763 3383 816 Si
3417 767 3613 819 autem

1972 871 2076 909 nec
2115 871 2148 908 a
2180 853 2330 907 malo
2389 851 2703 916 declinant,
2755 852 2855 906 sed
2917 851 3158 922 insuper
3207 849 3615 908 criminalibus

1970 941 2220 1015 peccatis
2251 941 2474 1012 seipsos
2525 940 2911 1011 pessumdant
2942 957 2955 1005 ;
2982 940 3108 1010 jam
3167 939 3410 1010 quidem
3465 940 3610 995 fides

1971 1048 2170 1088 eorum
2204 1033 2506 1102 reputatur
2535 1033 2600 1084 ut
2619 1029 2791 1083 arbor
2812 1027 3168 1094 mortua,sed
3195 1045 3308 1081 non
3336 1027 3618 1084 radicitus

1970 1119 2188 1186 evulsa,
2223 1136 2356 1174 cum
2390 1123 2582 1173 tamen
2615 1135 2849 1190 quoquo
2881 1116 3054 1171 modo
3098 1117 3289 1171 adhuc
3347 1117 3503 1170 vivat
3549 1134 3616 1172 ex

1971 1225 2074 1281 spe
2105 1225 2219 1280 qua
2245 1206 2472 1262 veniam
2505 1206 2614 1260 sibi
2639 1210 2897 1278 sperant,
2931 1210 2989 1261 et
3021 1206 3201 1260 Deum
3236 1223 3268 1261 a
3297 1205 3612 1278 quoipsam

1971 1298 2198 1354 veniam
2231 1300 2485 1368 sperant,
2519 1300 2574 1350 et
2635 1295 2963 1366 proximum
3032 1294 3617 1367 quantulumcunque

1973 1390 2189 1442 ament.
2231 1385 2504 1456 Denique,
2541 1389 2603 1438 ut
2632 1384 2943 1456 Apostolus
2977 1385 3091 1439 ait:
3133 1407 3158 1433 «ι
3187 1384 3355 1439 Fides
3387 1389 3475 1438 est
3496 1403 3620 1456 spc-

1974 1476 2290 1530 randarum
2323 1472 2651 1528 substantia
2685 1489 2877 1527 rerum
2929 1475 3109 1544 (Hebr.
3174 1491 3254 1541 χι,
3289 1474 3360 1542 1).
3396 1494 3423 1521 ››
3458 1473 3621 1528 Unde

1974 1567 2131 1636 patet
2163 1564 2335 1618 fidem
2359 1563 2483 1634 spei
2505 1561 2896 1617 substantiam
2924 1578 3072 1616 esse.
3098 1561 3205 1616 Ubi
3230 1565 3426 1617 autem
3461 1578 3616 1634 spes,

1973 1652 2053 1708 ibi
2076 1657 2132 1708 et
2153 1669 2336 1721 amor,
2366 1651 2502 1724 quia
2525 1667 2758 1706 necesse
2780 1655 2868 1705 est
2891 1667 3052 1705 ames
3077 1651 3228 1705 bona
3251 1667 3377 1722 qua:
3395 1668 3615 1723 speras.

1974 1746 2056 1796 Ac
2086 1758 2187 1814 per
2218 1741 2325 1796 hoc
2342 1739 2729 1795 constatillud
2757 1738 3616 1811 B.Gregoriidictum,«unum-

226 1838 548 1906 ceptorum,
583 1833 666 1889 sic
688 1837 743 1888 et
759 1833 1072 1905 plurimam
1096 1847 1526 1888 conversorum.
1544 1833 1690 1884 Sunt
1707 1825 1861 1884 enim
1898 1864 1946 1930 B
1977 1847 2267 1904 quemque
2286 1834 2570 1902 quantum
2590 1828 2771 1883 credit
2786 1831 3013 1882 tantum
3037 1845 3271 1898 sperare
3291 1833 3349 1884 et
3362 1845 3614 1884 amare.»

227 1923 496 1996 quzedam
527 1921 724 1977 divina
744 1925 1047 1994 prmeepta,
1082 1938 1206 1992 qua:
1229 1920 1276 1974 si
1300 1919 1431 1992 quis
1455 1920 1546 1992 pie
1571 1923 1866 1989 transgre-

228 2010 407 2079 ditur,
440 2027 555 2065 non
588 2009 778 2065 solum
810 2009 891 2064 nil
927 2009 1130 2082 culpae,
1165 2010 1266 2065 sed
1297 2013 1352 2064 et
1375 2009 1698 2081 plurimum
1718 2021 1872 2060 mer-

231 2099 388 2154 cedis
419 2099 796 2166 nanciscitur,
829 2096 988 2153 velut
1016 2097 1112 2153 ille
1143 2097 1432 2170 gloriosus
1470 2101 1873 2170 transgressor

230 2186 469 2253 Paulus,
503 2187 602 2259 qui
654 2203 788 2242 cum
837 2203 870 2241 a
916 2187 1156 2242 Domino
1215 2190 1565 2258 praeceptum
1616 2187 1768 2241 sicut
1817 2189 1873 2240 et

228 2275 543 2347 coapostoli
566 2276 693 2346 ejus
713 2275 1005 2341 habuerit,
1028 2279 1092 2330 ut
1116 2273 1490 2346 Evangelium
1512 2274 1871 2329 annuntians

227 2364 298 2420 de
328 2363 637 2437 Evangelio
667 2363 883 2419 viveret
910 2365 953 2435 (1
984 2363 1102 2419 Cor.
1166 2381 1242 2428 1x,
1296 2364 1404 2436 14),
1465 2363 1609 2417 nihil
1661 2363 1870 2418 horum

228 2468 394 2520 usus,
425 2451 624 2508 labore
656 2468 897 2507 manum
928 2469 1170 2507 suarum
1201 2451 1362 2516 vixit,
1395 2468 1466 2506 ne
1498 2468 1676 2523 quam
1707 2468 1870 2507 occa-

231 2541 455 2597 sionem
487 2541 651 2596 daret
678 2539 988 2614 Evangelio
1019 2540 1237 2596 Christi
1296 2541 1428 2613 (Act.
1461 2559 1554 2605 xx,
1612 2543 1724 2609 31).
1781 2542 1872 2596 Sic

235 2632 375 2686 sunt
403 2633 460 2684 et
489 2628 708 2700 aliqua,
750 2646 876 2701 quae
909 2628 958 2685 si
1011 2629 1397 2684 continuatim
1454 2633 1726 2701 aguntur,
1769 2646 1873 2685 nec

231 2716 546 2790 aliquando
565 2733 668 2789 pro
682 2721 942 2790 tempore
955 2717 1562 2784 intermittuntur,non
1579 2719 1873 2774 modicum

233 2805 520 2871 deviatur,
554 2806 707 2861 sicut
735 2807 806 2861 de
838 2805 1094 2874 sacculo,
1137 2805 1223 2861 vel
1283 2821 1440 2878 pera,
1491 2823 1592 2862 seu
1635 2806 1874 2878 reliquis

241 2911 356 2950 non
388 2893 660 2950 tollendis
690 2898 746 2950 et
764 2893 1062 2964 tollendis,
1088 2895 1307 2950 scilicet
1321 2898 1580 2966 tempore
1605 2895 1763 2966 pacis
1776 2900 1876 2952 aut

236 2982 678 3055 persecutionis.
710 2983 858 3038 Nam
888 2982 1013 3055 ipse
1044 2983 1142 3054 qui
1176 2983 1339 3055 prius
1369 2983 1614 3038 dixerat:
1637 3008 1662 3033 ‹‹
1690 2983 1875 3040 Nolite

235 3080 465 3144 portare
504 3070 804 3127 sacculum
861 3075 962 3127 aut
1017 3087 1216 3144 peram
1279 3073 1407 3144 (Luc
1452 3090 1506 3138 x,
1540 3074 1622 3144 4);
1658 3095 1686 3122 »
1717 3072 1873 3129 idem

1983 1921 2156 1976 Porro
2190 1936 2323 1991 spes
2347 1920 2404 1973 in
2428 1922 2660 1973 tantum
2693 1916 2904 1971 dicitur
2924 1917 3154 1988 pr0prie
3185 1934 3379 1972 rerum
3440 1918 3622 1972 bona—

1983 2026 2113 2063 rum
2144 2024 2290 2074 esse,
2323 2012 2388 2062 ut
2417 2007 2701 2061 habeatur
2731 2004 3176 2077 agrammaticis
3192 2022 3293 2076 pro
3313 2005 3451 2060 vitio
3465 2006 3617 2076 quod

1982 2098 2175 2154 Graece
2225 2095 2571 2168 acyrologia,
2632 2093 2827 2149 Latine
2887 2109 3019 2148 vero
3081 2093 3399 2164 imprOpria
3447 2093 3622 2148 dictio

1979 2186 2212 2250 dicitur,
2245 2185 2579 2257 ubicunque
2613 2182 2781 2238 aliter
2811 2182 3001 2255 posita
3051 2181 3362 2246 invenitur,
3424 2186 3489 2236 ut
3535 2185 3624 2236 est

1980 2273 2122 2330 illud
2155 2278 2334 2346 poeta:
2357 2291 2370 2328 :

2044 2391 2176 2438 Hinc
2197 2403 2322 2452 ergo
2348 2388 2390 2436 si
2422 2387 2571 2450 potui
2595 2390 2802 2436 tantum
2826 2399 3041 2448 sperare
3072 2385 3330 2435 dolorem.

2054 2497 2216 2552 Unde
2240 2500 2298 2552 et
2326 2495 2410 2551 sic
2439 2497 2737 2566 exponunt
2757 2507 3003 2562 ;.sperare
3017 2490 3163 2546 dixit
3183 2508 3287 2564 pro
3309 2493 3506 2548 timere
3521 2491 3628 2547 Cu-

1972 2586 2075 2657 jus
2104 2585 2259 2641 verbi
2293 2584 2703 2656 proprietatem
2728 2597 2965 2637 servans
2995 2579 3139 2635 alter
3156 2579 3234 2634 ait
3261 2597 3273 2636 :

2045 2701 2219 2750 Liceat
2248 2712 2460 2761 sperare
2482 2697 2705 2747 timenti.

1983 2805 2373 2873 Quamobrem
2404 2804 2671 2876 quamvis
2695 2803 2838 2858 fides
2871 2803 3157 2858 bonarum
3191 2819 3386 2858 rerum
3446 2802 3524 2858 sit
3574 2806 3631 2860 et

1985 2895 2440 2965 malarum,spes
2462 2897 2656 2948 tamen
2682 2891 2940 2960 nonnisi,
2972 2891 3428 2964 bonarum,quia
3443 2890 3632 2948 credi-

1987 3001 2120 3039 mus
2154 2983 2391 3054 quidem
2425 2982 2578 3037 bona
2616 2998 2742 3053 quae
2802 2980 3091 3053 promittit
3133 2981 3310 3046 Deus,
3371 2985 3428 3037 et
3477 2980 3631 3037 mala

1985 3071 2371 3127 nihilominus
2391 3087 2516 3143 qum
2543 3069 2821 3138 minatur,
2856 3086 2988 3124 cum
3055 3074 3253 3126 tamen
3307 3071 3461 3126 bona
3504 3071 3633 3142 ipsa

227 3165 431 3232 postea
463 3159 632 3215 dicit:
667 3183 694 3210 «
745 3160 912 3215 Nunc
943 3159 1042 3231 qui
1100 3160 1275 3216 habet
1323 3160 1646 3228 sacculum,
1707 3160 1874 3216 tollat
1917 3229 1945 3232 _
1983 3165 2214 3217 tantum
2247 3175 2573 3232 speremus,
2605 3158 2761 3213 mala
2791 3163 2990 3214 autem
3023 3163 3252 3214 tantum
3288 3160 3628 3216 timeamus.

229 3229 503 3304 similiter
532 3253 588 3305 et
611 3265 811 3322 peram
844 3229 977 3320 (Luc
1004 3267 1141 3317 χχιι,
1174 3249 1284 3320 36).
1314 3271 1341 3299 ››
1373 3250 1871 3322 Hujusmodiergo
1905 3229 1948 3296 (ἶ
1986 3251 2066 3305 Ac
2100 3267 2200 3322 per
2230 3229 2338 3303 hoc
2370 3248 2432 3302 B.
2465 3246 2869 3303 Jacobuslicet
2893 3247 3087 3303 dicat:
3125 3269 3153 3298 «
3183 3248 3266 3302 Tu
3292 3248 3634 3320 credisquia

230 3338 534 3394 Dominica
563 3343 850 3412 praecepta
895 3355 1027 3394 cum
1079 3339 1326 3394 discrete
1383 3339 1872 3407 intermittuntur,

228 3427 436 3482 beatus
467 3426 880 3500 proculdubio
939 3427 1308 3483 intermissor
1353 3426 1546 3483 taliter
1606 3428 1870 3484 habetur.

230 3515 382 3571 Sunt
409 3532 642 3586 quoque
674 3515 786 3569 alia
820 3532 948 3586 quae
993 3515 1166 3570 etiam
1200 3517 1486 3586 perfectos
1518 3516 1875 3580 conturbant

227 3601 416 3658 nimia
444 3600 769 3655 subtilitate
815 3617 942 3667 sua,
980 3605 1044 3655 ut
1090 3604 1215 3655 est:
1250 3624 1275 3648 ‹‹
1311 3601 1434 3656 Non
1496 3602 1873 3674 concupisces

226 3688 418 3762 (Exod.
453 3704 546 3753 xx,
586 3690 693 3756 17),
729 3709 756 3735 ››
789 3692 847 3742 et
876 3705 990 3742 non
1041 3687 1230 3742 solum
1289 3689 1719 3757 contumeliosi,
1771 3692 1872 3745 sed

225 3779 402 3835 etiam
448 3776 618 3832 otiosi
669 3762 828 3830 verbi
885 3775 1200 3830 vehemens
1273 3776 1604 3832 interdictio
1664 3778 1870 3849 (Matth.

225 3883 328 3932 x11,
358 3865 450 3937 36)
469 3883 481 3932 ;
498 3865 556 3919 in
583 3864 800 3936 quibus
820 3880 953 3918 cum
977 3863 1506 3934 transgrediuntur,
1533 3882 1646 3920 non
1671 3866 1874 3938 utique

223 3971 428 4011 eorum
459 3954 606 4010 fides
631 3953 930 4009 sauciatur
958 3952 1059 4006 sed
1093 3952 1372 4008 sanctitas
1414 3954 1874 4011 conversationis

221 4043 628 4113 deterioratur,
681 4040 952 4113 quamvis
1000 4043 1131 4112 post
1182 4040 1686 4113 concupiscentias
1733 4061 1872 4100 suas

224 4149 340 4188 non
371 4133 583 4199 eundo,
616 4148 684 4187 ex
713 4129 902 4186 verbis
929 4145 1158 4201 quoque
1181 4129 1305 4185 suis
1337 4146 1463 4185 sese
1489 4131 1704 4186 acriter
1725 4133 1875 4202 diiu-

226 4221 480 4277 dicando
509 4223 778 4292 reparata
809 4217 1165 4286 melioretur,
1199 4218 1490 4290 pracipue
1543 4219 1642 4273 ubi
1675 4222 1870 4289 corde,

233 4325 350 4376 ore,
382 4325 554 4382 opere
585 4312 697 4365 Deo
729 4307 879 4363 Patri
915 4324 1021 4362 suo
1049 4306 1308 4379 quotidie
1358 4307 1440 4362 sic
1487 4308 1867 4380 profitentur:

237 4419 264 4447 ‹‹
296 4398 536 4454 Dimitte
558 4396 726 4453 nobis
757 4395 952 4452 debita
980 4399 1198 4465 nostra,
1233 4394 1382 4451 sicut
1411 4400 1467 4450 et
1491 4413 1597 4452 nos
1619 4397 1873 4453 dimitti-

233 4503 368 4543 mus
398 4486 760 4543 debitoribus
804 4485 1021 4541 nostris
1053 4484 1252 4556 (Matth.
1285 4501 1360 4549 v1,
1398 4485 1547 4556 12).»
1573 4485 1718 4541 Hinc
1733 4491 1872 4542 sunt

1991 3356 2143 3394 unus
2165 3342 2254 3394 est
2285 3338 2466 3404 Deus;
2493 3339 2640 3392 bene
2671 3336 2836 3405 facis,
2870 3341 2926 3392 et
2957 3337 3264 3393 dzemones-
3283 3339 3552 3403 credunt,
3577 3341 3635 3394 et

1985 3427 2444 3484 contremiscunt
2475 3428 2605 3498 (Jac.
2638 3443 2698 3492 ιι,
2736 3426 2855 3496 19);
2889 3448 2915 3473 ››
2950 3426 3008 3479 in
3041 3425 3148 3480 hoc
3171 3431 3368 3481 tamen
3383 3426 3630 3481 creduli-

1983 3521 2075 3571 tas
2107 3532 2416 3588 parvorum
2470 3514 2774 3569 hominum
2808 3531 2840 3567 a
2898 3513 3242 3568 credulitate
3290 3514 3624 3569 diemonum

1984 3604 2197 3668 ditl'ert,
2233 3602 2374 3673 quia
2402 3603 2562 3672 pravi
2623 3601 2890 3655 homines
2947 3601 3194 3656 credunt
3242 3605 3299 3656 et
3351 3606 3629 3674 sperant;

1984 3693 2276 3747 daemones
2307 3695 2502 3744 autem
2537 3689 2784 3744 credunt
2813 3688 3073 3760 quidem,
3097 3689 3198 3744 sed
3229 3705 3342 3744 non
3367 3694 3625 3763 sperant,

1983 3781 2101 3836 imo
2133 3781 2464 3850 desperant,
2499 3781 2554 3832 et
2579 3777 2706 3831 ideo
2728 3777 3203 3832 contremiscunt.
3238 3779 3402 3844 Quod
3435 3779 3484 3835 si
3503 3796 3628 3851 per-

1982 3868 2130 3924 versi
2161 3867 2428 3922 homines
2457 3865 2700 3920 credunt
2733 3864 2992 3936 quidem,
3046 3865 3145 3920 sed
3205 3884 3321 3922 non
3367 3873 3625 3939 sperant.

1975 3957 2101 4028 jam
2125 3973 2158 4010 a
2187 3953 2529 4011 credulitate
2561 3953 2892 4008 daemonum
2918 3953 2994 4007 nil
3029 3953 3270 4010 distant.
3304 3957 3415 4011 Sed
3448 3958 3632 4012 scien-

1982 4045 2122 4100 dum
2157 4043 2314 4116 quia,
2351 4043 2505 4098 sicut
2538 4043 2758 4098 malum
2791 4046 2880 4097 est
2901 4041 3243 4099 hominibus
3265 4044 3628 4116 desperando

1983 4150 2242 4206 peccare,
2276 4131 2380 4197 sic,
2417 4137 2475 4189 et
2502 4149 2681 4206 supra
2708 4132 2947 4187 modum
2981 4133 3291 4204 sperando,
3326 4134 3396 4189 de
3422 4133 3516 4189 die
3570 4133 3629 4188 in

1983 4223 2139 4278 diem
2194 4221 2596 4294 poenitentiam
2647 4222 2898 4289 differre,
2934 4221 3308 4295 peccatisque
3391 4229 3630 4296 peccata

1983 4311 2216 4379 addere,
2251 4313 2307 4364 et
2339 4325 2406 4364 ex
2424 4309 2508 4366 eis
2539 4309 2694 4366 velut
2721 4310 2923 4366 restim
2956 4310 3188 4384 longam
3251 4311 3362 4367 sibi
3422 4317 3629 4379 texere,

1983 4417 2101 4472 qua
2132 4401 2188 4454 in
2224 4398 2336 4453 fine
2357 4397 2529 4470 legati
2567 4416 2777 4455 manus
2811 4404 2864 4454 et
2887 4401 3063 4472 pedes
3090 4400 3524 4473 prmcipitentur
3570 4403 3630 4457 in

1982 4492 2253 4547 tenebras
2287 4489 2622 4555 exteriores,
2655 4507 2826 4560 quos,
2862 4491 3124 4562 quandiu
3159 4508 3262 4547 nec
3294 4492 3628 4565 desperant,

231 4579 291 4632 et
319 4573 431 4630 alia
460 4591 586 4647 quae
613 4575 722 4631 etsi
755 4575 826 4629 ad
885 4573 1294 4647 perfectionem
1337 4572 1533 4629 minus
1577 4575 1867 4646 perfectos
1901 4592 1950 4657 D
1982 4597 2086 4635 nec
2115 4582 2354 4651 peccata
2373 4595 2480 4633 sua
2508 4577 2852 4644 defendunt,
2879 4595 3252 4651 nequaquam
3272 4597 3306 4635 a
3331 4581 3630 4636 catholica:

231 4663 494 4731 invitent,
527 4668 723 4719 tamen
756 4663 1060 4719 arbitrium
1085 4678 1286 4718 eorum
1319 4663 1663 4719 necessitate
1725 4681 1869 4736 prae-

229 4756 496 4826 gravant,
557 4756 622 4807 ut
680 4756 802 4808 est:
836 4775 863 4801 «
920 4752 979 4806 Si
1036 4751 1121 4806 vis
1163 4750 1455 4822 perfectus
1512 4769 1657 4816 esse,
1704 4755 1868 4821 vade,

225 4841 410 4899 vende
458 4841 656 4897 omnia
713 4857 840 4912 quae
889 4839 1071 4895 babes
1124 4839 1332 4909 (Matth.
1386 4857 1503 4911 χιχ,
1560 4841 1675 4912 21).
1713 4864 1740 4890 ››
1772 4843 1868 4898 Et:

231 4953 260 4982 κ
289 4929 601 5002 Quipotest
622 4945 826 5002 capere
857 4927 1048 5000 capiat
1071 4928 1250 4998 (Ibid.,
1275 4927 1384 5000 12).
1411 4949 1439 4976 ››
1471 4929 1604 4994 Quae
1623 4934 1874 5001 quatuor

227 5017 591 5075 diversitates
613 5017 940 5072 divinorum
955 5020 1376 5088 praceptorum
1389 5015 1796 5088 spiritualibus
1818 5024 1874 5074 et

224 5121 360 5162 vere
389 5105 691 5162 catholicis
721 5109 1079 5179 competunt,
1113 5105 1211 5177 qui
1245 5105 1514 5178 quamvis
1533 5123 1648 5162 non
1673 5109 1872 5165 omnia

225 5195 508 5250 mandata
539 5195 635 5251 Dei
667 5193 750 5251 sic
780 5194 1026 5250 audiunt
1053 5197 1118 5248 ut
1148 5193 1378 5262 faciant,
1411 5198 1608 5250 tamen
1667 5212 1869 5253 eorum

223 5300 431 5341 sanam
454 5285 628 5340 ﬁdem
659 5288 816 5340 recta
839 5299 1010 5355 opera
1038 5281 1381 5338 clariﬁcant.
1406 5283 1606 5338 Restat
1639 5285 1866 5356 quinta,

222 5389 352 5446 quae
383 5373 584 5430 ﬁdeles
615 5373 876 5446 quidem,
909 5372 1008 5428 sed
1042 5376 1238 5427 tamen
1272 5370 1535 5427 carnales
1594 5376 1649 5427 et
1692 5375 1868 5431 rudes

221 5461 522 5529 informat,
553 5467 609 5518 et
636 5480 670 5518 a
690 5461 926 5535 ﬂagitiis
950 5467 1122 5532 atque
1175 5459 1532 5515 facinoribus
1582 5462 1858 5530 refrenat,

223 5552 291 5606 ut
319 5553 408 5606 est
436 5551 773 5624 Decalogus,
805 5554 861 5606 et
892 5549 1227 5621 hujusmodi
1253 5552 1476 5614 caetera,
1505 5548 1686 5604 sicut:
1723 5574 1750 5599 ‹‹
1777 5551 1870 5607 Di-

220 5637 368 5710 liges
398 5641 713 5698 Dominum
743 5641 928 5698 Deum
948 5643 1116 5696 tuum
1139 5654 1207 5694 ex
1235 5641 1353 5717 toto
1372 5639 1542 5693 corde
1566 5642 1664 5694 tuo
1682 5640 1864 5709 (Deut.

1984 4668 2248 4724 Ecclesiae
2282 4667 2556 4739 paradiso
2589 4671 2850 4722 extrema
2906 4667 3197 4722 sententia
3254 4667 3627 4733 damnamus,

1985 4756 2254 4828 quamvis
2269 4755 2496 4810 interdu
2510 4771 2562 4809 m
2580 4771 2613 4809 a
2634 4754 3048 4810 communione
3063 4760 3263 4810 nostra
3287 4754 3627 4827 aliquandiu

1984 4844 2220 4900 medelas
2252 4860 2429 4899 causa
2463 4859 2886 4898 removeamus.
2922 4844 2992 4898 Et
3033 4843 3163 4898 ideo
3193 4848 3423 4898 constat
3479 4843 3628 4898 tales

1983 4933 2177 4988 adhuc
2207 4930 2530 5003 computari
2565 4930 2715 4984 inter
2737 4929 2957 4997 fideles,
2982 4935 3038 4985 et
3055 4931 3325 5002 quamvis
3352 4931 3628 4986 crimino-

1981 5039 2100 5091 sos,
2126 5040 2239 5078 non
2267 5026 2462 5076 tamen
2497 5023 2651 5074 recte
2682 5018 2796 5073 dici
2824 5019 3057 5091 impios,
3082 5019 3220 5091 quia
3249 5041 3270 5069 ι
3323 5019 3564 5092 impius,
3596 5040 3623 5071 ο

1980 5109 2038 5164 id
2070 5115 2160 5165 est
2190 5107 2464 5174 infidelis,
2501 5130 2528 5156 ‹‹
2559 5123 2692 5161 cum
2723 5107 2942 5161 venerit
2973 5107 3030 5161 in
3063 5108 3420 5179 profundum
3446 5106 3629 5164 malo-

1981 5215 2134 5266 rum,
2167 5196 2489 5253 contemnit
2518 5196 2815 5267 (Prov.xv,
2849 5196 2924 5265 3).
2959 5217 2986 5245 ››
3028 5197 3225 5266 Itaque
3257 5213 3362 5252 nec
3393 5196 3490 5251 isti
3523 5213 3628 5250 au-

1980 5287 2212 5342 dierunt
2243 5285 2557 5342 Dominum
2592 5283 3327 5353 criminainterdicentem,
3363 5293 3415 5340 et
3434 5290 3627 5340 tamen

1980 5377 2225 5432 credunt
2253 5375 2326 5442 ei,
2360 5375 2512 5429 sicut
2539 5391 2718 5446 supra
2744 5377 3108 5429 monstratur
3138 5373 3454 5443 evidenter,
3473 5373 3627 5446 quod

1978 5470 2035 5520 et
2065 5466 2135 5520 de
2165 5463 2258 5519 his
2291 5463 2608 5518 dicendum
2630 5466 2743 5526 est,
2769 5461 2867 5534 qui
2893 5463 3066 5518 etiam
3101 5462 3170 5518 de
3191 5480 3426 5518 summo
3449 5463 3630 5517 virtu-

1977 5557 2106 5610 tum
2137 5552 2393 5607 culmine
2423 5552 2495 5607 ad
2528 5550 2648 5607 ima
2678 5551 2950 5608 vitiorum
2984 5553 3108 5626 pari
3145 5554 3316 5609 modo
3361 5567 3632 5609 nonnun-

1982 5659 2164 5716 quam
2192 5646 2493 5699 corruunt.
