4004 6210
291 401 451 478 {085

851 405 1264 472 ADVERSUS
1309 395 1778 469 SIMONIACOS
1820 389 2034 460 LIBRI
2075 394 2387 459 TRES.—
2411 395 2649 460 LIBER
2691 391 3128 463 SECUNDUS.

3535 393 3692 463 1086

293 543 601 616 utriusque
631 541 789 598 modi
811 540 1428 614 negotiatoribus,quae
1451 537 1529 593 sit
1541 534 1763 608 jugiter
1784 548 1937 588 com-
1963 526 2020 593 Α
2045 529 2343 587 tellectum
2375 530 2703 586 doctissimi
2735 530 2921 586 Patris
2951 530 3462 603 Augustini,prius
3496 549 3689 604 prosa,

296 631 495 688 munis
552 631 796 687 intentio
843 631 930 686 vel
990 647 1188 693 causa,
1243 629 1450 684 deinde
1507 643 1633 697 quas
1689 623 1931 696 privata.

296 721 465 792 Ergo,
488 725 552 776 ut
581 720 918 776 summalim
949 719 1195 784 dicatur,
1244 718 1366 772 haec
1412 716 1577 771 nobis
1605 711 1936 769 communis

295 808 562 880 utrisque
593 809 837 864 intentio
859 809 917 863 in
945 825 1049 864 suo
1081 807 1310 879 negotio
1339 806 1586 868 videtur,
1613 802 1750 874 quia
1780 805 1934 855 uter-

296 913 410 969 que
441 897 645 968 quaerit
675 896 1072 969 temporaliter
1091 895 1262 950 ditari
1287 893 1708 965 temporalibus
1739 891 1934 944 rebus.

295 986 418 1050 Quo
449 986 516 1040 fit
543 989 609 1040 ut
637 987 900 1058 utrisque
931 984 1166 1057 pariter,
1199 983 1465 1056 quamvis
1501 999 1600 1054 per
1629 979 1937 1035 diversita-

299 1079 415 1130 tem
472 1074 797 1130 otﬁciorum
846 1091 1110 1140 suorum,
1153 1072 1457 1144 impariter
1512 1070 1798 1126 feriantur
1838 1065 1938 1121 illo

298 1162 486 1234 elogio
513 1162 803 1234 Sapientis
832 1179 893 1218 ια
923 1162 1030 1227 Qui
1061 1162 1268 1235 quaerit
1299 1160 1473 1216 ditari
1505 1176 1619 1214 non
1651 1158 1761 1214 erit
1782 1158 1943 1211 iuno-

300 1267 438 1306 cens
469 1252 649 1320 (Prov.
690 1269 887 1319 xxvm,
919 1252 1032 1323 20).
1064 1275 1090 1300 ››
1121 1251 1265 1306 Nam
1317 1249 1640 1305 secundum
1673 1261 1940 1302 commu-

300 1355 432 1395 nem
462 1339 846 1395 intentionem
905 1357 1214 1396 commune
1266 1340 1549 1394 damnum
1599 1333 1942 1391 innocentia:

300 1427 693 1494 incurrunt,li(
713 1433 768 1484 et
800 1446 902 1501 pro
934 1429 1155 1484 ordinis
1185 1427 1520 1483 diversitate
1554 1442 1706 1480 unus
1728 1424 1941 1493 majus,

302 1514 448 1572 alter
478 1516 696 1572 minus.
731 1517 893 1581 Quod
924 1534 1037 1571 non
1072 1521 1130 1571 et
1159 1530 1470 1570 commune
1500 1518 1588 1569 est
1620 1513 1704 1568 eis
1728 1510 1944 1583 negotii

302 1621 480 1660 causa
532 1621 754 1660 merces
802 1621 1142 1676 proponere,
1185 1608 1399 1668 taxare,
1450 1602 1716 1677 vendere,
1772 1604 1946 1670 atque

302 1697 623 1764 emptorem
645 1693 945 1764 cupere.In
967 1693 1183 1764 quibus
1197 1691 1246 1747 si
1267 1691 1347 1745 nil
1367 1691 1524 1745 aliud
1545 1689 1945 1752 intercederet,

302 1785 404 1836 aut
433 1780 616 1849 nulla,
660 1784 761 1836 aut
810 1781 1058 1835 minima
1102 1779 1274 1852 culpa
1321 1784 1494 1834 esset.
1543 1779 1742 1848 Neque
1788 1775 1944 1832 enim

303 1868 486 1940 culpae
520 1869 935 1940 imputandum
980 1872 1087 1936 est,
1121 1870 1168 1924 si
1219 1867 1552 1923 communis
1583 1864 1947 1922 necessitatis
1980 1890 2028 1955 Β

302 1973 480 2012 causa
511 1972 732 2012 merces
756 1957 988 2013 venales
1026 1962 1444 2029 proponantur,
1479 1959 1771 2024 taxentur,
1810 1971 1946 2008 vcn-

305 2043 522 2098 dantur
550 2048 607 2099 et
635 2045 1226 2116 emantur,siquidem
1257 2062 1370 2100 non
1411 2044 1954 2100 illicitevenduntur

307 2149 433 2204 quae
461 2131 617 2187 licite
645 2136 942 2187 emuntur.
977 2134 1076 2188 Est
1106 2133 1280 2188 etiam
1312 2133 1396 2189 eis
1428 2133 1745 2204 aiiquando
1787 2147 1950 2187 com-

308 2220 508 2275 munis
537 2220 950 2276 circumventio
982 2220 1353 2292 fratris,quia
1391 2239 1546 2277 unus
1574 2237 1776 2276 eorum
1807 2236 1952 2290 quo-

310 2307 654 2380 tiescunque
685 2309 1037 2382 negotiatur,
1071 2309 1453 2364 circumvenit
1481 2314 1538 2364 et
1567 2308 1952 2364 circumveni-

312 2400 442 2464 tur;
476 2395 622 2452 alter
654 2400 870 2462 autem,
902 2397 1010 2452 etsi
1050 2395 1389 2468 aliquando,
1423 2413 1539 2451 non
1570 2401 1766 2450 tamen
1799 2411 1953 2450 sem-

310 2500 430 2556 per.
467 2485 546 2540 De
577 2501 692 2556 qua
720 2485 1234 2552 circumventione,
1281 2485 1551 2556 quamvis
1605 2483 1818 2538 vindex
1881 2483 1956 2539 sit

310 2573 595 2628 Dominus
615 2573 674 2627 in
705 2577 1040 2645 utrumque,
1064 2577 1259 2628 tamen
1283 2591 1395 2628 non
1428 2573 1661 2645 gravius
1687 2573 1745 2627 in
1769 2589 1956 2627 unum

313 2677 489 2733 quam
520 2660 769 2717 alterum
803 2679 906 2733 pro
937 2661 1449 2717 circumventionis
1468 2666 1524 2716 et
1554 2679 1743 2716 causa:
1767 2661 1956 2734 quali-

309 2753 446 2806 tate.
481 2751 574 2805 Sic
604 2755 662 2806 et
688 2750 879 2806 viliter
907 2752 1155 2806 vendere
1186 2768 1312 2822 quae
1345 2768 1476 2806 care
1523 2754 1758 2821 accepta
1795 2754 1954 2818 sunt,

314 2839 582 2911 utrisque
603 2843 692 2895 est
712 2839 1026 2912 aliquando
1057 2856 1388 2905 commune,
1413 2841 1554 2913 quia
1583 2857 1736 2896 unus
1757 2857 1958 2896 eorum

311 2928 777 3000 quotiescunque
807 2929 1003 2984 vendit
1053 2929 1194 3001 quid
1243 2945 1373 2984 care
1421 2933 1741 3000 acceperat,
1770 2927 1961 2983 viliter

312 3017 621 3084 distrahit;
655 3016 801 3073 alter
843 3022 1038 3073 autem
1082 3018 1192 3074 etsi
1238 3017 1572 3090 aliquando,
1606 3034 1720 3072 non
1760 3021 1958 3072 tamen

311 3106 534 3162 sedulo.
568 3107 635 3161 Et
675 3110 872 3162 tamen
923 3106 1019 3162 ille
1069 3123 1300 3179 semper
1336 3105 1528 3161 viliter
1555 3106 1958 3176 :distrahendo

313 3195 469 3266 quod
499 3210 700 3250 carum
731 3199 821 3252 est
849 3195 1166 3251 enormiter
1196 3201 1422 3267 peccat;
1454 3195 1547 3250 hic
1583 3199 1779 3250 autem
1823 3195 1957 3249 inde

2045 620 2254 676 deinde
2294 624 2477 675 metro
2511 620 2594 674 sic
2624 620 2896 675 edisserit
2928 636 2940 673 :
2972 645 2999 668 (ι
3031 618 3123 673 Nil
3156 620 3309 674 Deus
3332 621 3504 689 jubet
3533 622 3688 692 quod

2045 710 2154 764 sibi
2189 709 2392 781 prosit,
2416 710 2514 765 sed
2550 708 2630 763 illi
2667 709 2759 763 cui
2787 709 3128 779 jubet.ldeo
3157 725 3329 764 verus
3361 713 3449 763 est
3494 713 3691 765 Domi-

2047 816 2160 853 nus
2190 799 2287 870 qui
2323 815 2487 854 servo
2518 815 2631 852 non
2663 798 2901 869 indiget,
2934 802 2990 852 et
3021 815 3134 868 quo
3165 796 3625 872 servusindiget.
3663 820 3690 847 ››

2371 889 2727 958 Epigramma
2756 891 2916 959 cujus
2943 890 2993 942 et
3023 887 3166 941 unde
3192 902 3378 956 supra.

2049 1004 2162 1075 Non
2195 1002 2314 1050 ideo
2346 1001 2638 1075 quidquam
2668 1001 2890 1050 mandat
2907 1003 3069 1075 Deus,
3087 1005 3160 1073 “ut
3190 1001 3288 1049 sibi
3311 1002 3476 1063 prosit

2112 1066 2215 1113 Nec
2245 1064 2382 1113 servi
2413 1064 2587 1114 officio
2617 1079 2775 1113 verus
2805 1068 2924 1126 eget
2953 1064 3225 1112 Dominus.

2048 1127 2212 1190 Cujus
2240 1127 2517 1190 prmeeptis
2547 1131 2772 1180 augetur
2801 1126 3225 1190 qui‘famulatur.

2113 1189 2296 1252 Fitque
2329 1189 2774 1252 minoriquisquis
2798 1188 3018 1251 negligit
3045 1189 3348 1250 imperium.

2051 1253 2186 1314 Nam,
2211 1251 2350 1299 Deus
2382 1251 2740 1313 omnipotens,
2773 1251 2930 1300 simul
2962 1252 3437 1314 omnitenensque
3461 1256 3697 1314 potestas

2114 1313 2194 1362 Nil
2224 1313 2397 1376 perdit
2426 1315 2717 1376 proprium,
2748 1314 2819 1362 nil
2850 1314 2992 1376 capit
3019 1313 3318 1362 occiduum.

2054 1376 2334 1438 Nunquam
2363 1389 2471 1424 non
2503 1377 2691 1425 habuit
2735 1377 2880 1439 quod
2920 1375 3109 1434 habet,
3142 1375 3276 1424 dans
3315 1375 3574 1501 quidqlfilin
3608 1377 3695 1424 ha-

3549 1453 3637 1487 ere

3549 1453 3637 1487 ere

2119 1500 2370 1557 Proderit,
2407 1504 2458 1551 et
2487 1514 2708 1550 sumens
2739 1500 2952 1549 nonnisi
2984 1501 3126 1563 quod
3157 1499 3379 1550 dederit.

2649 1617 2875 1672 CAPUT
2912 1616 3106 1672 XVIII.

2058 1706 2130 1760 De
2157 1721 2216 1759 eo
2245 1705 2384 1774 quod
2409 1706 2658 1760 carnales
2691 1706 2944 1761 Ecclesiae
2971 1707 3093 1760 sine
3119 1706 3226 1773 ﬁde
3250 1723 3360 1761 non
3389 1708 3500 1762 sint
3530 1709 3704 1762 instar

2226 1777 2433 1844 Ruben,
2467 1785 2517 1830 et
2550 1777 2683 1843 Gad,
2713 1785 2762 1830 ct
2788 1777 3034 1831 dimidia:
3064 1779 3237 1832 tribus
3265 1779 3529 1833 Manasse.

2168 1866 2376 1921 Verum
2411 1869 2475 1919 ut
2505 1865 2575 1919 ad
2615 1882 2651 1935 p
2672 1865 3152 1936 ropositosnobis
3198 1868 3587 1937 negotiatores
3617 1885 3704 1922 re-

2061 1954 2325 2019 deamus,
2367 1952 2601 2008 illorum
2648 1957 2738 2007 est
2783 1953 2978 2024 ipsum
3030 1953 3213 2008 Deum
3265 1958 3321 2008 et
3366 1955 3704 2024 Dominum,

2061 2042 2347 2114 Spiritum
2376 2040 2576 2112 utique
2609 2045 2877 2095 sanctum
2910 2041 3172 2095 venalem
3222 2042 3454 2097 credere
3503 2046 3559 2097 et
3603 2042 3706 2098 ha-

2061 2132 2224 2198 bere;
2267 2131 2510 2186 istorum
2567 2147 2724 2195 vero,
2773 2129 2821 2183 si
2875 2130 2943 2185 ad
2999 2130 3353 2200 profundum
3414 2130 3706 2187 malorum

2063 2219 2313 2274 avaritiae
2347 2217 2989 2290 pervenerint,amimas
3021 2235 3158 2272 suas
3188 2217 3419 2273 venales
3472 2218 3704 2287 habere,

2064 2325 2168 2364 nec
2199 2313 2392 2362 tamen
2429 2307 2662 2361 credere
2711 2323 2773 2361 se
2822 2322 2992 2378 posse
3039 2322 3138 2360 eas
3187 2304 3362 2362 alicui
3400 2307 3708 2363 hominum

2061 2397 2310 2452 vendere
2340 2399 2442 2450 aut
2471 2396 2628 2450 dare.
2665 2395 2807 2449 [line
2854 2393 3035 2449 vivaci
3086 2395 3300 2450 mentis
3332 2395 3453 2450 acie
3491 2396 3707 2452 rescul-

2064 2483 2252 2555 pendo
2271 2498 2614 2537 communes
2627 2484 2682 2536 et
2699 2479 3020 2552 peculiares
3031 2481 3242 2536 horum
3260 2483 3708 2553 negotiatorum,

2065 2589 2212 2644 quas
2245 2568 2922 2643 praenotavimus,lineas
2951 2569 3251 2641 sigillatim
3284 2570 3708 2643 diseernamus,

2067 2660 2201 2733 quis
2232 2676 2434 2716 eorum
2469 2658 2658 2731 magis
2689 2663 2909 2730 peccat,
2945 2662 3044 2714 aut
3073 2658 3205 2730 quis
3237 2658 3438 2732 Scyllae
3471 2677 3571 2716 seu
3606 2662 3709 2717 Ca-

2066 2749 2218 2804 ribdi
2268 2747 2524 2821 perfidize
2575 2746 2764 2818 magis
2822 2747 3274 2819 appropinquat.
3327 2749 3392 2802 Et
3439 2748 3712 2820 primitus

2067 2838 2442 2893 attendamus
2465 2835 2762 2891 saecularis
2790 2835 3001 2908 negotii
3031 2836 3474 2907 professores,in
3497 2838 3713 2908 quibus

2067 2925 2402 2996 delinquere
2433 2924 2676 2980 soleant.
2725 2925 2899 2979 Plane
2949 2923 3302 2996 delinquunt
3331 2925 3387 2979 in
3418 2925 3527 2980 hoc
3559 2927 3713 2997 quod

2068 3014 2240 3069 ditari
2271 3012 2670 3085 temporaliter
2691 3017 3088 3084 qumrunt,sed
3111 3012 3245 3085 quis
3268 3013 3562 3069 invenitur
3584 3015 3715 3087 pius

2061 3104 2226 3172 justo
2258 3102 2430 3158 ditari
2462 3119 2578 3156 non
2611 3103 2900 3174 cupidus?
2930 3106 3082 3157 certe
3127 3101 3431 3157 rarissima
3475 3108 3564 3158 est
3607 3103 3714 3158 hu-

2061 3191 2325 3262 jusmodi
2361 3189 2634 3245 volucris.
2668 3189 3030 3263 Delinquunt
3068 3189 3244 3244 etiam
3294 3190 3353 3244 in
3404 3191 3512 3246 hoc
3561 3193 3714 3263 quod

313 3283 590 3338 meritum
621 3284 731 3340 sibi
762 3285 983 3340 bonum
1015 3289 1073 3340 et
1101 3282 1348 3357 gratiam
1380 3284 1533 3357 apud
1566 3285 1748 3339 Deum
1771 3287 1827 3339 et
1852 3282 1956 3338 ho-
1987 3257 2030 3323 (ἶ
2068 3279 2216 3335 lucri
2247 3279 2440 3334 studio
2471 3279 2938 3334 circumveniunt
2966 3279 3024 3331 in
3059 3279 3289 3349 negotio
3318 3279 3526 3335 fratres
3550 3297 3708 3347 suos,

317 3371 508 3427 mines
538 3377 843 3445 praeparat.

387 3460 655 3516 Diximus
686 3463 923 3517 tandem
954 3479 1082 3534 qua:
1132 3461 1250 3517 sint
1295 3462 1562 3533 utrisque
1601 3462 1957 3530 communia,

313 3550 584 3605 dicamus
613 3553 670 3604 et
694 3566 822 3620 quae
853 3555 990 3605 sunt
1010 3549 1254 3621 privata,
1285 3549 1692 3621 episcopis,vel
1718 3549 1958 3620 reliquis

313 3635 486 3691 cleris
540 3652 789 3707 quorum
840 3637 1084 3691 interest
1125 3636 1322 3691 divina
1369 3640 1736 3692 sacramenta
1767 3637 1960 3691 admi-

313 3724 586 3792 nistrare,
649 3723 1007 3796 praecipuum
1066 3728 1154 3778 est
1211 3728 1267 3778 et
1329 3724 1646 3795 singulare,
1708 3740 1959 3779 mercem

313 3813 609 3870 caelestem
641 3816 870 3868 tantum
921 3827 1260 3884 proponere,
1309 3811 1395 3866 vel
1446 3827 1762 3882 exponere;
1797 3811 1960 3867 laicis

315 3906 534 3969 autem,
566 3899 653 3957 vel
685 3900 907 3956 caeteris
937 3899 1232 3956 saecularis
1271 3899 1485 3972 negotii
1534 3899 1961 3970 professoribus

313 3995 605 4047 terrenam
645 3993 875 4045 tantum
927 3993 983 4044 et
1032 3987 1397 4055 saecularem;
1443 3986 1678 4043 illorum
1729 4005 1963 4061 quoque

315 4083 404 4136 est
445 4096 568 4135 rem
614 4096 730 4134 non
782 4095 975 4144 suam,
1020 4077 1449 4132 contradicente
1504 4092 1571 4132 eo
1629 4078 1799 4148 cujus
1852 4083 1958 4145 est,

315 4185 547 4242 semper
604 4184 944 4241 proponere,
1013 4171 1208 4222 taxare
1260 4169 1317 4221 et
1369 4166 1649 4233 vendere;
1714 4166 1960 4222 istorum

315 4261 511 4314 autem
562 4273 728 4313 suam
789 4255 1160 4312 solummodo
1220 4254 1452 4310 nemine
1503 4255 1958 4312 contradicente.

315 4347 481 4403 Haud
515 4363 684 4403 secus
731 4345 966 4401 illorum
1016 4349 1105 4400 est
1152 4361 1382 4416 semper
1410 4342 1597 4399 viliter
1627 4344 1963 4402 venundare

317 4453 434 4491 non
464 4435 857 4504 sua;istorum
880 4436 1075 4490 autem
1098 4433 1193 4488 vix
1213 4432 1527 4504 aliquando
1547 4431 1966 4490 viliterdistra-

317 4523 455 4579 here
485 4540 612 4580 sua.
644 4523 1039 4580 Nihilominus
1070 4521 1303 4578 illorum
1357 4526 1446 4576 est
1491 4519 1673 4592 gratis
1703 4525 1960 4592 accepta,

320 4628 438 4667 non
467 4612 647 4685 gratis
667 4613 1083 4682 dare;istorum
1105 4628 1240 4667 vero
1262 4615 1350 4666 est
1372 4627 1486 4666 non
1510 4610 1691 4682 gratis
1712 4614 1967 4683 accepta,

321 4718 439 4757 non
471 4701 652 4774 gratis
683 4702 839 4757 dare.
882 4702 1030 4757 Nam
1089 4701 1139 4757 si
1183 4699 1494 4772 diligenter
1542 4699 1963 4755 consideretur.

319 4806 625 4862 nunquam
654 4791 726 4846 ab
753 4790 989 4846 homine
1020 4790 1196 4845 homo
1226 4788 1407 4862 gratis
1429 4787 1649 4859 aliquid
1675 4789 1966 4845 commodi

319 4878 687 4952 adipiscitur,
716 4883 819 4935 aut
847 4879 1003 4935 enim
1038 4896 1140 4951 pro
1172 4877 1472 4950 obsequio,
1506 4880 1608 4932 aut
1646 4893 1748 4949 pro
1777 4877 1967 4934 favore

321 4967 581 5023 humano
610 4966 697 5023 vel
728 4968 936 5039 gratia,
969 4971 1071 5023 aut
1119 4983 1222 5039 pro
1272 4967 1811 5038 recompensatione
1841 4984 1965 5024 ma-

322 5055 517 5112 nualis
545 5056 809 5111 muneris
840 5056 1052 5127 accipit
1081 5055 1237 5128 quod
1269 5054 1500 5128 accipit,
1531 5059 1589 5111 et
1619 5053 1668 5110 si
1701 5071 1804 5127 pro
1849 5055 1965 5112 Deo

321 5144 446 5201 solo
492 5145 564 5200 ab
604 5143 843 5200 homine
890 5145 1043 5216 quod
1099 5142 1328 5214 accipit,
1374 5141 1558 5197 multo
1613 5142 1800 5215 magis
1851 5160 1966 5199 non

322 5234 507 5307 gratis
538 5233 762 5304 accipit,
793 5233 932 5306 quia
987 5239 1046 5288 et
1092 5232 1217 5304 ipse
1265 5232 1441 5287 homo
1469 5249 1503 5286 a
1532 5231 1647 5286 Deo
1694 5237 1758 5286 ut
1804 5231 1968 5288 alteri

323 5323 463 5379 dare
494 5321 681 5396 possit
708 5322 948 5394 accepit,
981 5326 1037 5377 et
1067 5321 1257 5376 dando
1289 5320 1564 5375 meritum
1595 5321 1750 5391 apud
1783 5321 1970 5376 Deum

324 5411 574 5484 reponit,
592 5409 692 5482 qui
725 5410 885 5466 solus
923 5410 1052 5466 ideo
1075 5426 1246 5465 verus
1277 5413 1367 5464 est
1392 5408 1546 5463 Deus
1575 5411 1632 5462 et
1661 5408 1967 5478 Dominus,

326 5500 625 5573 quoniam.
660 5501 983 5555 secundum
1013 5497 1407 5564 Psalmistam,
1431 5497 1718 5552 bonorum
1744 5502 1970 5553 nostro-

327 5607 460 5646 rum
491 5606 607 5645 non
634 5591 764 5661 eget
790 5589 955 5660 (Psal.
988 5605 1080 5655 xv,
1111 5587 1188 5658 2).
1220 5586 1300 5641 De
1331 5586 1501 5656 cujus
1533 5583 1879 5657 plenissima
1917 5590 1973 5642 et

327 5678 450 5737 solo
481 5677 842 5752 plenitudine
871 5676 1047 5734 etiam
1078 5675 1346 5748 egregius
1384 5673 1648 5744 Prosper,
1671 5673 1843 5742 juxta
1881 5675 1971 5731 in-

2071 3369 2213 3424 dum
2245 3367 2380 3423 vilia
2409 3368 2602 3423 carius
2633 3366 2750 3421 illis
2780 3367 3058 3433 vendunt,
3086 3366 3170 3422 vel
3215 3383 3350 3421 cara
3388 3366 3583 3423 viliter
3611 3385 3714 3423 au-

2071 3457 2284 3513 ferunt.

2142 3547 2340 3601 Restat
2371 3543 2667 3615 aliquibus
2697 3560 2898 3598 eorum
2925 3542 3067 3597 illud
3103 3543 3425 3598 maximum
3463 3544 3716 3601 avaritiae

2072 3634 2324 3699 culmen,
2358 3649 2472 3704 quo
2523 3631 2698 3686 etiam
2748 3631 2980 3685 animas
3021 3647 3160 3686 suas
3209 3631 3438 3686 venales
3478 3632 3715 3703 habent,

2072 3721 2171 3777 ubi
2202 3738 2299 3776 eas
2329 3724 2590 3791 quaestus
2621 3736 2795 3774 causa
2847 3719 3121 3773 sectando
3171 3719 3326 3774 varia
3371 3720 3618 3777 crimina
3663 3727 3721 3778 et

2070 3812 2306 3882 peccata
2333 3807 2698 3877 occidunt,ex
2727 3806 2942 3878 quibus
2965 3808 3231 3878 quamvis
3256 3808 3462 3863 animm
3484 3809 3717 3866 illorum

2071 3896 2570 3962 moriantur,fides
2583 3901 2779 3950 tamen
2797 3894 2912 3950 illis
2926 3895 3164 3951 omnino
3182 3913 3294 3952 non
3319 3901 3714 3968 extorquetur.

2068 3986 2193 4043 Non
2225 3985 2414 4042 solum
2446 3984 2604 4040 enim
2637 3984 2808 4039 fidem
2842 4001 3046 4039 sanam
3077 4002 3191 4039 non
3223 3985 3595 4058 impugnant,
3619 3992 3720 4042 aut

2072 4075 2345 4142 refutant,
2381 4075 2480 4130 sed
2513 4074 2778 4130 eamdem
2811 4090 3043 4146 quoque
3080 4072 3216 4130 licet
3266 4074 3374 4130 sibi
3424 4079 3718 4131 mortuam

2072 4164 2243 4221 corde
2273 4169 2329 4218 et
2349 4179 2448 4218 ore
2468 4162 2773 4218 defendere
2797 4161 3249 4228 laborant.Quos
3267 4179 3382 4218 non
3402 4163 3720 4236 incongrue

2072 4253 2174 4308 filii
2206 4253 2410 4308 Ruben
2433 4257 2489 4308 et
2509 4252 2654 4320 Gad,
2682 4256 2738 4307 et
2768 4250 3013 4306 dimidia
3042 4251 3232 4308 tribus
3263 4258 3524 4309 Manasse
3544 4252 3722 4325 signi-

2073 4341 2373 4412 ficant,qui
2399 4340 2606 4396 armati
2623 4340 2938 4395 Jordanem
2962 4344 3094 4396 ante
3117 4340 3323 4397 fratres
3346 4359 3503 4409 suos,
3519 4341 3721 4414 eisque

2071 4434 2287 4486 terram
2320 4428 2793 4501 repromissionis
2827 4429 3047 4501 potenti
3081 4429 3318 4486 brachio
3349 4435 3406 4486 et
3435 4431 3586 4487 ferro
3617 4432 3723 4487 de-

2071 4523 2358 4576 certantes
2382 4517 2775 4590 acquirunt,et
2795 4517 3135 4587 subjiciunt.
3163 4520 3319 4576 Inter
3335 4537 3484 4591 quos
3504 4526 3720 4576 sortem

2002 4621 2046 4685 D
2079 4607 2250 4664 aliam
2273 4606 2384 4662 sibi
2409 4622 2525 4662 non
2550 4605 2876 4675 requirunt,
2906 4607 3007 4660 sed
3046 4606 3115 4661 ad
3146 4624 3316 4663 suam
3350 4624 3527 4679 quam
3559 4613 3722 4663 trans

2073 4697 2389 4754 Jordanem
2448 4694 2739 4766 liquerant
2784 4697 2915 4764 post
2965 4711 3027 4750 se
3074 4694 3394 4750 habitaturi
3454 4697 3719 4751 redeunt.

2076 4789 2349 4841 Attamen
2377 4783 2555 4839 altare
2599 4798 2777 4853 super
2825 4781 3020 4854 ipsum
3068 4783 3386 4838 Jordanem
3433 4785 3727 4841 aedificant

2077 4874 2187 4932 sibi
2220 4874 2279 4928 in
2311 4870 2896 4942 testimonium,quod
2920 4871 3204 4927 Dominus
3226 4872 3351 4942 ipse
3373 4873 3450 4926 sit
3471 4872 3724 4942 Deus,ne

2076 4967 2279 5036 postea
2311 4960 2413 5016 filii
2446 4963 2784 5015 ceterarum
2817 4960 3078 5015 tribuum
3113 4965 3352 5031 possent
3374 4959 3564 5016 dicere
3587 4961 3725 5017 ﬁliis

2076 5068 2278 5108 eorum
2304 5067 2318 5105 :
2343 5073 2370 5100 «
2402 5049 2528 5105 Non
2561 5051 2650 5102 est
2669 5046 2832 5102 vobis
2856 5064 2990 5118 pars
3013 5049 3070 5103 in
3096 5048 3361 5116 Domino,
3395 5049 3535 5120 quia
3573 5050 3726 5106 inter

2076 5158 2184 5196 nos
2201 5144 2256 5195 et
2273 5155 2374 5194 vos
2395 5136 2708 5194 Jordanem
2728 5135 2925 5206 posuit
2942 5135 3718 5209 medium(Jos.xvn,25-27).n

2080 5230 2174 5285 Sic
2204 5233 2258 5283 et
2291 5224 2599 5283 saeculares
2631 5223 2849 5296 quique
2879 5228 2935 5279 et
2963 5229 3162 5280 tamen
3193 5224 3392 5280 fideles
3424 5226 3481 5280 in
3521 5231 3726 5283 sancta

2078 5317 2335 5374 Ecclesia
2365 5315 2612 5387 quoties,
2633 5311 2933 5368 catholicis
2963 5313 3320 5384 baptismum
3345 5315 3459 5369 fide
3479 5320 3535 5370 et
3554 5333 3726 5387 opere

2079 5405 2581 5470 conservantibus,
2617 5405 2910 5457 certamen
2945 5402 3077 5457 fidei
3109 5403 3179 5458 ab
3210 5403 3497 5459 haereticis
3515 5403 3603 5459 vel
3625 5422 3726 5476 pa-

2080 5494 2246 5568 ganis
2278 5493 2561 5557 induitur,
2596 5508 2738 5571 mox.
2759 5491 3064 5546 sententiis
3110 5496 3448 5548 sanctorum
3493 5494 3723 5548 Patrum

2090 5583 2395 5654 armati,et
2425 5581 2725 5637 interdum
2757 5580 3332 5651 potentimssecularis
3355 5581 3723 5651 sull‘ulti,fra-

2081 5671 2238 5729 tribu
2321 5673 2446 5728 suis
2493 5686 2594 5743 pro
2640 5668 2754 5724 fide
2775 5670 3126 5742 pugnaturis
3165 5674 3497 5728 accurrunt.
3529 5670 3726 5741 Neque
