4004 6210
308 431 460 503 i087

1359 441 1768 508 HUMBERTI
1812 444 1878 508 Β.
1926 445 2001 508 R.
2045 443 2118 510 Ε.
2165 444 2667 514 CARDINALIS.

3549 453 3720 522 {088'

301 575 466 648 prius
498 574 837 648 relinquunt
876 591 1052 647 quam
1067 574 1342 642 eis,hoste
1357 577 1942 651 fortiterexpugnato,
1972 583 2027 648 Α
2055 581 2269 650 etjure
2299 581 2502 640 ﬁdeles
2532 583 2822 642 dicantur.
2854 585 2924 642 At
2969 583 3127 644 enim
3179 585 3239 644 in
3287 585 3437 646 libro
3473 605 3651 648 xxxm
3688 608 3701 649 :

301 670 560 737 optatam
610 664 859 736 quietem
910 665 1233 737 acquirant.
1267 667 1376 722 Sed
1433 668 1503 722 ad
1555 685 1745 735 suam,
1783 674 1944 724 trans

297 754 631 819 Jordanem,
665 755 1014 824 quantocius
1061 761 1443 822 revertuntur,
1484 755 1622 827 quia
1672 756 1807 812 licet
1850 775 1945 813 ca-

297 841 521 897 tholicae
573 842 706 897 ﬁdei
755 842 895 910 zelo,
930 860 1104 914 quam
1133 844 1802 915 proﬁtentur,catholicis
1840 863 1942 917 pro

297 937 551 1002 tempore
581 931 995 1003 suffragantur,
1031 937 1226 987 tamen
1258 938 1390 1004 post
1434 933 1708 988 Jordanis
1753 939 1943 990 trans-

294 1020 462 1084 itum,
500 1020 772 1091 baptismi
805 1019 1024 1075 scilicet
1055 1026 1513 1085 sacramentum,
1546 1022 1720 1075 ﬁdem
1753 1022 1939 1092 bapti-

293 1108 499 1163 smatis
531 1113 815 1178 quantum
848 1109 918 1162 ad
946 1126 1121 1180 Opera
1153 1109 1939 1180 transgrediuntur,eamque

294 1196 349 1251 in
377 1213 513 1268 pace
533 1201 880 1267 praetereunt
901 1214 1075 1268 quam
1099 1196 1156 1251 in
1183 1197 1330 1252 bello
1355 1197 1577 1252 fortiter
1596 1198 1935 1252 defendunt.

289 1285 423 1342 Sola
453 1284 608 1340 enim
641 1284 898 1340 labantia
927 1291 983 1340 et
1031 1285 1368 1340 transitoria
1391 1303 1739 1356 magnopere
1769 1303 1939 1356 appe-

289 1377 498 1438 tentes,
535 1391 646 1428 non
678 1379 886 1429 curant
916 1373 1091 1428 aliam
1139 1374 1250 1428 sibi
1301 1391 1434 1428 cum
1485 1373 1763 1428 fratribus
1813 1374 1937 1428 suis

287 1463 573 1534 provideri
605 1463 1024 1526 hrereditatem,
1059 1461 1169 1517 nisi
1210 1462 1474 1531 ejusdem
1527 1462 1658 1516 fidei
1714 1462 1932 1533 profes-

284 1551 508 1608 sionem
541 1569 606 1606 ac
633 1551 1058 1607 defensionem.

357 1641 518 1706 Quod
551 1639 723 1695 etiam
758 1639 912 1693 velut
943 1639 1146 1694 altaris
1178 1656 1353 1710 super
1395 1640 1586 1710 ipsum
1619 1639 1933 1694 Jordanem

287 1731 344 1785 in
379 1735 532 1784 terra
560 1728 1030 1800 repromissionis
1072 1746 1105 1782 a
1157 1745 1219 1783 se
1263 1728 1564 1784 constituti
1597 1728 1934 1783 testimonio

284 1819 686 1890 comprobant,
716 1817 1188 1888 quandocunque
1227 1817 1527 1873 catholicis
1557 1823 1730 1889 atque
1761 1815 1930 1888 spiri-

283 1906 542 1962 tualibus
573 1905 712 1960 viris
735 1922 937 1960 eorum
969 1904 1262 1960 carnalem
1293 1907 1793 1962 conversationem
1841 1921 1930 1959 re-
1965 1936 2012 2001 Β

282 1995 706 2066 darguentibus
735 1999 792 2048 et
822 1994 1249 2049 detestantibus
1271 1993 1329 2048 in
1354 1998 1678 2060 tantum,ut
1711 1998 1934 2064 partem

282 2084 364 2140 eis
423 2084 480 2138 in
533 2083 648 2138 Deo
696 2084 984 2154 denegent
1031 2083 1103 2138 ad
1155 2083 1579 2138 confessionem
1637 2080 1934 2138 catholicae

281 2172 440 2241 ﬁdei,
463 2190 640 2244 quam
673 2189 852 2244 supra
883 2173 1103 2227 fontem
1135 2171 1285 2227 sacri
1332 2172 1728 2244 baptismatis,
1760 2170 1932 2242 quasi

281 2262 458 2318 altare
489 2279 669 2333 supra
696 2262 1033 2327 Jordanem,
1067 2261 1176 2331 ipsi
1227 2264 1283 2314 et
1332 2266 1523 2331 patres
1554 2277 1756 2316 eorum
1805 2275 1934 2330 pro-

280 2351 417 2408 fessi
449 2354 918 2414 construxerunt,
950 2349 1019 2403 ad
1053 2349 1516 2403 conﬁrmandam
1551 2347 1663 2402 sibi
1698 2351 1927 2402 sancto-

278 2457 410 2494 rum
441 2437 915 2494 communionem
947 2441 1274 2505 recurrunt,
1307 2453 1489 2506 eoque
1539 2436 1651 2490 sibi
1701 2440 1928 2506 partem

278 2529 336 2582 in
369 2528 483 2581 Deo
510 2526 826 2591 vindicant,
862 2541 976 2596 quo
1011 2524 1143 2579 ﬁdei
1175 2524 1506 2596 symbolum
1541 2525 1713 2580 corde
1745 2527 1801 2578 et
1830 2540 1928 2579 ore

276 2614 526 2671 ﬁdeliter
576 2617 888 2680 retentant,
940 2617 1137 2683 atque,
1190 2612 1655 2684 quotiescunque
1689 2611 1924 2684 expetit,

277 2703 561 2760 admoniti
594 2718 696 2773 pro
728 2701 951 2757 viribus
1000 2700 1268 2756 alacriter
1321 2701 1655 2756 defendant.
1690 2704 1810 2767 Quo
1861 2701 1928 2756 ﬁt

277 2797 340 2850 ut
369 2791 550 2847 altare
582 2791 736 2862 quod
771 2789 934 2862 prius
966 2789 1282 2861 putabatur
1310 2793 1366 2845 et
1395 2790 1700 2846 dicebatur
1746 2789 1924 2845 sacri-

272 2879 668 2954 legum,quasi
699 2879 871 2933 fuerit
889 2878 961 2934 ad
983 2878 1324 2934 holocausta
1338 2884 1394 2934 et
1423 2880 1690 2935 victimas
1720 2883 1925 2934 contra

273 2971 469 3027 divina
482 2968 757 3024 mandata
769 2967 1139 3036 aediﬁcatum;
1173 2972 1371 3039 postea
1395 2967 1724 3023 rationabili
1747 2985 1925 3023 causa

272 3060 711 3132 approbatur,et
730 3060 969 3112 vocatur
989 3056 1122 3111 ﬁdei
1144 3056 1554 3128 societatisque
1580 3057 1920 3112 Christianae

273 3148 422 3204 inter
453 3145 714 3202 carnales
735 3149 790 3201 et
820 3144 1154 3218 spiritualas
1185 3145 1787 3210 testimonium.Quod
1820 3145 1918 3216 qui

271 3253 374 3309 per
418 3236 592 3290 ﬁdem
621 3239 677 3290 et
705 3251 878 3306 opera
908 3239 998 3289 est
1026 3234 1311 3289 Dominus
1343 3231 1761 3305 spiritualium,
1792 3233 1918 3305 ipse

273 3298 349 3382 sit
375 3342 476 3398 per
498 3325 671 3379 ﬁdem
693 3298 869 3378 etiam
893 3323 1046 3379 Deus
1069 3340 1153 3378 car
1170 3298 1503 3378 naliumAd
1526 3324 1695 3394 cujus
1726 3298 1914 3378 causae
1947 3298 1988 3364 C

271 3413 696 3470 discussionem
731 3429 844 3467 non
877 3413 1002 3468 sine
1033 3429 1209 3468 causa
1250 3412 1491 3467 Phinees
1537 3412 1793 3467 mittitur
1835 3412 1915 3468 le-

270 3502 561 3577 gatus,cui
594 3505 829 3574 paetum
863 3501 1200 3572 sempiterni
1232 3501 1540 3556 sacerdotii
1575 3501 1780 3556 statuit
1804 3501 1916 3557 Do-

271 3589 633 3662 minus,quia
659 3589 973 3645 sacerdotis
1009 3593 1098 3644 est
1128 3587 1437 3661 diligenter
1467 3590 1781 3661 requirere,
1812 3606 1915 3645 nec

270 3681 416 3736 forte
446 3679 709 3752 quilibet,
741 3679 1018 3734 derelicto
1047 3679 1164 3734 Deo
1186 3683 1242 3733 et
1270 3677 1444 3732 unica
1473 3677 1585 3734 ﬁde
1614 3679 1762 3749 ejus,
1781 3683 1916 3734 tan-

269 3786 446 3841 quam
480 3769 649 3824 unico
680 3767 845 3822 altari
877 3770 1231 3838 contempto,
1265 3772 1626 3838 praesumant
1668 3767 1781 3822 sibi
1831 3767 1915 3822 in-

269 3859 530 3914 debitum
562 3856 1037 3925 sacerdotium,et
1068 3855 1246 3911 altare
1270 3855 1431 3911 aliud
1465 3855 1680 3928 eligant
1700 3858 1771 3912 ad
1796 3873 1918 3928 per-

269 3947 419 4002 ﬁdia:
475 3963 593 4001 suae
641 3944 946 4011 sacriﬁcia,
979 3949 1037 4000 et
1084 3943 1305 4000 cultum
1356 3945 1710 4001 daemonum.
1752 3947 1915 4010 Quod

265 4036 467 4107 utique
493 4035 716 4091 faciunt
747 4035 885 4106 quia
917 4034 1028 4089 ﬁde
1061 4034 1418 4101 aberrant,et
1448 4033 1702 4106 speciem
1732 4034 1914 4090 eccle-

266 4124 639 4180 siasticarum
667 4126 1172 4178 sacramentorum
1206 4125 1515 4192 usurpant,
1533 4123 1914 4192 quemadmo-

266 4213 408 4268 dum
434 4219 567 4285 post
594 4211 814 4267 multos
839 4227 1022 4266 annos
1046 4210 1150 4264 ﬁlii
1179 4209 1355 4266 Israel
1376 4209 1648 4266 derelicto
1669 4211 1916 4266 Domino

265 4315 368 4370 per
398 4299 646 4369 impium
675 4298 986 4353 Jeroboam
1016 4295 1220 4351 altaria
1244 4296 1442 4353 vitulis
1477 4298 1692 4365 aureis,
1727 4303 1783 4354 et
1823 4316 1914 4354 sa-

266 4387 531 4443 cerdotes
563 4386 867 4442 daemoniis
914 4386 1192 4440 adversus
1242 4385 1423 4442 altare
1471 4387 1704 4442 Domini
1737 4393 1792 4443 et
1823 4405 1915 4444 sa-

264 4475 591 4531 cerdotium
623 4475 752 4546 ejus
785 4473 1185 4530 instituerunt.

336 4565 446 4621 Sed
470 4565 540 4619 de
568 4564 673 4620 hoc
703 4563 931 4636 plenius
951 4563 1007 4618 in
1029 4562 1154 4620 loco
1184 4563 1298 4620 alio
1329 4564 1698 4620 dicetur.lIoc
1720 4564 1914 4621 solum

2057 693 2084 720 «
2118 670 2439 728 Vehemoth
2471 672 2639 741 alios,
2671 675 2781 730 sub
2812 675 3267 734 Christianitatis
3291 679 3527 736 nomine
3548 681 3706 753 posi-

2055 763 2146 814 tos
2168 760 2423 823 devorat.
2443 761 2582 832 quia
2605 762 2662 818 in
2685 763 2811 835 ipso
2829 781 2928 820 eos
2949 765 3083 820 ﬁdei
3117 783 3310 823 errore
3342 769 3706 841 supplantat,

2055 846 2201 903 alios
2230 865 2264 903 a
2291 849 2641 906 rectitudine
2670 851 2805 908 ﬁdei
2837 869 3209 925 nequaquam
3243 855 3474 923 devitat,
3500 859 3600 914 sed
3632 861 3704 915 ad

2054 951 2226 990 usum
2259 953 2444 1007 prava:
2496 940 2849 1009 operationis
2899 938 3162 995 inclinat.
3197 941 3378 1011 Alios,
3415 950 3706 1015 quantum

2051 1022 2258 1089 vult,in
2275 1025 2672 1095 operationem
2702 1027 3088 1084 immunditiaa
3104 1030 3397 1086 inﬂectere
3420 1050 3533 1088 non
3557 1034 3700 1104 vult,

2051 1112 2150 1165 sed
2183 1113 2336 1183 apud
2369 1114 2718 1185 semetipsos
2747 1115 2909 1170 intus
2942 1116 3000 1171 in
3033 1118 3226 1173 studio
3258 1120 3600 1178 intentionis
3621 1123 3703 1179 iu-

2051 1204 2282 1270 torquet
2304 1205 2367 1255 ut
2386 1202 2524 1255 dum
2542 1219 2573 1256 a
2594 1201 2875 1258 charitate
2901 1208 3157 1260 mentem
3180 1206 3700 1276 dividunt,rectum

2049 1303 2161 1341 non
2196 1286 2273 1340 sit
2303 1287 2548 1358 quiquid
2579 1289 2942 1346 extrinsecus
2972 1296 3343 1363 operatur.Et
3365 1297 3539 1353 ﬁdem
3564 1316 3698 1371 ergo

2046 1376 2266 1436 tenent,
2297 1375 2396 1429 sed
2429 1376 2606 1431 vitam
2639 1377 2774 1432 ﬁdei
2805 1394 2921 1433 non
2953 1383 3152 1434 tenent
3181 1381 3319 1450 quia
3367 1389 3470 1439 aut
3498 1394 3699 1457 aperte

2046 1460 2247 1517 illicita
2306 1463 2548 1530 faciunt,
2585 1469 2686 1519 aut
2731 1483 2800 1520 ex
2847 1482 3115 1537 perverso
3146 1469 3323 1524 corde
3355 1487 3482 1541 quae
3513 1480 3699 1544 agunt

2044 1566 2314 1620 perversa
2360 1557 2517 1620 sunt,
2548 1553 2779 1609 etiamsi
2827 1559 3032 1610 sancta
3081 1555 3414 1613 videantur.
3450 1561 3598 1624 Quia
3637 1567 3696 1618 et

2046 1639 2311 1693 nonnulli
2343 1642 2670 1696 conﬁtendo
2706 1642 2902 1698 ﬁdeles
2934 1648 3096 1709 sunt,
3114 1661 3232 1700 non
3263 1646 3534 1716 vivendo;
3557 1648 3694 1705 hinc

2045 1732 2134 1780 est
2165 1728 2318 1798 quod
2352 1745 2488 1784 voce
2535 1729 2808 1785 Veritatis
2853 1730 3066 1786 dicitur
3101 1747 3112 1786 :
3147 1755 3175 1783 «
3207 1733 3332 1788 Non
3361 1737 3552 1791 omnis
3592 1738 3694 1808 qui

2044 1813 2186 1868 dicit
2220 1831 2232 1868 :
2267 1815 2531 1883 Domine,
2564 1817 2826 1886 Domine,
2861 1818 3103 1872 intrabit
3154 1820 3212 1873 in
3247 1837 3493 1894 regnum
3524 1823 3694 1879 coelo-

2045 1919 2178 1957 rum
2227 1903 2434 1972 (Matth.
2486 1923 2585 1972 v11,
2637 1907 2776 1977 21);
2828 1929 2856 1956 »
2906 1905 3042 1961 hinc
3089 1923 3326 1963 rursum
3373 1910 3497 1966 ait:
3530 1911 3692 1976 Quod

2045 1996 2239 2046 autem
2271 1994 2489 2049 vocatis
2521 2011 2632 2062 me,
2665 1995 2930 2060 Domine,
2964 1995 3222 2064 Domine,
3253 2001 3312 2052 et
3338 2015 3453 2054 non
3502 2001 3693 2058 facitis

2045 2095 2172 2150 quae
2200 2081 2365 2138 dico?
2396 2084 2541 2154 (Luc.
2567 2100 2643 2150 vr,
2676 2084 2785 2153 46).
2822 2105 2849 2132 ››
2881 2084 2949 2138 Et
2999 2088 3131 2154 post
3178 2102 3367 2155 pauca
3398 2103 3411 2142 :
3445 2110 3473 2137 ‹‹
3509 2089 3691 2146 Nemo

2043 2169 2217 2224 ﬁdem
2249 2171 2376 2226 sine
2405 2171 2678 2242 operibus
2710 2171 2979 2227 sufﬁcere
3028 2189 3199 2243 posse
3246 2175 3520 2245 conﬁdat,
3554 2195 3689 2234 cum

2042 2255 2219 2311 sciam
2233 2275 2299 2312 us
2329 2259 2483 2329 quod
2515 2259 2802 2330 scriptum
2833 2259 2910 2314 sit
2941 2275 2954 2314 :
2992 2283 3018 2309 «
3051 2260 3220 2317 Fides
3260 2261 3387 2319 sine
3417 2265 3690 2337 operibus

2042 2344 2229 2400 otiosa
2259 2349 2346 2401 est
2371 2348 2508 2414 (Jac.
2543 2365 2603 2414 ιι,
2636 2350 2724 2416 20,
2753 2350 2868 2416 26).
2887 2369 2914 2396 ››
2946 2347 3154 2404 Nullus
3186 2351 3506 2408 Vehemoth
3534 2371 3689 2411 mor-

2039 2449 2172 2487 sum
2197 2450 2265 2488 ex
2286 2433 2411 2489 sola
2441 2437 2814 2492 confessione
2839 2436 2974 2492 ﬁdei
2998 2438 3164 2509 plene
3195 2441 3448 2497 evasisse
3469 2459 3530 2498 se
3546 2443 3693 2499 aesti-

2038 2522 2324 2593 met,quia
2345 2522 2474 2592 jam
2506 2523 2744 2595 quidem
2766 2524 3008 2581 ﬂuvium
3035 2527 3467 2596 absorbuit,sed
3495 2531 3687 2588 adhuc

2035 2608 2353 2665 Jordanem
2381 2610 2588 2679 sitit,et
2617 2613 2788 2669 toties
2817 2613 2877 2668 in
2899 2630 2997 2670 ore
3016 2613 3176 2670 illius
3195 2615 3510 2672 Jordanem
3535 2619 3682 2688 ﬂuit,

2037 2697 2267 2769 quoties
2297 2698 2665 2757 Christianus
2683 2702 2934 2773 quisque
2964 2702 3036 2757 ad
3061 2703 3433 2774 iniquitatem
3455 2689 3699 2764 deﬂuit:

2036 2785 2112 2842 Os
2143 2787 2380 2858 quidem
2403 2789 2669 2859 ejusjam
2718 2791 2831 2846 ﬁde
2889 2807 2997 2846 nos
3045 2790 3386 2848 sublevante
3433 2793 3677 2862 fuimus,

2035 2875 2135 2930 sed
2167 2892 2379 2947 magno
2409 2878 2603 2934 studio
2633 2880 2960 2934 curandum
2993 2884 3083 2935 est
3120 2897 3192 2936 ne
3222 2881 3282 2936 in
3311 2881 3423 2938 hoc
3451 2881 3681 2940 lubrica

2033 2966 2368 3036 operatione
2399 2965 2818 3024 dilabamur.Si
2850 2969 3192 3024 ambulandi
3226 2970 3452 3026 cautela
3494 2972 3676 3045 negli-

2031 3051 2208 3123 gitur,
2239 3053 2537 3110 incassum
2569 3055 2854 3112 credendo
2888 3061 3108 3112 rectum
3142 3057 3250 3112 iter
3277 3063 3511 3115 tenetur
3539 3061 3679 3133 quia

2029 3139 2146 3194 vita
2177 3141 2416 3212 quidem
2447 3143 2580 3198 ﬁdei
2612 3144 2684 3199 ad
2715 3143 3008 3201 cmlestem
3038 3146 3290 3217 patriam
3321 3148 3557 3220 profuit,
3572 3151 3674 3206 sed

2029 3229 2388 3286 olfendentes
2420 3230 2641 3287 uimine
2669 3233 2953 3305 perducit.
2992 3257 3012 3282 υ

2642 3339 2874 3395 CAPUT
2911 3339 3053 3396 XIX.

2026 3424 2132 3479 Deo
2161 3441 2220 3480 eo
2242 3426 2394 3504 quod
2420 3428 2726 3504 Simoniaci
2743 3445 2779 3483 α
2796 3430 3008 3504 satana
3031 3431 3406 3504 pervaduntur
3423 3435 3671 3504 exemplo

2227 3497 2398 3568 Judw,
2427 3499 2790 3569 proditionem
2818 3497 3045 3556 Domini
3068 3502 3455 3573 aggredientis.

2096 3585 2241 3640 Hine
2264 3590 2573 3658 postquam
2594 3588 2845 3644 evidenti
2862 3589 3166 3661 multaque
3187 3592 3531 3648 auctoritate
3558 3593 3667 3649 sub

2025 3673 2325 3730 occasione
2341 3674 2709 3731 saecularium
2723 3678 3150 3750 negotiatorum
3168 3685 3494 3736 monstratu
3506 3698 3561 3737 m
3585 3687 3676 3738 est

2027 3766 2312 3835 quantum
2341 3764 2560 3820 distent
2577 3766 2761 3822 nostri
2793 3766 3260 3834 carnales,etiam
3283 3786 3416 3825 cum
3439 3775 3676 3827 mortua

2024 3851 2139 3906 ﬁde
2156 3853 2363 3920 sua,ab
2376 3852 2663 3911 haereticis
2689 3855 2907 3927 quibus
2927 3873 3033 3914 nec
3059 3862 3288 3914 mortua
3310 3859 3454 3915 ﬁdes
3475 3877 3544 3916 su
3551 3874 3678 3932 per-

2027 3944 2133 4008 est,
2169 3941 2270 3996 sed
2301 3942 2539 3998 omnino
2569 3942 2752 4012 nulla,
2788 3948 2853 4000 ut
2899 3950 3045 4017 puta
3090 3947 3359 4019 stirpitus
3387 3947 3588 4004 evulsa
3617 3953 3677 4004 et

2024 4027 2526 4096 exinanita,restat
2545 4032 2803 4089 seriatim
2826 4036 3276 4090 monstrandum
3298 4033 3677 4094 ecclesiastici

2025 4118 2336 4174 ministerii
2356 4121 2686 4178 venditores
2706 4123 2762 4178 in
2784 4122 3001 4194 quibus
3019 4122 3672 4194 deliuquant,nimirum

2026 4207 2126 4262 ubi
2159 4211 2216 4262 et
2244 4207 2357 4280 ipsi
2387 4209 2561 4266 ditari
2593 4210 2990 4282 temporaliter
3018 4214 3308 4281 quaerunt,
3342 4211 3442 4264 sed
3484 4210 3668 4264 delin-

2025 4301 2216 4367 quunt
2245 4301 2406 4354 tanto
2428 4298 2562 4370 plus
2585 4299 3043 4372 negotiatoribus
3068 4296 3197 4352 aliis
3219 4300 3436 4368 quanto
3459 4298 3671 4370 sempi-

2023 4389 2393 4459 terna,quam
2425 4388 2768 4460 temporalia
2797 4385 3053 4443 caelestia
3082 4402 3216 4440 cum
3247 4387 3499 4444 terrenis
3531 4394 3672 4445 sunt

2025 4473 2235 4547 pluris,
2267 4485 2342 4545 et,
2377 4480 2442 4531 ut
2469 4476 2701 4532 brevius
2749 4480 2805 4530 et
2850 4473 3108 4544 apertius
3153 4473 3404 4547 dicatur,
3446 4483 3669 4549 quanto

2025 4563 2261 4620 Creator
2291 4565 2553 4620 omnium
2587 4567 2736 4618 Deus
2769 4560 3061 4617 vilissimae
3093 4567 3495 4622 creaturarum
3526 4585 3672 4640 prte-

262 4653 497 4711 interim
547 4654 684 4709 hinc
730 4652 1254 4721 animadvertatur,
1287 4653 1441 4724 quod
1491 4653 1753 4724 quandiu
1809 4653 1913 4710 ﬁlii
1941 4669 1990 4733 υ
2023 4653 2313 4709 fertur.De
2345 4654 2513 4724 cujus
2542 4649 2923 4708 sacramentis
2960 4650 3297 4725 ubicunque
3317 4656 3672 4729 negotiando

260 4743 438 4801 Israel
470 4743 652 4799 altare
681 4747 888 4815 praeter
919 4760 1101 4798 unum
1133 4746 1191 4798 et
1237 4741 1630 4796 sacerdotium
1660 4741 1911 4799 alterum

259 4835 371 4890 sibi
405 4833 1044 4906 przesumpserunt,sub
1066 4831 1245 4886 unius
1267 4830 1366 4886 Dei
1389 4829 1638 4896 cultu,id
1661 4836 1752 4887 est
1775 4833 1907 4898 ﬁde,

259 4939 460 4995 pacem
505 4922 656 4977 inter
704 4939 766 4978 se
813 4922 1200 4977 retinuerunt.
1236 4919 1367 4974 Mox
1414 4924 1610 4975 autem
1660 4924 1724 4976 ut
1769 4939 1908 4993 prae-

260 5016 660 5084 sumpserunt,
693 5027 753 5067 se
803 5010 1049 5066 invicem
1105 5008 1384 5064 continuo
1415 5007 1566 5064 bello
1599 5009 1908 5082 impugna-

259 5108 416 5162 runt,
449 5117 552 5155 nec
581 5101 933 5156 concordare
959 5099 1146 5154 Judas
1178 5114 1312 5152 cum
1345 5097 1520 5153 Israel
1567 5099 1779 5170 potuit,
1810 5104 1912 5155 aut

257 5189 548 5247 amicitias
571 5191 820 5263 jungere
846 5207 1027 5245 ausus
1060 5188 1190 5256 fuit,
1211 5187 1458 5243 Domino
1482 5187 1909 5244 contradicente

257 5284 319 5336 et
346 5279 633 5350 Josaphat
663 5296 853 5352 regem
889 5295 1067 5351 super
1115 5277 1225 5332 hoc
1274 5294 1422 5332 ausu
1481 5276 1675 5333 taliter
1716 5277 1908 5334 incre-

255 5371 432 5441 pante
467 5386 515 5423 ;‹‹
549 5368 650 5424 His
699 5369 798 5440 qui
846 5369 1096 5424 oderunt
1133 5367 1446 5423 Dominum
1477 5367 1737 5422 amicitia
1765 5383 1904 5423 con-

246 5455 542 5526 jungeris,
576 5461 633 5510 et
653 5456 831 5529 impio
856 5458 1074 5528 praebes
1096 5455 1404 5522 auxilium,
1434 5459 1490 5510 et
1511 5454 1725 5511 idcirco
1757 5455 1905 5513 iram

255 5540 492 5598 Domini
546 5544 884 5610 merebat-is,
933 5551 1042 5600 etc.
1096 5546 1168 5615 (Il
1223 5545 1353 5630 I’qr.
1405 5562 1522 5610 x1x,
1571 5544 1714 5617 2).»
1756 5546 1906 5611 Quin

253 5628 433 5685 etiam
449 5643 517 5680 ex
530 5630 677 5685 beati
694 5632 952 5704 Gregorii
969 5628 1906 5691 Moralibus—indubitanterosten-

254 5715 422 5773 ditur
446 5720 588 5780 quot
619 5724 675 5773 et
705 5719 805 5788 qui
840 5721 991 5777 intra
1020 5719 1335 5776 Ecclesiam
1367 5720 1516 5779 male
1538 5722 1902 5793 vivunt,sint,

2023 4746 2295 4816 quaerunt
2313 4739 2716 4813 ditari,procul
2735 4740 2910 4796 dubio
2930 4739 3086 4797 velut
3107 4741 3256 4798 alter
3274 4742 3670 4816 Judasipsum

2019 4836 2222 4898 Deum,
2276 4830 2374 4902 qui
2424 4829 2568 4900 ipsis
2593 4828 2978 4885 sacramentis
3027 4830 3416 4888 essentialiter
3455 4832 3668 4889 inestet

2021 4923 2384 4992 cooperatur,
2416 4919 2658 4991 prodere
2689 4918 2928 4991 perﬁdis
2956 4918 3296 4992 disponunt.
3355 4920 3513 4976 Unde
3565 4938 3663 4976 ne-

2020 5025 2181 5064 cesse
2211 5012 2300 5064 est
2332 5012 2395 5063 ut
2423 5024 2573 5080 quos
2602 5008 2805 5064 eadem
2834 5008 3079 5065 intentio
3113 5008 3292 5080 impio
3340 5013 3398 5064 et
3442 5009 3666 5066 crudeli

2019 5096 2204 5163 Judas,
2225 5097 2711 5169 coaequat,eadem
2742 5095 2916 5169 culpa
2943 5095 3478 5167 devinciat,parque
3500 5096 3665 5153 dam-

2019 5185 2176 5242 natio
2208 5184 2478 5242 involvat.
2509 5187 2580 5242 Et
2609 5191 2764 5242 certe
2794 5185 3064 5242 diabolus
3090 5184 3187 5256 qui
3219 5188 3336 5240 stat
3365 5201 3400 5240 a
3446 5185 3668 5244 dextris

2015 5277 2179 5333 Judas
2231 5274 2376 5331 furis
2429 5292 2544 5332 non
2602 5275 3050 5349 qualiscunque,
3101 5274 3202 5330 sed
3261 5273 3551 5349 sacrilegi,
3611 5281 3671 5333 at

2019 5363 2174 5420 mala
2203 5365 2571 5422 suadendum
2602 5383 2706 5438 pro
2741 5365 2866 5422 sola
2892 5362 3238 5437 proditionis
3288 5363 3668 5422 meditatione

2016 5472 2116 5511 cor
2164 5453 2325 5511 illius
2371 5455 2609 5512 intravit
2653 5456 2726 5511 ad
2778 5454 3204 5522 seducendum,
3238 5452 3396 5508 sicut
3424 5453 3669 5512 Joannis

2014 5549 2268 5602 testatur
2294 5545 2676 5618 Evangelium
2712 5561 2724 5600 :
2761 5565 2788 5594 «
2821 5545 2892 5599 Et
2919 5559 3084 5598 creua
3112 5542 3435 5611 facta,cum
3467 5542 3669 5600 diabo-

2015 5633 2108 5690 lus
2130 5635 2255 5706 jam
2276 5633 2536 5690 misisset
2553 5632 2612 5687 in
2631 5649 2728 5688 cor
2755 5635 2819 5688 ut
2835 5632 3090 5688 traderet
3109 5646 3244 5687 eum
3263 5634 3296 5687 J
3301 5632 3448 5688 udas
3467 5631 3669 5690 Simon

2016 5722 2323 5782 lseariotes
2355 5722 2530 5794 (Joan.
2566 5738 2690 5786 xm,
2721 5722 2798 5792 2),
2834 5744 2862 5770 ››
2895 5724 3002 5777 etc.
3037 5720 3119 5776 Ex
3149 5736 3268 5792 qua
3299 5720 3669 5779 immissione
