4004 6210
319 357 474 424 1089

862 357 1270 422 ADVERSUS
1318 349 1789 419 SIMONIACOS
1837 356 2040 417 LIBRI
2083 355 2310 417 TRES.
2345 390 2422 400 —
2450 349 2683 415 LIBER
2728 355 3161 418 SECUNDUS.

3559 364 3712 425 1090

319 494 535 550 diaboli
558 493 697 566 quid
722 493 922 549 infelix
941 493 1124 548 Judas
1141 493 1388 562 adeptus
1402 490 1497 555 sit,
1521 489 1704 544 Lucas
1720 489 1960 562 apertis-
1989 495 2037 556 Λ
2071 488 2232 559 prius
2257 503 2356 559 per
2379 487 2550 542 fidem
2578 487 2876 542 habitibat
2899 489 2955 542 in
2989 506 3188 544 eorum
3214 493 3485 549 cordibus
3509 513 3711 552 succe-

320 585 466 640 sime
498 584 580 639 sic
603 583 856 639 ostendit
881 601 897 636 :
926 605 952 632 «
984 580 1222 636 Intravit
1252 581 1496 635 Satanas
1528 579 1584 632 in
1618 578 1830 634 Judam
1856 577 1956 648 qui

321 672 841 746 cognominabatur
868 670 1172 727 lscariotes
1203 684 1386 724 unum
1437 667 1506 722 de
1540 666 1868 732 duodecim,
1903 669 1958 720 et

319 762 482 830 abiit,
513 765 568 818 et
599 761 828 818 locutus
860 763 948 816 est
969 776 1102 815 eum
1125 757 1490 831 principibus
1511 757 1880 812 sacerdotum
1905 758 1961 810 et

321 850 780 923 magistratibus,
815 847 1312 921 quemadmodum
1348 845 1509 902 illum
1546 846 1801 901 traderet
1849 843 1955 898 eis.

324 943 392 994 Et
419 938 600 1010 gasivi
628 943 787 1006 sunt,
826 941 882 993 et
913 936 1064 1009 pacti
1098 942 1232 991 sunt
1267 933 1574 1008 pecuniam
1606 933 1689 988 illi
1721 934 1877 999 dare,
1905 934 1962 986 et

320 1027 649 1102 spopondit.
683 1028 751 1082 Et
780 1025 1073 1098 quaerebat
1104 1022 1599 1097 opportunitatem
1623 1026 1686 1076 ut
1709 1021 1962 1076 traderet

321 1117 488 1172 illum
521 1117 646 1172 sine
678 1115 867 1171 turbis
897 1115 1026 1169 (Luc.
1056 1131 1194 1180 xxu,
1222 1113 1366 1183 3-6).
1407 1134 1432 1159 ››
1466 1111 1525 1166 In
1559 1110 1774 1181 quibus
1805 1125 1962 1163 vera-

321 1207 479 1261 cium
538 1203 1024 1277 evangelistarum
1078 1199 1472 1258 veracissimis
1522 1198 1714 1254 verbis
1762 1199 1960 1270 aperte

322 1294 590 1349 innuitur
616 1297 904 1366 quantum
937 1295 1162 1348 reatum
1193 1307 1261 1346 ex
1282 1288 1628 1362 proditionis
1649 1285 1806 1341 illius
1828 1303 1963 1340 con-

325 1383 586 1457 ceptione
619 1382 863 1437 incurrit
893 1380 1152 1454 proditor
1180 1378 1494 1451 pessimus,
1528 1375 1626 1448 qui
1647 1373 1966 1445 licetlonge

325 1477 457 1527 ante
473 1473 660 1543 ipsam
676 1469 1063 1543 proditionem
1079 1465 1502 1537 fursacrilegus
1517 1463 1708 1530 fuerit,
1733 1463 1966 1535 quando

322 1560 686 1616 Dominicam
744 1557 1050 1631 pecuniam
1095 1554 1294 1627 egenis
1349 1553 1737 1626 profuturam,
1789 1567 1964 1622 quam

324 1648 649 1704 ministerio
680 1647 966 1719 portabat,
1000 1645 1152 1700 furto
1184 1641 1442 1698 aloculis
1469 1640 1829 1713 exportabat,
1851 1656 1966 1694 non

324 1736 606 1793 tamenin
632 1752 764 1792 eum
798 1733 1066 1788 diabolus
1100 1733 1347 1786 intrasse
1377 1729 1611 1802 legitur,
1647 1728 1759 1784 nisi
1791 1728 1887 1783 ubi
1909 1728 1966 1782 in

323 1844 422 1880 cor
439 1826 566 1896 ejus
591 1827 651 1879 ut
679 1823 886 1896 prodat
899 1821 1237 1893 Magistrum
1253 1820 1504 1874 mittitur
1526 1838 1537 1886 ;
1557 1818 1710 1891 quod
1729 1817 1776 1873 si
1795 1816 1964 1872 talem

322 1914 711 1969 habitatorem
771 1911 981 1968 meruit
1039 1927 1104 1966 ex
1163 1908 1285 1964 solo
1336 1907 1684 1981 proditionis
1733 1907 1964 1975 affectu,

325 2003 554 2075 qualem
589 2006 868 2073 putamus
896 1999 1109 2054 meruit
1137 2016 1203 2054 ex
1233 1998 1358 2070 ipso
1400 1997 1602 2052 effectu
1627 1997 1654 2051 ‘?
1707 1995 1966 2067 Denique

325 2091 629 2146 sciendum
649 2089 906 2160 estquia,
926 2088 1077 2143 sicut
1105 2086 1333 2141 bonitas
1353 2086 1572 2157 gradus
1604 2102 1744 2140 suos
1769 2084 1963 2152 habet,

327 2179 542 2252 quibus
583 2176 865 2249 paulatim
917 2175 1280 2231 ascendendo
1326 2173 1574 2246 proficit,
1626 2174 1710 2229 sic
1741 2171 1968 2228 malitia

327 2286 486 2335 suos,
521 2267 736 2339 quibus
767 2265 1164 2320 indesinenter
1191 2264 1262 2318 ad
1323 2264 1520 2335 pejora
1557 2262 1966 2318 descendendo

330 2356 542 2413 deficit.
575 2356 686 2411 Nec
738 2355 952 2410 mirum
986 2369 1119 2408 cum
1153 2352 1452 2425 suggestio
1484 2352 1621 2407 boni
1654 2351 1729 2407 sit
1768 2367 1967 2408 semen

330 2447 427 2502 Dei
455 2465 468 2514 ;
498 2444 794 2518 suggestio
826 2446 1020 2499 autem
1053 2440 1592 2497 malinihilominus
1615 2456 1812 2496 semen
1843 2439 1967 2495 dia-

328 2535 563 2590 boli.Et
591 2538 654 2589 ut
684 2549 884 2590 semen
928 2531 1048 2598 Dei,
1101 2531 1161 2585 in
1215 2531 1426 2586 bonam
1478 2534 1691 2586 terram
1716 2529 1966 2601 jactum,

329 2625 652 2680 secundum
692 2619 1006 2694 evangelici
1038 2617 1300 2693 agricola:
1333 2617 1763 2691 pararabolam,
1805 2617 1968 2690 prius

329 2713 510 2770 mittit
554 2728 812 2791 germen,
867 2709 998 2765 dein
1062 2708 1382 2764 fructiferat
1439 2707 1701 2775 herbam,
1762 2707 1970 2762 deinde

328 2802 573 2875 spicam,
615 2800 749 2855 inde
795 2798 1033 2871 plenum
1085 2798 1444 2853 frumentum
1491 2797 1547 2851 in
1599 2797 1782 2868 spica,
1813 2795 1969 2866 quod

329 2891 528 2948 statim
579 2887 722 2944 falce
774 2887 1066 2942 defectum
1115 2891 1286 2958 atque
1329 2884 1628 2958 palearum
1688 2884 1968 2940 selectum

329 2978 632 3052 reponitur
660 2976 719 3032 in
777 2973 1009 3031 caeleste
1061 2975 1334 3030 horreum
1395 2974 1603 3045 (Matth.
1656 2973 1969 3040 xm,Marc.

330 3086 405 3134 1v,
435 3070 545 3123 Luc
573 3068 695 3137 vni)
721 3085 734 3135 ;
770 3066 849 3120 ita
877 3070 934 3122 et
965 3081 1165 3121 semen
1186 3062 1401 3119 diaboli
1429 3063 1485 3118 in
1507 3061 1662 3118 mala
1681 3067 1834 3119 terra
1848 3063 1972 3119 suis

332 3156 660 3230 augmentis
691 3155 986 3212 contendit
1041 3153 1362 3226 provenire,
1397 3156 1460 3207 ut
1519 3169 1654 3207 mox
1692 3153 1762 3208 ad
1795 3170 1970 3208 suum

2067 576 2151 631 dit
2181 577 2251 631 ad
2285 576 2679 630 invadendum
2713 577 2969 648 perﬁdim
2993 577 3206 650 hospes
3228 580 3518 639 diabolus.
3545 584 3709 655 Hinc,

2065 665 2163 719 ubi
2205 669 2378 720 tanta:
2410 664 2738 736 iniquitatis
2788 671 3070 738 conceptu
3126 669 3516 738 parturientes
3547 675 3710 728 clan-

2067 753 2360 810 destinum
2395 771 2542 825 opus
2566 754 2851 811 mentium
2889 757 3377 827 suarum,quibus
3403 760 3716 818 refundant

2069 841 2291 897 similes
2320 841 2431 895 sibi
2457 841 2698 896 solerter
2728 842 3032 913 vestigant,
3069 844 3267 914 eisque
3303 847 3544 917 repertis
3577 849 3716 905 talia

2067 928 2460 984 insusurrant.
2497 929 2641 994 Quid
2671 930 2846 984 vultis
2881 931 3047 985 nobis
3090 932 3246 998 dare,
3299 938 3355 988 et
3418 952 3522 998 nos
3555 938 3716 995 vobis

2065 1017 2346 1088 Spiritum
2370 1023 2638 1072 sanctum
2663 1017 2951 1074 tradimus
2979 1018 3004 1072 ?
3027 1020 3301 1091 Nunquid
3334 996 3591 1080 non
3610 1044 3716 1082 vox

2073 1123 2199 1178 qua:
2235 1123 2352 1160 una
2385 1105 2493 1160 fuit
2517 1106 2700 1176 Judaz,
2736 1110 2791 1162 et
2821 1125 2934 1163 uno
2960 1112 3184 1164 tantum
3209 1110 3320 1177 die,
3357 1129 3501 1184 pene
3533 1116 3714 1171 conti-

2075 1213 2190 1250 nua
2221 1199 2278 1250 et
2307 1194 2648 1267 quotidiana
2680 1201 2767 1251 est
2800 1196 2928 1251 istis
2950 1197 2976 1250 ‘?

2144 1284 2584 1355 Atqueutinarn
2621 1284 2715 1340 hic
2749 1285 2926 1353 milvi,
2955 1287 3278 1342 secundum
3305 1289 3538 1358 isaiam,
3573 1291 3718 1349 alter

2075 1373 2145 1428 ad
2214 1372 2464 1428 alterum
2555 1373 2612 1428 in
2693 1391 2860 1429 suam
2940 1375 3290 1447 Babylonem
3359 1382 3714 1453 congregati,

2077 1461 2224 1516 hanc
2247 1462 2556 1516 nefandam
2586 1479 2780 1518 vocem
2816 1463 2926 1518 sibi
2954 1463 3194 1520 invicem
3218 1465 3371 1522 lente
3393 1471 3447 1522 et
3469 1471 3721 1525 tenuiter

2077 1547 2534 1615 insusurrarent,
2562 1554 2618 1604 et
2637 1566 2749 1603 non
2777 1555 3036 1620 proterve
3060 1557 3114 1605 et
3134 1554 3723 1624 granditerinclama-

2077 1638 2240 1691 rent!
2270 1636 2400 1702 Sed,
2423 1637 2572 1707 quod
2598 1639 2764 1710 pejus
2788 1644 2898 1705 est,
2924 1640 2975 1693 in
3005 1645 3231 1696 tantum
3259 1642 3718 1718 inolevithujus-

2078 1740 2142 1779 ce
2164 1724 2568 1796 negotiationis
2603 1745 2745 1782 usus
2778 1729 3002 1798 utjam,
3023 1729 3178 1785 velut
3209 1748 3274 1786 ex
3293 1735 3633 1791 auctoritate
3665 1742 3722 1792 et

2081 1812 2299 1884 regula,
2335 1813 2586 1885 Spiritus
2615 1821 2852 1871 sanctus
2874 1816 2930 1870 in
2956 1820 3338 1875 sacramentis
3358 1822 3481 1878 suis
3503 1824 3720 1880 venalis

2075 1900 2267 1972 palam
2300 1903 2576 1957 omnibus
2609 1907 2986 1975 preponatur,
3022 1906 3214 1977 palam
3247 1914 3490 1978 taxetur,
3529 1914 3719 1984 palam

2078 1989 2329 2062 pretium
2363 1993 2489 2062 ejus
2511 1992 2932 2063 expostuletur,
2956 1993 3172 2063 palam,
3208 2001 3270 2051 ut
3291 2000 3568 2067 creditur,
3593 2020 3722 2058 ven-

2078 2078 2270 2147 datur,
2308 2078 2618 2152 palamque
2646 2088 2895 2147 ematur,
2931 2099 3047 2153 qua
3097 2083 3154 2138 in
3216 2102 3274 2140 re
3325 2087 3719 2148 sceleratiores

2078 2172 2217 2222 sunt
2248 2167 2700 2225 sceleratissimo
2737 2170 2912 2236 Juda,
2963 2171 3061 2242 qui
3113 2173 3523 2244 proditionem,
3561 2180 3719 2236 nullo

2081 2257 2252 2311 modo
2283 2258 2680 2312 attentandam
2707 2276 2738 2313 a
2767 2259 2968 2330 quovis
2993 2259 3079 2315 vel
3103 2260 3370 2328 latenter,
3395 2268 3718 2324 attentavit.

2081 2345 2242 2408 Quod
2276 2344 2325 2399 si
2361 2345 2511 2400 inter
2540 2345 2654 2401 alia
2711 2347 3024 2403 Dominum
3086 2353 3266 2404 Deum
3319 2351 3493 2409 etiam
3521 2373 3589 2410 ex
3613 2357 3721 2412 hoc

2081 2433 2418 2489 immaniter
2459 2434 2699 2490 offendit
2744 2436 2897 2507 quod
2952 2436 3422 2495 inmstimabilem
3483 2444 3721 2502 arbitrio

2078 2522 2414 2576 Judmorum
2437 2522 2880 2594 appretiandum
2905 2522 3162 2594 reliquit,
3182 2530 3237 2580 et
3258 2527 3409 2598 quod
3427 2528 3721 2604 incompa-

2082 2610 2322 2666 rabilem
2355 2612 2498 2666 adeo
2529 2611 2913 2683 parvipendit,
2969 2617 3031 2667 ut
3080 2614 3452 2672 denariorum
3479 2637 3721 2679 numero

2081 2717 2211 2754 cum
2246 2701 2498 2755 traderet
2527 2700 2808 2772 profanis,
2835 2718 2949 2772 quo
2972 2701 3141 2757 ibunt
3168 2720 3200 2758 a
3222 2705 3440 2776 Spiritu
3468 2707 3590 2774 Dei,
3615 2716 3670 2766 et
3691 2730 3723 2766 a

2082 2789 2223 2844 facie
2245 2789 2393 2859 ejus,
2418 2807 2532 2860 quo
2552 2788 3019 2862 fugientisti,qui
3041 2809 3332 2862 nuncsuo,
3359 2813 3513 2851 nunc
3535 2798 3722 2858 alieno

2084 2878 2322 2936 arbitrio
2347 2878 2538 2950 ipsum
2563 2879 2846 2951 Spiritum
2871 2885 3140 2935 sanctum
3165 2884 3492 2954 appretiare
3513 2887 3722 2956 solent,

2083 2968 2340 3039 adeoque
2363 2967 2590 3022 minimi
2625 2967 2865 3034 faciunt,
2902 2972 2964 3023 ut
3003 2985 3117 3024 non
3166 2971 3357 3027 solum
3404 2991 3722 3045 paucorum

2084 3075 2276 3114 summ
2289 3055 2798 3126 ulanummorum,
2822 3074 3025 3113 verum
3049 3058 3220 3114 etiam
3239 3061 3725 3140 piget,pudetque

2084 3147 2293 3214 dicere,
2329 3164 2430 3219 pro
2461 3161 2623 3214 cane,
2658 3164 2783 3212 sue,
2806 3146 3098 3219 accipitre,
3141 3153 3197 3204 et
3227 3149 3510 3224 relinquis
3543 3155 3726 3226 quali-

331 3247 627 3320 perveniat
683 3244 898 3312 locum,
930 3245 1274 3316 perpetuum
1336 3241 1560 3297 scilicet
1613 3241 1972 3299 incendium.
2006 3227 2048 3298 C
2083 3237 2447 3307 buscunque,
2475 3240 2531 3290 et
2561 3235 2966 3306 hujuscemodi
3015 3236 3258 3294 xeniolis
3313 3243 3559 3298 vendere
3608 3262 3722 3301 non

330 3337 529 3408 Neque
557 3335 715 3391 enim
746 3334 1061 3406 quisquam
1095 3335 1328 3404 repente
1382 3331 1446 3386 ﬁt
1492 3330 1649 3387 imus
1705 3330 1764 3386 in
1799 3331 1976 3402 malo,

334 3424 486 3481 sicut
514 3440 685 3480 nemo
717 3426 953 3495 repente
983 3437 1251 3476 summus
1281 3420 1340 3474 in
1372 3420 1545 3475 bono.

404 3512 568 3568 Unde
585 3515 640 3566 et
661 3526 861 3565 semen
883 3507 1156 3564 diabolici
1187 3507 1309 3562 lolii
1334 3508 1393 3562 in
1417 3525 1516 3562 cor
1541 3507 1782 3579 pessimi
1811 3508 1975 3564 Judae

325 3602 554 3671 jactum
598 3597 762 3669 prius
821 3596 1044 3652 occulte
1101 3595 1448 3669 germinavit
1495 3595 1972 3653 deliberationem

333 3685 702 3762 proditionis,
735 3683 942 3740 deinde
973 3688 1168 3755 aperte
1199 3684 1394 3754 erupit
1423 3683 1665 3738 herbam
1690 3684 1974 3755 pestiferae

335 3774 808 3839 machinationis,
825 3772 922 3828 ubi
945 3772 1213 3827 abeundo
1235 3775 1290 3826 et
1303 3771 1589 3842 loquendo
1603 3771 1736 3829 inde
1751 3773 1974 3830 Judaeis

332 3866 522 3924 verbis
556 3863 702 3930 suis,
736 3861 893 3918 velut
922 3859 1357 3916 luxuriantibus
1407 3859 1519 3916 sibi
1579 3860 1731 3916 foliis
1762 3862 1975 3920 umbra

332 3955 605 4029 nequitiae
637 3969 778 4021 suae,
811 3949 906 4007 alii
941 3949 1152 4006 semini
1183 3965 1434 4021 nequam
1469 3949 1538 4004 ad
1566 3949 1971 4009 mortiﬁcando

332 4042 738 4119 principalem,
770 4038 1131 4112 etsingulare
1144 4055 1394 4111 granum
1413 4038 1690 4094 frumenti
1707 4056 1972 4096 commu-

329 4134 559 4192 nicavit.
593 4132 816 4199 Quibus
847 4130 987 4185 dum
1016 4127 1310 4201 superhoc
1351 4127 1569 4201 gavisis
1589 4132 1646 4184 et
1663 4129 1970 4201 pecuniam

333 4242 509 4297 super
536 4224 644 4279 hoc
691 4219 1154 4294 pasciscentibus
1193 4217 1526 4290 spopondit,
1559 4217 1716 4274 velut
1747 4219 1970 4291 spicam

335 4312 592 4387 protulit,
616 4329 742 4384 quze
765 4309 1150 4377 adolescebat,
1173 4307 1316 4362 dum
1341 4307 1606 4364 tradendi
1633 4310 1971 4380 opportuni-

329 4406 507 4458 tatem
539 4401 833 4474 quaerebat
890 4397 1099 4472 (Matth.
1162 4414 1316 4463 xxvr,
1351 4397 1436 4466 15,
1475 4397 1586 4469 16),
1645 4402 1702 4453 et
1731 4397 1966 4470 plenum

333 4490 535 4546 lolium
568 4490 625 4545 in
659 4506 783 4546 sese
801 4488 1083 4554 exhibuit,
1108 4487 1342 4558 quando
1365 4487 1735 4543 traditionem
1788 4489 1969 4544 osculi

2087 3326 2400 3381 dubitent?
2432 3324 2860 3380 Inmstimabilis
2888 3325 3044 3380 enim
3075 3326 3258 3398 culpa:
3288 3333 3377 3384 est
3398 3329 3724 3390 Creatorem

2087 3415 2210 3469 coeli
2244 3418 2300 3469 et
2325 3419 2488 3469 terrae
2519 3429 2621 3484 pro
2654 3413 3090 3484 quantumlibet
3121 3432 3354 3487 magna,
3388 3423 3444 3474 et
3472 3423 3726 3490 pretiosa

2087 3520 2274 3559 merce
2303 3502 2447 3558 velle
2478 3500 2819 3556 distrahere.
2868 3502 3023 3570 Ideo,
3067 3503 3220 3558 sicut
3268 3523 3446 3576 supra
3487 3508 3722 3580 dicitur,

2082 3590 2444 3648 intolerabile
2475 3589 2700 3644 facinus
2723 3593 3057 3661 perpetrant
3077 3592 3540 3667 quotiescunque
3567 3601 3722 3669 quod

2083 3681 2426 3753 pretiosum,
2452 3683 2507 3733 et
2528 3693 2706 3748 super
2728 3677 2925 3732 omnia
2953 3695 3153 3734 carum
3177 3685 3265 3736 est
3287 3681 3477 3738 viliter
3501 3702 3722 3743 venun-

2084 3771 2221 3824 dare
2253 3771 2497 3822 tentant.
2531 3765 2678 3830 Quid
2705 3765 2861 3821 enim
2893 3766 3084 3823 carius
3133 3773 3188 3823 et
3219 3771 3532 3841 pretiosius
3563 3776 3723 3832 Deo?

2084 3859 2262 3928 Cujus
2293 3853 2810 3926 incomparabilem
2860 3855 3282 3927 excellentiam,
3344 3862 3454 3916 sub
3488 3864 3723 3922 nomine

2083 3945 2399 4018 sapientiae,
2435 3944 2680 4015 Sapiens
2712 3944 2795 4000 sic
2827 3947 3218 4016 commendat,
3244 3947 3479 4007 dicens:
3515 3976 3541 4002 ‹‹
3569 3953 3722 4010 Nihil

2082 4052 2208 4092 esse
2239 4034 2376 4090 duxi
2409 4033 2468 4088 in
2518 4034 2953 4106 comparatione
3004 4034 3203 4105 illius;
3235 4054 3338 4093 nec
3393 4043 3722 4113 comparavi

2081 4124 2165 4180 illi
2196 4123 2448 4196 lapidem
2490 4123 2832 4195 pretiosum,
2884 4124 3160 4196 quoniam
3214 4144 3384 4185 omne
3423 4147 3630 4186 aurum
3663 4132 3722 4188 in

2083 4214 2515 4287 comparatione
2545 4213 2706 4270 illius
2739 4230 2915 4291 arena
2940 4218 3028 4270 est
3056 4215 3283 4289 exigua,
3326 4223 3392 4274 et
3441 4223 3723 4294 tanquam

2080 4303 2270 4359 lutum
2301 4302 2692 4358 zestimabitur
2723 4309 3030 4377 argentum
3080 4305 3141 4361 in
3199 4313 3511 4382 conspectu
3542 4310 3724 4378 illius,

2083 4392 2358 4466 quoniam
2383 4392 2860 4464 inexstinguibile
2884 4399 2974 4450 est
3003 4393 3201 4452 lumen
3242 4397 3424 4456 illius.
3450 4400 3722 4459 Inﬁnitus

2081 4483 2237 4538 enim
2261 4481 2573 4537 thesaurus
2599 4488 2687 4537 est
2717 4482 3058 4546 hominibus
3083 4485 3234 4557 (Sap.
3283 4501 3384 4555 vn,
3407 4490 3576 4561 8-14).
3607 4514 3635 4540 ››
3659 4491 3728 4547 Et

335 4578 500 4650 signo
534 4578 770 4651 perfecit
795 4577 978 4648 (Ibid.,
1000 4576 1107 4648 49).
1141 4575 1244 4631 Cui
1276 4576 1509 4632 tandem
1543 4575 1658 4631 falx
1704 4578 1971 4649 accessit,
2004 4599 2049 4662 D
2084 4575 2215 4644 post
2247 4588 2466 4662 pauca:
2494 4594 2518 4619 ‹‹
2546 4570 2820 4626 Estenim
2872 4571 2928 4626 in
2985 4573 3083 4630 illa
3132 4575 3376 4646 spiritus
3399 4577 3727 4634 intellectus

333 4667 433 4722 ubi
464 4666 670 4739 laqueo
703 4683 1028 4739 suspensus
1061 4665 1288 4721 medius
1317 4664 1560 4736 crepuit,
1603 4670 1658 4722 et
1688 4665 1744 4721 in
1777 4666 1969 4723 locum

331 4772 505 4813 suum
538 4758 906 4829 reponendus
936 4756 1070 4810 hinc
1100 4754 1243 4810 abiit
1272 4756 1408 4821 (Act.
1448 4773 1484 4820 ι,
1509 4754 1617 4826 l8).
1649 4756 1828 4826 Cujus
1847 4773 1974 4828 pro-

331 4845 669 4919 pinquiores
696 4860 976 4917 sequaces
1008 4843 1194 4899 effecti
1225 4842 1560 4911 Simoniaci,
1610 4861 1725 4899 non
1759 4845 1969 4900 minori

281 4958 288 4964 ι
329 4934 572 4990 avaritia
627 4934 697 4988 ad
756 4933 865 4988 hoc
911 4948 1096 5002 usque
1128 4931 1532 4997 devolvuntur,
1590 4937 1654 4988 ut
1685 4932 1968 5005 Spiritum

330 5027 602 5079 sanctum
617 5023 858 5095 prodere
871 5024 1172 5076 conentur.
1191 5020 1334 5075 Cum
1351 5038 1466 5092 qua
1481 5039 1587 5077 sua
1605 5021 1969 5078 immissione

331 5111 598 5168 diabolus
616 5112 791 5167 corda
812 5127 1034 5173 eorum,
1053 5109 1306 5164 effractis
1329 5109 1551 5165 foribus
1573 5110 1728 5179 ﬁdei,
1753 5110 1973 5167 scilicet

327 5201 536 5257 timore
569 5204 625 5257 et
655 5217 872 5268 amore,
904 5197 1191 5254 violentus
1225 5197 1422 5264 intrat,
1446 5199 1544 5270 qui
1573 5198 1857 5255 hactenus
1888 5200 1972 5256 eis

329 5292 582 5346 exterius
613 5289 943 5356 assistebat,
976 5287 1115 5342 dum
1149 5285 1264 5342 alia
1295 5287 1549 5342 avaritiae
1573 5287 1970 5346 malaillectos

334 5379 773 5452 supplantabat,
807 5395 878 5434 ne
911 5381 1106 5432 tamen
1139 5374 1628 5448 qualemcumque
1660 5377 1836 5432 ﬁdem
1869 5378 1970 5434 Dei

328 5469 399 5524 ab
435 5485 638 5525 eorum
670 5467 942 5524 cordibus
972 5464 1268 5522 elimabat.
1328 5471 1404 5520 At
1457 5482 1609 5535 mox,
1662 5471 1726 5520 ut
1755 5467 1825 5523 de
1856 5468 1970 5523 Deo

328 5558 542 5615 sentire
564 5575 742 5632 prava
762 5560 817 5613 et
834 5555 1029 5614 conari
1059 5554 1210 5624 licet,
1232 5553 1416 5611 celam
1441 5571 1554 5608 non
1578 5558 1868 5622 metuunt,
1904 5557 1968 5611 ti-

328 5647 462 5707 dem
500 5647 740 5708 omnino
763 5646 1036 5726 perdunt,
1059 5643 1258 5721 sicque
1281 5643 1573 5704 secedenti
1597 5642 1846 5716 Christo,
1871 5647 1973 5724 qui

2080 4659 3724 4734 sanetus,unicus,mu1tiplex,subtilis,mobilis,disertus,

2082 4750 2585 4822 incoinquinatus,
2613 4753 2721 4805 etc.
2747 4750 2927 4821 (ibat,
2949 4753 3103 4822 23).»
3139 4753 3346 4808 Beatus
3369 4770 3602 4825 quoque
3616 4755 3725 4812 Job

2083 4839 2217 4894 inde
2235 4839 2314 4894 ait
2335 4856 2346 4893 :
2369 4838 2593 4893 «Nescit
2610 4839 2784 4894 homo
2804 4839 3054 4910 pretium
3074 4841 3221 4910 ejus.
3239 4842 3361 4896 Non
3380 4842 3729 4898 dabiturau-

2083 4947 2214 4984 rum
2231 4927 2493 4983 obrisum
2513 4945 2614 4998 pro
2635 4944 2722 4993 ea,
2763 4944 2866 4982 nec
2905 4929 3268 5000 appendetur
3315 4936 3624 5002 argentum
3666 4933 3725 4987 in

2082 5017 2535 5074 commutatione
2558 5017 2707 5086 ejus.
2729 5015 2852 5070 Non
2873 5017 3170 5072 confertur
3188 5018 3384 5074 tinctis
3400 5020 3455 5075 in
3472 5021 3564 5075 die
3581 5021 3728 5076 colo-

2081 5109 2266 5173 ribus,
2293 5124 2396 5162 nec
2421 5105 2600 5177 lapidi
2636 5104 2943 5160 sardonico
2975 5105 3423 5178 pretiosissimo,
3477 5109 3561 5164 vel
3592 5126 3725 5182 sap-

2083 5197 2269 5269 phiro.
2295 5196 2419 5251 Non
2448 5194 2852 5266 aquuabitur
2873 5194 2923 5250 ei
2949 5213 3180 5260 aurum,
3214 5213 3320 5252 nec
3348 5197 3587 5267 vitrum,
3622 5215 3726 5254 nec

2083 5285 2604 5341 commutabuntur
2635 5301 2737 5355 pro
2767 5300 2834 5338 ea
2864 5299 3002 5339 vasa
3031 5285 3177 5339 auri.
3215 5283 3450 5341 Excelsa
3493 5292 3549 5341 et
3579 5287 3722 5342 emi-

2083 5375 2278 5430 nentia
2312 5391 2425 5429 non
2458 5373 2946 5429 memorabuntur
3001 5372 3059 5427 in
3113 5374 3543 5446 comparatione
3575 5377 3722 5447 ejus.

2080 5464 2355 5520 Trahitur
2387 5469 2580 5519 autem
2617 5461 2904 5534 sapientia
2936 5462 3005 5517 de
3025 5461 3293 5518 occultis.
3321 5463 3445 5519 Non
3463 5465 3728 5537 adsequa-

2081 5555 2242 5611 bitur
2271 5553 2321 5609 ei
2349 5552 2639 5626 topazium
2671 5551 2741 5607 de
2767 5550 3077 5624 Ethiopia,
3113 5569 3216 5608 nec
3248 5553 3513 5610 tinctura:
3553 5571 3725 5611 mune

2088 5643 2343 5704 dissima:
2379 5647 2764 5720 componatur
2793 5642 2908 5720 (Job
2938 5659 3138 5716 xxvm,
3173 5643 3240 5703 13
3269 5643 3380 5721 19).
3414 5667 3444 5700 ››
3466 5643 3572 5713 Qui
3596 5637 3727 5720 post
