4004 6210
259 287 412 354 1693

801 285 1210 351 ADVERSUS
1259 277 1730 346 SIMONIACOS
1774 275 1982 341 LIBRI
2026 269 2251 339 TRES.
2285 311 2362 321 —-
2390 272 2623 340 LIBER
2668 270 3106 343 SECUNDUS.

3500 281 3655 346 1094

261 424 525 481 nesciens
583 421 854 490 servivit;
907 422 1001 477 isti
1051 437 1207 486 vero,
1253 419 1394 473 dum
1445 413 1900 470 innumerabiles
1927 415 1979 479 Α
2011 411 2164 467 idem
2185 411 2488 483 Moysesin
2516 411 2964 466 Deuteronomio
2997 413 3080 466 sic
3102 418 3282 470 vetat:
3310 439 3336 466 ‹‹
3361 417 3484 471 Νοη
3519 418 3655 472 olfe-

261 531 444 569 unum
478 513 754 586 produnt,
788 529 849 566 se
883 513 1042 583 ipsos
1073 524 1328 581 suosque
1343 507 1604 562 fautores
1630 502 1897 576 perdunt,

2009 517 2101 556 res
2132 501 2455 554 mercedem
2484 500 2812 572 prostibuli,
2849 518 2951 554 nec
2986 503 3236 572 pretium
3269 505 3431 559 canis
3463 506 3520 560 in
3556 509 3654 563 do-

262 609 323 660 et
353 604 412 658 in
435 603 747 675 perniciem
777 600 956 656 totius
987 598 1191 654 mundi
1240 599 1593 670 grassantes,
1636 591 1902 648 omnium
2012 605 2173 644 mum
2208 587 2437 642 Domini
2457 587 2555 642 Dei
2579 588 2662 642 tui
2689 605 2703 655 ;
2729 588 3016 659 quidquid
3041 589 3185 644 illud
3214 595 3301 645 est
3322 594 3474 664 quod
3498 611 3659 650 vove-

264 693 527 750 ﬁdelium
558 691 732 748 saluti
763 690 1064 756 resistunt,
1088 691 1144 743 et
1174 703 1276 742 nec
1301 685 1434 754 sibi,
1457 699 1562 739 nec
1584 680 1756 737 alicui
1791 678 1903 734 nisi

263 783 409 839 forte
440 780 829 853 resipiscendo
860 779 1134 852 prodesse
1164 773 1478 846 aliquando
1507 772 1772 844 possunt.
1806 765 1906 822 Ille

266 871 614 943 magistrum
645 868 857 934 solum,
879 873 937 924 et
961 867 1087 922 sine
1117 882 1223 921 sua
1246 877 1605 932 suorumque
1622 855 1906 930 supellec-

265 959 366 1015 tile
385 958 688 1025 distraxit;
720 957 814 1012 isti
848 959 1043 1012 autem
1075 971 1188 1009 non
1221 951 1408 1007 solum
1431 948 1712 1022 Spiritum
1747 959 1914 1016 para-

269 1047 610 1116 cletum,sed
633 1045 870 1117 insuper
891 1042 1174 1115 quidquid
1196 1041 1762 1112 ejusest,etsuorum
1788 1031 1914 1087 ubi-

269 1137 377 1203 vis,
410 1149 599 1206 usque
620 1135 690 1189 ad
715 1133 1025 1188 minimum
1057 1130 1229 1186 assis.
1266 1127 1367 1184 Ille
1397 1129 1606 1199 praeter
1627 1139 1687 1179 se
1721 1120 1911 1177 nemi-

275 1240 410 1279 nem
442 1223 840 1288 mediatorem,
872 1221 958 1276 vel
989 1224 1196 1276 testem
1229 1231 1486 1289 quaerere
1519 1208 1913 1285 praesumpsit;

276 1312 374 1367 isti
405 1317 599 1367 autem
635 1327 747 1366 non
767 1309 955 1365 solum
979 1325 1043 1364 se
1072 1312 1128 1363 et
1155 1305 1509 1362 domesticos
1533 1318 1692 1364 suos,
1715 1313 1915 1354 verum

278 1404 335 1456 et
364 1405 664 1456 extraneos
695 1400 784 1456 sui
809 1398 1020 1471 negotii
1045 1396 1392 1452 mediatores
1421 1409 1487 1448 ac
1510 1395 1690 1446 testes
1715 1404 1917 1460 persae-

277 1506 349 1561 pe
377 1489 607 1544 acciunt
627 1493 684 1544 et
704 1488 944 1544 faciunt.
978 1485 1078 1541 Ille
1097 1483 1438 1556 pcenitentia
1465 1481 1678 1536 ductus
1694 1495 1804 1532 xxx
1827 1493 1917 1531 ar-

279 1582 516 1650 genteos
545 1578 720 1632 etiam
741 1575 1074 1631 nolentibus
1103 1571 1345 1638 refudit;
1369 1569 1465 1626 isti
1497 1572 1692 1624 autem
1714 1565 1918 1636 impae-

281 1665 533 1720 nitentes
567 1681 680 1719 non
713 1663 906 1719 solum
937 1679 1052 1716 non
1073 1661 1394 1716 refundunt
1422 1655 1919 1730 quantulumcun-

2012 677 2114 743 ris,
2149 677 2286 747 quia
2317 676 2673 731 abominatio
2703 681 2790 731 est
2819 681 3136 749 utrumque
3158 681 3309 751 apud
3345 681 3658 739 Dominum

2016 766 2200 821 Deum
2227 769 2393 820 tuum
2423 766 2775 834 (Deut.xx1n,
2805 766 2949 836 18).»
2975 767 3097 830 Quo
3120 768 3326 824 divinae
3349 769 3493 840 legis
3516 789 3660 842 pne-

2019 857 2185 926 cepto
2218 855 2560 925 reprobatur
2582 871 2683 926 per
2711 854 2914 909 vitium
2948 857 3237 927 acquisita
3260 857 3495 923 oblatio,
3524 859 3662 929 quia

2019 942 2303 997 Dominus
2357 942 2488 997 odio
2528 941 2701 996 habet
2734 944 2995 1014 rapinam
3033 945 3092 998 in
3134 945 3510 1014 holocausto;
3562 949 3661 1018 qui

2023 1031 2350 1087 mercedem
2383 1030 2691 1102 prostibuli
2726 1031 2931 1086 merito
2972 1033 3344 1104 dedignatur,
3389 1052 3565 1107 quam
3598 1053 3666 1092 ex

2027 1136 2144 1175 suae
2177 1124 2235 1174 et
2265 1117 2464 1174 alienae
2498 1119 2690 1174 carnis
2723 1121 3093 1198 corruptio‘ne
3126 1122 3398 1177 meretrix
3427 1124 3668 1194 profana

2025 1225 2058 1262 a
2086 1207 2347 1279 profanis
2363 1207 2699 1262 fornicando
2723 1209 3120 1280 consequitur,
3147 1215 3366 1280 quanto
3389 1211 3575 1284 magis
3597 1211 3665 1267 il-

2025 1297 2165 1362 lam,
2199 1313 2374 1368 quam
2407 1313 2474 1351 ex
2506 1312 2624 1351 sua:
2656 1297 2885 1364 animae,
2919 1298 3357 1372 multarumque
3389 1302 3665 1373 prostitu-

2025 1385 2182 1441 tione
2207 1385 2572 1440 Simoniacus
2594 1402 2626 1439 a
2654 1386 2764 1440 {ide
2787 1388 3117 1442 Christiana
3148 1389 3482 1446 fornicando
3516 1409 3668 1447 mer—

2028 1474 2230 1530 catur?
2249 1473 2644 1529 Nihilominus
2666 1476 3038 1531 abominalur
3060 1478 3308 1550 pretium
3341 1481 3524 1546 canis,
3555 1499 3670 1536 non

2029 1564 2183 1636 quod
2207 1563 2290 1619 eis
2311 1564 2714 1634 cujuscunque
2735 1565 3009 1621 animalis
3041 1574 3247 1624 natura
3267 1570 3343 1626 sit
3370 1571 3671 1626 abomina-

2030 1653 2183 1720 bilis,
2209 1654 2308 1708 sed
2334 1653 2489 1724 quod
2511 1653 2882 1709 abominetur
2908 1655 3282 1725 oblationem,
3308 1677 3483 1731 quam
3517 1662 3670 1732 quis,

282 1770 394 1825 que
407 1754 681 1825 pretium,
698 1752 797 1808 sed
814 1751 1026 1807 vellent
1047 1749 1178 1822 plus
1201 1751 1526 1820 acceptum.
1552 1744 1700 1812 Quin
1719 1743 1917 1842 etiam,
1953 1777 2000 1842 B
2030 1743 2185 1800 velut
2212 1747 2410 1797 mutus
2433 1744 2597 1798 canis
2611 1743 2903 1799 adulando
2927 1749 2982 1799 et
3006 1745 3247 1802 favendo
3271 1748 3424 1804 vitiis
3446 1750 3673 1819 alienis,

281 1858 355 1897 ne
385 1841 442 1894 in
475 1841 670 1912 aliquo
694 1840 991 1895 inferiores
1015 1837 1403 1910 perditoJuda
1417 1837 1662 1906 ejusque
1679 1829 1922 1902 compli-

283 1929 451 1984 cibus
482 1933 762 2001 putentur
782 1928 879 2000 qui
905 1928 963 1982 in
987 1931 1073 1982 tot
1093 1925 1439 1982 criminibus
1461 1922 1790 1995 superiores
1807 1919 1924 1974 illis

288 2017 1053 2088 monstrantur,gaudentet
1071 2015 1166 2069 isti
1191 2031 1322 2069 cum
1342 2012 1626 2084 Spiritum
1655 2014 1924 2065 sanctum

287 2105 754 2179 appretiaverint,
770 2105 958 2159 instar
977 2103 1232 2169 illorum,
1247 2101 1346 2174 qui
1367 2100 1746 2173 appretiando
1764 2098 1839 2152 Cb
1850 2097 1927 2152 ri-

288 2201 447 2251 stum
492 2199 631 2250 sunt
659 2192 863 2266 gavisi,
895 2195 951 2248 et
979 2197 1044 2246 ut
1071 2191 1157 2246 illi
1189 2189 1679 2263 opportunitatem
1730 2185 1922 2259 prodi-

289 2284 488 2354 tionis,
520 2284 603 2339 sic
634 2287 693 2338 et
725 2281 820 2337 isti
851 2281 1165 2352 exquirunt
1194 2297 1314 2334 suae
1354 2275 1784 2351 negotiationis.

904 2387 1131 2444 CAPUT
1180 2386 1324 2441 XXI.

290 2483 368 2537 De
395 2496 456 2537 eo
486 2479 626 2552 quod
654 2494 761 2535 non
785 2478 961 2550 prosit
962 2476 1314 2603 simoniacis
1333 2475 1724 2546 qualiscunque
1747 2487 1930 2528 eorum

929 2565 958 2603 e
1012 2562 1292 2603 emosuna.

929 2562 1292 2619 eteemosyna.

363 2641 582 2712 Nempe
612 2639 768 2696 velut
798 2637 928 2710 quis
950 2635 1334 2694 avarissimus
1355 2635 1700 2707 negotiator,
1725 2632 1934 2689 anxius

291 2733 607 2802 exspectat,
640 2733 696 2783 et
725 2726 967 2799 angelus
989 2725 1202 2798 expetit
1232 2724 1527 2780 nundinas
1543 2739 1770 2778 annuas
1803 2739 1816 2777 :
1851 2721 1935 2777 sic

292 2823 350 2875 et
370 2818 466 2874 isti
497 2816 914 2882 ordinationes,
931 2819 1188 2885 tempore
1209 2829 1314 2869 suo
1339 2813 1617 2884 agendas,
1641 2816 1706 2867 ut
1721 2815 1822 2866 aut
1845 2809 1934 2865 in-

293 2909 365 2962 de
385 2906 674 2962 redimunt
704 2921 796 2960 res
829 2921 987 2969 suas,
1014 2903 1150 2958 talis
1181 2901 1346 2973 pretii
1379 2917 1480 2972 spe
1501 2900 1934 2973 oppigneratas,

294 2999 396 3050 aut
425 2994 737 3051 saccellum
769 3009 1019 3049 vacuum
1059 2990 1367 3064 impleant,
1395 2994 1496 3045 aut
1525 2989 1695 3061 pleno
1729 3005 1934 3061 super-

295 3085 563 3140 fundent.
598 3084 679 3138 Ex
705 3100 820 3154 qua
842 3081 1042 3154 utique
1063 3081 1330 3154 pecunia,
1353 3095 1532 3150 quam
1554 3079 1638 3135 sic
1651 3082 1852 3135 amant
1875 3082 1937 3134 ut

297 3173 580 3247 Spiritum
631 3176 896 3228 sanctum
941 3171 1186 3227 vendere
1217 3186 1331 3225 non
1374 3172 1657 3239 metuant,
1709 3167 1936 3224 fructus
1967 3143 2009 3210 Ο

298 3281 414 3320 non
442 3263 672 3336 capient
698 3261 928 3318 etiamsi
961 3261 1018 3315 in
1047 3277 1332 3333 pauperes
1371 3263 1427 3314 et
1455 3258 1583 3314 loca
1620 3261 1823 3314 sancta
1843 3274 1938 3312 ex-

298 3355 578 3429 pendunt,
621 3351 1118 3424 quemadmodum
1169 3366 1275 3405 nec
1322 3349 1507 3405 Judas
1535 3365 1604 3404 ex
1645 3365 1772 3416 sua,
1824 3365 1940 3420 qua

298 3448 532 3515 emptus
549 3445 637 3497 est
650 3440 856 3513 agerin
900 3439 1341 3511 peregrinorum
1356 3437 1586 3509 sepultu
1596 3455 1814 3508 ra,qu:e
1832 3454 1937 3494 nec

293 3530 580 3590 venditori
598 3529 829 3596 Chi-isti,
855 3545 959 3582 nec
974 3527 1338 3598 emptoribus
1355 3525 1428 3580 ad
1451 3527 1780 3581 animarum
1803 3543 1939 3581 sua-

296 3639 428 3678 rum
462 3619 787 3674 mercedem
836 3617 1158 3687 quidquam
1192 3615 1454 3688 profecit,
1485 3614 1543 3669 in
1574 3619 1806 3670 tantum
1833 3631 1938 3671 nec

291 3710 406 3768 vile
436 3710 678 3764 bustum
724 3705 943 3760 ibidem
983 3703 1264 3774 profanus
1292 3702 1323 3756 ,Ι
1333 3702 1480 3758 udas
1510 3703 1817 3774 acciperet,
1847 3701 1935 3758 vel

293 3793 1062 3866 inbumatussuperjaceret.
1088 3791 1233 3846 Hinc
1266 3789 1315 3846 si
1345 3789 1488 3846 illud
1515 3789 1932 3862 consideretur,

291 3888 447 3961 quod
499 3885 865 3943 sacerdotum
898 3880 1190 3954 principes
1237 3878 1547 3952 pecuniam
1587 3879 1936 3951 proditionis

292 3977 403 4033 sibi
436 3976 693 4032 refusam
726 3970 991 4028 arbitrati
1035 3972 1193 4039 sunt,
1228 3967 1405 4024 simul
1445 3972 1502 4023 et
1537 3968 1782 4040 professi
1818 3986 1932 4027 non

289 4066 463 4122 licere
494 4063 648 4120 mitti
680 4063 737 4117 in
763 4061 1100 4130 corbonam,
1131 4059 1188 4114 id
1221 4062 1310 4114 est
1339 4057 1540 4129 reponi
1579 4074 1713 4113 cum
1761 4058 1936 4114 dena-

291 4155 396 4211 riis
445 4151 650 4226 templi
699 4151 870 4220 sacri,
921 4148 1059 4222 quia
1114 4147 1367 4221 pretium
1426 4146 1732 4220 sanguinis
1781 4152 1937 4204 esset

291 4244 499 4316 (Matth.
531 4259 707 4312 xxvn,
737 4242 856 4310 5-8)
882 4258 895 4309 ;
921 4243 1274 4312 putamusne
1295 4241 1513 4308 quanto
1536 4235 1933 4294 sceleratiores

287 4332 509 4388 Judaeis
540 4331 896 4388 arbitramur
924 4329 1089 4395 istos,
1126 4325 1225 4399 qui
1258 4326 1508 4399 pretiuin
1539 4324 1815 4382 Paracleti
1841 4325 1928 4381 in-

291 4423 519 4477 terdum
537 4437 670 4476 cum
690 4417 1103 4485 oblationibus,
1125 4434 1272 4490 quas
1287 4415 1752 4473 Christianorum
1768 4416 1932 4473 devo-

2034 1850 2066 1888 a
2094 1831 2320 1888 vitiosis
2351 1832 2582 1886 meruit.
2615 1833 2714 1888 Vel
2748 1839 2901 1889 certe
2950 1836 3199 1905 pretium
3234 1839 3395 1893 canis
3445 1840 3560 1895 Deo
3591 1845 3678 1896 est

2035 1921 2318 1993 quidquid
2355 1926 2486 1993 post
2512 1922 2910 1992 paenitentiam
2940 1925 3009 1978 ad
3036 1926 3249 1994 peccati
3274 1927 3559 1983 vomitum
3588 1946 3677 1984 re-

2032 2027 2238 2067 versus
2268 2011 2451 2066 ot'fert.
2486 2011 2810 2083 Utrumque
2840 2014 2993 2068 enim
3028 2015 3383 2078 abominatio
3405 2023 3492 2072 est
3521 2021 3675 2089 apud

2037 2101 2240 2164 Deum,
2266 2100 2383 2154 sive
2403 2100 2822 2166 fernicationis,
2850 2102 2967 2156 sive
2981 2105 3390 2160 assentationis
3414 2111 3524 2160 tuae
3546 2124 3678 2178 pre-

2036 2190 2184 2244 tium
2217 2189 2267 2245 ei
2297 2205 2504 2244 voveas
2536 2190 2914 2256 offerendum,
2958 2193 3386 2263 quantumlibet
3426 2197 3504 2250 sit
3536 2197 3680 2254 illud

2039 2295 2320 2350 magnum
2376 2278 2653 2350 pretium,
2702 2285 2756 2334 et
2803 2279 3141 2350 pretiosum.
3203 2283 3502 2346 Quomodo
3545 2303 3680 2359 ergo

2039 2367 2369 2439 placabitur
2398 2368 2551 2422 Deus
2582 2369 2765 2439 pretio
2798 2385 2913 2439 quo
2943 2369 3244 2441 virginitas
3277 2372 3680 2431 innumerabi-

2041 2456 2188 2510 lium
2221 2455 2574 2523 animarum,
2601 2457 2656 2512 id
2689 2460 2778 2512 est
2797 2457 2942 2512 fides
2963 2456 3303 2531 incorrupta
3333 2461 3561 2535 sibique
3592 2467 3685 2521 de-

2044 2549 2330 2616 sponsata
2376 2545 2765 2616 prostituitur,
2782 2549 2883 2601 aut
2903 2563 3017 2617 quo
3041 2548 3360 2619 pertinacia
3381 2551 3466 2608 vel
3487 2552 3686 2627 impae-

2044 2634 2289 2689 nitentia
2338 2634 2644 2707 ﬂagitiosis
2697 2635 3165 2706 administratur,
3215 2642 3685 2716 quandocunque

2045 2746 2072 2773 ‹‹
2109 2721 2384 2778 laudatur
2415 2728 2683 2794 peccator
2713 2723 2770 2777 in
2793 2724 3101 2780 desideriis
3124 2727 3330 2783 animm
3361 2747 3478 2786 sua:
3496 2737 3554 2788 et
3587 2734 3687 2789 ini-

2048 2829 2202 2884 quus
2231 2811 2632 2868 benedicitur?
2667 2837 2686 2860 ιι
2729 2813 2904 2883 (Psal.
2937 2831 2994 2880 x,
3033 2814 3138 2885 :11.)
3169 2817 3327 2879 Quod
3363 2818 3410 2874 si
3461 2838 3687 2892 posses-

2045 2903 2262 2967 siones,
2292 2901 2547 2957 familias
2579 2907 2635 2957 et
2666 2902 2912 2974 reliqua,
2945 2907 3174 2959 tantum
3206 2908 3468 2963 saeculari
3500 2910 3687 2967 homi-

2045 3007 2188 3046 num
2219 2989 2640 3046 conversationi
2674 2991 2859 3058 utilia,
2882 2993 3017 3048 inde
3047 2993 3153 3048 sibi
3179 2996 3420 3069 suisque
3447 3001 3686 3073 propin-

2047 3082 2179 3155 quis
2207 3085 2263 3138 et
2292 3080 2488 3149 amici,
2515 3089 2576 3135 ut
2597 3079 2745 3136 alter
2765 3081 2938 3151 Giezi,
2967 3087 3449 3157 comparaverint,
3475 3089 3690 3146 nihilo-

2049 3172 2247 3228 minus
2279 3173 2502 3226 t‘ructus
2527 3187 2639 3226 non
2671 3171 2901 3243 capient
2923 3189 2989 3227 ex
3018 3171 3123 3240 eis,
3151 3175 3290 3246 quia
3316 3175 3476 3249 lepra
3502 3179 3690 3236 Simo-

2050 3262 2228 3318 niacae
2263 3260 2691 3316 maledictionis
2721 3260 2832 3316 sibi
2864 3265 2918 3316 et
2947 3262 3156 3317 semini
3189 3265 3461 3321 eorumin
3485 3285 3688 3342 perpe-

2047 3354 2216 3406 tuurn
2249 3349 2334 3405 sic
2363 3349 2679 3404 adhazrebit
2710 3354 2774 3403 ut
2804 3354 3078 3406 nutantes
3111 3354 3542 3411 transferantur
3585 3359 3690 3415 ﬁlii

2048 3456 2249 3496 eorum
2281 3444 2338 3494 et
2367 3439 2787 3494 interdicentur
2810 3444 2865 3494 et
2889 3440 3197 3509 ejiciantur
3225 3443 3295 3497 de
3317 3443 3692 3503 habitationi-

2049 3530 2160 3584 bus
2191 3528 2315 3583 suis
2344 3527 2517 3598 (Psal.
2543 3544 2699 3594 cvm,
2726 3527 2833 3597 10).
2859 3527 2986 3582 Sive
3010 3544 3144 3600 ergo
3171 3531 3554 3600 spiritualiter
3574 3535 3693 3592 sive

2046 3613 2663 3686 carnaliterpretiailla
2679 3615 3386 3685 expendant,omnimodis
3401 3637 3499 3676 eos
3512 3621 3696 3681 incas-

2047 3703 2465 3762 sumlaborare
2497 3707 2743 3770 constat,
2779 3703 2917 3774 quia
2939 3721 3042 3760 nec
3065 3706 3244 3776 juste,
3272 3724 3374 3763 nec
3399 3709 3694 3770 fructuosa

2046 3792 2322 3863 cuiquam
2347 3808 2606 3862 unquam
2622 3790 2844 3860 tribuit,
2865 3792 2963 3863 qui
2995 3793 3210 3865 injuste
3242 3795 3414 3853 tollit.
3440 3799 3601 3858 Unde
3632 3802 3690 3858 hi

2047 3880 2397 3953 negotiando
2428 3897 2555 3936 sese
2589 3879 2834 3936 invicem
2859 3881 3344 3953 circumveniunt,
3378 3891 3434 3942 et
3459 3889 3571 3945 sibi
3602 3890 3693 3946 in-

2043 3971 2226 4026 vicem
2261 3987 2386 4041 quae
2410 3969 2704 4025 habebant
2725 3970 3016 4026 auferunt.
3041 3971 3320 4029 Venditor
3341 3978 3559 4049 quippe
3579 3980 3692 4034 exi-

2043 4059 2230 4133 gendo
2262 4058 2594 4132 pecuniam,
2627 4060 2875 4131 emptori
2919 4061 3097 4117 simul
3134 4061 3306 4118 ﬁdem
3353 4066 3607 4139 subripit
3635 4073 3691 4124 et

2042 4148 2371 4221 pecuniam.
2397 4149 2632 4220 Emptor
2661 4153 2859 4204 autem
2878 4150 3203 4206 exhibendo
3222 4154 3504 4210 venditori
3537 4156 3688 4213 nihi-

2042 4237 2300 4293 lominus
2351 4237 2604 4310 subripit
2637 4237 2813 4293 fidem
2835 4242 2891 4294 et
2915 4239 3168 4312 Spiritus
3192 4243 3382 4298 sancti
3399 4245 3687 4315 gratiam;

2043 4327 2224 4398 ﬁtque
2255 4327 2403 4382 miro
2437 4330 2492 4381 et
2522 4327 2734 4382 misero
2768 4328 2939 4382 modo
2972 4333 3035 4384 ut
3067 4335 3272 4386 neuter
3313 4333 3469 4404 quod
3520 4333 3690 4390 alteri

2044 4415 2340 4488 subripuit
2370 4415 2600 4483 habeat,
2637 4416 2736 4470 sed
2761 4417 3005 4490 insuper
3026 4415 3271 4491 uterque
3301 4423 3506 4493 perdat
3537 4425 3690 4495 quod

291 4509 372 4566 tiu
390 4510 651 4565 ecclesiis
686 4509 781 4564 Dei
813 4507 1059 4563 contulit
1093 4510 1193 4562 aut
1221 4505 1464 4572 confert,
1509 4505 1930 4577 reponendum,
1965 4515 2010 4578 [)
2041 4504 2204 4577 prius
2235 4505 2505 4574 habebat,
2539 4509 2596 4560 et
2625 4504 2697 4560 ab
2723 4505 2971 4561 invicem
3005 4509 3250 4580 accipiat
3296 4511 3482 4566 solam
3525 4513 3688 4567 dam-

289 4597 690 4653 arbitrantur?
721 4597 920 4654 Solent
949 4595 1241 4668 siquidem
1274 4593 1542 4666 sacrilegi
1574 4611 1643 4650 ex
1682 4597 1801 4649 tam
1836 4612 1926 4650 sa-

286 4685 500 4759 crilego
523 4687 704 4758 pretio
727 4687 982 4759 quadam
997 4701 1143 4740 vana
1163 4700 1265 4756 spe
1281 4683 1697 4756 redemptionis
1720 4683 1926 4739 animae

286 4793 405 4831 suae
428 4776 600 4831 modo
614 4776 850 4847 prcedia,
868 4774 1038 4830 modo
1059 4772 1255 4846 pallia,
1281 4772 1770 4842 modolibrorum,
1807 4790 1929 4830 mo-

286 4866 359 4920 do
379 4881 654 4920 vasorum
687 4869 859 4936 atque
882 4861 1222 4918 utensilium
1254 4860 1633 4918 ecclesiastici
1667 4862 1931 4919 ministe-

286 4952 353 5007 rii
387 4954 546 5009 varia
565 4953 616 5009 ei
635 4953 934 5024 superflua
962 4951 1236 5023 insignia,
1259 4950 1731 5022 possessionibus
1754 4955 1810 5006 et
1830 4969 1930 5023 ga-

283 5042 623 5115 zophilaciis
653 5040 1030 5097 ecclesiarum
1062 5039 1157 5094 Dei
1181 5040 1516 5112 adjungere.
1539 5040 1695 5104 Quod
1723 5039 1934 5095 facien-

283 5134 372 5187 tes
422 5151 538 5188 non
585 5131 778 5188 solum
827 5129 908 5186 nil
940 5129 1245 5196 mercedis,
1289 5146 1490 5184 verum
1523 5133 1580 5184 et
1609 5128 1931 5185 maximum

285 5226 670 5293 augmentum
702 5219 1093 5276 damnationis
1126 5217 1236 5274 sibi
1267 5218 1640 5290 conquirunt,
1677 5219 1776 5273 ubi
1811 5236 1930 5275 suae

284 5309 607 5366 immundae
635 5310 943 5366 oblationis
968 5310 1236 5363 contactu
1263 5307 1688 5374 sanctuarium,
1721 5312 1777 5363 et
1807 5325 1932 5363 om-

285 5398 384 5454 nia
419 5418 545 5473 quae
596 5399 754 5455 illius
792 5403 957 5454 erant
1001 5395 1292 5469 polluunt,
1327 5395 1482 5452 sicut
1517 5395 1800 5452 Dominus
1833 5413 1934 5468 per

285 5488 522 5563 Moysen
554 5489 766 5547 astruit
800 5507 812 5545 :
856 5512 882 5539 «
919 5485 1210 5560 Quidquid
1258 5485 1515 5558 tetigerit
1563 5484 1928 5556 immundus,

282 5575 663 5641 immundum
707 5579 878 5641 faciet
907 5579 1090 5653 (Num.
1123 5593 1241 5645 xxx,
1271 5574 1400 5652 22);
1434 5596 1463 5627 »
1497 5575 1652 5652 quod
1684 5591 1756 5632 ne
1805 5575 1929 5648 ﬁat,

2041 4593 2337 4650 nationem
2363 4609 2539 4665 quam
2563 4593 2726 4664 prius
2757 4611 2872 4649 non
2897 4595 3170 4652 habebat.
3195 4598 3341 4660 Quid
3365 4599 3413 4654 si
3446 4604 3692 4672 uterque

2038 4688 2126 4738 est
2157 4684 2355 4751 miser,
2404 4682 2672 4737 miserior
2703 4687 2897 4738 tamen
2933 4683 3051 4753 ille,
3097 4685 3196 4757 qui
3226 4691 3282 4741 et
3311 4704 3478 4742 suam
3522 4705 3690 4758 pecu-

2041 4771 2200 4825 niam
2222 4777 2278 4825 et
2300 4771 2471 4825 fidem
2488 4771 2807 4842 perdiditet
2827 4772 3074 4844 gratiam
3099 4774 3485 4845 spiritualem,
3510 4791 3687 4845 quam

2040 4877 2145 4933 pro
2177 4860 2310 4914 dato
2343 4858 2523 4931 pretio
2551 4860 2846 4931 exigebat;
2879 4861 3049 4916 alteri
3073 4863 3309 4933 quidem
3334 4862 3598 4927 abstulit,
3632 4870 3691 4919 et

2036 4947 2154 5003 sibi
2186 4964 2298 5003 non
2332 4947 2582 5018 accepit;
2618 4949 2759 5018 quin
2788 4950 2982 5021 potius
3015 4967 3117 5021 pro
3141 4951 3541 5006 benedictione
3564 4969 3686 5007 ma-

2042 5035 2410 5093 ledictionem
2437 5037 2828 5100 incurrit.Quo
2845 5039 2909 5092 ﬁt
2928 5039 3498 5109 utquemadmodum
3534 5041 3687 5110 quis,

2041 5125 2182 5180 dum
2206 5123 2368 5180 alteri
2391 5126 2648 5180 animum
2672 5124 2847 5192 tollit,
2865 5125 2948 5179 illi
2973 5127 3211 5197 quidem
3235 5127 3410 5193 tollit,
3435 5128 3535 5183 sed
3562 5128 3690 5199 ipse

2042 5215 2190 5270 duas
2212 5216 2440 5270 animas
2461 5232 2571 5270 non
2596 5214 2790 5281 habet,
2815 5215 2959 5286 quin
2983 5215 3176 5287 potius
3200 5221 3256 5270 et
3277 5233 3444 5272 suam
3470 5217 3688 5288 perdit?

2042 5303 2125 5359 sic
2145 5307 2203 5359 et
2227 5305 2324 5359 isti
2354 5305 2530 5360 ﬁdem
2552 5304 2663 5359 sibi
2690 5309 2746 5359 et
2767 5303 3013 5376 gratiam
3037 5305 3284 5361 invicem
3320 5305 3551 5372 lollunt,
3585 5308 3686 5362 sed

2042 5397 2308 5448 neutram
2331 5411 2533 5448 earum
2564 5393 2736 5448 habet
2767 5393 3011 5465 quilibet
3053 5393 3310 5462 illorum,
3352 5399 3408 5451 et
3449 5395 3692 5468 insuper

2042 5482 2102 5538 in
2134 5498 2346 5538 manus
2378 5483 2478 5538 Dei
2508 5481 2753 5538 viventis
2785 5482 3142 5540 borribiliter
3188 5483 3459 5541 incidunt
3502 5485 3685 5558 (Hebr.

2039 5591 2096 5646 Χ,
2113 5571 2229 5648 3|),
2251 5573 2351 5629 ubi
2375 5577 2621 5631 mortem
2643 5571 2727 5630 eis
2738 5577 2978 5649 generat
2997 5577 3297 5650 peccatum
3316 5590 3688 5636 consumma-
