4004 6210
334 390 485 451 1095

1381 388 1788 449 HUMBER'I‘I
1834 391 1897 449 s.
1947 387 2018 448 ιι.
2067 387 2138 450 E.
2185 375 2671 450 CARDINALIS.

3571 363 3737 449 1096

324 527 451 578 tum
474 525 612 592 (Jac.
648 537 686 584 1,
720 520 829 591 15).
861 517 1021 573 Unde
1053 535 1186 573 mox
1205 518 1434 573 diabolo
1457 520 1554 591 qui
1588 520 1750 590 prius
1779 519 1966 574 intra-
1996 525 2049 589 Α
2080 520 2230 576 mias
2265 537 2276 575 :
2308 545 2327 569 «ι
2363 525 2631 577 Moestum
2654 523 2873 577 factum
2894 523 2984 577 est
3006 522 3065 576 in
3087 519 3285 576 dolore
3306 535 3406 574 cor
3425 521 3731 588 nostrum,

324 613 406 666 vit
434 610 610 666 corda
637 607 869 662 illorum
901 608 970 662 ad
1006 607 1398 662 invadendum
1430 609 1738 664 tradentur
1758 609 1968 664 divini-

323 704 420 754 tus
449 700 521 753 ad
553 713 784 767 semper
805 696 914 750 sibi
938 696 994 750 in
1019 712 1158 767 pace
1179 697 1627 768 possidendum,
1647 697 1848 769 sicque
1870 715 1969 754 eos

322 788 533 852 denuo,
583 784 740 840 velut
780 784 1026 840 alterum
1071 785 1310 851 Judam,
1343 791 1474 857 post
1521 786 1842 842 buecellam
1880 789 1966 843 in-

321 876 583 940 tinctam,
618 875 868 929 Satanas
888 873 1067 928 intrat
1088 874 1264 942 (Joan.
1296 891 1422 941 xm,
1449 876 1562 945 27),
1585 875 1684 928 ubi
1709 875 1966 945 prodito-

320 982 412 1020 res
441 964 576 1019 fidei
609 980 727 1019 suis
759 980 826 1019 ex
857 968 1062 1018 mutua
1087 964 1289 1017 fraude
1318 964 1611 1018 convictos
1634 963 1743 1018 sibi
1778 964 1964 1018 vindi-

319 1059 431 1110 cat.
466 1053 752 1108 Intinctus
779 1053 935 1108 enim
987 1051 1153 1124 panis
1186 1052 1388 1107 fraude
1419 1052 1693 1108 infectam
1741 1053 1963 1124 signifi-

318 1145 468 1198 cavit
524 1147 777 1198 mentem
838 1140 1174 1213 prodituris.
1235 1141 1495 1212 Denique
1561 1158 1676 1196 non
1735 1157 1966 1212 semper

318 1231 576 1287 atluitur
620 1231 774 1302 quod
809 1228 1139 1300 intingitur,
1174 1227 1250 1283 sel
1294 1227 1608 1300 aliquando
1656 1228 1956 1299 polluitur.

905 1315 1142 1371 CAPUT
1193 1316 1362 1371 XXII.

424 1410 561 1478 Quid
593 1409 778 1479 vulpes
808 1407 1138 1462 Simoniacae
1179 1406 1391 1477 faciant
1423 1407 1503 1460 vel
1538 1406 1848 1476 patiantur.

388 1501 584 1569 Itaque
615 1497 752 1569 quia
785 1495 1138 1551 fraudulenti
1171 1499 1228 1549 et
1258 1493 1591 1565 versipelles
1623 1491 1716 1547 isti
1745 1507 1850 1563 pro
1873 1491 1958 1545 ni-

313 1589 428 1645 hilo
462 1589 679 1643 habent
702 1591 765 1642 ut
790 1587 1067 1642 Dominus
1091 1601 1224 1656 pars
1247 1599 1448 1638 eorum
1468 1582 1546 1636 sit
1567 1581 1793 1653 ipsique
1819 1598 1956 1652 pars

311 1679 539 1735 Domini
579 1695 591 1733 :
624 1682 904 1748 tanquam
925 1672 1262 1745 vulpecula,
1293 1685 1362 1726 ne
1394 1671 1546 1726 sicut
1565 1671 1952 1726 Sodomorum

309 1771 497 1835 vinea,
530 1766 946 1829 demolientur,
973 1765 1148 1819 etiam
1173 1759 1715 1815 ﬂorentemvineam
1737 1759 1952 1815 Christi

311 1859 574 1932 capiunt,
607 1862 664 1912 et
696 1861 890 1928 partes
921 1852 1184 1947 vulpium
1225 1847 1461 1903 illarum
1486 1847 1786 1947 .efﬁciunt,
1821 1865 1948 1947 qua:
1980 1882 2028 1947 B

309 1951 420 2005 sibi
453 1950 510 2003 in
543 1947 627 2003 eis
660 1948 850 2000 foveas
885 1942 1114 1996 habent.
1148 1938 1290 2006 Qua,
1323 1937 1602 2009 quoniam
1628 1955 1730 2009 pro
1761 1938 1950 2009 quali-

311 2045 423 2096 tate
448 2055 546 2094 seu
581 2033 906 2092 differentia
930 2046 1046 2084 sua:
1078 2026 1452 2098 nequissimae
1502 2028 1808 2097 potestatis
1833 2027 1952 2082 sibi

309 2127 720 2203 possidendam
745 2121 1063 2194 patiuntur,
1098 2117 1207 2174 sub
1231 2116 1570 2172 nominibus
1591 2117 1951 2188 etsigniﬁca-

310 2221 570 2276 tionibus
601 2217 963 2270 diversarum
987 2211 1042 2262 et
1063 2207 1401 2262 nocivarum
1424 2205 1748 2273 volucrum,
1783 2207 1950 2261 arbo-

310 2326 461 2374 rum,
487 2305 821 2364 herbarum,
846 2301 902 2354 et
925 2295 1244 2352 bestiarum
1276 2295 1741 2360 immundarum,
1769 2295 1953 2351 Isaias

309 2413 484 2467 super
507 2393 818 2447 Idumaeam
845 2386 929 2440 sic
956 2383 1305 2438 vaticinatur
1330 2399 1343 2436 :
1368 2382 1759 2436 Possidebunt
1789 2381 1950 2438 illam

307 2479 698 2542 onocrotalus,
729 2474 1035 2532 etericius.
1061 2477 1117 2527 et
1140 2471 1252 2526 ibis
1283 2476 1340 2526 et
1362 2487 1569 2526 corvus
1600 2470 1952 2526 habitabant

308 2573 365 2626 in
395 2587 462 2626 ea
492 2567 622 2638 (lsui
649 2581 802 2629 xxxv,
838 2562 946 2632 11).
986 2584 1012 2609 ››
1037 2561 1253 2631 Etpost
1285 2575 1471 2630 pauca
1499 2575 1511 2614 :
1548 2582 1574 2608 ‹‹
1609 2563 1665 2612 et
1689 2558 1954 2614 orientur

308 2662 365 2716 in
393 2656 666 2714 domibus
695 2654 824 2726 ejus
848 2652 1028 2722 spina
1051 2653 1109 2704 et
1140 2649 1359 2714 urticae,
1384 2651 1440 2702 et
1461 2646 1724 2720 paliurus
1746 2647 1804 2702 in
1822 2664 1948 2702 mu-

309 2746 628 2804 nitionibus
660 2745 807 2814 ejus.
844 2741 914 2794 Et
936 2739 1045 2794 erit
1066 2736 1255 2793 cubile
1280 2736 1622 2802 draconum,
1649 2739 1705 2790 et
1735 2752 1952 2807 pascua

306 2835 726 2899 struthionum,
742 2835 798 2886 et
814 2846 951 2885 occu
963 2831 1121 2882 rrent
1139 2825 1427 2881 daemonia
1439 2828 1758 2879 onocentau
1769 2827 1953 2891 rus,et

306 2925 529 2999 pilosus
546 2919 816 2976 clamavit
836 2917 981 2973 alter
1001 2917 1072 2971 ad
1093 2914 1364 2970 alterum.
1391 2913 1472 2968 lbi
1498 2913 1729 2968 cubavit
1749 2912 1948 2980 lamia,

307 3019 363 3071 et
392 3011 613 3068 invenit
643 3009 901 3080 requiem
925 3025 946 3070 ;
972 3005 1049 3058 ibi
1083 3003 1290 3058 habuit
1349 3002 1570 3057 foveam
1615 3001 1849 3067 ericius,
1895 3005 1951 3057 et

306 3099 580 3159 enutrivit
605 3096 852 3164 catulos,
885 3100 942 3149 et
962 3090 1353 3156 circumfodit,
1384 3093 1440 3144 et
1471 3089 1610 3144 fovit
1641 3089 1696 3143 in
1741 3090 1950 3145 umbra

305 3193 451 3263 ejus.
489 3187 630 3244 Illuc
665 3183 998 3256 congregati
1045 3186 1184 3236 sunt
1213 3178 1371 3234 milvi
1419 3177 1566 3234 alter
1594 3179 1661 3233 ad
1698 3178 1943 3233 alterum

305 3281 454 3352 (lsaz'.
487 3293 611 3341 xm,
642 3275 718 3346 5).
747 3296 772 3322 υ
794 3271 1022 3326 Talium
1047 3285 1182 3341 ergo
1196 3272 1251 3323 et
1267 3273 1386 3322 tam
1401 3265 1797 3338 versipellium
1819 3266 1944 3321 vul-

303 3369 465 3441 pium
500 3367 692 3438 partes
715 3361 930 3433 pariter
949 3363 1006 3413 et
1027 3357 1338 3430 participes
1360 3355 1574 3410 effectae
1605 3354 1942 3426 vulpeculaz,

303 3458 372 3511 de
405 3455 616 3526 quibus
648 3467 804 3506 nunc
847 3464 1038 3504 sermo
1079 3449 1187 3514 est,
1240 3444 1616 3516 possidentur
1664 3448 1720 3499 et
1762 3444 1948 3515 possi-

303 3546 443 3600 dent
489 3537 846 3614 duplicitatis
886 3553 1003 3592 suae
1038 3534 1245 3589 merito
1277 3551 1310 3588 a
1341 3531 1686 3587 multiformi
1725 3533 1943 3588 daemo-

302 3651 444 3690 num
479 3630 740 3702 nequitia
769 3625 1168 3697 multipliciter
1197 3624 1440 3695 partitae,
1460 3627 1516 3676 et
1536 3621 1646 3676 adh
1659 3639 1727 3675 uc
1749 3620 1949 3676 multi-

303 3717 861 3796 pliciuspartiendaa,
885 3713 1054 3769 multi
1065 3712 1384 3782 fariamque
1399 3710 1735 3782 partientes,
1749 3715 1805 3766 et
1819 3729 1947 3782 par-

303 3813 492 3866 tituras
545 3807 657 3864 sibi
709 3805 836 3860 illas
866 3804 1023 3875 ipsas
1055 3799 1462 3872 possidendas,
1497 3817 1530 3854 a
1561 3799 1777 3870 quibus
1809 3799 1948 3871 ipsa:

305 3897 667 3972 possidendas
715 3893 974 3949 vicissim
1008 3889 1359 3962 partiuntur.
1407 3892 1483 3942 De
1515 3887 1731 3958 quibus
1763 3904 1950 3958 quon-

305 3988 440 4044 dam
473 3983 758 4057 sapientia
788 3983 869 4036 ait
894 3998 905 4036 :
939 4000 959 4027 ι
988 3978 1199 4050 Vulpes
1219 3976 1548 4032 inhabitant
1570 3976 1800 4039 animae,
1824 3993 1950 4048 qua;

305 4093 528 4133 memor
558 4077 648 4130 est
680 4070 934 4134 malitiae,
969 4073 1024 4123 et
1055 4066 1251 4121 bestia:
1282 4065 1500 4120 cubant
1529 4064 1587 4119 in
1615 4064 1950 4120 turbulento

304 4166 495 4224 corde.
546 4188 566 4216 ι
617 4162 793 4217 Porro
841 4156 1056 4213 Christi
1105 4153 1347 4210 oviculaa
1393 4151 1785 4224 simplicitatis
1834 4169 1954 4208 suae

305 4254 510 4311 merito
543 4253 723 4307 beatas
751 4250 928 4313 sunt;
958 4260 1210 4316 quarum
1253 4241 1534 4298 Dominus
1563 4249 1650 4296 est
1680 4241 1835 4297 Deus
1864 4258 1955 4297 ea-

305 4361 459 4411 rum,
493 4339 591 4412 qui
623 4343 780 4394 totus
811 4339 899 4390 est
927 4332 1098 4388 unica
1128 4348 1263 4405 pars
1294 4330 1576 4403 praelara:
1599 4330 1955 4388 haireditatis

305 4447 529 4496 earum,
565 4443 740 4500 quam
763 4422 989 4494 eisipse
1013 4422 1281 4477 restituet
1309 4420 1479 4490 (Psal.
1513 4437 1606 4484 xv,
1637 4420 1692 4490 5)
1723 4419 1954 4474 totusin

305 4517 578 4592 singulis,
613 4530 858 4588 quaeque
889 4509 1132 4583 singula:
1163 4514 1294 4565 tota:
1325 4509 1384 4564 in
1410 4509 1536 4580 ipso
1568 4512 1710 4574 toto,
1744 4513 1809 4563 ut
1837 4509 1958 4564 sint

2079 610 2478 665 contenebrati
2496 614 2636 666 sunt
2655 611 3003 666 oculinostri
3026 614 3261 681 propter
3282 612 3541 665 montem
3563 607 3733 675 Sion,

2077 697 2215 768 quia
2244 698 2531 770 disperiit;
2555 699 2757 771 vulpes
2774 697 3294 754 ambulaveruntin
3317 714 3384 755 eo
3414 695 3631 768 (Thren.
3664 712 3738 764 ν,

2079 786 2164 852 1⁵7,
2203 788 2310 858 18).
2350 810 2370 837 ι»
2408 787 2519 843 Sed
2538 787 2676 844 licet
2694 793 2928 860 prepter
2957 787 3297 858 hujusmodi
3329 786 3736 859 speculatores

2077 891 2247 931 mons
2261 877 2399 932 Sion
2421 877 2718 934 interdum
2737 878 3029 949 dispereat
3049 876 3330 933 nonnulla
3342 881 3536 933 tamen
3555 876 3735 933 nobis

2075 969 2163 1020 est
2193 965 2532 1032 consolatio,
2565 967 2720 1039 quod
2753 984 2867 1023 non
2900 968 3196 1023 habitasse
3216 971 3318 1022 aut
3337 965 3586 1031 stetisse,
3621 965 3731 1023 sed

2073 1055 2410 1110 ambulasse
2427 1059 2656 1110 tantum
2677 1056 2953 1111 dicuntur
2981 1059 3039 1110 in
3060 1073 3144 1111 eo.
3169 1057 3367 1129 Neque
3399 1056 3458 1111 in
3480 1055 3640 1112 enim
3663 1056 3726 1111 in

2071 1143 2621 1200 catholicaEcclesia
2660 1161 2761 1200 seu
2804 1146 3396 1219 canonicaScriptura
3427 1146 3727 1202 haeretico-

2071 1249 2200 1287 rum
2241 1233 2633 1304 episcopatus,
2663 1232 2752 1288 vel
2798 1233 3190 1288 ministerium
3239 1235 3585 1307 aliquandiu
3627 1252 3719 1291 re-

2068 1321 2389 1392 quiescere,
2413 1325 2516 1378 aut
2544 1325 2698 1376 stare
2728 1321 2954 1391 poterit.
2987 1322 3291 1392 Siquidem
3315 1325 3456 1394 quia
3487 1341 3602 1380 non
3635 1324 3722 1382 lo-

2069 1416 2332 1482 quuntur
2354 1410 2652 1465 veritatem
2673 1410 2730 1465 in
2748 1410 2920 1465 corde
2933 1426 3058 1476 suo,
3073 1410 3618 1482 quiaaguntdolum
3650 1414 3713 1471 in

2066 1500 2403 1571 Iinguasua,
2428 1499 2566 1570 quia
2590 1515 2833 1554 munera
2849 1499 3377 1570 superinnocentes
3390 1501 3707 1572 accipiunt,

2064 1589 2121 1644 in
2150 1587 2527 1644 tabernaculo
2543 1588 2642 1644 Dei
2662 1587 2946 1656 habitare,
2967 1589 3441 1660 autrequieseere
3459 1591 3519 1644 in
3538 1607 3677 1647 mon
3690 1625 3710 1634 -

2062 1683 2118 1734 te
2151 1682 2350 1734 sancto
2382 1680 2510 1749 ejus
2540 1682 2840 1750 nequeunt
2873 1678 3714 1750 (Psal.x1v,1-3).Sicquiaac-

2061 1769 2285 1841 cipiunt
2313 1769 2371 1823 in
2404 1785 2553 1825 vano
2577 1767 2805 1822 animas
2827 1783 2967 1821 suas
2995 1771 3053 1822 et
3061 1766 3268 1837 jurant
3287 1767 3346 1822 in
3359 1768 3492 1823 dolo
3515 1769 3712 1840 proxi~

2062 1875 2157 1914 mo
2188 1875 2316 1923 suo,
2349 1874 2455 1912 nec
2476 1861 2629 1912 stare
2659 1854 2970 1927 praevalent
3000 1855 3058 1909 in
3088 1854 3214 1910 loco
3235 1856 3363 1926 ejus
3388 1861 3610 1912 saneto.
3641 1858 3714 1912 Et

2062 1947 2216 2020 quod
2250 1945 2486 2012 dicitur,
2523 1946 2662 2016 quia
2693 1961 2796 2000 nec
2828 1943 3088 2014 stabunt,
3121 1943 3176 1998 in
3209 1959 3383 2015 quem
3415 1960 3520 2000 nec
3563 1944 3712 2001 tales

2062 2036 2408 2091 ascendunt.
2436 2032 2634 2097 Qualis
2665 2032 2821 2087 enim
2852 2033 3148 2097 ascendat,
3174 2032 3488 2088 Psalmista
3517 2033 3710 2089 decla-

2062 2129 2171 2190 rat,
2208 2124 2407 2178 dicens
2432 2141 2444 2177 :
2481 2145 2509 2171 «
2542 2123 2821 2176 lnnocens
2843 2119 3116 2176 manibus
3135 2126 3192 2176 et
3213 2121 3432 2176 mundo
3453 2122 3644 2186 corde,
3679 2143 3703 2174 ι

2062 2217 2172 2268 etc.
2207 2212 2379 2280 (Paul.
2423 2227 2584 2276 XXIII,
2607 2210 2660 2273 3,
2692 2209 2769 2279 4.)
2800 2209 2963 2264 Unde
2992 2208 3174 2280 liquet
3205 2208 3407 2282 vulpes
3440 2210 3547 2265 has
3579 2213 3701 2267 tam

2060 2300 2340 2357 subdolas
2361 2303 2419 2355 et
2449 2314 2684 2370 rapaces
2717 2314 2820 2353 nec
2838 2297 3173 2354 ambulasse
3195 2297 3253 2352 in
3277 2302 3474 2354 monte
3495 2299 3702 2355 catho-

2060 2391 2180 2445 lica
2228 2389 2386 2453 Sion,
2419 2403 2595 2458 quem
2627 2403 2732 2441 nec
2762 2387 3075 2450 ascendere
3122 2390 3456 2459 potuerunt.
3495 2389 3554 2442 In
3587 2404 3705 2460 quo

2059 2483 2276 2544 tamen,
2302 2475 2625 2532 secundum
2643 2474 3114 2542 aestimationem,
3137 2475 3293 2548 vulgi
3311 2475 3603 2532 credentis
3622 2480 3708 2532 ta-

2059 2567 2144 2622 les
2173 2564 2442 2620 Ecclesiae
2465 2563 2562 2618 Dei
2582 2562 3020 2634 principari,vel
3039 2564 3361 2619 doctrinam
3393 2565 3521 2634 ejus
3539 2579 3705 2621 scru-

2058 2655 2190 2721 tari,
2224 2652 2560 2708 ambulasse
2589 2651 2884 2719 dicuntur,
2914 2651 3161 2706 Domino
3206 2669 3309 2723 per
3355 2651 3704 2724 prophetam

2059 2744 2288 2798 dicente
2322 2759 2333 2795 :
2373 2764 2399 2792 «
2430 2740 2543 2812 Ipsi
2577 2743 2965 2812 regnaverunt
2994 2744 3051 2795 et
3080 2757 3195 2795 non
3225 2756 3294 2796 ex
3336 2757 3449 2796 me.
3485 2740 3703 2797 Princi-

2060 2848 2160 2903 pes
2186 2830 2532 2886 exstiterunt
2559 2832 2614 2884 et
2635 2844 2752 2883 non
2779 2827 3018 2900 cognovi
3041 2828 3182 2896 (056.
3215 2846 3339 2894 vm,
3362 2830 3437 2898 4).
3463 2852 3492 2880 »
3507 2830 3577 2884 Et
3596 2828 3706 2886 ali—

2058 2921 2116 2975 bi
2153 2937 2164 2974 :
2200 2942 2228 2969 «
2264 2919 2478 2974 Omnes
2508 2917 2802 2989 principes
2832 2917 2959 2987 ejus
2989 2921 3160 2972 erunt
3184 2917 3242 2970 in
3280 2916 3528 2972 nihilum
3564 2918 3702 2989 (ιω.

2058 3024 2248 3075 XXXIV,
2285 3007 2392 3077 l2).
2430 3029 2457 3055 »
2490 3006 2570 3060 Ex
2598 3005 2812 3076 quibus
2835 3004 3034 3076 utique
3056 3009 3346 3061 trecentas
3362 3005 3563 3078 vulpes
3596 3007 3708 3062 for-

2057 3097 2326 3153 tissimus
2376 3094 2473 3150 ille
2514 3095 2761 3149 Samson
2807 3093 2993 3164 typice
3024 3093 3193 3166 cepit,
3244 3097 3320 3160 et,
3354 3098 3418 3149 ut
3446 3094 3705 3152 Historia

2060 3185 2254 3248 refert,
2287 3183 2503 3238 caudas
2544 3196 2748 3235 eorum
2800 3179 3046 3235 revinxit
3085 3180 3157 3235 ad
3188 3181 3428 3246 caudas,
3460 3185 3518 3236 et
3547 3180 3703 3238 faces

2058 3272 2258 3345 ligavit
2295 3273 2355 3326 in
2389 3270 2600 3334 medio,
2624 3285 2770 3340 quas
2793 3269 2928 3340 igne
2949 3269 3331 3338 succendens,
3356 3269 3600 3338 dimisit,
3635 3273 3703 3325 ut

2055 3362 2168 3416 huc
2202 3360 2455 3430 illucque
2486 3358 2897 3412 discurrerent.
2932 3359 3066 3422 Quae
3088 3357 3288 3413 statim
3319 3362 3702 3428 perrexerunt

2055 3451 2114 3505 in
2149 3456 2373 3523 segetes
2401 3446 2863 3514 Philistinorum,
2888 3445 3102 3517 quibus
3130 3445 3428 3502 succensis
3457 3451 3516 3503 et
3545 3463 3700 3503 com-

2053 3541 2290 3611 portatze
2314 3538 2439 3606 jam
2465 3537 2678 3607 fruges,
2707 3537 2764 3590 et
2778 3534 2970 3590 adhuc
2991 3538 3216 3590 stantes
3237 3535 3295 3589 in
3319 3534 3537 3608 stipula
3557 3552 3692 3591 con-

2057 3630 2322 3682 crematae
2352 3627 2510 3691 sunt,
2527 3623 2586 3678 in
2601 3627 2829 3678 tantum
2861 3627 2924 3678 ut
2941 3623 3140 3679 vineas
3161 3640 3394 3695 quoque
3416 3628 3474 3680 et
3494 3623 3700 3680 oliveta

2059 3716 2293 3770 ﬂamma
2323 3717 2709 3768 consumeret.
2745 3712 2905 3778 Quod
2939 3711 3161 3768 factum
3190 3712 3250 3767 in
3283 3712 3529 3785 ﬁguram
3561 3729 3700 3768 con-

2055 3803 2260 3876 tigisse
2281 3801 2419 3868 illis,
2443 3806 2499 3856 et
2511 3801 2581 3855 ad
2597 3804 2854 3856 nostram
2875 3801 3200 3856 doctrinam
3223 3801 3506 3873 scriptum
3529 3817 3700 3857 nemo

2059 3890 2306 3963 ambigit
2334 3889 2434 3961 qui
2467 3887 2626 3944 Pauli
2661 3888 2969 3961 Evangelio
3013 3889 3214 3945 credit.
3256 3888 3558 3962 Siquidem
3597 3889 3706 3946 Do-

2061 3980 2259 4036 minus
2273 3983 2472 4034 noster
2485 3978 2516 4033 J
2522 3993 2658 4034 esus
2681 3977 2971 4047 Christus,
2990 3978 3344 4034 fortissimus
3360 3978 3627 4034 omnium
3647 3981 3706 4034 et

2059 4068 2292 4132 zelotes,
2315 4084 2430 4123 non
2457 4067 2648 4122 ferens
2671 4083 2930 4129 uxorem,
2954 4084 3132 4138 quam
3150 4084 3218 4122 ex
3238 4066 3508 4138 gentibus
3531 4067 3705 4122 duxe-

2064 4162 2172 4223 rat,
2204 4157 2442 4212 cuilibet
2469 4155 2568 4211 alii
2601 4160 2866 4229 nuptam,
2902 4157 2973 4211 ad
3006 4160 3178 4211 tantae
3203 4153 3429 4223 injuriaa
3456 4169 3574 4207 sua:
3607 4151 3698 4207 ul-

2061 4246 2303 4310 tionem,
2334 4261 2432 4301 eos
2465 4245 2563 4316 qui
2596 4245 2886 4316 sapientes
2916 4247 3082 4298 erant
3121 4245 3184 4296 ut
3227 4241 3480 4294 facerent
3521 4239 3701 4311 mala,

2061 4335 2211 4390 bene
2241 4339 2436 4390 autem
2488 4333 2676 4389 facere
2705 4330 3059 4395 nesciebant,
3100 4329 3159 4382 in
3208 4326 3427 4383 astutia
3473 4345 3699 4399 eorum,

2064 4422 2234 4495 quasi
2265 4425 2489 4494 vulpes,
2521 4416 2975 4492 comprehendit,
3007 4432 3134 4487 quae
3165 4431 3266 4472 ccc
3293 4433 3540 4474 numero
3567 4416 3704 4475 illas

2064 4513 2316 4568 haereses
2345 4509 2676 4582 exprimunt
2699 4504 3127 4572 tantummodo,
3163 4522 3289 4578 qua:
3321 4504 3432 4562 sibi
3463 4505 3703 4580 applau-

306 4626 510 4667 omnes
542 4605 959 4662 consummata:
993 4601 1050 4654 in
1087 4616 1266 4654 unum
1316 4600 1488 4670 (Joan.
1533 4614 1672 4663 xvu,
1700 4599 1814 4670 23),
1849 4597 1951 4653 sit-
1979 4605 2026 4668 Ι)
2057 4601 2204 4656 dunt
2232 4601 2302 4654 de
2333 4598 2567 4654 nomine
2598 4593 2944 4653 Christiano,
2989 4593 3142 4648 sicut
3189 4594 3546 4667 Simoniaca,
3598 4596 3700 4652 Sa-

305 4716 419 4773 que
451 4698 604 4752 Deus
623 4710 775 4750 unus
792 4691 1087 4756 omnibus,
1111 4695 1168 4745 et
1185 4688 1383 4744 omnia
1399 4687 1456 4741 in
1477 4687 1947 4758 0mnibus(lCor.

303 4807 396 4855 xv,
428 4789 540 4856 28).
579 4787 662 4841 Ita
691 4797 830 4838 sane
859 4780 982 4853 ipse
1027 4777 1278 4852 populus
1309 4778 1438 4847 ejus
1488 4780 1682 4847 erunt,
1733 4780 1790 4832 et
1829 4777 1954 4848 ipse

305 4879 460 4935 Deus
490 4892 623 4932 cum
654 4871 738 4928 eis
769 4871 879 4926 erit
908 4886 1108 4925 earum
1140 4867 1292 4922 Deus
1314 4866 1497 4936 (Zuch.
1541 4881 1662 4931 VIII,
1695 4866 1770 4934 8).

377 4970 635 5033 Quarum
699 4961 931 5017 unicam
978 4955 1419 5028 simplicitatem
1463 4954 1597 5025 quia
1641 4953 1954 5009 abhorrent

306 5073 422 5131 pra:
432 5057 557 5110 fata:
572 5045 1186 5124 vulpeculaa,habitant
1198 5043 1303 5099 soli
1315 5047 1373 5099 tu
1385 5042 1551 5098 dines
1564 5042 1883 5131 draconum
1899 5046 1956 5096 et

305 5129 706 5203 struthionum
740 5137 975 5206 deserti,
1013 5135 1244 5207 privataa
1287 5131 1559 5204 prazelara
1588 5136 1644 5187 et
1673 5129 1956 5202 populosa

306 5234 643 5292 haereditate
669 5230 846 5286 unius
867 5225 1034 5282 ovilis
1059 5223 1352 5294 uniusque
1365 5221 1637 5294 pastoris.
1663 5222 1796 5287 Qua:
1812 5236 1953 5292 quo-

307 5324 467 5379 niam
501 5333 926 5386 nonnunquam
949 5311 1366 5388 pastoralitatis
1396 5309 1480 5366 vel
1515 5309 1717 5365 divinae
1748 5324 1952 5381 specu-

306 5411 542 5468 lationis
574 5414 827 5464 mentem
858 5406 1163 5476 occupant,
1196 5403 1336 5456 dum
1371 5398 1629 5472 regimen
1662 5397 1952 5465 Ecclesiae,

303 5499 394 5556 vel
447 5515 623 5554 sacrae
683 5496 994 5567 Scriptura:
1053 5491 1318 5547 studium
1377 5487 1487 5544 sibi
1548 5487 1954 5560 praesumendo

308 5591 624 5658 utrumque
671 5600 852 5659 prava
882 5581 1128 5646 actione,
1179 5585 1237 5635 et
1267 5575 1741 5650 interpretatione
1789 5573 1956 5633 dissi-

310 5676 470 5763 pant,
494 5678 645 5732 recte
667 5673 725 5729 in
747 5668 1268 5730 lamentationibus
1289 5666 1372 5725 sic
1396 5665 1772 5742 conqueritur
1791 5664 1958 5723 Jere-

2061 4689 2335 4755 belliana,
2371 4685 2603 4751 Ariana,
2627 4686 2683 4738 et
2703 4680 2958 4752 reliquae,
2982 4683 3236 4756 exceptis
3263 4683 3585 4740 haeresibus
3601 4684 3700 4739 Ju-

2063 4779 2318 4832 dreorum
2346 4779 2403 4830 et
2423 4786 2804 4844 paganorum,
2828 4770 3045 4841 quibus
3075 4771 3386 4828 crucifixus
3410 4771 3694 4837 Christus,

2062 4871 2163 4923 aut
2195 4860 2535 4921 scandalum
2564 4863 2672 4926 est,
2723 4864 2824 4914 aut
2853 4858 3123 4917 stultitia.

2645 4947 2872 5004 CAPUT
2919 4948 3113 5005 XXIII.

2273 5039 2545 5108 Allegoria
2572 5037 2636 5094 de
2663 5037 2913 5109 vulpibus
2941 5055 2975 5093 α
3001 5039 3265 5094 Samsone
3293 5036 3486 5107 captis.

2133 5127 2293 5195 Quod
2327 5133 2516 5182 autem
2543 5130 2935 5182 trecentorum
2966 5143 3246 5183 numerus
3265 5123 3701 5181 universitatem

2062 5216 2547 5282 Christianorum,
2576 5232 2747 5272 cruce
2770 5215 2983 5272 Christi
3003 5215 3390 5288 signatorum,
3413 5212 3700 5285 designet,

2064 5308 2209 5362 Thau
2236 5305 2428 5360 littera
2458 5305 2731 5370 ostendit,
2784 5321 2929 5378 quze,
2978 5303 3166 5360 crucis
3214 5303 3546 5359 charactere
3594 5303 3704 5357 for-

2063 5400 2220 5452 mata
2267 5394 2462 5468 ipsum
2521 5410 2833 5450 numerum
2866 5393 3158 5465 exprimit.
3207 5392 3286 5448 De
3339 5408 3455 5464 qua
3484 5391 3542 5445 in
3574 5391 3700 5448 Eze-

2063 5484 2246 5541 chiele
2275 5483 2395 5540 viro
2421 5483 2556 5539 linei
2588 5483 2792 5538 induto
2823 5481 3035 5536 dicitur
3067 5497 3079 5537 :
3119 5504 3139 5530 ι
3191 5480 3371 5553 Signa
3421 5479 3588 5536 Thau
3643 5479 3703 5536 in

2064 5574 2355 5633 frontibus
2375 5573 2631 5630 virorum
2662 5570 3025 5646 gementium
3054 5573 3113 5627 et
3133 5568 3456 5627 dolentium
3492 5567 3718 5650 (Baccha

2065 5683 2142 5738 Ix,
2173 5665 2247 5742 Α).
2275 5687 2302 5718 ››
2335 5665 2488 5732 Quos
2511 5677 2582 5720 ne
2611 5659 3006 5719 interfectores
3035 5662 3296 5736 tangant,
3329 5658 3705 5736 subjungitur
