4004 6210
198 384 350 451 I097

753 383 1166 452 ADVE'IISUS
1215 387 1684 451 SIMONIACOS
1732 386 1931 448 LIBRI
1979 384 2202 446 TRES.
2237 417 2316 430 —
2345 384 2570 446 LIBER
2618 383 3051 448 SECUNDUS.

3433 357 3592 446 109%

197 544 224 570 «
255 523 442 593 Super
457 537 628 593 quem
649 522 908 576 videritis
927 522 1112 587 Thau,
1144 537 1214 576 ne
1235 520 1593 577 interﬁcietis
1617 518 1827 590 (Επειδὴ.
1863 519 1919 585 Α
1949 517 2075 583 hoc,
2101 517 2213 572 nisi
2238 522 2302 572 ut
2324 517 2963 574 innotescathzereticos
2986 516 3071 571 vel
3100 516 3354 570 fautores
3386 529 3588 573 eorum

195 628 270 676 Ix,
292 611 392 666 6.»
415 611 573 674 Quod
597 611 894 665 character
913 615 971 666 et
1000 610 1250 665 Gedeoni
1283 609 1466 674 affuit,
1503 609 1599 663 ubi
1636 608 1830 664 divino

192 697 424 758 Oraeulo
455 699 780 755 instructus
804 699 862 753 in
887 699 1158 754 trecentis
1179 698 1316 752 viris
1337 697 1684 752 Madianitas
1708 713 1835 768 pro-

191 787 414 855 stravit,
446 788 504 842 in
539 788 727 859 figura
756 788 938 843 nostri
985 787 1293 850 Gedeonis,
1335 786 1434 857 qui
1466 803 1671 858 gyrum
1705 783 1832 840 coeli

191 875 560 941 circumiens,
595 876 652 930 in
687 881 849 931 utero
885 874 1133 948 Virginis
1165 880 1320 930 totus
1343 874 1576 928 mansit.
1617 874 1739 939 Hie,
1774 873 1832 927 in

196 963 471 1020 trecentis
489 965 731 1020 armatis
751 964 908 1019 tubis
933 963 1256 1036 spiritualis
1288 961 1713 1034 przedicationis
1746 961 1834 1016 la-

194 1052 362 1124 genis
383 1069 667 1124 corporeae
698 1051 1031 1126 fragilitatis
1062 1057 1118 1107 et
1137 1051 1511 1123 lampadibus
1530 1049 1835 1105 miraculo-

191 1157 324 1194 rum
366 1140 708 1209 divinitatis,
759 1141 1046 1195 mundum
1095 1139 1321 1208 devicit,
1369 1144 1425 1194 et
1468 1138 1648 1193 vincit
1687 1155 1834 1209 quos

191 1227 539 1298 semetipsos
562 1229 867 1299 abnegare,
905 1233 960 1284 et
998 1244 1226 1283 crucem
1251 1244 1418 1281 suam
1443 1225 1639 1282 tollere
1661 1231 1836 1297 atque

194 1319 326 1386 post
355 1331 416 1370 se
446 1315 638 1370 venire
669 1317 884 1371 docuit.
919 1318 1176 1382 Quorum
1208 1315 1325 1383 Sol,
1358 1315 1414 1368 id
1446 1320 1535 1370 est
1565 1315 1834 1384 Samson,

194 1408 326 1474 post
353 1403 497 1471 haec,
529 1405 667 1474 quia
697 1421 811 1460 non
843 1408 932 1460 est
981 1404 1079 1475 qui
1126 1421 1187 1458 se
1236 1403 1556 1458 abscondat
1585 1421 1619 1458 a
1651 1402 1837 1458 calore

192 1490 320 1567 ejus
341 1497 396 1546 et
420 1491 657 1560 clarere,
684 1494 754 1548 ab
779 1492 911 1549 ovili
935 1492 1202 1547 Ecclesia:
1227 1509 1366 1559 sua},
1402 1491 1838 1562 quamjustitize

192 1578 373 1634 radiis
396 1581 800 1650 profundebat,
825 1581 1058 1637 dolosas
1071 1579 1479 1635 etimmundas
1496 1580 1698 1652 vulpes
1720 1580 1836 1634 hae-

192 1681 397 1721 reseon
427 1671 669 1722 venatus
702 1668 1007 1738 separavit,
1051 1667 1241 1739 specie
1290 1667 1528 1738 quidem
1579 1668 1828 1738 pietatis,

192 1754 293 1808 sed
327 1771 440 1808 non
472 1755 682 1810 virtute
711 1760 1020 1819 trecentas,
1065 1773 1212 1826 quas
1262 1755 1464 1810 caudis
1505 1756 1574 1810 ad
1625 1757 1838 1811 caudas

1937 621 2141 663 verum
2165 606 2518 661 sacrificium
2539 612 2594 661 et
2615 605 3128 662 sanetiﬁcationem
3155 603 3506 675 perdidisse?
3527 605 3592 663 In

1943 694 2234 748 messibus
2247 695 2398 749 enim
2417 699 2473 748 et
2485 694 2669 748 vineis
2683 698 3115 748 sacramentum
3131 691 3389 762 corporis
3401 697 3593 748 etsan-

1942 782 2138 854 guinis
2162 782 2575 853 Domini,quod
2598 781 2731 836 inde
2749 783 2819 836 ad
2842 783 3019 835 vitam
3037 779 3234 852 populi
3258 778 3446 834 fidelis
3461 797 3592 834 con-

1943 870 2276 941 ﬁcitur,non
2297 871 2611 941 incongrue
2633 869 2936 940 accipitur.
2960 869 3020 923 In
3041 867 3264 923 olivetis
3288 873 3481 922 autem
3505 885 3593 924 sa-

1944 976 2050 1014 cra:
2075 959 2366 1014 unctionis
2388 959 2609 1025 oleum;
2633 959 2846 1030 quibus
2865 958 3016 1029 apud
3034 956 3165 1012 illos
3178 956 3592 1023 evacuatis,su-

1945 1052 2135 1119 perest
2150 1047 2265 1102 illis
2280 1065 2348 1102 ex
2360 1066 2450 1102 om
2462 1049 2636 1103 nibus
2650 1045 3059 1102 ecclesiasticis
3073 1045 3452 1100 sacramentis
3466 1045 3591 1101 sola

1945 1153 2098 1207 aqua
2119 1136 2510 1207 baptismatis,
2541 1137 2696 1207 quod
2729 1135 2918 1190 solum
2951 1136 3022 1188 ad
3054 1133 3238 1190 solam
3271 1133 3588 1205 perniciem

1946 1225 2084 1280 dare
2105 1229 2371 1296 possunt,
2399 1225 2553 1279 sicut
2576 1223 2851 1296 superius
2877 1225 3018 1279 satis
3043 1226 3270 1278 constat
3293 1227 3590 1278 monstra-

1947 1316 2094 1367 tum.
2129 1317 2196 1366 Et
2230 1312 2347 1367 haec
2388 1317 2550 1366 tanta
2588 1312 2742 1367 mala
2771 1316 2968 1367 noster
2998 1312 3267 1381 Samson,
3299 1310 3584 1381 Christus,

1949 1401 2151 1456 fecisse
2169 1399 2254 1455 vel
2279 1401 2466 1456 facere
2498 1400 2730 1468 dicitur,
2756 1419 2868 1456 non
2913 1401 3050 1472 quia
3087 1400 3225 1455 talia
3257 1399 3459 1470 jussit,
3483 1399 3586 1455 sed

1947 1489 2083 1560 quia
2112 1490 2265 1559 iuste
2297 1489 2419 1544 fieri
2459 1490 2744 1561 permisit.
2770 1490 2985 1545 Paulus
3006 1505 3236 1561 quoque
3252 1489 3360 1543 has
3383 1487 3586 1561 vulpes

1951 1577 2354 1632 coambulates
2384 1582 2438 1632 et
2469 1579 2790 1646 occasione,
2826 1578 2944 1633 sive
2973 1575 3190 1632 invidia
3236 1577 3586 1632 Crucifixum

1948 1665 2029 1719 sic
2052 1665 2452 1736 praedicantes,
2476 1671 2540 1720 ut
2560 1667 2686 1737 ejus
2715 1683 2943 1721 crucem
2962 1681 3240 1721 evacuare
3263 1667 3584 1733 studerent,

1948 1754 2232 1808 cavendas
2261 1753 2734 1824 Philippensibus
2766 1754 3090 1819 denuntiat,
3124 1753 3360 1808 dicens:
3396 1776 3422 1803 ‹‹
3450 1752 3586 1808 Imi-

201 1840 446 1897 invicem
471 1841 780 1913 colligavit,
802 1844 1017 1898 docens
1040 1843 1196 1914 quia,
1224 1843 1490 1914 quamvis
1517 1843 1587 1898 ad
1611 1844 1840 1899 diversa
1864 1879 1912 1943 Β
1949 1846 2165 1896 tatores
2197 1842 2308 1896 mei
2341 1847 2545 1907 estote,
2579 1847 2632 1897 et
2672 1843 2972 1897 observate
3003 1859 3100 1897 eos
3145 1842 3243 1912 qui
3278 1842 3358 1896 ita
3380 1841 3588 1896 ambu-

199 1928 510 1984 intendant
530 1931 706 1985 facies
720 1935 775 1985 et
795 1948 914 1986 ora.
943 1948 1124 1986 unum
1148 1937 1342 1986 tamen
1361 1948 1621 1987 errorum
1639 1932 1834 2000 finem,

194 2014 356 2070 velut
384 2033 452 2071 ex
483 2018 656 2071 unius
688 2018 940 2088 perfidia)
971 2019 1142 2085 nodo,
1168 2019 1356 2074 celant
1372 2025 1428 2074 et
1460 2020 1709 2074 retinent
1737 2037 1838 2076 ea-

195 2121 328 2160 rum
361 2104 701 2176 posteriora.
726 2107 894 2173 Nam,
916 2107 1184 2176 qnamvis
1208 2107 1453 2179 singula:
1477 2107 1724 2162 haereses
1748 2125 1843 2162 su-

191 2193 401 2263 perbire
433 2211 573 2260 suae,
607 2193 766 2250 velut
808 2194 1018 2248 turrim
1066 2194 1395 2265 Babyloniae
1448 2213 1588 2264 suae,
1639 2200 1841 2251 contra

194 2282 376 2336 Deum
405 2280 645 2336 exaltari
677 2281 1002 2349 molientes,
1035 2283 1364 2338 diversitate
1406 2283 1738 2355 linguarum
1758 2284 1841 2338 di-

196 2369 415 2425 vinitus
463 2371 735 2437 confusae,
789 2371 1017 2426 diversa
1067 2371 1136 2426 de
1186 2371 1463 2443 religione
1509 2371 1839 2427 Christiana

194 2455 452 2512 sentiant
480 2461 536 2512 et
566 2457 778 2524 dicant,
821 2475 1062 2528 seseque
1113 2457 1305 2528 palam
1354 2459 1596 2514 invicem
1647 2460 1838 2531 impu-

194 2550 395 2615 gnent,
428 2543 485 2598 in
510 2545 623 2599 fine
645 2549 838 2600 tamen
867 2546 1043 2602 unius
1067 2546 1382 2618 impietatis
1405 2547 1554 2602 nodo
1578 2565 1838 2603 convexa:

194 2632 344 2688 clam
368 2635 740 2700 concordant,
762 2636 859 2689 ubi
885 2635 1409 2706 deprehenduntur
1443 2635 1522 2689 nil
1546 2635 1699 2690 aliud
1727 2636 1837 2690 nisi

195 2722 369 2776 ﬁdem
398 2722 642 2792 perfidia
672 2724 1027 2791 subvertere,
1075 2728 1131 2778 et
1181 2740 1419 2796 gregem
1465 2724 1680 2779 Christi
1726 2725 1838 2779 sibi

196 2809 447 2880 diripere
476 2815 714 2867 conataa.
743 2814 804 2866 In
829 2828 1077 2882 quarum
1118 2813 1329 2880 medio,
1365 2811 1585 2868 scilicet
1612 2813 1671 2867 in
1703 2830 1838 2867 eon-

192 2897 437 2954 nexione
468 2900 790 2955 caudarum
823 2905 1017 2955 noster
1047 2901 1295 2956 Samson
1338 2901 1492 2955 faces
1541 2901 1836 2972 apposuit,

191 2981 293 3040 ubi
312 3003 512 3041 earum
537 2987 854 3059 malignam
878 2989 1272 3054 concordiam,
1315 3006 1442 3059 quae
1475 2988 1532 3042 in
1553 2989 1668 3044 ﬁne
1691 2990 1837 3060 jun-

190 3075 435 3146 gebatur
459 3075 681 3131 mutuis
703 3080 757 3130 et
795 3075 1088 3131 intestinis
1130 3076 1303 3146 odiis,
1341 3076 1577 3147 zeloque
1610 3077 1836 3134 invidias

189 3167 392 3217 contra
412 3179 472 3217 se
493 3162 740 3218 invicem
765 3165 1090 3220 concitavit.
1114 3164 1257 3218 Hine
1279 3169 1368 3218 est
1387 3165 1539 3235 quod
1554 3165 1694 3219 dum
1719 3182 1836 3220 una

1945 1929 2088 1995 lant,
2135 1929 2286 1985 sicut
2317 1929 2602 1984 habentes
2635 1930 2882 1984 formam
2915 1935 3196 1984 nostram.
3234 1928 3399 1983 Multi
3430 1929 3586 1984 enim

1949 2017 2274 2084 ambulant,
2309 2035 2452 2086 quos
2475 2034 2623 2089 saepe
2645 2017 2910 2072 dicebam
2932 2017 3116 2083 vobis,
3140 2033 3294 2070 nunc
3317 2020 3512 2070 autem
3533 2019 3591 2071 et

1949 2107 2092 2160 ﬂens
2126 2107 2276 2173 dico,
2312 2107 2583 2162 inimicos
2615 2107 2806 2160 crucis
2855 2105 3067 2160 Christi
3112 2104 3346 2176 (Philip.
3382 2122 3465 2170 III,
3500 2104 3588 2170 17,

1949 2196 2035 2261 18)
2063 2213 2098 2261 ;.
2130 2217 2156 2245 ››
2180 2212 2426 2266 quarum
2452 2193 2654 2249 caudis
2676 2194 2868 2266 ignem
2894 2211 3010 2248 sua:
3035 2189 3379 2266 perditionis
3401 2192 3593 2248 inesse

1947 2277 2382 2350 demonstrans,
2415 2282 2753 2354 subjungit:
2792 2306 2818 2331 ‹‹
2853 2285 3111 2346 Quorum
3156 2281 3287 2336 finis
3319 2280 3594 2336 interitus

1948 2371 2129 2441 (112111.,
2164 2370 2267 2442 19).
2310 2394 2329 2418 υ
2366 2371 2604 2436 Deinde,
2657 2374 2722 2424 ut
2772 2370 3094 2442 physiologi
3146 2374 3438 2436 astruunt,
3465 2367 3593 2424 vul-

1947 2476 2049 2530 pes
2071 2459 2336 2514 famelica
2353 2459 2411 2513 in
2436 2458 2626 2514 locum
2650 2458 2987 2530 squalidum
3013 2473 3072 2512 se
3093 2457 3342 2529 proiicit,
3365 2461 3421 2510 et
3437 2471 3592 2511 mor-

1949 2551 2113 2601 tuam
2146 2547 2332 2618 fingit,
2363 2547 2561 2617 sicque
2593 2563 2724 2601 aves
2759 2546 2908 2600 male
2955 2543 3221 2600 credulas
3257 2543 3451 2599 subito
3479 2542 3591 2598 sibi

1951 2636 2154 2706 arripit
2175 2640 2230 2690 et
2244 2635 2471 2690 occidit.
2499 2635 2659 2698 Quod
2683 2639 2914 2689 constat
2950 2649 3374 2704 nonnunquam
3403 2632 3590 2688 facere

1949 2723 2264 2792 haereticos,
2299 2725 2421 2794 qui,
2441 2730 2738 2779 terrenum
2763 2723 2990 2778 lucrum
3014 2728 3114 2778 aut
3144 2723 3482 2795 popularem
3504 2722 3586 2776 Ia-

1946 2828 2140 2866 vorem
2173 2811 2516 2878 esurientes,
2553 2816 2815 2867 mortuos
2850 2829 2910 2868 se
2936 2811 3072 2866 huic
3091 2811 3310 2866 mundo
3335 2810 3589 2882 quadam

1949 2900 2305 2955 continentia
2334 2900 2640 2968 simulant,
2673 2905 2727 2955 et
2760 2900 2986 2955 animas
3029 2899 3288 2954 volantes
3329 2898 3589 2970 quidem,

1949 2990 2048 3043 sed
2079 2988 2270 3043 adhuc
2302 2987 2585 3054 carnales,
2629 3005 2864 3043 securas
2915 2987 3302 3060 periculorum
3335 2986 3590 3053 eii'ectas,

1946 3094 2055 3132 sua
2085 3077 2328 3148 perﬁdia
2357 3076 2748 3149 strangulant,
2775 3082 2832 3131 et
2855 3076 3153 3131 diabolum
3177 3092 3376 3132 secum
3401 3074 3591 3129 incor-

1947 3167 2174 3236 porant.
2200 3165 2276 3218 Ex
2317 3166 2531 3236 quibus
2565 3164 2741 3220 etiam
2785 3165 3038 3220 Herodes
3088 3163 3329 3232 exstitit,
3363 3162 3462 3234 qui
3487 3163 3596 3217 ﬁn-

191 3250 464 3322 quaelibet
485 3251 726 3306 alteram
751 3256 881 3324 post
903 3270 964 3308 se
987 3253 1214 3309 trahere
1237 3258 1338 3308 aut
1364 3271 1397 3307 a
1418 3269 1479 3308 se
1501 3253 1837 3326 disjungere
1868 3239 1910 3306 C
1949 3253 2122 3325 gebat
2143 3270 2204 3308 se
2223 3254 2426 3308 Jesum
2443 3253 2745 3324 signorum
2761 3253 2947 3324 gratia
2965 3270 3173 3324 cupere
3187 3253 3401 3318 videre,
3420 3265 3596 3322 quem

190 3338 646 3403 laborat,omnes
662 3340 906 3395 invicem
925 3343 1320 3412 pertinacibus
1334 3341 1547 3396 animis
1565 3342 1836 3397 serviant.

193 3449 220 3477 ‹‹
250 3427 374 3482 Non
397 3431 534 3483 est»
558 3429 712 3483 enim
738 3453 764 3478 ‹‹
790 3429 1140 3500 paximpiis,
1182 3430 1322 3484 dicit
1356 3429 1640 3485 Dominus
1662 3455 1682 3483 ι
1713 3432 1838 3502 (Isa.

193 3533 387 3583 XLVIII,
411 3516 526 3586 22).
548 3517 700 3578 Quas
725 3519 875 3572 faces
899 3523 1036 3572 tunc
1056 3518 1340 3584 accendit,
1365 3518 1598 3588 quando
1629 3517 1840 3573 irrevo-

196 3603 369 3680 cabili
392 3603 785 3669 anathemate,
817 3607 985 3675 quasi
1021 3605 1152 3676 igne
1174 3604 1388 3659 furoris
1412 3606 1526 3674 sui,
1554 3607 1653 3676 qui
1677 3606 1842 3660 arde-

194 3696 283 3747 ret
307 3690 492 3761 nsque
514 3691 584 3745 ad
611 3691 820 3745 inferni
857 3692 1194 3760 novissima,
1225 3708 1326 3762 per
1346 3693 1695 3747 sententiam
1727 3709 1844 3746 suae

196 3778 495 3835 catholica
518 3794 718 3833 earum
743 3777 873 3833 odia
895 3779 963 3833 ad
990 3779 1282 3848 pernicem
1307 3778 1419 3844 sui,
1445 3782 1501 3833 et
1522 3778 1844 3834 multorum

195 3871 392 3939 aperte
424 3865 826 3921 inflammavit.
861 3866 955 3921 Sic
988 3866 1270 3932 dimissa},
1293 3882 1473 3937 vagae,
1496 3871 1552 3921 et
1589 3866 1840 3939 perfuga:

195 3955 310 4011 huc
331 3955 587 4028 illucque
619 3955 978 4020 discurrunt,
1002 3954 1140 4024 quia
1161 3955 1572 4009 exardescente
1594 3954 1651 4007 in
1687 3953 1846 4010 brevi

195 4044 282 4099 ira
312 4043 435 4111 Dei,
468 4043 537 4098 de
569 4043 658 4098 via
680 4043 846 4113 justa
877 4043 1177 4114 perierunt
1208 4043 1384 4115 (Psal.
1418 4059 1478 4106 II,
1515 4042 1535 4095 -I
1559 4051 1602 4110 .’,
1629 4042 1735 4112 13),

270 4132 516 4186 Demum
533 4130 890 4186 Philisthiim
905 4131 1202 4202 ingressae,
1219 4129 1849 4201 omniavictualiagen-

198 4219 276 4275 tis
327 4219 602 4274 adulterae
653 4224 710 4274 et
757 4218 1094 4291 alienigena:
1134 4235 1333 4274 secum
1384 4235 1846 4288 coneremavere,

201 4307 340 4380 quia
362 4307 763 4380 proculdubio
787 4308 1214 4364 consentientes
1259 4307 1577 4363 adulterari
1612 4324 1849 4363 uxorem

202 4395 439 4464 Christi,
473 4397 606 4468 igne
642 4396 1011 4467 justijudicii
1035 4397 1185 4468 ejus,
1204 4413 1376 4468 quem
1400 4396 1458 4450 in
1479 4397 1594 4452 ﬁne
1615 4413 1719 4452 suo
1742 4397 1852 4451 hae-

202 4501 383 4551 reses,
415 4489 696 4556 tanquam
720 4485 778 4539 in
802 4485 1028 4556 caudis,
1060 4485 1378 4551 advehunt,
1403 4485 1689 4557 quidquid
1714 4485 1850 4539 boni

1951 3343 2229 3412 querebat
2248 3341 2526 3397 occidere.
2554 3343 2714 3396 Unde
2749 3347 2804 3395 et
2846 3342 2969 3413 ipse
3008 3341 3293 3396 Dominus
3332 3340 3443 3394 sibi
3485 3339 3594 3394 hoc

1952 3429 2422 3484 renuntiantibus
2442 3429 2739 3501 respondit
2758 3447 2810 3484 ;‹‹
2839 3431 2936 3493 Ite,
2963 3429 3136 3483 dicite
3158 3427 3315 3498 vulpi
3339 3426 3420 3479 illi
3441 3428 3589 3497 (Luc.

1951 3534 2074 3583 xm,
2098 3517 2210 3587 32),
2239 3540 2264 3564 ››
2286 3519 2438 3587 quod
2476 3517 2768 3572 evidenter
2808 3517 2872 3570 in
2913 3517 3192 3571 Passione
3214 3518 3595 3582 monstratur,

1953 3605 2052 3658 ubi
2071 3605 2242 3659 Jesus
2268 3603 2472 3658 illusus
2502 3608 2557 3658 et
2591 3608 2822 3674 spretus
2840 3602 3049 3670 abillo,
3071 3602 3411 3658 etuniverso
3435 3616 3593 3656 exer-

1955 3693 2073 3747 citu
2105 3693 2234 3762 ejus
2267 3696 2538 3746 narratur
2566 3692 2695 3761 (Luc
2722 3709 2885 3757 xxm,
2915 3691 3025 3760 Η).

2543 3779 2777 3834 CAPUT
2820 3778 3010 3832 XXIV'

2161 3867 2387 3922 Collatia
2419 3870 2641 3921 actuum
2666 3867 2823 3921 Iuda
2853 3871 2902 3922 et
2934 3867 3390 3924 Simoniacoru-m.

2025 3956 2135 4011 Sed
2184 3954 2318 4009 hinc
2363 3956 2489 4026 jam
2549 3954 2726 4008 finem
2769 3954 3137 4026 proditionis,
3190 3959 3245 4010 et
3287 3955 3600 4027 proditoris

1956 4043 2169 4100 Christi
2198 4044 2657 4110 consideremus,
2690 4047 2746 4098 et
2775 4061 2841 4098 ex
2872 4043 3182 4100 collatione
3213 4043 3374 4099 illius
3404 4049 3602 4101 actum

1957 4137 2013 4188 et
2041 4132 2316 4188 meritum
2349 4131 2712 4204 proditorum
2759 4131 3011 4204 Spiritus
3056 4133 3241 4188 sancti
3282 4133 3604 4205 perpenda-

1960 4238 2110 4276 mus.
2134 4222 2317 4277 Judas
2341 4223 2629 4276 mercator
2649 4221 2944 4292 pessimus
2963 4222 3087 4277 suis
3104 4221 3297 4294 inquit
3313 4221 3607 4294 complici-

1960 4312 2068 4365 bus
2095 4327 2108 4365 :
2139 4334 2164 4360 ‹‹
2193 4311 2609 4381 Quemcunque
2631 4310 2928 4366 osculatus
2945 4311 3122 4378 fuero,
3146 4313 3270 4384 ipse
3291 4315 3399 4378 est,
3419 4315 3608 4368 tenete

1959 4416 2118 4465 eum,
2144 4404 2200 4455 et
2231 4398 2424 4454 ducite
2456 4405 2624 4454 caute
2656 4401 2861 4471 (Matth.
2902 4418 3053 4470 xxvr,
3090 4402 3198 4472 48).
3237 4424 3262 4450 ››
3294 4400 3608 4457 Simoniaci

1963 4492 2157 4543 autem
2209 4488 2331 4543 suis
2384 4486 2803 4544 nihilominus:
2877 4490 3292 4562 Cujuscunque
3348 4494 3609 4546 vestrum

203 4572 521 4638 habebant,
546 4574 841 4629 amittunt.
868 4574 1031 4630 Unde
1063 4578 1117 4629 et
1137 4574 1452 4629 Philistiim
1474 4575 1853 4646 interpretan-
1884 4592 1930 4657 D
1963 4578 2181 4632 orando
2213 4593 2423 4631 manus
2462 4576 2937 4648 imposuerimus,
2964 4596 3067 4634 nec
3089 4595 3279 4634 mora:
3310 4579 3541 4633 advenit
3557 4577 3610 4633 ei

207 4669 324 4729 tur,
356 4675 447 4714 ore
476 4659 562 4715 vel
600 4663 792 4732 poculo
838 4667 1170 4729 corruentes,
1229 4667 1294 4717 ut
1344 4663 1733 4718 subaudiatur
1760 4677 1856 4716 suo

203 4749 291 4804 vel
317 4749 517 4803 alieno.
548 4749 674 4805 Sive
699 4751 854 4805 enim
877 4750 1235 4823 alienigenae,
1255 4750 1469 4823 pagani
1493 4751 1732 4816 scilicet,
1755 4767 1859 4805 seu

203 4836 382 4893 vicini
412 4853 613 4892 eorum
653 4840 946 4907 vecordes,
989 4844 1045 4894 et
1077 4839 1228 4894 male
1259 4839 1516 4895 viventes
1547 4837 1862 4894 Christiani

207 4942 305 4981 ore
334 4924 522 4981 alieno
556 4935 826 4995 coruunt,
855 4928 1320 4999 quandoeunque
1360 4927 1639 4982 doctrinis
1682 4927 1863 4982 hazre-

208 5013 480 5081 ticorum,
515 5031 646 5085 qua:
686 5016 890 5087 utique
929 5020 1068 5070 sunt
1116 5016 1565 5086 daemoniorum,
1589 5017 1865 5084 credunt,

208 5102 363 5158 sicut
383 5102 582 5158 miseri
609 5104 802 5172 Gothi,
829 5121 1080 5174 quorum
1114 5103 1209 5158 alii
1234 5122 1267 5159 a
1309 5105 1676 5177 paganismo,
1704 5104 1801 5159 alii
1833 5120 1868 5158 a

209 5189 498 5248 catholica
513 5191 626 5247 ﬁde
649 5193 719 5247 ad
735 5194 1007 5248 Arianam
1032 5192 1432 5263 haresim,per
1453 5193 1866 5263 imperatorem

207 5279 513 5336 Valentem
541 5285 595 5335 et
615 5280 939 5336 Eudoxium
963 5280 1869 5353 Constantinopolitanum,tran-

212 5369 460 5426 sierunt.
486 5369 594 5435 Qui
625 5370 801 5425 etiam
834 5387 939 5426 suo
971 5386 1067 5424 ore
1084 5370 1542 5440 corruunt,dum
1569 5369 1868 5426 hzereticos

213 5475 320 5514 suo
341 5457 537 5514 favore
558 5461 892 5530 protegunt,
908 5456 1290 5526 etextollunt;
1309 5474 1413 5512 nec
1430 5457 1553 5513 sine
1565 5475 1746 5514 causa
1767 5475 1869 5513 no-

216 5547 489 5603 minatim
525 5564 747 5603 messes
773 5565 784 5600 :
810 5547 987 5603 vinea:
1007 5551 1062 5602 et
1078 5545 1285 5601 oliveta
1303 5563 1503 5602 eorum
1523 5552 1872 5619 consumpta

214 5636 550 5696 referuntur
569 5651 700 5692 cum
712 5635 994 5693 nonnulla
1006 5635 1120 5692 alia
1132 5651 1264 5693 cum
1280 5635 1410 5697 istis
1436 5635 1874 5713 perieruntCur

534 5765 798 5832 PATBOL.
844 5762 1105 5832 CXLIII.

1967 4665 2217 4737 Spiritus
2249 4670 2486 4720 sanctus
2510 4682 2686 4736 quem
2729 4682 2967 4722 necesse
3007 4671 3096 4722 est
3140 4667 3406 4738 accipiat,
3457 4671 3512 4721 et
3536 4665 3608 4721 ad

1969 4753 2428 4810 ecclesiasticum
2457 4753 2714 4808 ofﬁcium
2738 4753 2916 4809 libere
2942 4756 3236 4827 agendum
3267 4754 3374 4810 sibi
3397 4757 3610 4808 teneat.

1975 4844 2035 4897 In
2061 4859 2176 4912 qua
2200 4840 2650 4912 praesumptione
2676 4840 2860 4896 multo
2874 4843 3100 4912 pejores
3125 4840 3415 4911 fiuntipso
3437 4840 3612 4908 Juda,

1975 4930 2074 5000 qui
2107 4945 2210 4983 nec
2243 4929 2550 4982 Dominum
2586 4928 2876 4998 proditum
2913 4929 3022 4984 sibi
3065 4929 3417 4983 remansisse
3447 4931 3616 5000 puta-

1974 5018 2072 5084 vit,
2109 5034 2213 5073 nec
2244 5023 2481 5083 temere,
2515 5017 2614 5070 sed
2647 5021 2813 5071 caute
2863 5018 3199 5072 ducendum
3249 5014 3617 5087 praemonuit,

1978 5123 2113 5160 cum
2145 5105 2238 5160 isti
2271 5104 2554 5175 Spiritum
2588 5108 2856 5160 sanctum
2891 5105 2974 5159 sic
2992 5104 3267 5175 prodant,
3294 5108 3357 5158 ut
3386 5103 3504 5158 sive
3523 5119 3619 5158 re-

1979 5194 2270 5249 mansisse
2293 5194 2554 5261 credant,
2595 5197 2651 5248 et
2679 5192 2733 5247 ei
2761 5192 3010 5264 gratiam
3042 5191 3172 5248 aliis
3200 5191 3490 5263 proditam
3517 5206 3621 5263 pro

1979 5282 2150 5338 libitu
2173 5282 2535 5338 tractandam
2576 5299 2642 5337 ex
2679 5280 3018 5336 auctoritate
3039 5281 3305 5352 jubeant.
3342 5281 3409 5335 Et
3435 5279 3622 5336 Judas

1979 5372 2216 5442 quidem
2249 5371 2556 5426 salutando
2585 5376 2640 5427 et
2661 5369 3003 5437 osculando,
3042 5385 3242 5442 pacem
3276 5373 3332 5425 et
3361 5368 3622 5425 dilectio-

1980 5476 2113 5514 nem
2137 5475 2253 5523 ore,
2288 5464 2457 5526 nutu,
2491 5458 2576 5513 vel
2611 5463 2777 5530 gestu
2810 5457 3117 5524 simulans,
3153 5475 3329 5529 quam
3361 5457 3420 5512 in
3451 5457 3624 5512 corde

1983 5562 2096 5600 non
2119 5545 2394 5611 habebat,
2413 5545 2723 5599 Dominum
2747 5545 2952 5600 Jesum
2989 5545 3173 5617 pretio
3219 5545 3497 5614 tradidit;
3526 5543 3624 5600 isti

1979 5650 2112 5696 vero
2135 5633 2542 5712 supplicando,
2571 5634 2813 5707 orando,
2842 5651 3054 5694 manus
3085 5634 3463 5710 imponendo,
3489 5637 3626 5710 ate,

3229 5761 3308 5838 35
