  <div class='ocr_page' id='page_1' title='image "/cluster/home/n/w/nwhite01/storage/ocr_20150623/143/uva.x000829790/573.png"; bbox 0 0 4004 6210; ppageno 0'>
   <div class='ocr_carea' id='block_1_1' title="bbox 442 324 603 391">
    <p class='ocr_par' dir='ltr' id='par_1_1' title="bbox 442 324 603 391">
     <span class='ocr_line' id='line_1_1' title="bbox 442 324 603 391; baseline -0.019 0"><span class='ocrx_word' id='word_1_1' title='bbox 442 324 603 391; x_wconf 71' lang='lat' dir='ltr'>I099</span> 
     </span>
    </p>
   </div>
   <div class='ocr_carea' id='block_1_2' title="bbox 1532 324 2831 391">
    <p class='ocr_par' dir='ltr' id='par_1_2' title="bbox 1532 324 2831 391">
     <span class='ocr_line' id='line_1_2' title="bbox 1532 324 2831 391; baseline 0.005 -6"><span class='ocrx_word' id='word_1_2' title='bbox 1532 324 1939 389; x_wconf 77' lang='lat' dir='ltr'>HUMBERTI</span> <span class='ocrx_word' id='word_1_3' title='bbox 1985 328 2051 389; x_wconf 90' lang='lat' dir='ltr'>S.</span> <span class='ocrx_word' id='word_1_4' title='bbox 2101 326 2174 387; x_wconf 75' lang='lat' dir='ltr'>lt.</span> <span class='ocrx_word' id='word_1_5' title='bbox 2219 328 2288 386; x_wconf 78' lang='grc' dir='ltr'>Ε.</span> <span class='ocrx_word' id='word_1_6' title='bbox 2337 325 2831 391; x_wconf 78' lang='lat' dir='ltr'>CARDINALIS.</span> 
     </span>
    </p>
   </div>
   <div class='ocr_carea' id='block_1_3' title="bbox 3684 325 3833 418">
    <p class='ocr_par' dir='ltr' id='par_1_3' title="bbox 3684 325 3833 418">
     <span class='ocr_line' id='line_1_3' title="bbox 3684 325 3833 418; baseline 0 -30"><span class='ocrx_word' id='word_1_7' title='bbox 3684 325 3833 418; x_wconf 76' lang='grc' dir='ltr'>ιιοο</span> 
     </span>
    </p>
   </div>
   <div class='ocr_carea' id='block_1_4' title="bbox 444 456 3833 534">
    <p class='ocr_par' dir='ltr' id='par_1_4' title="bbox 444 456 3833 534">
     <span class='ocr_line' id='line_1_4' title="bbox 444 456 3833 534; baseline 0 -18"><span class='ocrx_word' id='word_1_8' title='bbox 444 474 574 534; x_wconf 66' lang='lat' dir='ltr'>quae</span> <span class='ocrx_word' id='word_1_9' title='bbox 592 456 1143 529; x_wconf 88' lang='lat' dir='ltr'>suntlegitimorum</span> <span class='ocrx_word' id='word_1_10' title='bbox 1167 458 1535 513; x_wconf 81' lang='lat' dir='ltr'>sacerdotum</span> <span class='ocrx_word' id='word_1_11' title='bbox 1574 458 1826 529; x_wconf 85' lang='lat' dir='ltr'>propria,</span> <span class='ocrx_word' id='word_1_12' title='bbox 1851 459 1921 512; x_wconf 92' lang='lat' dir='ltr'>ad</span> <span class='ocrx_word' id='word_1_13' title='bbox 1945 475 2080 513; x_wconf 91' lang='lat' dir='ltr'>ocu-</span> <span class='ocrx_word' id='word_1_14' title='bbox 2110 457 2166 524; x_wconf 84' lang='grc' dir='ltr'><strong>Α</strong></span> <span class='ocrx_word' id='word_1_15' title='bbox 2200 473 2499 529; x_wconf 88' lang='lat' dir='ltr'>quaquam</span> <span class='ocrx_word' id='word_1_16' title='bbox 2554 457 2665 513; x_wconf 84' lang='lat' dir='ltr'>tale</span> <span class='ocrx_word' id='word_1_17' title='bbox 2709 460 2849 530; x_wconf 84' lang='lat' dir='ltr'>quid</span> <span class='ocrx_word' id='word_1_18' title='bbox 2900 463 3226 517; x_wconf 90' lang='lat' dir='ltr'>attentaret.</span> <span class='ocrx_word' id='word_1_19' title='bbox 3257 459 3641 533; x_wconf 85' lang='lat' dir='ltr'>Cognosceret</span> <span class='ocrx_word' id='word_1_20' title='bbox 3685 461 3833 516; x_wconf 88' lang='lat' dir='ltr'>enim</span> 
     </span>
    </p>
   </div>
   <div class='ocr_carea' id='block_1_5' title="bbox 440 544 2079 619">
    <p class='ocr_par' dir='ltr' id='par_1_5' title="bbox 440 544 2079 619">
     <span class='ocr_line' id='line_1_5' title="bbox 440 544 2079 619; baseline -0.003 -14"><span class='ocrx_word' id='word_1_21' title='bbox 440 548 567 605; x_wconf 91' lang='lat' dir='ltr'>lum</span> <span class='ocrx_word' id='word_1_22' title='bbox 584 545 861 609; x_wconf 89' lang='lat' dir='ltr'>faciendo,</span> <span class='ocrx_word' id='word_1_23' title='bbox 887 544 1170 616; x_wconf 83' lang='lat' dir='ltr'>Spiritum</span> <span class='ocrx_word' id='word_1_24' title='bbox 1194 550 1465 601; x_wconf 87' lang='lat' dir='ltr'>sanctum</span> <span class='ocrx_word' id='word_1_25' title='bbox 1491 547 1695 618; x_wconf 90' lang='lat' dir='ltr'>pretio,</span> <span class='ocrx_word' id='word_1_26' title='bbox 1728 551 1793 601; x_wconf 92' lang='lat' dir='ltr'>ut</span> <span class='ocrx_word' id='word_1_27' title='bbox 1824 550 2079 619; x_wconf 80' lang='lat' dir='ltr'>putatur,</span> 
     </span>
    </p>
   </div>
   <div class='ocr_carea' id='block_1_6' title="bbox 440 634 2078 705">
    <p class='ocr_par' dir='ltr' id='par_1_6' title="bbox 440 634 2078 705">
     <span class='ocr_line' id='line_1_6' title="bbox 440 634 2078 705; baseline -0.001 -14"><span class='ocrx_word' id='word_1_28' title='bbox 440 636 713 701; x_wconf 87' lang='lat' dir='ltr'>tradunt;</span> <span class='ocrx_word' id='word_1_29' title='bbox 763 649 1011 705; x_wconf 92' lang='lat' dir='ltr'>quorum</span> <span class='ocrx_word' id='word_1_30' title='bbox 1044 634 1285 691; x_wconf 87' lang='lat' dir='ltr'>vocibus</span> <span class='ocrx_word' id='word_1_31' title='bbox 1315 638 1372 690; x_wconf 89' lang='lat' dir='ltr'>et</span> <span class='ocrx_word' id='word_1_32' title='bbox 1404 634 1739 690; x_wconf 87' lang='lat' dir='ltr'>reverentiis</span> <span class='ocrx_word' id='word_1_33' title='bbox 1784 634 2078 690; x_wconf 78' lang='lat' dir='ltr'>exteriori-</span> 
     </span>
    </p>
   </div>
   <div class='ocr_carea' id='block_1_7' title="bbox 439 722 2080 794">
    <p class='ocr_par' dir='ltr' id='par_1_7' title="bbox 439 722 2080 794">
     <span class='ocr_line' id='line_1_7' title="bbox 439 722 2080 794; baseline -0.002 -15"><span class='ocrx_word' id='word_1_34' title='bbox 439 724 576 790; x_wconf 87' lang='lat' dir='ltr'>bus,</span> <span class='ocrx_word' id='word_1_35' title='bbox 603 722 755 793; x_wconf 90' lang='lat' dir='ltr'>quod</span> <span class='ocrx_word' id='word_1_36' title='bbox 780 738 1128 793; x_wconf 82' lang='lat' dir='ltr'>responsum</span> <span class='ocrx_word' id='word_1_37' title='bbox 1156 722 1594 778; x_wconf 87' lang='lat' dir='ltr'>convenientius</span> <span class='ocrx_word' id='word_1_38' title='bbox 1616 724 1877 778; x_wconf 78' lang='lat' dir='ltr'>redditur</span> <span class='ocrx_word' id='word_1_39' title='bbox 1897 740 1931 778; x_wconf 90' lang='lat' dir='ltr'>a</span> <span class='ocrx_word' id='word_1_40' title='bbox 1947 723 2080 794; x_wconf 89' lang='lat' dir='ltr'>Spi-</span> 
     </span>
    </p>
   </div>
   <div class='ocr_carea' id='block_1_8' title="bbox 440 809 2082 882">
    <p class='ocr_par' dir='ltr' id='par_1_8' title="bbox 440 809 2082 882">
     <span class='ocr_line' id='line_1_8' title="bbox 440 809 2082 882; baseline -0.001 -16"><span class='ocrx_word' id='word_1_41' title='bbox 440 809 557 866; x_wconf 84' lang='lat' dir='ltr'>ritu</span> <span class='ocrx_word' id='word_1_42' title='bbox 578 813 799 877; x_wconf 88' lang='lat' dir='ltr'>sancto,</span> <span class='ocrx_word' id='word_1_43' title='bbox 825 827 999 882; x_wconf 89' lang='lat' dir='ltr'>quam</span> <span class='ocrx_word' id='word_1_44' title='bbox 1016 811 1169 882; x_wconf 93' lang='lat' dir='ltr'>quod</span> <span class='ocrx_word' id='word_1_45' title='bbox 1183 810 1347 865; x_wconf 70' lang='lat' dir='ltr'>Juda:</span> <span class='ocrx_word' id='word_1_46' title='bbox 1364 810 1857 876; x_wconf 81' lang='lat' dir='ltr'>aChristo?Juda,</span> <span class='ocrx_word' id='word_1_47' title='bbox 1883 810 2082 866; x_wconf 91' lang='lat' dir='ltr'>osculo</span> 
     </span>
    </p>
   </div>
   <div class='ocr_carea' id='block_1_9' title="bbox 440 897 2077 971">
    <p class='ocr_par' dir='ltr' id='par_1_9' title="bbox 440 897 2077 971">
     <span class='ocr_line' id='line_1_9' title="bbox 440 897 2077 971; baseline -0.001 -15"><span class='ocrx_word' id='word_1_48' title='bbox 440 898 724 971; x_wconf 81' lang='lat' dir='ltr'>Spiritum</span> <span class='ocrx_word' id='word_1_49' title='bbox 751 898 933 971; x_wconf 90' lang='lat' dir='ltr'>patris</span> <span class='ocrx_word' id='word_1_50' title='bbox 955 903 1013 953; x_wconf 90' lang='lat' dir='ltr'>et</span> <span class='ocrx_word' id='word_1_51' title='bbox 1038 898 1163 953; x_wconf 84' lang='lat' dir='ltr'>Filii</span> <span class='ocrx_word' id='word_1_52' title='bbox 1178 899 1361 954; x_wconf 90' lang='lat' dir='ltr'>tradis</span> <span class='ocrx_word' id='word_1_53' title='bbox 1376 899 1403 954; x_wconf 87' lang='lat'><strong>?</strong></span> <span class='ocrx_word' id='word_1_54' title='bbox 1419 898 1587 971; x_wconf 88' lang='lat' dir='ltr'>quasi</span> <span class='ocrx_word' id='word_1_55' title='bbox 1604 897 1821 954; x_wconf 90' lang='lat' dir='ltr'>ironice</span> <span class='ocrx_word' id='word_1_56' title='bbox 1841 899 2042 953; x_wconf 84' lang='lat' dir='ltr'>dicens</span> <span class='ocrx_word' id='word_1_57' title='bbox 2065 915 2077 954; x_wconf 90' lang='lat'><strong>:</strong></span> 
     </span>
    </p>
   </div>
   <div class='ocr_carea' id='block_1_10' title="bbox 440 986 2083 1055">
    <p class='ocr_par' dir='ltr' id='par_1_10' title="bbox 440 986 2083 1055">
     <span class='ocr_line' id='line_1_10' title="bbox 440 986 2083 1055; baseline -0.001 -13"><span class='ocrx_word' id='word_1_58' title='bbox 440 987 695 1043; x_wconf 78' lang='lat' dir='ltr'>Putasne</span> <span class='ocrx_word' id='word_1_59' title='bbox 741 1003 834 1042; x_wconf 92' lang='lat' dir='ltr'>me</span> <span class='ocrx_word' id='word_1_60' title='bbox 856 986 960 1041; x_wconf 84' lang='lat' dir='ltr'>tibi</span> <span class='ocrx_word' id='word_1_61' title='bbox 991 986 1071 1041; x_wconf 87' lang='lat' dir='ltr'>ita</span> <span class='ocrx_word' id='word_1_62' title='bbox 1109 1003 1473 1055; x_wconf 89' lang='lat' dir='ltr'>concessum,</span> <span class='ocrx_word' id='word_1_63' title='bbox 1509 990 1572 1041; x_wconf 93' lang='lat' dir='ltr'>ut</span> <span class='ocrx_word' id='word_1_64' title='bbox 1601 986 1817 1042; x_wconf 82' lang='lat' dir='ltr'>habeas</span> <span class='ocrx_word' id='word_1_65' title='bbox 1846 986 2083 1041; x_wconf 91' lang='lat' dir='ltr'>cuicun-</span> 
     </span>
    </p>
   </div>
   <div class='ocr_carea' id='block_1_11' title="bbox 441 1074 2084 1149">
    <p class='ocr_par' dir='ltr' id='par_1_11' title="bbox 441 1074 2084 1149">
     <span class='ocr_line' id='line_1_11' title="bbox 441 1074 2084 1149; baseline -0.002 -17"><span class='ocrx_word' id='word_1_66' title='bbox 441 1092 555 1149; x_wconf 86' lang='lat' dir='ltr'>que</span> <span class='ocrx_word' id='word_1_67' title='bbox 573 1075 827 1131; x_wconf 90' lang='lat' dir='ltr'>volueris</span> <span class='ocrx_word' id='word_1_68' title='bbox 848 1075 1023 1130; x_wconf 88' lang='lat' dir='ltr'>etiam</span> <span class='ocrx_word' id='word_1_69' title='bbox 1048 1076 1177 1130; x_wconf 79' lang='lat' dir='ltr'>ficte</span> <span class='ocrx_word' id='word_1_70' title='bbox 1204 1076 1554 1130; x_wconf 89' lang='lat' dir='ltr'>tradendum</span> <span class='ocrx_word' id='word_1_71' title='bbox 1583 1079 1639 1129; x_wconf 86' lang='lat' dir='ltr'>et</span> <span class='ocrx_word' id='word_1_72' title='bbox 1669 1075 2033 1130; x_wconf 87' lang='lat' dir='ltr'>vendendum</span> <span class='ocrx_word' id='word_1_73' title='bbox 2056 1074 2084 1128; x_wconf 68' lang='grc' dir='ltr'><strong>ἱ)</strong></span> 
     </span>
    </p>
   </div>
   <div class='ocr_carea' id='block_1_12' title="bbox 441 1163 2081 1236">
    <p class='ocr_par' dir='ltr' id='par_1_12' title="bbox 441 1163 2081 1236">
     <span class='ocr_line' id='line_1_12' title="bbox 441 1163 2081 1236; baseline -0.002 -16"><span class='ocrx_word' id='word_1_74' title='bbox 441 1165 542 1220; x_wconf 71' lang='lat' dir='ltr'>sei</span> <span class='ocrx_word' id='word_1_75' title='bbox 565 1182 644 1219; x_wconf 75' lang='lat' dir='ltr'>ws</span> <span class='ocrx_word' id='word_1_76' title='bbox 661 1163 746 1218; x_wconf 92' lang='lat' dir='ltr'>illi</span> <span class='ocrx_word' id='word_1_77' title='bbox 786 1181 889 1236; x_wconf 91' lang='lat' dir='ltr'>per</span> <span class='ocrx_word' id='word_1_78' title='bbox 912 1180 1086 1236; x_wconf 88' lang='lat' dir='ltr'>quem</span> <span class='ocrx_word' id='word_1_79' title='bbox 1111 1163 1365 1236; x_wconf 83' lang='lat' dir='ltr'>Spiritus</span> <span class='ocrx_word' id='word_1_80' title='bbox 1401 1168 1643 1219; x_wconf 86' lang='lat' dir='ltr'>sanctus</span> <span class='ocrx_word' id='word_1_81' title='bbox 1676 1163 1859 1236; x_wconf 90' lang='lat' dir='ltr'>pretio</span> <span class='ocrx_word' id='word_1_82' title='bbox 1890 1164 2081 1218; x_wconf 89' lang='lat' dir='ltr'>trade-</span> 
     </span>
    </p>
   </div>
   <div class='ocr_carea' id='block_1_13' title="bbox 439 1251 2082 1310">
    <p class='ocr_par' dir='ltr' id='par_1_13' title="bbox 439 1251 2082 1310">
     <span class='ocr_line' id='line_1_13' title="bbox 439 1251 2082 1310; baseline -0.002 0"><span class='ocrx_word' id='word_1_83' title='bbox 439 1258 556 1310; x_wconf 91' lang='lat' dir='ltr'>tur.</span> <span class='ocrx_word' id='word_1_84' title='bbox 582 1251 888 1308; x_wconf 88' lang='lat' dir='ltr'>Meliusilli</span> <span class='ocrx_word' id='word_1_85' title='bbox 908 1257 1031 1307; x_wconf 89' lang='lat' dir='ltr'>erat</span> <span class='ocrx_word' id='word_1_86' title='bbox 1050 1252 1097 1307; x_wconf 88' lang='lat' dir='ltr'>si</span> <span class='ocrx_word' id='word_1_87' title='bbox 1141 1256 1313 1307; x_wconf 88' lang='lat' dir='ltr'>natus</span> <span class='ocrx_word' id='word_1_88' title='bbox 1343 1270 1456 1307; x_wconf 91' lang='lat' dir='ltr'>non</span> <span class='ocrx_word' id='word_1_89' title='bbox 1482 1252 1709 1308; x_wconf 84' lang='lat' dir='ltr'>fuisset.</span> <span class='ocrx_word' id='word_1_90' title='bbox 1760 1252 1826 1306; x_wconf 91' lang='lat' dir='ltr'>Et</span> <span class='ocrx_word' id='word_1_91' title='bbox 1844 1268 1953 1305; x_wconf 90' lang='lat' dir='ltr'>non</span> <span class='ocrx_word' id='word_1_92' title='bbox 1980 1252 2082 1306; x_wconf 87' lang='lat' dir='ltr'>ab—</span> 
     </span>
    </p>
   </div>
   <div class='ocr_carea' id='block_1_14' title="bbox 439 1338 2080 1409">
    <p class='ocr_par' dir='ltr' id='par_1_14' title="bbox 439 1338 2080 1409">
     <span class='ocr_line' id='line_1_14' title="bbox 439 1338 2080 1409; baseline -0.004 -12"><span class='ocrx_word' id='word_1_93' title='bbox 439 1341 615 1397; x_wconf 84' lang='lat' dir='ltr'>surde</span> <span class='ocrx_word' id='word_1_94' title='bbox 635 1340 1003 1395; x_wconf 90' lang='lat' dir='ltr'>Simoniacus</span> <span class='ocrx_word' id='word_1_95' title='bbox 1030 1338 1204 1395; x_wconf 88' lang='lat' dir='ltr'>isthic</span> <span class='ocrx_word' id='word_1_96' title='bbox 1224 1346 1463 1398; x_wconf 90' lang='lat' dir='ltr'>vocatus</span> <span class='ocrx_word' id='word_1_97' title='bbox 1499 1344 1587 1395; x_wconf 90' lang='lat' dir='ltr'>est</span> <span class='ocrx_word' id='word_1_98' title='bbox 1618 1340 1821 1403; x_wconf 84' lang='lat' dir='ltr'>Judas,</span> <span class='ocrx_word' id='word_1_99' title='bbox 1851 1339 1951 1409; x_wconf 90' lang='lat' dir='ltr'>qui</span> <span class='ocrx_word' id='word_1_100' title='bbox 1983 1339 2080 1392; x_wconf 87' lang='lat' dir='ltr'>in-</span> 
     </span>
    </p>
   </div>
   <div class='ocr_carea' id='block_1_15' title="bbox 436 1426 2078 1502">
    <p class='ocr_par' dir='ltr' id='par_1_15' title="bbox 436 1426 2078 1502">
     <span class='ocr_line' id='line_1_15' title="bbox 436 1426 2078 1502; baseline -0.005 -16"><span class='ocrx_word' id='word_1_101' title='bbox 436 1431 1090 1502; x_wconf 80' lang='lat' dir='ltr'>terpretaturconfessio,</span> <span class='ocrx_word' id='word_1_102' title='bbox 1126 1430 1265 1501; x_wconf 91' lang='lat' dir='ltr'>quia</span> <span class='ocrx_word' id='word_1_103' title='bbox 1295 1429 1448 1485; x_wconf 84' lang='lat' dir='ltr'>sicut</span> <span class='ocrx_word' id='word_1_104' title='bbox 1495 1428 1591 1482; x_wconf 88' lang='lat' dir='ltr'>ille</span> <span class='ocrx_word' id='word_1_105' title='bbox 1624 1444 1719 1482; x_wconf 90' lang='lat' dir='ltr'>ore</span> <span class='ocrx_word' id='word_1_106' title='bbox 1751 1426 2078 1481; x_wconf 82' lang='lat' dir='ltr'>confitendo</span> 
     </span>
    </p>
   </div>
   <div class='ocr_carea' id='block_1_16' title="bbox 437 1514 2077 1590">
    <p class='ocr_par' dir='ltr' id='par_1_16' title="bbox 437 1514 2077 1590">
     <span class='ocr_line' id='line_1_16' title="bbox 437 1514 2077 1590; baseline -0.005 -15"><span class='ocrx_word' id='word_1_107' title='bbox 437 1517 768 1582; x_wconf 87' lang='lat' dir='ltr'>etdicendo,</span> <span class='ocrx_word' id='word_1_108' title='bbox 800 1517 1008 1584; x_wconf 80' lang='lat' dir='ltr'>Rabbi,</span> <span class='ocrx_word' id='word_1_109' title='bbox 1042 1519 1324 1590; x_wconf 85' lang='lat' dir='ltr'>prodebat</span> <span class='ocrx_word' id='word_1_110' title='bbox 1354 1516 1696 1589; x_wconf 77' lang='lat' dir='ltr'>Magistrum</span> <span class='ocrx_word' id='word_1_111' title='bbox 1722 1532 1734 1580; x_wconf 92' lang='lat'><strong>;</strong></span> <span class='ocrx_word' id='word_1_112' title='bbox 1768 1514 1850 1568; x_wconf 91' lang='lat' dir='ltr'>sic</span> <span class='ocrx_word' id='word_1_113' title='bbox 1882 1518 1937 1567; x_wconf 91' lang='lat' dir='ltr'>et</span> <span class='ocrx_word' id='word_1_114' title='bbox 1967 1514 2077 1567; x_wconf 88' lang='lat' dir='ltr'>iste</span> 
     </span>
    </p>
   </div>
   <div class='ocr_carea' id='block_1_17' title="bbox 438 1600 2074 1668">
    <p class='ocr_par' dir='ltr' id='par_1_17' title="bbox 438 1600 2074 1668">
     <span class='ocr_line' id='line_1_17' title="bbox 438 1600 2074 1668; baseline -0.005 -5"><span class='ocrx_word' id='word_1_115' title='bbox 438 1610 705 1663; x_wconf 88' lang='lat' dir='ltr'>sanctam</span> <span class='ocrx_word' id='word_1_116' title='bbox 738 1605 1084 1662; x_wconf 82' lang='lat' dir='ltr'>Trinitatem</span> <span class='ocrx_word' id='word_1_117' title='bbox 1126 1623 1223 1661; x_wconf 91' lang='lat' dir='ltr'>ore</span> <span class='ocrx_word' id='word_1_118' title='bbox 1270 1604 1597 1661; x_wconf 86' lang='lat' dir='ltr'>conﬁtendo</span> <span class='ocrx_word' id='word_1_119' title='bbox 1641 1606 1699 1657; x_wconf 93' lang='lat' dir='ltr'>et</span> <span class='ocrx_word' id='word_1_120' title='bbox 1728 1600 2074 1668; x_wconf 88' lang='lat' dir='ltr'>invocando,</span> 
     </span>
    </p>
   </div>
   <div class='ocr_carea' id='block_1_18' title="bbox 438 1688 2079 1765">
    <p class='ocr_par' dir='ltr' id='par_1_18' title="bbox 438 1688 2079 1765">
     <span class='ocr_line' id='line_1_18' title="bbox 438 1688 2079 1765; baseline -0.004 -15"><span class='ocrx_word' id='word_1_121' title='bbox 438 1693 713 1750; x_wconf 80' lang='lat' dir='ltr'>distrahit</span> <span class='ocrx_word' id='word_1_122' title='bbox 738 1694 1019 1765; x_wconf 90' lang='lat' dir='ltr'>Spiritum</span> <span class='ocrx_word' id='word_1_123' title='bbox 1036 1699 1325 1759; x_wconf 90' lang='lat' dir='ltr'>sanctum,</span> <span class='ocrx_word' id='word_1_124' title='bbox 1351 1708 1523 1763; x_wconf 88' lang='lat' dir='ltr'>quem</span> <span class='ocrx_word' id='word_1_125' title='bbox 1549 1689 1914 1745; x_wconf 89' lang='lat' dir='ltr'>nominatum</span> <span class='ocrx_word' id='word_1_126' title='bbox 1939 1688 2079 1744; x_wconf 87' lang='lat' dir='ltr'>dicit</span> 
     </span>
    </p>
   </div>
   <div class='ocr_carea' id='block_1_19' title="bbox 437 1777 2157 1880">
    <p class='ocr_par' dir='ltr' id='par_1_19' title="bbox 437 1777 2157 1880">
     <span class='ocr_line' id='line_1_19' title="bbox 437 1777 2157 1880; baseline -0.004 -42"><span class='ocrx_word' id='word_1_127' title='bbox 437 1783 622 1839; x_wconf 90' lang='lat' dir='ltr'>Deum</span> <span class='ocrx_word' id='word_1_128' title='bbox 664 1786 721 1837; x_wconf 87' lang='lat' dir='ltr'>et</span> <span class='ocrx_word' id='word_1_129' title='bbox 768 1782 1101 1838; x_wconf 88' lang='lat' dir='ltr'>Dominum.</span> <span class='ocrx_word' id='word_1_130' title='bbox 1150 1782 1361 1835; x_wconf 90' lang='lat' dir='ltr'>Verum</span> <span class='ocrx_word' id='word_1_131' title='bbox 1404 1777 1622 1880; x_wconf 68' lang='lat' dir='ltr'>talibus</span> <span class='ocrx_word' id='word_1_132' title='bbox 1672 1777 2075 1832; x_wconf 74' lang='lat' dir='ltr'>haereticorum</span> <span class='ocrx_word' id='word_1_133' title='bbox 2109 1816 2157 1880; x_wconf 81' lang='grc' dir='ltr'><strong>Β</strong></span> 
     </span>
    </p>
   </div>
   <div class='ocr_carea' id='block_1_20' title="bbox 438 1865 2077 1939">
    <p class='ocr_par' dir='ltr' id='par_1_20' title="bbox 438 1865 2077 1939">
     <span class='ocr_line' id='line_1_20' title="bbox 438 1865 2077 1939; baseline -0.004 -11"><span class='ocrx_word' id='word_1_134' title='bbox 438 1865 1636 1939; x_wconf 87' lang='lat' dir='ltr'>conatibusnullomodoc00peraturDeus,</span> <span class='ocrx_word' id='word_1_135' title='bbox 1662 1866 1760 1921; x_wconf 92' lang='lat' dir='ltr'>sed</span> <span class='ocrx_word' id='word_1_136' title='bbox 1784 1866 2077 1939; x_wconf 86' lang='lat' dir='ltr'>malignus</span> 
     </span>
    </p>
   </div>
   <div class='ocr_carea' id='block_1_21' title="bbox 440 1953 2077 2033">
    <p class='ocr_par' dir='ltr' id='par_1_21' title="bbox 440 1953 2077 2033">
     <span class='ocr_line' id='line_1_21' title="bbox 440 1953 2077 2033; baseline -0.004 -17"><span class='ocrx_word' id='word_1_137' title='bbox 440 1959 703 2033; x_wconf 87' lang='lat' dir='ltr'>spiritus,</span> <span class='ocrx_word' id='word_1_138' title='bbox 727 1960 827 2032; x_wconf 89' lang='lat' dir='ltr'>qui</span> <span class='ocrx_word' id='word_1_139' title='bbox 849 1958 1060 2015; x_wconf 85' lang='lat' dir='ltr'>Christi</span> <span class='ocrx_word' id='word_1_140' title='bbox 1087 1953 1502 2028; x_wconf 85' lang='lat' dir='ltr'>proditoribus,</span> <span class='ocrx_word' id='word_1_141' title='bbox 1537 1955 1607 2009; x_wconf 89' lang='lat' dir='ltr'>de</span> <span class='ocrx_word' id='word_1_142' title='bbox 1637 1954 1851 2026; x_wconf 89' lang='lat' dir='ltr'>quibus</span> <span class='ocrx_word' id='word_1_143' title='bbox 1881 1956 1964 2011; x_wconf 91' lang='lat' dir='ltr'>sic</span> <span class='ocrx_word' id='word_1_144' title='bbox 1990 1955 2077 2010; x_wconf 93' lang='lat' dir='ltr'>di-</span> 
     </span>
    </p>
   </div>
   <div class='ocr_carea' id='block_1_22' title="bbox 440 2044 2102 2115">
    <p class='ocr_par' dir='ltr' id='par_1_22' title="bbox 440 2044 2102 2115">
     <span class='ocr_line' id='line_1_22' title="bbox 440 2044 2102 2115; baseline -0.004 -11"><span class='ocrx_word' id='word_1_145' title='bbox 440 2048 626 2105; x_wconf 87' lang='lat' dir='ltr'>citur:</span> <span class='ocrx_word' id='word_1_146' title='bbox 655 2071 683 2097; x_wconf 88' lang='grc'>‹‹</span> <span class='ocrx_word' id='word_1_147' title='bbox 717 2047 845 2103; x_wconf 65' lang='lat' dir='ltr'>Haec</span> <span class='ocrx_word' id='word_1_148' title='bbox 875 2051 963 2103; x_wconf 89' lang='lat' dir='ltr'>est</span> <span class='ocrx_word' id='word_1_149' title='bbox 992 2046 1131 2099; x_wconf 93' lang='lat' dir='ltr'>hora</span> <span class='ocrx_word' id='word_1_150' title='bbox 1157 2045 1370 2111; x_wconf 87' lang='lat' dir='ltr'>vestra,</span> <span class='ocrx_word' id='word_1_151' title='bbox 1402 2047 1459 2097; x_wconf 91' lang='lat' dir='ltr'>et</span> <span class='ocrx_word' id='word_1_152' title='bbox 1502 2048 1761 2115; x_wconf 86' lang='lat' dir='ltr'>potestas</span> <span class='ocrx_word' id='word_1_153' title='bbox 1807 2044 2102 2099; x_wconf 88' lang='lat' dir='ltr'>tenebra--</span> 
     </span>
    </p>
   </div>
   <div class='ocr_carea' id='block_1_23' title="bbox 441 2131 2076 2209">
    <p class='ocr_par' dir='ltr' id='par_1_23' title="bbox 441 2131 2076 2209">
     <span class='ocr_line' id='line_1_23' title="bbox 441 2131 2076 2209; baseline -0.004 -15"><span class='ocrx_word' id='word_1_154' title='bbox 441 2154 571 2194; x_wconf 90' lang='lat' dir='ltr'>rum</span> <span class='ocrx_word' id='word_1_155' title='bbox 602 2138 750 2209; x_wconf 81' lang='lat' dir='ltr'>(Luc.</span> <span class='ocrx_word' id='word_1_156' title='bbox 784 2152 921 2203; x_wconf 84' lang='lat' dir='ltr'>xxu,</span> <span class='ocrx_word' id='word_1_157' title='bbox 970 2134 1080 2200; x_wconf 75' lang='lat'>53).</span> <span class='ocrx_word' id='word_1_158' title='bbox 1137 2153 1163 2177; x_wconf 75' lang='grc' dir='ltr'><strong>η</strong></span> <span class='ocrx_word' id='word_1_159' title='bbox 1210 2131 1405 2202; x_wconf 89' lang='lat' dir='ltr'>Neque</span> <span class='ocrx_word' id='word_1_160' title='bbox 1453 2132 1609 2186; x_wconf 91' lang='lat' dir='ltr'>enim</span> <span class='ocrx_word' id='word_1_161' title='bbox 1660 2132 1935 2204; x_wconf 89' lang='lat' dir='ltr'>deinceps</span> <span class='ocrx_word' id='word_1_162' title='bbox 1978 2133 2076 2188; x_wconf 88' lang='lat' dir='ltr'>isti</span> 
     </span>
    </p>
   </div>
   <div class='ocr_carea' id='block_1_24' title="bbox 439 2219 2076 2300">
    <p class='ocr_par' dir='ltr' id='par_1_24' title="bbox 439 2219 2076 2300">
     <span class='ocr_line' id='line_1_24' title="bbox 439 2219 2076 2300; baseline -0.005 -17"><span class='ocrx_word' id='word_1_163' title='bbox 439 2229 689 2300; x_wconf 89' lang='lat' dir='ltr'>possunt</span> <span class='ocrx_word' id='word_1_164' title='bbox 734 2222 1015 2295; x_wconf 89' lang='lat' dir='ltr'>Spiritum</span> <span class='ocrx_word' id='word_1_165' title='bbox 1066 2223 1333 2275; x_wconf 89' lang='lat' dir='ltr'>sanctum</span> <span class='ocrx_word' id='word_1_166' title='bbox 1378 2219 1509 2274; x_wconf 91' lang='lat' dir='ltr'>aliis</span> <span class='ocrx_word' id='word_1_167' title='bbox 1547 2220 1761 2276; x_wconf 86' lang='lat' dir='ltr'>habere</span> <span class='ocrx_word' id='word_1_168' title='bbox 1801 2220 1889 2276; x_wconf 87' lang='lat' dir='ltr'>vel</span> <span class='ocrx_word' id='word_1_169' title='bbox 1943 2222 2076 2289; x_wconf 90' lang='lat' dir='ltr'>sibi,</span> 
     </span>
    </p>
   </div>
   <div class='ocr_carea' id='block_1_25' title="bbox 437 2307 2079 2382">
    <p class='ocr_par' dir='ltr' id='par_1_25' title="bbox 437 2307 2079 2382">
     <span class='ocr_line' id='line_1_25' title="bbox 437 2307 2079 2382; baseline -0.003 -12"><span class='ocrx_word' id='word_1_170' title='bbox 437 2314 667 2371; x_wconf 87' lang='lat' dir='ltr'>etiamsi</span> <span class='ocrx_word' id='word_1_171' title='bbox 699 2310 1014 2382; x_wconf 85' lang='lat' dir='ltr'>aliquando</span> <span class='ocrx_word' id='word_1_172' title='bbox 1054 2307 1389 2370; x_wconf 87' lang='lat' dir='ltr'>habuerint.</span> <span class='ocrx_word' id='word_1_173' title='bbox 1445 2309 1941 2380; x_wconf 89' lang='lat' dir='ltr'>quemadmodum</span> <span class='ocrx_word' id='word_1_174' title='bbox 1975 2326 2079 2365; x_wconf 87' lang='lat' dir='ltr'>nec</span> 
     </span>
    </p>
   </div>
   <div class='ocr_carea' id='block_1_26' title="bbox 436 2395 2075 2471">
    <p class='ocr_par' dir='ltr' id='par_1_26' title="bbox 436 2395 2075 2471">
     <span class='ocr_line' id='line_1_26' title="bbox 436 2395 2075 2471; baseline -0.003 -14"><span class='ocrx_word' id='word_1_175' title='bbox 436 2401 641 2471; x_wconf 64' lang='lat' dir='ltr'>Judaei,</span> <span class='ocrx_word' id='word_1_176' title='bbox 663 2416 766 2455; x_wconf 89' lang='lat' dir='ltr'>nec</span> <span class='ocrx_word' id='word_1_177' title='bbox 782 2398 966 2453; x_wconf 89' lang='lat' dir='ltr'>Judas</span> <span class='ocrx_word' id='word_1_178' title='bbox 994 2395 1314 2462; x_wconf 90' lang='lat' dir='ltr'>Christum,</span> <span class='ocrx_word' id='word_1_179' title='bbox 1338 2397 1473 2452; x_wconf 89' lang='lat' dir='ltr'>licet</span> <span class='ocrx_word' id='word_1_180' title='bbox 1495 2398 1617 2468; x_wconf 90' lang='lat' dir='ltr'>ipse</span> <span class='ocrx_word' id='word_1_181' title='bbox 1635 2398 1796 2469; x_wconf 86' lang='lat' dir='ltr'>prius</span> <span class='ocrx_word' id='word_1_182' title='bbox 1818 2414 1950 2452; x_wconf 83' lang='lat' dir='ltr'>eum</span> <span class='ocrx_word' id='word_1_183' title='bbox 1973 2397 2075 2452; x_wconf 85' lang='lat' dir='ltr'>ha-</span> 
     </span>
    </p>
   </div>
   <div class='ocr_carea' id='block_1_27' title="bbox 436 2485 2079 2557">
    <p class='ocr_par' dir='ltr' id='par_1_27' title="bbox 436 2485 2079 2557">
     <span class='ocr_line' id='line_1_27' title="bbox 436 2485 2079 2557; baseline -0.003 -12"><span class='ocrx_word' id='word_1_184' title='bbox 436 2488 649 2545; x_wconf 89' lang='lat' dir='ltr'>buerit.</span> <span class='ocrx_word' id='word_1_185' title='bbox 676 2487 785 2542; x_wconf 91' lang='lat' dir='ltr'>Sed</span> <span class='ocrx_word' id='word_1_186' title='bbox 808 2503 912 2541; x_wconf 88' lang='lat' dir='ltr'>cur</span> <span class='ocrx_word' id='word_1_187' title='bbox 932 2485 1147 2540; x_wconf 90' lang='lat' dir='ltr'>dicitur</span> <span class='ocrx_word' id='word_1_188' title='bbox 1163 2486 1299 2556; x_wconf 91' lang='lat' dir='ltr'>quia</span> <span class='ocrx_word' id='word_1_189' title='bbox 1315 2487 1438 2556; x_wconf 90' lang='lat' dir='ltr'>jam</span> <span class='ocrx_word' id='word_1_190' title='bbox 1458 2486 1671 2541; x_wconf 89' lang='lat' dir='ltr'>habere</span> <span class='ocrx_word' id='word_1_191' title='bbox 1696 2503 1808 2541; x_wconf 89' lang='lat' dir='ltr'>non</span> <span class='ocrx_word' id='word_1_192' title='bbox 1833 2490 2079 2557; x_wconf 89' lang='lat' dir='ltr'>possunt</span> 
     </span>
    </p>
   </div>
   <div class='ocr_carea' id='block_1_28' title="bbox 437 2574 2077 2650">
    <p class='ocr_par' dir='ltr' id='par_1_28' title="bbox 437 2574 2077 2650">
     <span class='ocr_line' id='line_1_28' title="bbox 437 2574 2077 2650; baseline -0.002 -18"><span class='ocrx_word' id='word_1_193' title='bbox 437 2592 610 2650; x_wconf 88' lang='lat' dir='ltr'>quem</span> <span class='ocrx_word' id='word_1_194' title='bbox 637 2592 740 2631; x_wconf 89' lang='lat' dir='ltr'>nec</span> <span class='ocrx_word' id='word_1_195' title='bbox 758 2574 1024 2629; x_wconf 88' lang='lat' dir='ltr'>invocare</span> <span class='ocrx_word' id='word_1_196' title='bbox 1040 2575 1165 2645; x_wconf 89' lang='lat' dir='ltr'>jam</span> <span class='ocrx_word' id='word_1_197' title='bbox 1188 2574 1482 2645; x_wconf 85' lang='lat' dir='ltr'>possunt?</span> <span class='ocrx_word' id='word_1_198' title='bbox 1517 2575 1679 2640; x_wconf 90' lang='lat' dir='ltr'>Quod</span> <span class='ocrx_word' id='word_1_199' title='bbox 1713 2574 2077 2630; x_wconf 85' lang='lat' dir='ltr'>detestabilis</span> 
     </span>
    </p>
   </div>
   <div class='ocr_carea' id='block_1_29' title="bbox 436 2661 2076 2734">
    <p class='ocr_par' dir='ltr' id='par_1_29' title="bbox 436 2661 2076 2734">
     <span class='ocr_line' id='line_1_29' title="bbox 436 2661 2076 2734; baseline -0.002 -13"><span class='ocrx_word' id='word_1_200' title='bbox 436 2664 625 2722; x_wconf 86' lang='lat' dir='ltr'>exitus</span> <span class='ocrx_word' id='word_1_201' title='bbox 645 2663 809 2720; x_wconf 64' lang='lat' dir='ltr'>Judas</span> <span class='ocrx_word' id='word_1_202' title='bbox 831 2661 1199 2734; x_wconf 81' lang='lat' dir='ltr'>significavit,</span> <span class='ocrx_word' id='word_1_203' title='bbox 1222 2662 1344 2733; x_wconf 91' lang='lat' dir='ltr'>qui,</span> <span class='ocrx_word' id='word_1_204' title='bbox 1372 2662 1599 2734; x_wconf 88' lang='lat' dir='ltr'>prodito</span> <span class='ocrx_word' id='word_1_205' title='bbox 1623 2661 1870 2724; x_wconf 85' lang='lat' dir='ltr'>Christo,</span> <span class='ocrx_word' id='word_1_206' title='bbox 1898 2662 1968 2717; x_wconf 91' lang='lat' dir='ltr'>ad</span> <span class='ocrx_word' id='word_1_207' title='bbox 1993 2661 2076 2717; x_wconf 89' lang='lat' dir='ltr'>la-</span> 
     </span>
    </p>
   </div>
   <div class='ocr_carea' id='block_1_30' title="bbox 438 2750 2076 2825">
    <p class='ocr_par' dir='ltr' id='par_1_30' title="bbox 438 2750 2076 2825">
     <span class='ocr_line' id='line_1_30' title="bbox 438 2750 2076 2825; baseline -0.002 -16"><span class='ocrx_word' id='word_1_208' title='bbox 438 2770 653 2825; x_wconf 89' lang='lat' dir='ltr'>queum</span> <span class='ocrx_word' id='word_1_209' title='bbox 684 2751 993 2819; x_wconf 82' lang='lat' dir='ltr'>festinavit,</span> <span class='ocrx_word' id='word_1_210' title='bbox 1039 2751 1445 2822; x_wconf 89' lang='lat' dir='ltr'>condignaquc</span> <span class='ocrx_word' id='word_1_211' title='bbox 1495 2768 1600 2806; x_wconf 87' lang='lat' dir='ltr'>suo</span> <span class='ocrx_word' id='word_1_212' title='bbox 1652 2750 1853 2806; x_wconf 88' lang='lat' dir='ltr'>sceleri</span> <span class='ocrx_word' id='word_1_213' title='bbox 1886 2768 2076 2823; x_wconf 81' lang='lat' dir='ltr'>pcsna,</span> 
     </span>
    </p>
   </div>
   <div class='ocr_carea' id='block_1_31' title="bbox 437 2838 2079 2911">
    <p class='ocr_par' dir='ltr' id='par_1_31' title="bbox 437 2838 2079 2911">
     <span class='ocr_line' id='line_1_31' title="bbox 437 2838 2079 2911; baseline -0.001 -14"><span class='ocrx_word' id='word_1_214' title='bbox 437 2840 666 2897; x_wconf 88' lang='lat' dir='ltr'>nodatis</span> <span class='ocrx_word' id='word_1_215' title='bbox 697 2844 753 2896; x_wconf 86' lang='lat' dir='ltr'>et</span> <span class='ocrx_word' id='word_1_216' title='bbox 772 2839 1009 2895; x_wconf 90' lang='lat' dir='ltr'>omnino</span> <span class='ocrx_word' id='word_1_217' title='bbox 1030 2839 1477 2894; x_wconf 89' lang='lat' dir='ltr'>circumstrictis</span> <span class='ocrx_word' id='word_1_218' title='bbox 1519 2839 1784 2894; x_wconf 85' lang='lat' dir='ltr'>faucibus</span> <span class='ocrx_word' id='word_1_219' title='bbox 1812 2838 1927 2895; x_wconf 88' lang='lat' dir='ltr'>illis</span> <span class='ocrx_word' id='word_1_220' title='bbox 1951 2848 2079 2911; x_wconf 58' lang='lat' dir='ltr'>qua:</span> 
     </span>
    </p>
   </div>
   <div class='ocr_carea' id='block_1_32' title="bbox 438 2927 2078 3000">
    <p class='ocr_par' dir='ltr' id='par_1_32' title="bbox 438 2927 2078 3000">
     <span class='ocr_line' id='line_1_32' title="bbox 438 2927 2078 3000; baseline -0.001 -15"><span class='ocrx_word' id='word_1_221' title='bbox 438 2930 679 2985; x_wconf 70' lang='lat' dir='ltr'>funesta:</span> <span class='ocrx_word' id='word_1_222' title='bbox 727 2928 850 2985; x_wconf 87' lang='lat' dir='ltr'>voci</span> <span class='ocrx_word' id='word_1_223' title='bbox 904 2928 1246 3000; x_wconf 88' lang='lat' dir='ltr'>proditionis</span> <span class='ocrx_word' id='word_1_224' title='bbox 1295 2945 1435 2983; x_wconf 89' lang='lat' dir='ltr'>suos</span> <span class='ocrx_word' id='word_1_225' title='bbox 1483 2932 1712 2983; x_wconf 88' lang='lat' dir='ltr'>meatus</span> <span class='ocrx_word' id='word_1_226' title='bbox 1751 2927 1945 2984; x_wconf 86' lang='lat' dir='ltr'>laxare</span> <span class='ocrx_word' id='word_1_227' title='bbox 1988 2929 2078 2984; x_wconf 90' lang='lat' dir='ltr'>vel</span> 
     </span>
    </p>
   </div>
   <div class='ocr_carea' id='block_1_33' title="bbox 438 3005 2079 3089">
    <p class='ocr_par' dir='ltr' id='par_1_33' title="bbox 438 3005 2079 3089">
     <span class='ocr_line' id='line_1_33' title="bbox 438 3005 2079 3089; baseline -0.001 -16"><span class='ocrx_word' id='word_1_228' title='bbox 438 3017 808 3073; x_wconf 85' lang='lat' dir='ltr'>commodare</span> <span class='ocrx_word' id='word_1_229' title='bbox 828 3005 1336 3089; x_wconf 73' lang='lat' dir='ltr'>praesumpserant.</span> <span class='ocrx_word' id='word_1_230' title='bbox 1363 3016 1600 3082; x_wconf 87' lang='lat' dir='ltr'>interiit,</span> <span class='ocrx_word' id='word_1_231' title='bbox 1628 3032 1731 3071; x_wconf 91' lang='lat' dir='ltr'>nec</span> <span class='ocrx_word' id='word_1_232' title='bbox 1751 3020 1882 3088; x_wconf 90' lang='lat' dir='ltr'>post</span> <span class='ocrx_word' id='word_1_233' title='bbox 1910 3034 2079 3072; x_wconf 89' lang='lat' dir='ltr'>veras</span> 
     </span>
    </p>
   </div>
   <div class='ocr_carea' id='block_1_34' title="bbox 436 3103 2076 3176">
    <p class='ocr_par' dir='ltr' id='par_1_34' title="bbox 436 3103 2076 3176">
     <span class='ocr_line' id='line_1_34' title="bbox 436 3103 2076 3176; baseline 0.001 -16"><span class='ocrx_word' id='word_1_234' title='bbox 436 3120 604 3160; x_wconf 85' lang='lat' dir='ltr'>voces</span> <span class='ocrx_word' id='word_1_235' title='bbox 643 3103 808 3160; x_wconf 72' lang='lat' dir='ltr'>mala:</span> <span class='ocrx_word' id='word_1_236' title='bbox 846 3103 1320 3173; x_wconf 87' lang='lat' dir='ltr'>machinationis,</span> <span class='ocrx_word' id='word_1_237' title='bbox 1373 3120 1477 3159; x_wconf 90' lang='lat' dir='ltr'>nec</span> <span class='ocrx_word' id='word_1_238' title='bbox 1510 3108 1640 3175; x_wconf 87' lang='lat' dir='ltr'>post</span> <span class='ocrx_word' id='word_1_239' title='bbox 1667 3105 1831 3159; x_wconf 85' lang='lat' dir='ltr'>fictos</span> <span class='ocrx_word' id='word_1_240' title='bbox 1861 3106 2076 3176; x_wconf 86' lang='lat' dir='ltr'>pejoris</span> 
     </span>
    </p>
   </div>
   <div class='ocr_carea' id='block_1_35' title="bbox 436 3177 2151 3266">
    <p class='ocr_par' dir='ltr' id='par_1_35' title="bbox 436 3177 2151 3266">
     <span class='ocr_line' id='line_1_35' title="bbox 436 3177 2151 3266; baseline 0 -16"><span class='ocrx_word' id='word_1_241' title='bbox 436 3191 904 3265; x_wconf 88' lang='lat' dir='ltr'>supplicationis,</span> <span class='ocrx_word' id='word_1_242' title='bbox 931 3209 1032 3248; x_wconf 89' lang='lat' dir='ltr'>nec</span> <span class='ocrx_word' id='word_1_243' title='bbox 1052 3209 1181 3248; x_wconf 90' lang='lat' dir='ltr'>vere</span> <span class='ocrx_word' id='word_1_244' title='bbox 1203 3209 1307 3247; x_wconf 90' lang='lat' dir='ltr'>nec</span> <span class='ocrx_word' id='word_1_245' title='bbox 1330 3192 1457 3247; x_wconf 83' lang='lat' dir='ltr'>ﬁcte</span> <span class='ocrx_word' id='word_1_246' title='bbox 1484 3197 1661 3247; x_wconf 79' lang='lat' dir='ltr'>Deum</span> <span class='ocrx_word' id='word_1_247' title='bbox 1692 3192 1957 3249; x_wconf 88' lang='lat' dir='ltr'>invocare</span> <span class='ocrx_word' id='word_1_248' title='bbox 1975 3211 2075 3266; x_wconf 90' lang='lat' dir='ltr'>po-</span> <span class='ocrx_word' id='word_1_249' title='bbox 2109 3177 2151 3242; x_wconf 78' lang='lat' dir='ltr'>C</span> 
     </span>
    </p>
   </div>
   <div class='ocr_carea' id='block_1_36' title="bbox 430 3280 2071 3354">
    <p class='ocr_par' dir='ltr' id='par_1_36' title="bbox 430 3280 2071 3354">
     <span class='ocr_line' id='line_1_36' title="bbox 430 3280 2071 3354; baseline 0.001 -17"><span class='ocrx_word' id='word_1_250' title='bbox 430 3281 563 3337; x_wconf 88' lang='lat' dir='ltr'>tuit.</span> <span class='ocrx_word' id='word_1_251' title='bbox 588 3281 770 3353; x_wconf 88' lang='lat' dir='ltr'>Cujus</span> <span class='ocrx_word' id='word_1_252' title='bbox 793 3298 909 3336; x_wconf 90' lang='lat' dir='ltr'>non</span> <span class='ocrx_word' id='word_1_253' title='bbox 936 3280 1229 3337; x_wconf 89' lang='lat' dir='ltr'>immerito</span> <span class='ocrx_word' id='word_1_254' title='bbox 1253 3285 1552 3354; x_wconf 89' lang='lat' dir='ltr'>anguntur</span> <span class='ocrx_word' id='word_1_255' title='bbox 1582 3281 1827 3347; x_wconf 59' lang='lat' dir='ltr'>arteria},</span> <span class='ocrx_word' id='word_1_256' title='bbox 1861 3287 1925 3337; x_wconf 94' lang='lat' dir='ltr'>ut</span> <span class='ocrx_word' id='word_1_257' title='bbox 1946 3282 2071 3353; x_wconf 90' lang='lat' dir='ltr'>jam</span> 
     </span>
    </p>
   </div>
   <div class='ocr_carea' id='block_1_37' title="bbox 428 3368 2074 3441">
    <p class='ocr_par' dir='ltr' id='par_1_37' title="bbox 428 3368 2074 3441">
     <span class='ocr_line' id='line_1_37' title="bbox 428 3368 2074 3441; baseline 0.001 -15"><span class='ocrx_word' id='word_1_258' title='bbox 428 3386 533 3426; x_wconf 89' lang='lat' dir='ltr'>nec</span> <span class='ocrx_word' id='word_1_259' title='bbox 565 3368 795 3425; x_wconf 88' lang='lat' dir='ltr'>vitalem</span> <span class='ocrx_word' id='word_1_260' title='bbox 832 3368 1034 3425; x_wconf 80' lang='lat' dir='ltr'>ﬂatum</span> <span class='ocrx_word' id='word_1_261' title='bbox 1084 3369 1312 3441; x_wconf 88' lang='lat' dir='ltr'>possint</span> <span class='ocrx_word' id='word_1_262' title='bbox 1348 3369 1630 3437; x_wconf 88' lang='lat' dir='ltr'>emittere,</span> <span class='ocrx_word' id='word_1_263' title='bbox 1687 3386 1812 3440; x_wconf 65' lang='lat' dir='ltr'>quae</span> <span class='ocrx_word' id='word_1_264' title='bbox 1854 3374 2074 3427; x_wconf 86' lang='lat' dir='ltr'>temere</span> 
     </span>
    </p>
   </div>
   <div class='ocr_carea' id='block_1_38' title="bbox 427 3455 2070 3528">
    <p class='ocr_par' dir='ltr' id='par_1_38' title="bbox 427 3455 2070 3528">
     <span class='ocr_line' id='line_1_38' title="bbox 427 3455 2070 3528; baseline 0.001 -17"><span class='ocrx_word' id='word_1_265' title='bbox 427 3455 730 3512; x_wconf 87' lang='lat' dir='ltr'>eniserunt</span> <span class='ocrx_word' id='word_1_266' title='bbox 751 3472 950 3512; x_wconf 88' lang='lat' dir='ltr'>vocem</span> <span class='ocrx_word' id='word_1_267' title='bbox 981 3472 1184 3511; x_wconf 88' lang='lat' dir='ltr'>ausam</span> <span class='ocrx_word' id='word_1_268' title='bbox 1219 3456 1668 3528; x_wconf 83' lang='lat' dir='ltr'>Redemptorum</span> <span class='ocrx_word' id='word_1_269' title='bbox 1704 3458 1907 3512; x_wconf 91' lang='lat' dir='ltr'>mundi</span> <span class='ocrx_word' id='word_1_270' title='bbox 1935 3475 2070 3513; x_wconf 82' lang='lat' dir='ltr'>ven-</span> 
     </span>
    </p>
   </div>
   <div class='ocr_carea' id='block_1_39' title="bbox 424 3544 2072 3616">
    <p class='ocr_par' dir='ltr' id='par_1_39' title="bbox 424 3544 2072 3616">
     <span class='ocr_line' id='line_1_39' title="bbox 424 3544 2072 3616; baseline 0.001 -16"><span class='ocrx_word' id='word_1_271' title='bbox 424 3546 577 3601; x_wconf 87' lang='lat' dir='ltr'>dere.</span> <span class='ocrx_word' id='word_1_272' title='bbox 597 3544 758 3601; x_wconf 89' lang='lat' dir='ltr'>Unde</span> <span class='ocrx_word' id='word_1_273' title='bbox 772 3568 797 3595; x_wconf 85' lang='grc'>‹‹</span> <span class='ocrx_word' id='word_1_274' title='bbox 814 3559 1140 3616; x_wconf 90' lang='lat' dir='ltr'>suspensus</span> <span class='ocrx_word' id='word_1_275' title='bbox 1157 3544 1645 3616; x_wconf 90' lang='lat' dir='ltr'>crepuitmedius,</span> <span class='ocrx_word' id='word_1_276' title='bbox 1666 3550 1720 3599; x_wconf 91' lang='lat' dir='ltr'>et</span> <span class='ocrx_word' id='word_1_277' title='bbox 1736 3546 1919 3601; x_wconf 79' lang='lat' dir='ltr'>effusa</span> <span class='ocrx_word' id='word_1_278' title='bbox 1932 3551 2072 3602; x_wconf 89' lang='lat' dir='ltr'>sunt</span> 
     </span>
    </p>
   </div>
   <div class='ocr_carea' id='block_1_40' title="bbox 421 3632 2069 3703">
    <p class='ocr_par' dir='ltr' id='par_1_40' title="bbox 421 3632 2069 3703">
     <span class='ocr_line' id='line_1_40' title="bbox 421 3632 2069 3703; baseline 0.001 -14"><span class='ocrx_word' id='word_1_279' title='bbox 421 3632 618 3689; x_wconf 88' lang='lat' dir='ltr'>omnia</span> <span class='ocrx_word' id='word_1_280' title='bbox 638 3634 857 3689; x_wconf 88' lang='lat' dir='ltr'>viscera</span> <span class='ocrx_word' id='word_1_281' title='bbox 872 3634 1001 3703; x_wconf 90' lang='lat' dir='ltr'>ejus</span> <span class='ocrx_word' id='word_1_282' title='bbox 1017 3634 1150 3703; x_wconf 84' lang='lat' dir='ltr'>(Act.</span> <span class='ocrx_word' id='word_1_283' title='bbox 1168 3650 1205 3702; x_wconf 88' lang='grc' dir='ltr'>ι,</span> <span class='ocrx_word' id='word_1_284' title='bbox 1238 3634 1344 3701; x_wconf 88' lang='grc'>18).</span> <span class='ocrx_word' id='word_1_285' title='bbox 1368 3655 1394 3681; x_wconf 86' lang='grc'><strong>››</strong></span> <span class='ocrx_word' id='word_1_286' title='bbox 1413 3633 1527 3687; x_wconf 91' lang='lat' dir='ltr'>Nec</span> <span class='ocrx_word' id='word_1_287' title='bbox 1544 3650 1917 3689; x_wconf 86' lang='lat' dir='ltr'>communem</span> <span class='ocrx_word' id='word_1_288' title='bbox 1938 3634 2069 3691; x_wconf 90' lang='lat' dir='ltr'>aliis</span> 
     </span>
    </p>
   </div>
   <div class='ocr_carea' id='block_1_41' title="bbox 419 3720 2068 3793">
    <p class='ocr_par' dir='ltr' id='par_1_41' title="bbox 419 3720 2068 3793">
     <span class='ocr_line' id='line_1_41' title="bbox 419 3720 2068 3793; baseline 0.001 -17"><span class='ocrx_word' id='word_1_289' title='bbox 419 3720 779 3786; x_wconf 90' lang='lat' dir='ltr'>hominibus,</span> <span class='ocrx_word' id='word_1_290' title='bbox 794 3724 850 3777; x_wconf 88' lang='lat' dir='ltr'>et</span> <span class='ocrx_word' id='word_1_291' title='bbox 866 3720 1189 3776; x_wconf 88' lang='lat' dir='ltr'>naturalem</span> <span class='ocrx_word' id='word_1_292' title='bbox 1209 3721 1426 3776; x_wconf 86' lang='lat' dir='ltr'>exitum</span> <span class='ocrx_word' id='word_1_293' title='bbox 1451 3720 1694 3793; x_wconf 83' lang='lat' dir='ltr'>spiritus</span> <span class='ocrx_word' id='word_1_294' title='bbox 1708 3722 1756 3792; x_wconf 88' lang='lat' dir='ltr'>ej</span> <span class='ocrx_word' id='word_1_295' title='bbox 1770 3739 1838 3778; x_wconf 94' lang='lat' dir='ltr'>us</span> <span class='ocrx_word' id='word_1_296' title='bbox 1853 3722 2068 3778; x_wconf 90' lang='lat' dir='ltr'>habere</span> 
     </span>
    </p>
   </div>
   <div class='ocr_carea' id='block_1_42' title="bbox 419 3795 2064 3882">
    <p class='ocr_par' dir='ltr' id='par_1_42' title="bbox 419 3795 2064 3882">
     <span class='ocr_line' id='line_1_42' title="bbox 419 3795 2064 3882; baseline 0 -18"><span class='ocrx_word' id='word_1_297' title='bbox 419 3809 652 3879; x_wconf 89' lang='lat' dir='ltr'>meruit,</span> <span class='ocrx_word' id='word_1_298' title='bbox 686 3808 786 3882; x_wconf 89' lang='lat' dir='ltr'>qui</span> <span class='ocrx_word' id='word_1_299' title='bbox 817 3814 1017 3865; x_wconf 89' lang='lat' dir='ltr'>contra</span> <span class='ocrx_word' id='word_1_300' title='bbox 1050 3795 1423 3865; x_wconf 80' lang='lat' dir='ltr'>communem</span> <span class='ocrx_word' id='word_1_301' title='bbox 1478 3814 1699 3864; x_wconf 61' lang='lat' dir='ltr'>naturae</span> <span class='ocrx_word' id='word_1_302' title='bbox 1752 3810 2064 3865; x_wconf 88' lang='lat' dir='ltr'>Dominum</span> 
     </span>
    </p>
   </div>
   <div class='ocr_carea' id='block_1_43' title="bbox 416 3897 2064 3971">
    <p class='ocr_par' dir='ltr' id='par_1_43' title="bbox 416 3897 2064 3971">
     <span class='ocr_line' id='line_1_43' title="bbox 416 3897 2064 3971; baseline -0.001 -16"><span class='ocrx_word' id='word_1_303' title='bbox 416 3897 791 3971; x_wconf 87' lang='lat' dir='ltr'>conspiravit.</span> <span class='ocrx_word' id='word_1_304' title='bbox 825 3897 1033 3970; x_wconf 86' lang='lat' dir='ltr'>Sicque</span> <span class='ocrx_word' id='word_1_305' title='bbox 1059 3897 1201 3953; x_wconf 88' lang='lat' dir='ltr'>coelo</span> <span class='ocrx_word' id='word_1_306' title='bbox 1253 3902 1534 3970; x_wconf 69' lang='lat' dir='ltr'>terraaque</span> <span class='ocrx_word' id='word_1_307' title='bbox 1574 3915 1842 3970; x_wconf 90' lang='lat' dir='ltr'>perosus,</span> <span class='ocrx_word' id='word_1_308' title='bbox 1878 3899 2064 3954; x_wconf 90' lang='lat' dir='ltr'>omni-</span> 
     </span>
    </p>
   </div>
   <div class='ocr_carea' id='block_1_44' title="bbox 416 3986 2063 4060">
    <p class='ocr_par' dir='ltr' id='par_1_44' title="bbox 416 3986 2063 4060">
     <span class='ocr_line' id='line_1_44' title="bbox 416 3986 2063 4060; baseline 0 -16"><span class='ocrx_word' id='word_1_309' title='bbox 416 4004 529 4060; x_wconf 89' lang='lat' dir='ltr'>que</span> <span class='ocrx_word' id='word_1_310' title='bbox 558 3990 839 4043; x_wconf 66' lang='lat' dir='ltr'>creaturaa</span> <span class='ocrx_word' id='word_1_311' title='bbox 870 3986 1120 4056; x_wconf 88' lang='lat' dir='ltr'>invisus,</span> <span class='ocrx_word' id='word_1_312' title='bbox 1150 3988 1303 4043; x_wconf 90' lang='lat' dir='ltr'>inter</span> <span class='ocrx_word' id='word_1_313' title='bbox 1352 3991 1668 4059; x_wconf 88' lang='lat' dir='ltr'>utrumque</span> <span class='ocrx_word' id='word_1_314' title='bbox 1700 3987 1890 4059; x_wconf 87' lang='lat' dir='ltr'>periit,</span> <span class='ocrx_word' id='word_1_315' title='bbox 1924 3988 2063 4044; x_wconf 89' lang='lat' dir='ltr'>dum</span> 
     </span>
    </p>
   </div>
   <div class='ocr_carea' id='block_1_45' title="bbox 412 4076 2067 4146">
    <p class='ocr_par' dir='ltr' id='par_1_45' title="bbox 412 4076 2067 4146">
     <span class='ocr_line' id='line_1_45' title="bbox 412 4076 2067 4146; baseline 0.001 -14"><span class='ocrx_word' id='word_1_316' title='bbox 412 4079 569 4132; x_wconf 88' lang='lat' dir='ltr'>terra</span> <span class='ocrx_word' id='word_1_317' title='bbox 587 4077 830 4131; x_wconf 90' lang='lat' dir='ltr'>cadaver</span> <span class='ocrx_word' id='word_1_318' title='bbox 852 4076 980 4146; x_wconf 83' lang='lat' dir='ltr'>ejus</span> <span class='ocrx_word' id='word_1_319' title='bbox 1004 4076 1394 4131; x_wconf 78' lang='lat' dir='ltr'>fmdissimum</span> <span class='ocrx_word' id='word_1_320' title='bbox 1418 4080 1474 4132; x_wconf 90' lang='lat' dir='ltr'>et</span> <span class='ocrx_word' id='word_1_321' title='bbox 1495 4076 1932 4143; x_wconf 88' lang='lat' dir='ltr'>fetidissimum,</span> <span class='ocrx_word' id='word_1_322' title='bbox 1968 4094 2067 4133; x_wconf 87' lang='lat' dir='ltr'>aer</span> 
     </span>
    </p>
   </div>
   <div class='ocr_carea' id='block_1_46' title="bbox 413 4163 2061 4236">
    <p class='ocr_par' dir='ltr' id='par_1_46' title="bbox 413 4163 2061 4236">
     <span class='ocr_line' id='line_1_46' title="bbox 413 4163 2061 4236; baseline 0.001 -16"><span class='ocrx_word' id='word_1_323' title='bbox 413 4171 610 4221; x_wconf 85' lang='lat' dir='ltr'>autem</span> <span class='ocrx_word' id='word_1_324' title='bbox 633 4163 904 4235; x_wconf 89' lang='lat' dir='ltr'>spiritum</span> <span class='ocrx_word' id='word_1_325' title='bbox 929 4164 1348 4235; x_wconf 90' lang='lat' dir='ltr'>impiissimum</span> <span class='ocrx_word' id='word_1_326' title='bbox 1364 4169 1419 4219; x_wconf 89' lang='lat' dir='ltr'>et</span> <span class='ocrx_word' id='word_1_327' title='bbox 1436 4164 1905 4236; x_wconf 84' lang='lat' dir='ltr'>impurissimum</span> <span class='ocrx_word' id='word_1_328' title='bbox 1930 4182 2061 4221; x_wconf 88' lang='lat' dir='ltr'>sus-</span> 
     </span>
    </p>
   </div>
   <div class='ocr_carea' id='block_1_47' title="bbox 413 4252 2064 4325">
    <p class='ocr_par' dir='ltr' id='par_1_47' title="bbox 413 4252 2064 4325">
     <span class='ocr_line' id='line_1_47' title="bbox 413 4252 2064 4325; baseline 0.001 -16"><span class='ocrx_word' id='word_1_329' title='bbox 413 4254 605 4325; x_wconf 90' lang='lat' dir='ltr'>cipere</span> <span class='ocrx_word' id='word_1_330' title='bbox 641 4252 873 4324; x_wconf 81' lang='lat' dir='ltr'>refugit.</span> <span class='ocrx_word' id='word_1_331' title='bbox 899 4254 1262 4324; x_wconf 85' lang='lat' dir='ltr'>Quapropter</span> <span class='ocrx_word' id='word_1_332' title='bbox 1296 4253 1352 4307; x_wconf 92' lang='lat' dir='ltr'>in</span> <span class='ocrx_word' id='word_1_333' title='bbox 1377 4254 1657 4325; x_wconf 90' lang='lat' dir='ltr'>primitiis</span> <span class='ocrx_word' id='word_1_334' title='bbox 1679 4253 1803 4309; x_wconf 92' lang='lat' dir='ltr'>suis</span> <span class='ocrx_word' id='word_1_335' title='bbox 1834 4254 2064 4310; x_wconf 89' lang='lat' dir='ltr'>discant</span> 
     </span>
    </p>
   </div>
   <div class='ocr_carea' id='block_1_48' title="bbox 413 4339 2063 4413">
    <p class='ocr_par' dir='ltr' id='par_1_48' title="bbox 413 4339 2063 4413">
     <span class='ocr_line' id='line_1_48' title="bbox 413 4339 2063 4413; baseline 0.001 -16"><span class='ocrx_word' id='word_1_336' title='bbox 413 4339 730 4398; x_wconf 88' lang='lat' dir='ltr'>Simoniaci</span> <span class='ocrx_word' id='word_1_337' title='bbox 752 4340 853 4411; x_wconf 92' lang='lat' dir='ltr'>qui</span> <span class='ocrx_word' id='word_1_338' title='bbox 875 4344 931 4395; x_wconf 90' lang='lat' dir='ltr'>et</span> <span class='ocrx_word' id='word_1_339' title='bbox 956 4340 1158 4411; x_wconf 90' lang='lat' dir='ltr'>quales</span> <span class='ocrx_word' id='word_1_340' title='bbox 1187 4341 1307 4397; x_wconf 91' lang='lat' dir='ltr'>sint</span> <span class='ocrx_word' id='word_1_341' title='bbox 1329 4347 1385 4397; x_wconf 88' lang='lat' dir='ltr'>et</span> <span class='ocrx_word' id='word_1_342' title='bbox 1426 4342 1578 4413; x_wconf 92' lang='lat' dir='ltr'>quod</span> <span class='ocrx_word' id='word_1_343' title='bbox 1609 4347 1960 4398; x_wconf 86' lang='lat' dir='ltr'>mereantur.</span> <span class='ocrx_word' id='word_1_344' title='bbox 1995 4347 2063 4399; x_wconf 84' lang='lat' dir='ltr'>Et</span> 
     </span>
    </p>
   </div>
   <div class='ocr_carea' id='block_1_49' title="bbox 413 4427 2058 4499">
    <p class='ocr_par' dir='ltr' id='par_1_49' title="bbox 413 4427 2058 4499">
     <span class='ocr_line' id='line_1_49' title="bbox 413 4427 2058 4499; baseline 0.001 -14"><span class='ocrx_word' id='word_1_345' title='bbox 413 4429 462 4486; x_wconf 89' lang='lat' dir='ltr'>si</span> <span class='ocrx_word' id='word_1_346' title='bbox 512 4427 783 4499; x_wconf 65' lang='lat' dir='ltr'>primitiae</span> <span class='ocrx_word' id='word_1_347' title='bbox 834 4427 1052 4499; x_wconf 89' lang='lat' dir='ltr'>duplici</span> <span class='ocrx_word' id='word_1_348' title='bbox 1103 4430 1447 4485; x_wconf 88' lang='lat' dir='ltr'>contritione</span> <span class='ocrx_word' id='word_1_349' title='bbox 1498 4434 1897 4497; x_wconf 85' lang='lat' dir='ltr'>conteruntur,</span> <span class='ocrx_word' id='word_1_350' title='bbox 1939 4437 2058 4487; x_wconf 85' lang='lat' dir='ltr'>tam</span> 
     </span>
    </p>
   </div>
   <div class='ocr_carea' id='block_1_50' title="bbox 2203 546 3835 620">
    <p class='ocr_par' dir='ltr' id='par_1_50' title="bbox 2203 546 3835 620">
     <span class='ocr_line' id='line_1_50' title="bbox 2203 546 3835 620; baseline 0.002 -19"><span class='ocrx_word' id='word_1_351' title='bbox 2203 546 2512 602; x_wconf 90' lang='lat' dir='ltr'>Dominum</span> <span class='ocrx_word' id='word_1_352' title='bbox 2546 564 2661 602; x_wconf 93' lang='lat' dir='ltr'>non</span> <span class='ocrx_word' id='word_1_353' title='bbox 2694 564 2865 618; x_wconf 89' lang='lat' dir='ltr'>posse</span> <span class='ocrx_word' id='word_1_354' title='bbox 2893 548 3088 616; x_wconf 88' lang='lat' dir='ltr'>vendi,</span> <span class='ocrx_word' id='word_1_355' title='bbox 3137 566 3241 605; x_wconf 90' lang='lat' dir='ltr'>nec</span> <span class='ocrx_word' id='word_1_356' title='bbox 3289 548 3542 620; x_wconf 88' lang='lat' dir='ltr'>aliquem</span> <span class='ocrx_word' id='word_1_357' title='bbox 3574 549 3835 605; x_wconf 87' lang='lat' dir='ltr'>resistere</span> 
     </span>
    </p>
   </div>
   <div class='ocr_carea' id='block_1_51' title="bbox 2191 634 3834 710">
    <p class='ocr_par' dir='ltr' id='par_1_51' title="bbox 2191 634 3834 710">
     <span class='ocr_line' id='line_1_51' title="bbox 2191 634 3834 710; baseline 0.003 -21"><span class='ocrx_word' id='word_1_358' title='bbox 2191 635 2379 706; x_wconf 92' lang='lat' dir='ltr'>ipsius</span> <span class='ocrx_word' id='word_1_359' title='bbox 2408 634 2691 691; x_wconf 83' lang='lat' dir='ltr'>voluntati</span> <span class='ocrx_word' id='word_1_360' title='bbox 2722 639 2779 691; x_wconf 89' lang='lat' dir='ltr'>et</span> <span class='ocrx_word' id='word_1_361' title='bbox 2807 637 3100 708; x_wconf 88' lang='lat' dir='ltr'>potestati.</span> <span class='ocrx_word' id='word_1_362' title='bbox 3135 637 3244 693; x_wconf 89' lang='lat' dir='ltr'>Sed</span> <span class='ocrx_word' id='word_1_363' title='bbox 3280 636 3457 692; x_wconf 90' lang='lat' dir='ltr'>miser</span> <span class='ocrx_word' id='word_1_364' title='bbox 3488 653 3599 692; x_wconf 90' lang='lat' dir='ltr'>non</span> <span class='ocrx_word' id='word_1_365' title='bbox 3635 652 3834 710; x_wconf 87' lang='lat' dir='ltr'>cogno-</span> 
     </span>
    </p>
   </div>
   <div class='ocr_carea' id='block_1_52' title="bbox 2188 722 3833 795">
    <p class='ocr_par' dir='ltr' id='par_1_52' title="bbox 2188 722 3833 795">
     <span class='ocr_line' id='line_1_52' title="bbox 2188 722 3833 795; baseline 0.003 -20"><span class='ocrx_word' id='word_1_366' title='bbox 2188 722 2272 776; x_wconf 90' lang='lat' dir='ltr'>vit</span> <span class='ocrx_word' id='word_1_367' title='bbox 2293 723 2352 777; x_wconf 89' lang='lat' dir='ltr'>in</span> <span class='ocrx_word' id='word_1_368' title='bbox 2377 739 2442 777; x_wconf 94' lang='lat' dir='ltr'>eo</span> <span class='ocrx_word' id='word_1_369' title='bbox 2466 722 2576 778; x_wconf 88' lang='lat' dir='ltr'>nisi</span> <span class='ocrx_word' id='word_1_370' title='bbox 2606 725 2758 795; x_wconf 89' lang='lat' dir='ltr'>quod</span> <span class='ocrx_word' id='word_1_371' title='bbox 2786 724 3044 780; x_wconf 88' lang='lat' dir='ltr'>hominis</span> <span class='ocrx_word' id='word_1_372' title='bbox 3075 728 3198 781; x_wconf 91' lang='lat' dir='ltr'>erat</span> <span class='ocrx_word' id='word_1_373' title='bbox 3226 730 3283 780; x_wconf 87' lang='lat' dir='ltr'>et</span> <span class='ocrx_word' id='word_1_374' title='bbox 3309 724 3559 780; x_wconf 89' lang='lat' dir='ltr'>videbat.</span> <span class='ocrx_word' id='word_1_375' title='bbox 3587 724 3700 780; x_wconf 90' lang='lat' dir='ltr'>Nec</span> <span class='ocrx_word' id='word_1_376' title='bbox 3732 725 3833 780; x_wconf 91' lang='lat' dir='ltr'>mi-</span> 
     </span>
    </p>
   </div>
   <div class='ocr_carea' id='block_1_53' title="bbox 2193 811 3832 886">
    <p class='ocr_par' dir='ltr' id='par_1_53' title="bbox 2193 811 3832 886">
     <span class='ocr_line' id='line_1_53' title="bbox 2193 811 3832 886; baseline 0.002 -21"><span class='ocrx_word' id='word_1_377' title='bbox 2193 828 2321 865; x_wconf 90' lang='lat' dir='ltr'>rum</span> <span class='ocrx_word' id='word_1_378' title='bbox 2357 811 2454 883; x_wconf 91' lang='lat' dir='ltr'>qui</span> <span class='ocrx_word' id='word_1_379' title='bbox 2488 827 2592 867; x_wconf 90' lang='lat' dir='ltr'>nec</span> <span class='ocrx_word' id='word_1_380' title='bbox 2622 828 2689 867; x_wconf 87' lang='lat' dir='ltr'>ea</span> <span class='ocrx_word' id='word_1_381' title='bbox 2721 829 2846 885; x_wconf 67' lang='lat' dir='ltr'>quae</span> <span class='ocrx_word' id='word_1_382' title='bbox 2878 813 3111 869; x_wconf 91' lang='lat' dir='ltr'>videbat</span> <span class='ocrx_word' id='word_1_383' title='bbox 3151 830 3220 869; x_wconf 87' lang='lat' dir='ltr'>ex</span> <span class='ocrx_word' id='word_1_384' title='bbox 3271 816 3386 869; x_wconf 91' lang='lat' dir='ltr'>toto</span> <span class='ocrx_word' id='word_1_385' title='bbox 3434 813 3832 886; x_wconf 86' lang='lat' dir='ltr'>cognoscebat,</span> 
     </span>
    </p>
   </div>
   <div class='ocr_carea' id='block_1_54' title="bbox 2192 898 3836 974">
    <p class='ocr_par' dir='ltr' id='par_1_54' title="bbox 2192 898 3836 974">
     <span class='ocr_line' id='line_1_54' title="bbox 2192 898 3836 974; baseline 0.002 -20"><span class='ocrx_word' id='word_1_386' title='bbox 2192 900 2333 955; x_wconf 91' lang='lat' dir='ltr'>dum</span> <span class='ocrx_word' id='word_1_387' title='bbox 2367 900 2581 956; x_wconf 90' lang='lat' dir='ltr'>forsam</span> <span class='ocrx_word' id='word_1_388' title='bbox 2611 899 2943 958; x_wconf 89' lang='lat' dir='ltr'>Pbarisario</span> <span class='ocrx_word' id='word_1_389' title='bbox 2976 902 3256 959; x_wconf 87' lang='lat' dir='ltr'>fermento</span> <span class='ocrx_word' id='word_1_390' title='bbox 3298 898 3633 974; x_wconf 88' lang='lat' dir='ltr'>corruptus,</span> <span class='ocrx_word' id='word_1_391' title='bbox 3666 900 3836 957; x_wconf 85' lang='lat' dir='ltr'>mira-</span> 
     </span>
    </p>
   </div>
   <div class='ocr_carea' id='block_1_55' title="bbox 2191 986 3835 1062">
    <p class='ocr_par' dir='ltr' id='par_1_55' title="bbox 2191 986 3835 1062">
     <span class='ocr_line' id='line_1_55' title="bbox 2191 986 3835 1062; baseline 0.002 -20"><span class='ocrx_word' id='word_1_392' title='bbox 2191 988 2322 1042; x_wconf 91' lang='lat' dir='ltr'>cula</span> <span class='ocrx_word' id='word_1_393' title='bbox 2344 986 2662 1044; x_wconf 87' lang='lat' dir='ltr'>Salvatoris</span> <span class='ocrx_word' id='word_1_394' title='bbox 2692 989 2940 1062; x_wconf 90' lang='lat' dir='ltr'>principi</span> <span class='ocrx_word' id='word_1_395' title='bbox 2966 990 3298 1047; x_wconf 70' lang='lat' dir='ltr'>daemonum</span> <span class='ocrx_word' id='word_1_396' title='bbox 3324 990 3675 1047; x_wconf 85' lang='lat' dir='ltr'>ascribebat.</span> <span class='ocrx_word' id='word_1_397' title='bbox 3694 989 3835 1046; x_wconf 87' lang='lat' dir='ltr'>Nam</span> 
     </span>
    </p>
   </div>
   <div class='ocr_carea' id='block_1_56' title="bbox 2192 1076 3836 1148">
    <p class='ocr_par' dir='ltr' id='par_1_56' title="bbox 2192 1076 3836 1148">
     <span class='ocr_line' id='line_1_56' title="bbox 2192 1076 3836 1148; baseline 0.002 -18"><span class='ocrx_word' id='word_1_398' title='bbox 2192 1076 2241 1130; x_wconf 89' lang='lat' dir='ltr'>si</span> <span class='ocrx_word' id='word_1_399' title='bbox 2273 1080 2667 1147; x_wconf 78' lang='lat' dir='ltr'>cognosceret,</span> <span class='ocrx_word' id='word_1_400' title='bbox 2698 1076 2900 1148; x_wconf 89' lang='lat' dir='ltr'>utique</span> <span class='ocrx_word' id='word_1_401' title='bbox 2926 1079 3221 1148; x_wconf 89' lang='lat' dir='ltr'>crederet;</span> <span class='ocrx_word' id='word_1_402' title='bbox 3263 1096 3400 1135; x_wconf 91' lang='lat' dir='ltr'>nam</span> <span class='ocrx_word' id='word_1_403' title='bbox 3446 1094 3616 1135; x_wconf 88' lang='lat' dir='ltr'>nemo</span> <span class='ocrx_word' id='word_1_404' title='bbox 3647 1078 3836 1134; x_wconf 88' lang='lat' dir='ltr'>credet</span> 
     </span>
    </p>
   </div>
   <div class='ocr_carea' id='block_1_57' title="bbox 2192 1163 3834 1240">
    <p class='ocr_par' dir='ltr' id='par_1_57' title="bbox 2192 1163 3834 1240">
     <span class='ocr_line' id='line_1_57' title="bbox 2192 1163 3834 1240; baseline 0.003 -24"><span class='ocrx_word' id='word_1_405' title='bbox 2192 1164 2345 1234; x_wconf 90' lang='lat' dir='ltr'>quod</span> <span class='ocrx_word' id='word_1_406' title='bbox 2370 1163 2705 1218; x_wconf 89' lang='lat' dir='ltr'>nullatenus</span> <span class='ocrx_word' id='word_1_407' title='bbox 2729 1165 3048 1237; x_wconf 84' lang='lat' dir='ltr'>cognoscit,</span> <span class='ocrx_word' id='word_1_408' title='bbox 3093 1166 3361 1238; x_wconf 89' lang='lat' dir='ltr'>quamvis</span> <span class='ocrx_word' id='word_1_409' title='bbox 3392 1168 3676 1224; x_wconf 89' lang='lat' dir='ltr'>credendo</span> <span class='ocrx_word' id='word_1_410' title='bbox 3708 1182 3834 1240; x_wconf 91' lang='lat' dir='ltr'>pro-</span> 
     </span>
    </p>
   </div>
   <div class='ocr_carea' id='block_1_58' title="bbox 2191 1254 3835 1328">
    <p class='ocr_par' dir='ltr' id='par_1_58' title="bbox 2191 1254 3835 1328">
     <span class='ocr_line' id='line_1_58' title="bbox 2191 1254 3835 1328; baseline 0.004 -24"><span class='ocrx_word' id='word_1_411' title='bbox 2191 1255 2482 1305; x_wconf 75' lang='lat' dir='ltr'>mereatur</span> <span class='ocrx_word' id='word_1_412' title='bbox 2501 1266 2848 1322; x_wconf 88' lang='lat' dir='ltr'>cognoscere</span> <span class='ocrx_word' id='word_1_413' title='bbox 2870 1254 3202 1324; x_wconf 89' lang='lat' dir='ltr'>perfectius,</span> <span class='ocrx_word' id='word_1_414' title='bbox 3239 1255 3393 1310; x_wconf 90' lang='lat' dir='ltr'>sicut</span> <span class='ocrx_word' id='word_1_415' title='bbox 3421 1255 3562 1310; x_wconf 91' lang='lat' dir='ltr'>dicit</span> <span class='ocrx_word' id='word_1_416' title='bbox 3591 1257 3835 1328; x_wconf 86' lang='lat' dir='ltr'>Aposto-</span> 
     </span>
    </p>
   </div>
   <div class='ocr_carea' id='block_1_59' title="bbox 2188 1337 3840 1415">
    <p class='ocr_par' dir='ltr' id='par_1_59' title="bbox 2188 1337 3840 1415">
     <span class='ocr_line' id='line_1_59' title="bbox 2188 1337 3840 1415; baseline 0.004 -24"><span class='ocrx_word' id='word_1_417' title='bbox 2188 1337 2319 1392; x_wconf 89' lang='lat' dir='ltr'>lus:</span> <span class='ocrx_word' id='word_1_418' title='bbox 2353 1360 2381 1389; x_wconf 83' lang='lat'>«</span> <span class='ocrx_word' id='word_1_419' title='bbox 2414 1339 2578 1393; x_wconf 89' lang='lat' dir='ltr'>Nunc</span> <span class='ocrx_word' id='word_1_420' title='bbox 2610 1355 2895 1411; x_wconf 87' lang='lat' dir='ltr'>cognosco</span> <span class='ocrx_word' id='word_1_421' title='bbox 2922 1357 2990 1395; x_wconf 90' lang='lat' dir='ltr'>ex</span> <span class='ocrx_word' id='word_1_422' title='bbox 3022 1345 3218 1412; x_wconf 90' lang='lat' dir='ltr'>parte;</span> <span class='ocrx_word' id='word_1_423' title='bbox 3244 1345 3383 1397; x_wconf 89' lang='lat' dir='ltr'>tunc</span> <span class='ocrx_word' id='word_1_424' title='bbox 3414 1347 3608 1398; x_wconf 87' lang='lat' dir='ltr'>autem</span> <span class='ocrx_word' id='word_1_425' title='bbox 3632 1358 3840 1415; x_wconf 86' lang='lat' dir='ltr'>cogno-</span> 
     </span>
    </p>
   </div>
   <div class='ocr_carea' id='block_1_60' title="bbox 2188 1426 3840 1500">
    <p class='ocr_par' dir='ltr' id='par_1_60' title="bbox 2188 1426 3840 1500">
     <span class='ocr_line' id='line_1_60' title="bbox 2188 1426 3840 1500; baseline 0.003 -20"><span class='ocrx_word' id='word_1_426' title='bbox 2188 1442 2346 1480; x_wconf 88' lang='lat' dir='ltr'>scam</span> <span class='ocrx_word' id='word_1_427' title='bbox 2379 1426 2534 1480; x_wconf 88' lang='lat' dir='ltr'>sicut</span> <span class='ocrx_word' id='word_1_428' title='bbox 2563 1430 2620 1480; x_wconf 90' lang='lat' dir='ltr'>et</span> <span class='ocrx_word' id='word_1_429' title='bbox 2658 1426 2925 1498; x_wconf 82' lang='lat' dir='ltr'>cognitus</span> <span class='ocrx_word' id='word_1_430' title='bbox 2976 1445 3107 1483; x_wconf 91' lang='lat' dir='ltr'>sum</span> <span class='ocrx_word' id='word_1_431' title='bbox 3134 1430 3183 1500; x_wconf 90' lang='grc' dir='ltr'>(Ι</span> <span class='ocrx_word' id='word_1_432' title='bbox 3228 1427 3348 1484; x_wconf 82' lang='lat' dir='ltr'>Cor.</span> <span class='ocrx_word' id='word_1_433' title='bbox 3400 1446 3525 1495; x_wconf 89' lang='lat' dir='ltr'>xm,</span> <span class='ocrx_word' id='word_1_434' title='bbox 3560 1431 3669 1497; x_wconf 84' lang='grc'>12).</span> <span class='ocrx_word' id='word_1_435' title='bbox 3705 1450 3734 1477; x_wconf 87' lang='grc'><strong>››</strong></span> <span class='ocrx_word' id='word_1_436' title='bbox 3767 1429 3840 1485; x_wconf 86' lang='lat' dir='ltr'>Et</span> 
     </span>
    </p>
   </div>
   <div class='ocr_carea' id='block_1_61' title="bbox 2187 1512 3831 1587">
    <p class='ocr_par' dir='ltr' id='par_1_61' title="bbox 2187 1512 3831 1587">
     <span class='ocr_line' id='line_1_61' title="bbox 2187 1512 3831 1587; baseline 0.004 -20"><span class='ocrx_word' id='word_1_437' title='bbox 2187 1512 2364 1567; x_wconf 89' lang='lat' dir='ltr'>alibi:</span> <span class='ocrx_word' id='word_1_438' title='bbox 2401 1534 2429 1562; x_wconf 90' lang='grc'><em>‹‹</em></span> <span class='ocrx_word' id='word_1_439' title='bbox 2462 1515 2889 1585; x_wconf 89' lang='lat' dir='ltr'>Cognoscentes</span> <span class='ocrx_word' id='word_1_440' title='bbox 2925 1520 3103 1570; x_wconf 89' lang='lat' dir='ltr'>Deum</span> <span class='ocrx_word' id='word_1_441' title='bbox 3138 1537 3166 1564; x_wconf 83' lang='lat'>»</span> <span class='ocrx_word' id='word_1_442' title='bbox 3218 1515 3438 1572; x_wconf 90' lang='lat' dir='ltr'>scilicet</span> <span class='ocrx_word' id='word_1_443' title='bbox 3484 1532 3587 1587; x_wconf 87' lang='lat' dir='ltr'>per</span> <span class='ocrx_word' id='word_1_444' title='bbox 3630 1516 3831 1584; x_wconf 81' lang='lat' dir='ltr'>ﬁdem,</span> 
     </span>
    </p>
   </div>
   <div class='ocr_carea' id='block_1_62' title="bbox 2187 1600 3837 1675">
    <p class='ocr_par' dir='ltr' id='par_1_62' title="bbox 2187 1600 3837 1675">
     <span class='ocr_line' id='line_1_62' title="bbox 2187 1600 3837 1675; baseline 0.005 -25"><span class='ocrx_word' id='word_1_445' title='bbox 2187 1624 2215 1650; x_wconf 85' lang='grc'>‹‹</span> <span class='ocrx_word' id='word_1_446' title='bbox 2249 1600 2461 1672; x_wconf 84' lang='lat' dir='ltr'>cogniti</span> <span class='ocrx_word' id='word_1_447' title='bbox 2489 1602 2631 1657; x_wconf 89' lang='lat' dir='ltr'>estis</span> <span class='ocrx_word' id='word_1_448' title='bbox 2658 1603 2727 1657; x_wconf 92' lang='lat' dir='ltr'>ab</span> <span class='ocrx_word' id='word_1_449' title='bbox 2760 1619 2826 1658; x_wconf 91' lang='lat' dir='ltr'>eo</span> <span class='ocrx_word' id='word_1_450' title='bbox 2859 1603 2905 1674; x_wconf 87' lang='grc' dir='ltr'>(Ι</span> <span class='ocrx_word' id='word_1_451' title='bbox 2934 1602 3053 1658; x_wconf 88' lang='lat' dir='ltr'>Cor.</span> <span class='ocrx_word' id='word_1_452' title='bbox 3094 1621 3219 1671; x_wconf 86' lang='lat' dir='ltr'>vm,</span> <span class='ocrx_word' id='word_1_453' title='bbox 3253 1604 3310 1658; x_wconf 93' lang='lat'>3.</span> <span class='ocrx_word' id='word_1_454' title='bbox 3352 1625 3381 1653; x_wconf 68' lang='grc' dir='ltr'>ι)</span> <span class='ocrx_word' id='word_1_455' title='bbox 3415 1604 3525 1660; x_wconf 92' lang='lat' dir='ltr'>Sed</span> <span class='ocrx_word' id='word_1_456' title='bbox 3560 1604 3695 1675; x_wconf 89' lang='lat' dir='ltr'>quis</span> <span class='ocrx_word' id='word_1_457' title='bbox 3724 1603 3837 1659; x_wconf 86' lang='lat' dir='ltr'>hoc</span> 
     </span>
    </p>
   </div>
   <div class='ocr_carea' id='block_1_63' title="bbox 2186 1688 3834 1764">
    <p class='ocr_par' dir='ltr' id='par_1_63' title="bbox 2186 1688 3834 1764">
     <span class='ocr_line' id='line_1_63' title="bbox 2186 1688 3834 1764; baseline 0.002 -21"><span class='ocrx_word' id='word_1_458' title='bbox 2186 1688 2255 1743; x_wconf 91' lang='lat' dir='ltr'>de</span> <span class='ocrx_word' id='word_1_459' title='bbox 2284 1688 2439 1744; x_wconf 89' lang='lat' dir='ltr'>Juda</span> <span class='ocrx_word' id='word_1_460' title='bbox 2469 1689 2684 1743; x_wconf 88' lang='lat' dir='ltr'>carnali</span> <span class='ocrx_word' id='word_1_461' title='bbox 2707 1694 2764 1745; x_wconf 90' lang='lat' dir='ltr'>et</span> <span class='ocrx_word' id='word_1_462' title='bbox 2784 1690 3011 1747; x_wconf 88' lang='lat' dir='ltr'>mortali</span> <span class='ocrx_word' id='word_1_463' title='bbox 3042 1691 3321 1764; x_wconf 85' lang='lat' dir='ltr'>ambiget,</span> <span class='ocrx_word' id='word_1_464' title='bbox 3346 1691 3654 1749; x_wconf 89' lang='lat' dir='ltr'>cumidem</span> <span class='ocrx_word' id='word_1_465' title='bbox 3678 1692 3834 1763; x_wconf 90' lang='lat' dir='ltr'>Apo-</span> 
     </span>
    </p>
   </div>
   <div class='ocr_carea' id='block_1_64' title="bbox 2187 1775 3832 1850">
    <p class='ocr_par' dir='ltr' id='par_1_64' title="bbox 2187 1775 3832 1850">
     <span class='ocr_line' id='line_1_64' title="bbox 2187 1775 3832 1850; baseline 0.002 -20"><span class='ocrx_word' id='word_1_466' title='bbox 2187 1775 2375 1831; x_wconf 90' lang='lat' dir='ltr'>stolus</span> <span class='ocrx_word' id='word_1_467' title='bbox 2431 1781 2655 1832; x_wconf 89' lang='lat' dir='ltr'>asserat</span> <span class='ocrx_word' id='word_1_468' title='bbox 2717 1777 2944 1833; x_wconf 90' lang='lat' dir='ltr'>nullum</span> <span class='ocrx_word' id='word_1_469' title='bbox 3017 1777 3346 1850; x_wconf 87' lang='lat' dir='ltr'>principum</span> <span class='ocrx_word' id='word_1_470' title='bbox 3380 1778 3558 1849; x_wconf 88' lang='lat' dir='ltr'>hujus</span> <span class='ocrx_word' id='word_1_471' title='bbox 3617 1777 3832 1848; x_wconf 70' lang='lat' dir='ltr'>saeculi,</span> 
     </span>
    </p>
   </div>
   <div class='ocr_carea' id='block_1_65' title="bbox 2188 1864 3834 1938">
    <p class='ocr_par' dir='ltr' id='par_1_65' title="bbox 2188 1864 3834 1938">
     <span class='ocr_line' id='line_1_65' title="bbox 2188 1864 3834 1938; baseline 0.002 -19"><span class='ocrx_word' id='word_1_472' title='bbox 2188 1865 2455 1937; x_wconf 91' lang='lat' dir='ltr'>quamvis</span> <span class='ocrx_word' id='word_1_473' title='bbox 2486 1864 2807 1921; x_wconf 90' lang='lat' dir='ltr'>subtilioris</span> <span class='ocrx_word' id='word_1_474' title='bbox 2837 1870 2893 1920; x_wconf 92' lang='lat' dir='ltr'>et</span> <span class='ocrx_word' id='word_1_475' title='bbox 2920 1864 3276 1922; x_wconf 89' lang='lat' dir='ltr'>immortalis</span> <span class='ocrx_word' id='word_1_476' title='bbox 3322 1868 3566 1937; x_wconf 65' lang='lat' dir='ltr'>naturas,</span> <span class='ocrx_word' id='word_1_477' title='bbox 3599 1871 3664 1921; x_wconf 89' lang='lat' dir='ltr'>ut</span> <span class='ocrx_word' id='word_1_478' title='bbox 3692 1870 3834 1938; x_wconf 84' lang='lat' dir='ltr'>puta</span> 
     </span>
    </p>
   </div>
   <div class='ocr_carea' id='block_1_66' title="bbox 2188 1952 3832 2028">
    <p class='ocr_par' dir='ltr' id='par_1_66' title="bbox 2188 1952 3832 2028">
     <span class='ocr_line' id='line_1_66' title="bbox 2188 1952 3832 2028; baseline 0.002 -22"><span class='ocrx_word' id='word_1_479' title='bbox 2188 1952 2516 2025; x_wconf 90' lang='lat' dir='ltr'>spiritualia</span> <span class='ocrx_word' id='word_1_480' title='bbox 2546 1952 2813 2025; x_wconf 70' lang='lat' dir='ltr'>nequitiae</span> <span class='ocrx_word' id='word_1_481' title='bbox 2845 1954 2903 2008; x_wconf 90' lang='lat' dir='ltr'>in</span> <span class='ocrx_word' id='word_1_482' title='bbox 2938 1952 3274 2009; x_wconf 79' lang='lat' dir='ltr'>ccnlestibus</span> <span class='ocrx_word' id='word_1_483' title='bbox 3316 1953 3588 2021; x_wconf 88' lang='lat' dir='ltr'>existant,</span> <span class='ocrx_word' id='word_1_484' title='bbox 3621 1970 3832 2028; x_wconf 87' lang='lat' dir='ltr'>cogno-</span> 
     </span>
    </p>
   </div>
   <div class='ocr_carea' id='block_1_67' title="bbox 2186 2041 3832 2115">
    <p class='ocr_par' dir='ltr' id='par_1_67' title="bbox 2186 2041 3832 2115">
     <span class='ocr_line' id='line_1_67' title="bbox 2186 2041 3832 2115; baseline 0.003 -22"><span class='ocrx_word' id='word_1_485' title='bbox 2186 2041 2338 2096; x_wconf 89' lang='lat' dir='ltr'>visse</span> <span class='ocrx_word' id='word_1_486' title='bbox 2368 2041 2727 2097; x_wconf 90' lang='lat' dir='ltr'>incarnatam</span> <span class='ocrx_word' id='word_1_487' title='bbox 2760 2042 2856 2097; x_wconf 90' lang='lat' dir='ltr'>Dei</span> <span class='ocrx_word' id='word_1_488' title='bbox 2892 2042 3077 2098; x_wconf 86' lang='lat' dir='ltr'>Patris</span> <span class='ocrx_word' id='word_1_489' title='bbox 3098 2041 3502 2115; x_wconf 80' lang='lat' dir='ltr'>Sapientiam?</span> <span class='ocrx_word' id='word_1_490' title='bbox 3524 2065 3553 2092; x_wconf 83' lang='lat'><strong><em>«</em></strong></span> <span class='ocrx_word' id='word_1_491' title='bbox 3587 2043 3647 2099; x_wconf 93' lang='lat' dir='ltr'>Si</span> <span class='ocrx_word' id='word_1_492' title='bbox 3678 2042 3832 2099; x_wconf 89' lang='lat' dir='ltr'>enim</span> 
     </span>
    </p>
   </div>
   <div class='ocr_carea' id='block_1_68' title="bbox 2188 2129 3833 2203">
    <p class='ocr_par' dir='ltr' id='par_1_68' title="bbox 2188 2129 3833 2203">
     <span class='ocr_line' id='line_1_68' title="bbox 2188 2129 3833 2203; baseline 0.002 -19"><span class='ocrx_word' id='word_1_493' title='bbox 2188 2130 2612 2202; x_wconf 84' lang='lat' dir='ltr'>cognovissent,</span> <span class='ocrx_word' id='word_1_494' title='bbox 2636 2147 2937 2203; x_wconf 90' lang='lat' dir='ltr'>nunquam</span> <span class='ocrx_word' id='word_1_495' title='bbox 2960 2131 3267 2186; x_wconf 90' lang='lat' dir='ltr'>Dominum</span> <span class='ocrx_word' id='word_1_496' title='bbox 3291 2130 3486 2203; x_wconf 72' lang='lat' dir='ltr'>gloria:</span> <span class='ocrx_word' id='word_1_497' title='bbox 3514 2129 3833 2188; x_wconf 80' lang='lat' dir='ltr'>crucifixis-</span> 
     </span>
    </p>
   </div>
   <div class='ocr_carea' id='block_1_69' title="bbox 2190 2219 2805 2290">
    <p class='ocr_par' dir='ltr' id='par_1_69' title="bbox 2190 2219 2805 2290">
     <span class='ocr_line' id='line_1_69' title="bbox 2190 2219 2805 2290; baseline -0.007 -16"><span class='ocrx_word' id='word_1_498' title='bbox 2190 2223 2319 2274; x_wconf 89' lang='lat' dir='ltr'>sent</span> <span class='ocrx_word' id='word_1_499' title='bbox 2348 2219 2395 2290; x_wconf 90' lang='lat' dir='ltr'>(I</span> <span class='ocrx_word' id='word_1_500' title='bbox 2417 2221 2540 2275; x_wconf 84' lang='lat' dir='ltr'>Cor.</span> <span class='ocrx_word' id='word_1_501' title='bbox 2578 2236 2640 2287; x_wconf 87' lang='grc' dir='ltr'>ιι,</span> <span class='ocrx_word' id='word_1_502' title='bbox 2673 2219 2748 2290; x_wconf 91' lang='grc'>8).</span> <span class='ocrx_word' id='word_1_503' title='bbox 2785 2242 2805 2270; x_wconf 75' lang='grc' dir='ltr'>ι</span> 
     </span>
    </p>
   </div>
   <div class='ocr_carea' id='block_1_70' title="bbox 2773 2325 3238 2383">
    <p class='ocr_par' dir='ltr' id='par_1_70' title="bbox 2773 2325 3238 2383">
     <span class='ocr_line' id='line_1_70' title="bbox 2773 2325 3238 2383; baseline 0.006 -3"><span class='ocrx_word' id='word_1_504' title='bbox 2773 2325 3004 2382; x_wconf 85' lang='lat' dir='ltr'>CAPUT</span> <span class='ocrx_word' id='word_1_505' title='bbox 3061 2326 3211 2381; x_wconf 85' lang='lat' dir='ltr'>XXV</span> <span class='ocrx_word' id='word_1_506' title='bbox 3227 2369 3238 2383; x_wconf 93' lang='lat'>.</span> 
     </span>
    </p>
   </div>
   <div class='ocr_carea' id='block_1_71' title="bbox 2187 2412 3837 2486">
    <p class='ocr_par' dir='ltr' id='par_1_71' title="bbox 2187 2412 3837 2486">
     <span class='ocr_line' id='line_1_71' title="bbox 2187 2412 3837 2486; baseline 0.001 -19"><span class='ocrx_word' id='word_1_507' title='bbox 2187 2414 2261 2467; x_wconf 79' lang='lat' dir='ltr'>De</span> <span class='ocrx_word' id='word_1_508' title='bbox 2305 2413 2542 2486; x_wconf 73' lang='lat' dir='ltr'>ecquod</span> <span class='ocrx_word' id='word_1_509' title='bbox 2587 2412 2755 2469; x_wconf 81' lang='lat' dir='ltr'>Judas</span> <span class='ocrx_word' id='word_1_510' title='bbox 2804 2415 2923 2469; x_wconf 80' lang='lat' dir='ltr'>sine</span> <span class='ocrx_word' id='word_1_511' title='bbox 2958 2413 3066 2485; x_wconf 81' lang='lat' dir='ltr'>ﬁde</span> <span class='ocrx_word' id='word_1_512' title='bbox 3106 2416 3383 2485; x_wconf 65' lang='lat' dir='ltr'>paenituit,</span> <span class='ocrx_word' id='word_1_513' title='bbox 3432 2418 3483 2471; x_wconf 80' lang='lat' dir='ltr'>et</span> <span class='ocrx_word' id='word_1_514' title='bbox 3528 2414 3668 2486; x_wconf 87' lang='lat' dir='ltr'>quod</span> <span class='ocrx_word' id='word_1_515' title='bbox 3711 2431 3837 2471; x_wconf 85' lang='lat' dir='ltr'>con-</span> 
     </span>
    </p>
   </div>
   <div class='ocr_carea' id='block_1_72' title="bbox 2256 2485 3839 2608">
    <p class='ocr_par' dir='ltr' id='par_1_72' title="bbox 2256 2485 3839 2608">
     <span class='ocr_line' id='line_1_72' title="bbox 2256 2485 3839 2608; baseline 0.004 -72"><span class='ocrx_word' id='word_1_516' title='bbox 2256 2485 2541 2608; x_wconf 47' lang='lat' dir='ltr'>sentientes</span> <span class='ocrx_word' id='word_1_517' title='bbox 2621 2485 2967 2556; x_wconf 76' lang='lat' dir='ltr'>principibus</span> <span class='ocrx_word' id='word_1_518' title='bbox 3062 2486 3401 2541; x_wconf 77' lang='lat' dir='ltr'>sacerdotum</span> <span class='ocrx_word' id='word_1_519' title='bbox 3449 2485 3554 2556; x_wconf 72' lang='lat' dir='ltr'>ﬁde</span> <span class='ocrx_word' id='word_1_520' title='bbox 3629 2487 3839 2558; x_wconf 76' lang='lat' dir='ltr'>privati</span> 
     </span>
     <span class='ocr_line' id='line_1_73' title="bbox 2258 2571 2407 2608; baseline 0 0"><span class='ocrx_word' id='word_1_521' title='bbox 2258 2571 2361 2608; x_wconf 81' lang='lat' dir='ltr'>sun</span> <span class='ocrx_word' id='word_1_522' title='bbox 2395 2596 2407 2608; x_wconf 96' lang='lat'>.</span> 
     </span>
    </p>
   </div>
   <div class='ocr_carea' id='block_1_73' title="bbox 2258 2571 2407 2609">
    <p class='ocr_par' dir='ltr' id='par_1_73' title="bbox 2258 2571 2407 2609">
     <span class='ocr_line' id='line_1_74' title="bbox 2258 2571 2407 2609; baseline -0.007 0"><span class='ocrx_word' id='word_1_523' title='bbox 2258 2571 2407 2609; x_wconf 78' lang='lat' dir='ltr'>sunt.</span> 
     </span>
    </p>
   </div>
   <div class='ocr_carea' id='block_1_74' title="bbox 2256 2661 3834 2736">
    <p class='ocr_par' dir='ltr' id='par_1_74' title="bbox 2256 2661 3834 2736">
     <span class='ocr_line' id='line_1_75' title="bbox 2256 2661 3834 2736; baseline 0.002 -20"><span class='ocrx_word' id='word_1_524' title='bbox 2256 2662 2364 2716; x_wconf 89' lang='lat' dir='ltr'>Sed</span> <span class='ocrx_word' id='word_1_525' title='bbox 2397 2677 2467 2716; x_wconf 91' lang='lat' dir='ltr'>ne</span> <span class='ocrx_word' id='word_1_526' title='bbox 2486 2661 2631 2717; x_wconf 89' lang='lat' dir='ltr'>forte</span> <span class='ocrx_word' id='word_1_527' title='bbox 2651 2662 2964 2734; x_wconf 87' lang='lat' dir='ltr'>epinentur</span> <span class='ocrx_word' id='word_1_528' title='bbox 2999 2678 3133 2717; x_wconf 92' lang='lat' dir='ltr'>eum</span> <span class='ocrx_word' id='word_1_529' title='bbox 3173 2662 3491 2718; x_wconf 89' lang='lat' dir='ltr'>credidisse</span> <span class='ocrx_word' id='word_1_530' title='bbox 3519 2663 3620 2719; x_wconf 92' lang='lat' dir='ltr'>ubi</span> <span class='ocrx_word' id='word_1_531' title='bbox 3646 2663 3834 2736; x_wconf 79' lang='lat' dir='ltr'>pomi-</span> 
     </span>
    </p>
   </div>
   <div class='ocr_carea' id='block_1_75' title="bbox 2186 2749 3832 2823">
    <p class='ocr_par' dir='ltr' id='par_1_75' title="bbox 2186 2749 3832 2823">
     <span class='ocr_line' id='line_1_76' title="bbox 2186 2749 3832 2823; baseline 0.002 -19"><span class='ocrx_word' id='word_1_532' title='bbox 2186 2749 2371 2805; x_wconf 90' lang='lat' dir='ltr'>tuisse</span> <span class='ocrx_word' id='word_1_533' title='bbox 2393 2755 2449 2805; x_wconf 93' lang='lat' dir='ltr'>et</span> <span class='ocrx_word' id='word_1_534' title='bbox 2465 2750 2715 2821; x_wconf 89' lang='lat' dir='ltr'>pretium</span> <span class='ocrx_word' id='word_1_535' title='bbox 2738 2749 3006 2806; x_wconf 85' lang='lat' dir='ltr'>retulisse</span> <span class='ocrx_word' id='word_1_536' title='bbox 3027 2750 3258 2823; x_wconf 89' lang='lat' dir='ltr'>legitur,</span> <span class='ocrx_word' id='word_1_537' title='bbox 3291 2751 3557 2807; x_wconf 89' lang='lat' dir='ltr'>noverint</span> <span class='ocrx_word' id='word_1_538' title='bbox 3590 2752 3832 2808; x_wconf 89' lang='lat' dir='ltr'>abusive</span> 
     </span>
    </p>
   </div>
   <div class='ocr_carea' id='block_1_76' title="bbox 2188 2837 3836 2911">
    <p class='ocr_par' dir='ltr' id='par_1_76' title="bbox 2188 2837 3836 2911">
     <span class='ocr_line' id='line_1_77' title="bbox 2188 2837 3836 2911; baseline 0.001 -17"><span class='ocrx_word' id='word_1_539' title='bbox 2188 2839 2490 2895; x_wconf 90' lang='lat' dir='ltr'>dicendam</span> <span class='ocrx_word' id='word_1_540' title='bbox 2528 2839 2927 2911; x_wconf 71' lang='lat' dir='ltr'>pmnitentiam</span> <span class='ocrx_word' id='word_1_541' title='bbox 2960 2837 3099 2909; x_wconf 86' lang='lat' dir='ltr'>illic,</span> <span class='ocrx_word' id='word_1_542' title='bbox 3144 2855 3280 2894; x_wconf 91' lang='lat' dir='ltr'>cum</span> <span class='ocrx_word' id='word_1_543' title='bbox 3331 2839 3561 2911; x_wconf 88' lang='lat' dir='ltr'>proprie</span> <span class='ocrx_word' id='word_1_544' title='bbox 3589 2839 3836 2896; x_wconf 87' lang='lat' dir='ltr'>tristitia</span> 
     </span>
    </p>
   </div>
   <div class='ocr_carea' id='block_1_77' title="bbox 2189 2927 3830 2999">
    <p class='ocr_par' dir='ltr' id='par_1_77' title="bbox 2189 2927 3830 2999">
     <span class='ocr_line' id='line_1_78' title="bbox 2189 2927 3830 2999; baseline 0.001 -16"><span class='ocrx_word' id='word_1_545' title='bbox 2189 2927 2382 2983; x_wconf 73' lang='lat' dir='ltr'>saeculi</span> <span class='ocrx_word' id='word_1_546' title='bbox 2403 2928 2596 2994; x_wconf 89' lang='lat' dir='ltr'>fuerit,</span> <span class='ocrx_word' id='word_1_547' title='bbox 2616 2944 2741 2999; x_wconf 77' lang='lat' dir='ltr'>quas</span> <span class='ocrx_word' id='word_1_548' title='bbox 2761 2932 3007 2983; x_wconf 90' lang='lat' dir='ltr'>mortem</span> <span class='ocrx_word' id='word_1_549' title='bbox 3031 2932 3447 2999; x_wconf 90' lang='lat' dir='ltr'>operatur,non</span> <span class='ocrx_word' id='word_1_550' title='bbox 3468 2927 3584 2996; x_wconf 91' lang='lat' dir='ltr'>illa,</span> <span class='ocrx_word' id='word_1_551' title='bbox 3606 2932 3830 2999; x_wconf 66' lang='lat' dir='ltr'>quas,ut</span> 
     </span>
    </p>
   </div>
   <div class='ocr_carea' id='block_1_78' title="bbox 2188 3016 3829 3089">
    <p class='ocr_par' dir='ltr' id='par_1_78' title="bbox 2188 3016 3829 3089">
     <span class='ocr_line' id='line_1_79' title="bbox 2188 3016 3829 3089; baseline 0 -18"><span class='ocrx_word' id='word_1_552' title='bbox 2188 3016 2268 3071; x_wconf 91' lang='lat' dir='ltr'>ait</span> <span class='ocrx_word' id='word_1_553' title='bbox 2279 3016 2609 3089; x_wconf 89' lang='lat' dir='ltr'>Apostolus,</span> <span class='ocrx_word' id='word_1_554' title='bbox 2636 3039 2664 3065; x_wconf 86' lang='grc'>‹‹</span> <span class='ocrx_word' id='word_1_555' title='bbox 2684 3016 3005 3071; x_wconf 91' lang='lat' dir='ltr'>secundum</span> <span class='ocrx_word' id='word_1_556' title='bbox 3022 3016 3205 3071; x_wconf 87' lang='lat' dir='ltr'>Deum</span> <span class='ocrx_word' id='word_1_557' title='bbox 3224 3020 3333 3082; x_wconf 91' lang='lat' dir='ltr'>est,</span> <span class='ocrx_word' id='word_1_558' title='bbox 3351 3016 3829 3088; x_wconf 86' lang='lat' dir='ltr'>etpoenitentiam</span> 
     </span>
    </p>
   </div>
   <div class='ocr_carea' id='block_1_79' title="bbox 2188 3100 3833 3175">
    <p class='ocr_par' dir='ltr' id='par_1_79' title="bbox 2188 3100 3833 3175">
     <span class='ocr_line' id='line_1_80' title="bbox 2188 3100 3833 3175; baseline 0 -16"><span class='ocrx_word' id='word_1_559' title='bbox 2188 3104 2245 3159; x_wconf 88' lang='lat' dir='ltr'>in</span> <span class='ocrx_word' id='word_1_560' title='bbox 2266 3104 2512 3160; x_wconf 91' lang='lat' dir='ltr'>salutem</span> <span class='ocrx_word' id='word_1_561' title='bbox 2537 3104 2807 3159; x_wconf 89' lang='lat' dir='ltr'>stabilem</span> <span class='ocrx_word' id='word_1_562' title='bbox 2822 3108 3095 3175; x_wconf 88' lang='lat' dir='ltr'>operatur</span> <span class='ocrx_word' id='word_1_563' title='bbox 3116 3104 3191 3175; x_wconf 86' lang='lat' dir='ltr'>(II</span> <span class='ocrx_word' id='word_1_564' title='bbox 3212 3100 3329 3159; x_wconf 83' lang='lat' dir='ltr'>Cor.</span> <span class='ocrx_word' id='word_1_565' title='bbox 3355 3121 3453 3168; x_wconf 86' lang='lat' dir='ltr'>vn,</span> <span class='ocrx_word' id='word_1_566' title='bbox 3472 3103 3582 3173; x_wconf 74' lang='grc'>40).</span> <span class='ocrx_word' id='word_1_567' title='bbox 3611 3125 3632 3154; x_wconf 72' lang='grc' dir='ltr'>ι</span> <span class='ocrx_word' id='word_1_568' title='bbox 3654 3104 3833 3159; x_wconf 89' lang='lat' dir='ltr'>Deni-</span> 
     </span>
    </p>
   </div>
   <div class='ocr_carea' id='block_1_80' title="bbox 2190 3191 3831 3265">
    <p class='ocr_par' dir='ltr' id='par_1_80' title="bbox 2190 3191 3831 3265">
     <span class='ocr_line' id='line_1_81' title="bbox 2190 3191 3831 3265; baseline 0 -17"><span class='ocrx_word' id='word_1_569' title='bbox 2190 3210 2302 3265; x_wconf 91' lang='lat' dir='ltr'>que</span> <span class='ocrx_word' id='word_1_570' title='bbox 2334 3191 2644 3248; x_wconf 88' lang='lat' dir='ltr'>laudabilis</span> <span class='ocrx_word' id='word_1_571' title='bbox 2675 3192 3015 3264; x_wconf 78' lang='lat' dir='ltr'>poenitentia</span> <span class='ocrx_word' id='word_1_572' title='bbox 3052 3191 3178 3247; x_wconf 89' lang='lat' dir='ltr'>sine</span> <span class='ocrx_word' id='word_1_573' title='bbox 3223 3208 3326 3264; x_wconf 88' lang='lat' dir='ltr'>spe</span> <span class='ocrx_word' id='word_1_574' title='bbox 3369 3208 3484 3247; x_wconf 91' lang='lat' dir='ltr'>non</span> <span class='ocrx_word' id='word_1_575' title='bbox 3516 3196 3624 3258; x_wconf 88' lang='lat' dir='ltr'>est,</span> <span class='ocrx_word' id='word_1_576' title='bbox 3659 3193 3831 3264; x_wconf 90' lang='lat' dir='ltr'>cujus</span> 
     </span>
    </p>
   </div>
   <div class='ocr_carea' id='block_1_81' title="bbox 2183 3279 3833 3353">
    <p class='ocr_par' dir='ltr' id='par_1_81' title="bbox 2183 3279 3833 3353">
     <span class='ocr_line' id='line_1_82' title="bbox 2183 3279 3833 3353; baseline 0.001 -17"><span class='ocrx_word' id='word_1_577' title='bbox 2183 3281 2512 3336; x_wconf 81' lang='lat' dir='ltr'>substantia</span> <span class='ocrx_word' id='word_1_578' title='bbox 2532 3280 2675 3335; x_wconf 84' lang='lat' dir='ltr'>ﬁdes</span> <span class='ocrx_word' id='word_1_579' title='bbox 2697 3284 2803 3335; x_wconf 89' lang='lat' dir='ltr'>est.</span> <span class='ocrx_word' id='word_1_580' title='bbox 2829 3280 2992 3335; x_wconf 90' lang='lat' dir='ltr'>Unde</span> <span class='ocrx_word' id='word_1_581' title='bbox 3005 3281 3349 3352; x_wconf 62' lang='lat' dir='ltr'>poenitentia</span> <span class='ocrx_word' id='word_1_582' title='bbox 3363 3280 3552 3345; x_wconf 63' lang='lat' dir='ltr'>Juda,</span> <span class='ocrx_word' id='word_1_583' title='bbox 3576 3279 3677 3353; x_wconf 90' lang='lat' dir='ltr'>qui</span> <span class='ocrx_word' id='word_1_584' title='bbox 3703 3281 3833 3337; x_wconf 91' lang='lat' dir='ltr'>sine</span> 
     </span>
    </p>
   </div>
   <div class='ocr_carea' id='block_1_82' title="bbox 2182 3367 3834 3442">
    <p class='ocr_par' dir='ltr' id='par_1_82' title="bbox 2182 3367 3834 3442">
     <span class='ocr_line' id='line_1_83' title="bbox 2182 3367 3834 3442; baseline 0 -18"><span class='ocrx_word' id='word_1_585' title='bbox 2182 3385 2284 3441; x_wconf 87' lang='lat' dir='ltr'>spe</span> <span class='ocrx_word' id='word_1_586' title='bbox 2311 3368 2437 3433; x_wconf 84' lang='lat' dir='ltr'>fuit,</span> <span class='ocrx_word' id='word_1_587' title='bbox 2462 3372 2689 3423; x_wconf 89' lang='lat' dir='ltr'>constat</span> <span class='ocrx_word' id='word_1_588' title='bbox 2720 3369 2853 3440; x_wconf 88' lang='lat' dir='ltr'>quia</span> <span class='ocrx_word' id='word_1_589' title='bbox 2896 3368 3116 3423; x_wconf 89' lang='lat' dir='ltr'>nullam</span> <span class='ocrx_word' id='word_1_590' title='bbox 3144 3369 3317 3423; x_wconf 75' lang='lat' dir='ltr'>(idem</span> <span class='ocrx_word' id='word_1_591' title='bbox 3354 3367 3596 3437; x_wconf 90' lang='lat' dir='ltr'>habuit;</span> <span class='ocrx_word' id='word_1_592' title='bbox 3631 3386 3696 3425; x_wconf 90' lang='lat' dir='ltr'>ac</span> <span class='ocrx_word' id='word_1_593' title='bbox 3726 3385 3834 3442; x_wconf 88' lang='lat' dir='ltr'>per</span> 
     </span>
    </p>
   </div>
   <div class='ocr_carea' id='block_1_83' title="bbox 2182 3456 3829 3528">
    <p class='ocr_par' dir='ltr' id='par_1_83' title="bbox 2182 3456 3829 3528">
     <span class='ocr_line' id='line_1_84' title="bbox 2182 3456 3829 3528; baseline 0.001 -17"><span class='ocrx_word' id='word_1_594' title='bbox 2182 3456 2290 3511; x_wconf 91' lang='lat' dir='ltr'>hoc</span> <span class='ocrx_word' id='word_1_595' title='bbox 2319 3456 2521 3512; x_wconf 90' lang='lat' dir='ltr'>videns</span> <span class='ocrx_word' id='word_1_596' title='bbox 2571 3470 2632 3510; x_wconf 87' lang='lat' dir='ltr'>se</span> <span class='ocrx_word' id='word_1_597' title='bbox 2681 3457 3048 3526; x_wconf 88' lang='lat' dir='ltr'>damnatum,</span> <span class='ocrx_word' id='word_1_598' title='bbox 3098 3456 3339 3512; x_wconf 89' lang='lat' dir='ltr'>tristitia</span> <span class='ocrx_word' id='word_1_599' title='bbox 3368 3456 3561 3512; x_wconf 60' lang='lat' dir='ltr'>saeculi</span> <span class='ocrx_word' id='word_1_600' title='bbox 3592 3458 3829 3528; x_wconf 90' lang='lat' dir='ltr'>ductus,</span> 
     </span>
    </p>
   </div>
   <div class='ocr_carea' id='block_1_84' title="bbox 2182 3544 3824 3618">
    <p class='ocr_par' dir='ltr' id='par_1_84' title="bbox 2182 3544 3824 3618">
     <span class='ocr_line' id='line_1_85' title="bbox 2182 3544 3824 3618; baseline 0.001 -18"><span class='ocrx_word' id='word_1_601' title='bbox 2182 3544 2393 3600; x_wconf 88' lang='lat' dir='ltr'>maluis</span> <span class='ocrx_word' id='word_1_602' title='bbox 2426 3545 2788 3616; x_wconf 88' lang='lat' dir='ltr'>desperando</span> <span class='ocrx_word' id='word_1_603' title='bbox 2820 3544 2933 3600; x_wconf 92' lang='lat' dir='ltr'>sibi</span> <span class='ocrx_word' id='word_1_604' title='bbox 2963 3548 3167 3618; x_wconf 89' lang='lat' dir='ltr'>guttur</span> <span class='ocrx_word' id='word_1_605' title='bbox 3216 3544 3430 3601; x_wconf 88' lang='lat' dir='ltr'>elidere</span> <span class='ocrx_word' id='word_1_606' title='bbox 3477 3562 3653 3617; x_wconf 86' lang='lat' dir='ltr'>quam</span> <span class='ocrx_word' id='word_1_607' title='bbox 3684 3562 3824 3618; x_wconf 90' lang='lat' dir='ltr'>spe-</span> 
     </span>
    </p>
   </div>
   <div class='ocr_carea' id='block_1_85' title="bbox 2178 3632 3824 3706">
    <p class='ocr_par' dir='ltr' id='par_1_85' title="bbox 2178 3632 3824 3706">
     <span class='ocr_line' id='line_1_86' title="bbox 2178 3632 3824 3706; baseline 0.001 -19"><span class='ocrx_word' id='word_1_608' title='bbox 2178 3634 2360 3689; x_wconf 89' lang='lat' dir='ltr'>rando</span> <span class='ocrx_word' id='word_1_609' title='bbox 2384 3634 2609 3689; x_wconf 90' lang='lat' dir='ltr'>fructus</span> <span class='ocrx_word' id='word_1_610' title='bbox 2630 3633 2838 3705; x_wconf 88' lang='lat' dir='ltr'>dignos</span> <span class='ocrx_word' id='word_1_611' title='bbox 2859 3632 3211 3705; x_wconf 64' lang='lat' dir='ltr'>paenitentiae</span> <span class='ocrx_word' id='word_1_612' title='bbox 3237 3632 3576 3706; x_wconf 88' lang='lat' dir='ltr'>suppliciter</span> <span class='ocrx_word' id='word_1_613' title='bbox 3595 3633 3824 3690; x_wconf 71' lang='lat' dir='ltr'>offerre.</span> 
     </span>
    </p>
   </div>
   <div class='ocr_carea' id='block_1_86' title="bbox 2178 3721 3828 3795">
    <p class='ocr_par' dir='ltr' id='par_1_86' title="bbox 2178 3721 3828 3795">
     <span class='ocr_line' id='line_1_87' title="bbox 2178 3721 3828 3795; baseline 0.001 -19"><span class='ocrx_word' id='word_1_614' title='bbox 2178 3722 2339 3786; x_wconf 86' lang='lat' dir='ltr'>Quod</span> <span class='ocrx_word' id='word_1_615' title='bbox 2361 3721 2411 3776; x_wconf 90' lang='lat' dir='ltr'>si</span> <span class='ocrx_word' id='word_1_616' title='bbox 2435 3721 2684 3790; x_wconf 89' lang='lat' dir='ltr'>fecisset,</span> <span class='ocrx_word' id='word_1_617' title='bbox 2705 3738 2867 3777; x_wconf 91' lang='lat' dir='ltr'>error</span> <span class='ocrx_word' id='word_1_618' title='bbox 2892 3721 3045 3776; x_wconf 92' lang='lat' dir='ltr'>haud</span> <span class='ocrx_word' id='word_1_619' title='bbox 3077 3721 3393 3778; x_wconf 91' lang='lat' dir='ltr'>nocuisset.</span> <span class='ocrx_word' id='word_1_620' title='bbox 3432 3723 3541 3779; x_wconf 87' lang='lat' dir='ltr'>Sed</span> <span class='ocrx_word' id='word_1_621' title='bbox 3565 3722 3828 3795; x_wconf 80' lang='lat' dir='ltr'>perﬁdus</span> 
     </span>
    </p>
   </div>
   <div class='ocr_carea' id='block_1_87' title="bbox 2176 3808 3833 3883">
    <p class='ocr_par' dir='ltr' id='par_1_87' title="bbox 2176 3808 3833 3883">
     <span class='ocr_line' id='line_1_88' title="bbox 2176 3808 3833 3883; baseline 0.002 -19"><span class='ocrx_word' id='word_1_622' title='bbox 2176 3810 2275 3881; x_wconf 91' lang='lat' dir='ltr'>qui</span> <span class='ocrx_word' id='word_1_623' title='bbox 2299 3810 2465 3883; x_wconf 90' lang='lat' dir='ltr'>prius</span> <span class='ocrx_word' id='word_1_624' title='bbox 2484 3809 2990 3883; x_wconf 89' lang='lat' dir='ltr'>blasphemaverat</span> <span class='ocrx_word' id='word_1_625' title='bbox 3006 3810 3217 3865; x_wconf 87' lang='lat' dir='ltr'>Filium</span> <span class='ocrx_word' id='word_1_626' title='bbox 3232 3810 3349 3875; x_wconf 90' lang='lat' dir='ltr'>Dei,</span> <span class='ocrx_word' id='word_1_627' title='bbox 3375 3826 3545 3883; x_wconf 88' lang='lat' dir='ltr'>quem</span> <span class='ocrx_word' id='word_1_628' title='bbox 3570 3808 3833 3868; x_wconf 87' lang='lat' dir='ltr'>credide-</span> 
     </span>
    </p>
   </div>
   <div class='ocr_carea' id='block_1_88' title="bbox 2158 3898 3828 3972">
    <p class='ocr_par' dir='ltr' id='par_1_88' title="bbox 2158 3898 3828 3972">
     <span class='ocr_line' id='line_1_89' title="bbox 2158 3898 3828 3972; baseline 0.002 -20"><span class='ocrx_word' id='word_1_629' title='bbox 2158 3903 2267 3953; x_wconf 89' lang='lat' dir='ltr'>-rat</span> <span class='ocrx_word' id='word_1_630' title='bbox 2297 3915 2468 3971; x_wconf 87' lang='lat' dir='ltr'>posse</span> <span class='ocrx_word' id='word_1_631' title='bbox 2495 3899 2689 3967; x_wconf 90' lang='lat' dir='ltr'>vendi,</span> <span class='ocrx_word' id='word_1_632' title='bbox 2724 3899 2785 3954; x_wconf 90' lang='lat' dir='ltr'>in</span> <span class='ocrx_word' id='word_1_633' title='bbox 2817 3899 2930 3954; x_wconf 82' lang='lat' dir='ltr'>ﬁne</span> <span class='ocrx_word' id='word_1_634' title='bbox 2962 3898 3391 3972; x_wconf 88' lang='lat' dir='ltr'>blasphemavit</span> <span class='ocrx_word' id='word_1_635' title='bbox 3437 3903 3494 3955; x_wconf 88' lang='lat' dir='ltr'>et</span> <span class='ocrx_word' id='word_1_636' title='bbox 3536 3898 3828 3971; x_wconf 89' lang='lat' dir='ltr'>Spiritum</span> 
     </span>
    </p>
   </div>
   <div class='ocr_carea' id='block_1_89' title="bbox 2174 3987 3827 4059">
    <p class='ocr_par' dir='ltr' id='par_1_89' title="bbox 2174 3987 3827 4059">
     <span class='ocr_line' id='line_1_90' title="bbox 2174 3987 3827 4059; baseline -0.001 -16"><span class='ocrx_word' id='word_1_637' title='bbox 2174 3993 2465 4056; x_wconf 89' lang='lat' dir='ltr'>sanctum,</span> <span class='ocrx_word' id='word_1_638' title='bbox 2491 4004 2666 4059; x_wconf 91' lang='lat' dir='ltr'>quem</span> <span class='ocrx_word' id='word_1_639' title='bbox 2689 3988 2936 4044; x_wconf 91' lang='lat' dir='ltr'>credidit</span> <span class='ocrx_word' id='word_1_640' title='bbox 2956 4004 3071 4043; x_wconf 92' lang='lat' dir='ltr'>non</span> <span class='ocrx_word' id='word_1_641' title='bbox 3095 4004 3265 4059; x_wconf 92' lang='lat' dir='ltr'>posse</span> <span class='ocrx_word' id='word_1_642' title='bbox 3286 3987 3432 4042; x_wconf 90' lang='lat' dir='ltr'>tanti</span> <span class='ocrx_word' id='word_1_643' title='bbox 3455 3989 3678 4057; x_wconf 88' lang='lat' dir='ltr'>peccati</span> <span class='ocrx_word' id='word_1_644' title='bbox 3706 3987 3827 4043; x_wconf 88' lang='lat' dir='ltr'>sibi</span> 
     </span>
    </p>
   </div>
   <div class='ocr_carea' id='block_1_90' title="bbox 2171 4073 3824 4149">
    <p class='ocr_par' dir='ltr' id='par_1_90' title="bbox 2171 4073 3824 4149">
     <span class='ocr_line' id='line_1_91' title="bbox 2171 4073 3824 4149; baseline 0 -18"><span class='ocrx_word' id='word_1_645' title='bbox 2171 4076 2399 4132; x_wconf 88' lang='lat' dir='ltr'>veniam</span> <span class='ocrx_word' id='word_1_646' title='bbox 2430 4076 2651 4149; x_wconf 90' lang='lat' dir='ltr'>largiri.</span> <span class='ocrx_word' id='word_1_647' title='bbox 2685 4076 2845 4140; x_wconf 88' lang='lat' dir='ltr'>Quod</span> <span class='ocrx_word' id='word_1_648' title='bbox 2878 4080 3072 4131; x_wconf 91' lang='lat' dir='ltr'>autem</span> <span class='ocrx_word' id='word_1_649' title='bbox 3122 4074 3415 4129; x_wconf 89' lang='lat' dir='ltr'>Christum</span> <span class='ocrx_word' id='word_1_650' title='bbox 3467 4073 3668 4128; x_wconf 84' lang='lat' dir='ltr'>Jesum</span> <span class='ocrx_word' id='word_1_651' title='bbox 3701 4091 3824 4131; x_wconf 88' lang='lat' dir='ltr'>non</span> 
     </span>
    </p>
   </div>
   <div class='ocr_carea' id='block_1_91' title="bbox 2171 4159 3831 4231">
    <p class='ocr_par' dir='ltr' id='par_1_91' title="bbox 2171 4159 3831 4231">
     <span class='ocr_line' id='line_1_92' title="bbox 2171 4159 3831 4231; baseline -0.001 -11"><span class='ocrx_word' id='word_1_652' title='bbox 2171 4166 2376 4231; x_wconf 89' lang='lat' dir='ltr'>Deum,</span> <span class='ocrx_word' id='word_1_653' title='bbox 2399 4167 2498 4222; x_wconf 91' lang='lat' dir='ltr'>sed</span> <span class='ocrx_word' id='word_1_654' title='bbox 2524 4164 2935 4221; x_wconf 90' lang='lat' dir='ltr'>tantummodo</span> <span class='ocrx_word' id='word_1_655' title='bbox 2957 4162 3272 4229; x_wconf 89' lang='lat' dir='ltr'>hominem,</span> <span class='ocrx_word' id='word_1_656' title='bbox 3298 4159 3831 4231; x_wconf 86' lang='lat' dir='ltr'>quamvisjustum</span> 
     </span>
    </p>
   </div>
   <div class='ocr_carea' id='block_1_92' title="bbox 2171 4246 3832 4322">
    <p class='ocr_par' dir='ltr' id='par_1_92' title="bbox 2171 4246 3832 4322">
     <span class='ocr_line' id='line_1_93' title="bbox 2171 4246 3832 4322; baseline -0.002 -13"><span class='ocrx_word' id='word_1_657' title='bbox 2171 4254 2499 4322; x_wconf 89' lang='lat' dir='ltr'>crediderit,</span> <span class='ocrx_word' id='word_1_658' title='bbox 2524 4254 2811 4310; x_wconf 88' lang='lat' dir='ltr'>confessio</span> <span class='ocrx_word' id='word_1_659' title='bbox 2836 4254 2961 4322; x_wconf 86' lang='lat' dir='ltr'>ejus</span> <span class='ocrx_word' id='word_1_660' title='bbox 2977 4248 3247 4316; x_wconf 90' lang='lat' dir='ltr'>ostendit,</span> <span class='ocrx_word' id='word_1_661' title='bbox 3273 4246 3412 4318; x_wconf 88' lang='lat' dir='ltr'>quia</span> <span class='ocrx_word' id='word_1_662' title='bbox 3432 4246 3608 4303; x_wconf 87' lang='lat' dir='ltr'>dicit:</span> <span class='ocrx_word' id='word_1_663' title='bbox 3639 4271 3666 4298; x_wconf 87' lang='lat'><strong>«</strong></span> <span class='ocrx_word' id='word_1_664' title='bbox 3688 4248 3832 4307; x_wconf 87' lang='lat' dir='ltr'>Pec-</span> 
     </span>
    </p>
   </div>
   <div class='ocr_carea' id='block_1_93' title="bbox 2170 4335 3821 4413">
    <p class='ocr_par' dir='ltr' id='par_1_93' title="bbox 2170 4335 3821 4413">
     <span class='ocr_line' id='line_1_94' title="bbox 2170 4335 3821 4413; baseline -0.005 -16"><span class='ocrx_word' id='word_1_665' title='bbox 2170 4342 2293 4398; x_wconf 88' lang='lat' dir='ltr'>cavi</span> <span class='ocrx_word' id='word_1_666' title='bbox 2318 4344 2554 4398; x_wconf 89' lang='lat' dir='ltr'>tradens</span> <span class='ocrx_word' id='word_1_667' title='bbox 2581 4341 2929 4413; x_wconf 88' lang='lat' dir='ltr'>sanguinem</span> <span class='ocrx_word' id='word_1_668' title='bbox 2967 4338 3188 4408; x_wconf 89' lang='lat' dir='ltr'>jestum</span> <span class='ocrx_word' id='word_1_669' title='bbox 3223 4335 3434 4405; x_wconf 71' lang='lat' dir='ltr'>(Matth.</span> <span class='ocrx_word' id='word_1_670' title='bbox 3471 4353 3653 4400; x_wconf 83' lang='lat' dir='ltr'>xxvu,</span> <span class='ocrx_word' id='word_1_671' title='bbox 3678 4338 3756 4405; x_wconf 85' lang='grc'>4).</span> <span class='ocrx_word' id='word_1_672' title='bbox 3797 4361 3821 4389; x_wconf 74' lang='grc' dir='ltr'>ιι</span> 
     </span>
    </p>
   </div>
   <div class='ocr_carea' id='block_1_94' title="bbox 2169 4425 3826 4503">
    <p class='ocr_par' dir='ltr' id='par_1_94' title="bbox 2169 4425 3826 4503">
     <span class='ocr_line' id='line_1_95' title="bbox 2169 4425 3826 4503; baseline -0.001 -18"><span class='ocrx_word' id='word_1_673' title='bbox 2169 4432 2268 4486; x_wconf 84' lang='lat' dir='ltr'>Cui</span> <span class='ocrx_word' id='word_1_674' title='bbox 2290 4449 2423 4488; x_wconf 91' lang='lat' dir='ltr'>mox</span> <span class='ocrx_word' id='word_1_675' title='bbox 2454 4431 2694 4503; x_wconf 90' lang='lat' dir='ltr'>pessimi</span> <span class='ocrx_word' id='word_1_676' title='bbox 2716 4431 3003 4498; x_wconf 88' lang='lat' dir='ltr'>emptores</span> <span class='ocrx_word' id='word_1_677' title='bbox 3025 4425 3453 4497; x_wconf 87' lang='lat' dir='ltr'>responderunt</span> <span class='ocrx_word' id='word_1_678' title='bbox 3476 4443 3488 4480; x_wconf 89' lang='lat'>:</span> <span class='ocrx_word' id='word_1_679' title='bbox 3522 4449 3542 4474; x_wconf 76' lang='grc' dir='ltr'>ι</span> <span class='ocrx_word' id='word_1_680' title='bbox 3570 4425 3721 4493; x_wconf 90' lang='lat' dir='ltr'>Quid</span> <span class='ocrx_word' id='word_1_681' title='bbox 3746 4427 3826 4483; x_wconf 81' lang='lat' dir='ltr'>ad</span> 
     </span>
    </p>
   </div>
   <div class='ocr_carea' id='block_1_95' title="bbox 411 4512 3825 4606">
    <p class='ocr_par' dir='ltr' id='par_1_95' title="bbox 411 4512 3825 4606">
     <span class='ocr_line' id='line_1_96' title="bbox 411 4512 3825 4606; baseline 0 -35"><span class='ocrx_word' id='word_1_682' title='bbox 411 4516 666 4591; x_wconf 88' lang='lat' dir='ltr'>grandes</span> <span class='ocrx_word' id='word_1_683' title='bbox 697 4515 882 4572; x_wconf 89' lang='lat' dir='ltr'>acervi</span> <span class='ocrx_word' id='word_1_684' title='bbox 904 4532 1105 4571; x_wconf 87' lang='lat' dir='ltr'>eorum</span> <span class='ocrx_word' id='word_1_685' title='bbox 1129 4518 1359 4589; x_wconf 89' lang='lat' dir='ltr'>quoties</span> <span class='ocrx_word' id='word_1_686' title='bbox 1380 4518 1796 4573; x_wconf 78' lang='lat' dir='ltr'>conterentur?</span> <span class='ocrx_word' id='word_1_687' title='bbox 1817 4519 2056 4575; x_wconf 86' lang='lat' dir='ltr'>Videut-</span> <span class='ocrx_word' id='word_1_688' title='bbox 2091 4541 2137 4606; x_wconf 82' lang='lat' dir='ltr'><strong>D</strong></span> <span class='ocrx_word' id='word_1_689' title='bbox 2172 4537 2276 4575; x_wconf 93' lang='lat' dir='ltr'>nos</span> <span class='ocrx_word' id='word_1_690' title='bbox 2296 4520 2324 4575; x_wconf 77' lang='lat' dir='ltr'>‘I</span> <span class='ocrx_word' id='word_1_691' title='bbox 2343 4524 2425 4574; x_wconf 91' lang='lat' dir='ltr'>Tu</span> <span class='ocrx_word' id='word_1_692' title='bbox 2468 4517 2678 4573; x_wconf 89' lang='lat' dir='ltr'>videris</span> <span class='ocrx_word' id='word_1_693' title='bbox 2714 4513 2896 4585; x_wconf 84' lang='lat' dir='ltr'>(ibid.)</span> <span class='ocrx_word' id='word_1_694' title='bbox 2916 4531 2966 4581; x_wconf 85' lang='grc'>;››</span> <span class='ocrx_word' id='word_1_695' title='bbox 2995 4529 3061 4568; x_wconf 89' lang='lat' dir='ltr'>ac</span> <span class='ocrx_word' id='word_1_696' title='bbox 3102 4513 3149 4567; x_wconf 92' lang='lat' dir='ltr'>si</span> <span class='ocrx_word' id='word_1_697' title='bbox 3178 4512 3409 4606; x_wconf 76' lang='lat' dir='ltr'>dicant:</span> <span class='ocrx_word' id='word_1_698' title='bbox 3435 4513 3584 4577; x_wconf 88' lang='lat' dir='ltr'>Quid</span> <span class='ocrx_word' id='word_1_699' title='bbox 3616 4515 3689 4570; x_wconf 85' lang='lat' dir='ltr'>ad</span> <span class='ocrx_word' id='word_1_700' title='bbox 3712 4532 3825 4571; x_wconf 83' lang='lat' dir='ltr'>nos</span> 
     </span>
    </p>
   </div>
   <div class='ocr_carea' id='block_1_96' title="bbox 412 4605 2060 4679">
    <p class='ocr_par' dir='ltr' id='par_1_96' title="bbox 412 4605 2060 4679">
     <span class='ocr_line' id='line_1_97' title="bbox 412 4605 2060 4679; baseline 0.001 -16"><span class='ocrx_word' id='word_1_701' title='bbox 412 4623 485 4663; x_wconf 86' lang='lat' dir='ltr'>ne</span> <span class='ocrx_word' id='word_1_702' title='bbox 517 4605 667 4678; x_wconf 92' lang='lat' dir='ltr'>quod</span> <span class='ocrx_word' id='word_1_703' title='bbox 712 4610 842 4677; x_wconf 91' lang='lat' dir='ltr'>post</span> <span class='ocrx_word' id='word_1_704' title='bbox 888 4605 1075 4677; x_wconf 89' lang='lat' dir='ltr'>ipsam</span> <span class='ocrx_word' id='word_1_705' title='bbox 1116 4624 1313 4662; x_wconf 90' lang='lat' dir='ltr'>vocem</span> <span class='ocrx_word' id='word_1_706' title='bbox 1360 4606 1713 4662; x_wconf 89' lang='lat' dir='ltr'>venditionis</span> <span class='ocrx_word' id='word_1_707' title='bbox 1761 4614 2060 4679; x_wconf 90' lang='lat' dir='ltr'>nequeunt</span> 
     </span>
    </p>
   </div>
   <div class='ocr_carea' id='block_1_97' title="bbox 409 4693 2058 4768">
    <p class='ocr_par' dir='ltr' id='par_1_97' title="bbox 409 4693 2058 4768">
     <span class='ocr_line' id='line_1_98' title="bbox 409 4693 2058 4768; baseline 0.001 -16"><span class='ocrx_word' id='word_1_708' title='bbox 409 4694 725 4752; x_wconf 84' lang='lat' dir='ltr'>Dominum</span> <span class='ocrx_word' id='word_1_709' title='bbox 747 4693 1029 4761; x_wconf 90' lang='lat' dir='ltr'>invocare,</span> <span class='ocrx_word' id='word_1_710' title='bbox 1056 4693 1331 4766; x_wconf 86' lang='lat' dir='ltr'>quoniam</span> <span class='ocrx_word' id='word_1_711' title='bbox 1373 4698 1796 4767; x_wconf 87' lang='lat' dir='ltr'>angustanturr</span> <span class='ocrx_word' id='word_1_712' title='bbox 1818 4700 2058 4768; x_wconf 87' lang='lat' dir='ltr'>guttura</span> 
     </span>
    </p>
   </div>
   <div class='ocr_carea' id='block_1_98' title="bbox 407 4782 2048 4858">
    <p class='ocr_par' dir='ltr' id='par_1_98' title="bbox 407 4782 2048 4858">
     <span class='ocr_line' id='line_1_99' title="bbox 407 4782 2048 4858; baseline 0 -18"><span class='ocrx_word' id='word_1_713' title='bbox 407 4784 672 4858; x_wconf 90' lang='lat' dir='ltr'>ipsorum</span> <span class='ocrx_word' id='word_1_714' title='bbox 703 4782 1087 4855; x_wconf 75' lang='lat' dir='ltr'>inextricabili</span> <span class='ocrx_word' id='word_1_715' title='bbox 1129 4783 1337 4855; x_wconf 89' lang='lat' dir='ltr'>laqueo</span> <span class='ocrx_word' id='word_1_716' title='bbox 1376 4783 1648 4855; x_wconf 66' lang='lat' dir='ltr'>perfidiae.</span> <span class='ocrx_word' id='word_1_717' title='bbox 1694 4785 1881 4840; x_wconf 85' lang='lat' dir='ltr'>Etnim</span> <span class='ocrx_word' id='word_1_718' title='bbox 1905 4802 2048 4856; x_wconf 92' lang='lat' dir='ltr'>quo-</span> 
     </span>
    </p>
   </div>
   <div class='ocr_carea' id='block_1_99' title="bbox 408 4871 2059 4943">
    <p class='ocr_par' dir='ltr' id='par_1_99' title="bbox 408 4871 2059 4943">
     <span class='ocr_line' id='line_1_100' title="bbox 408 4871 2059 4943; baseline -0.001 -14"><span class='ocrx_word' id='word_1_719' title='bbox 408 4872 581 4929; x_wconf 92' lang='lat' dir='ltr'>modo</span> <span class='ocrx_word' id='word_1_720' title='bbox 602 4871 957 4928; x_wconf 88' lang='lat' dir='ltr'>invocabunt</span> <span class='ocrx_word' id='word_1_721' title='bbox 977 4872 1034 4925; x_wconf 89' lang='lat' dir='ltr'>in</span> <span class='ocrx_word' id='word_1_722' title='bbox 1060 4887 1235 4943; x_wconf 89' lang='lat' dir='ltr'>quem</span> <span class='ocrx_word' id='word_1_723' title='bbox 1257 4888 1370 4925; x_wconf 91' lang='lat' dir='ltr'>non</span> <span class='ocrx_word' id='word_1_724' title='bbox 1390 4871 1808 4927; x_wconf 81' lang='lat' dir='ltr'>crediderunt?</span> <span class='ocrx_word' id='word_1_725' title='bbox 1826 4873 1926 4927; x_wconf 90' lang='lat' dir='ltr'>sed</span> <span class='ocrx_word' id='word_1_726' title='bbox 1948 4874 2059 4927; x_wconf 86' lang='lat' dir='ltr'>t‘or-</span> 
     </span>
    </p>
   </div>
   <div class='ocr_carea' id='block_1_100' title="bbox 410 4959 2060 5031">
    <p class='ocr_par' dir='ltr' id='par_1_100' title="bbox 410 4959 2060 5031">
     <span class='ocr_line' id='line_1_101' title="bbox 410 4959 2060 5031; baseline -0.001 -12"><span class='ocrx_word' id='word_1_727' title='bbox 410 4979 514 5019; x_wconf 90' lang='lat' dir='ltr'>san</span> <span class='ocrx_word' id='word_1_728' title='bbox 539 4961 758 5017; x_wconf 90' lang='lat' dir='ltr'>cervice</span> <span class='ocrx_word' id='word_1_729' title='bbox 799 4962 984 5017; x_wconf 86' lang='lat' dir='ltr'>ferrea</span> <span class='ocrx_word' id='word_1_730' title='bbox 1002 4959 1192 5015; x_wconf 88' lang='lat' dir='ltr'>adhuc</span> <span class='ocrx_word' id='word_1_731' title='bbox 1237 4959 1563 5031; x_wconf 85' lang='lat' dir='ltr'>pertinaces</span> <span class='ocrx_word' id='word_1_732' title='bbox 1602 4965 1657 5016; x_wconf 90' lang='lat' dir='ltr'>et</span> <span class='ocrx_word' id='word_1_733' title='bbox 1680 4962 1864 5016; x_wconf 83' lang='lat' dir='ltr'>fronte</span> <span class='ocrx_word' id='word_1_734' title='bbox 1902 4978 2060 5017; x_wconf 61' lang='lat' dir='ltr'>renes.</span> 
     </span>
    </p>
   </div>
   <div class='ocr_carea' id='block_1_101' title="bbox 409 5048 2057 5123">
    <p class='ocr_par' dir='ltr' id='par_1_101' title="bbox 409 5048 2057 5123">
     <span class='ocr_line' id='line_1_102' title="bbox 409 5048 2057 5123; baseline 0 -17"><span class='ocrx_word' id='word_1_735' title='bbox 409 5050 784 5123; x_wconf 87' lang='lat' dir='ltr'>impudentes</span> <span class='ocrx_word' id='word_1_736' title='bbox 802 5049 1093 5106; x_wconf 86' lang='lat' dir='ltr'>obstinate</span> <span class='ocrx_word' id='word_1_737' title='bbox 1109 5049 1468 5105; x_wconf 88' lang='lat' dir='ltr'>contendunt</span> <span class='ocrx_word' id='word_1_738' title='bbox 1485 5065 1545 5104; x_wconf 89' lang='lat' dir='ltr'>se</span> <span class='ocrx_word' id='word_1_739' title='bbox 1577 5048 1861 5104; x_wconf 88' lang='lat' dir='ltr'>catholico</span> <span class='ocrx_word' id='word_1_740' title='bbox 1880 5066 2057 5106; x_wconf 90' lang='lat' dir='ltr'>sensu</span> 
     </span>
    </p>
   </div>
   <div class='ocr_carea' id='block_1_102' title="bbox 409 5136 2055 5209">
    <p class='ocr_par' dir='ltr' id='par_1_102' title="bbox 409 5136 2055 5209">
     <span class='ocr_line' id='line_1_103' title="bbox 409 5136 2055 5209; baseline -0.001 -14"><span class='ocrx_word' id='word_1_741' title='bbox 409 5140 644 5196; x_wconf 88' lang='lat' dir='ltr'>credere</span> <span class='ocrx_word' id='word_1_742' title='bbox 673 5140 731 5194; x_wconf 92' lang='lat' dir='ltr'>in</span> <span class='ocrx_word' id='word_1_743' title='bbox 759 5144 959 5207; x_wconf 89' lang='lat' dir='ltr'>Deum,</span> <span class='ocrx_word' id='word_1_744' title='bbox 992 5137 1126 5194; x_wconf 88' lang='lat' dir='ltr'>licet</span> <span class='ocrx_word' id='word_1_745' title='bbox 1167 5137 1422 5193; x_wconf 86' lang='lat' dir='ltr'>vendant</span> <span class='ocrx_word' id='word_1_746' title='bbox 1451 5136 1730 5209; x_wconf 88' lang='lat' dir='ltr'>Spiritum</span> <span class='ocrx_word' id='word_1_747' title='bbox 1765 5143 2055 5193; x_wconf 88' lang='lat' dir='ltr'>sanctum.</span> 
     </span>
    </p>
   </div>
   <div class='ocr_carea' id='block_1_103' title="bbox 407 5226 2058 5301">
    <p class='ocr_par' dir='ltr' id='par_1_103' title="bbox 407 5226 2058 5301">
     <span class='ocr_line' id='line_1_104' title="bbox 407 5226 2058 5301; baseline -0.001 -16"><span class='ocrx_word' id='word_1_748' title='bbox 407 5228 707 5301; x_wconf 83' lang='lat' dir='ltr'>Vestigent</span> <span class='ocrx_word' id='word_1_749' title='bbox 729 5244 884 5301; x_wconf 89' lang='lat' dir='ltr'>ergo,</span> <span class='ocrx_word' id='word_1_750' title='bbox 912 5230 1198 5299; x_wconf 91' lang='lat' dir='ltr'>quotquot</span> <span class='ocrx_word' id='word_1_751' title='bbox 1219 5226 1408 5282; x_wconf 91' lang='lat' dir='ltr'>modis</span> <span class='ocrx_word' id='word_1_752' title='bbox 1436 5232 1699 5298; x_wconf 89' lang='lat' dir='ltr'>possunt,</span> <span class='ocrx_word' id='word_1_753' title='bbox 1738 5243 1940 5283; x_wconf 89' lang='lat' dir='ltr'>omnes</span> <span class='ocrx_word' id='word_1_754' title='bbox 1970 5227 2058 5283; x_wconf 83' lang='lat' dir='ltr'>la-</span> 
     </span>
    </p>
   </div>
   <div class='ocr_carea' id='block_1_104' title="bbox 409 5314 2057 5389">
    <p class='ocr_par' dir='ltr' id='par_1_104' title="bbox 409 5314 2057 5389">
     <span class='ocr_line' id='line_1_105' title="bbox 409 5314 2057 5389; baseline -0.001 -18"><span class='ocrx_word' id='word_1_755' title='bbox 409 5316 606 5372; x_wconf 89' lang='lat' dir='ltr'>tebras</span> <span class='ocrx_word' id='word_1_756' title='bbox 630 5315 787 5372; x_wconf 90' lang='lat' dir='ltr'>illius</span> <span class='ocrx_word' id='word_1_757' title='bbox 809 5316 983 5389; x_wconf 87' lang='lat' dir='ltr'>primi</span> <span class='ocrx_word' id='word_1_758' title='bbox 1006 5314 1260 5371; x_wconf 89' lang='lat' dir='ltr'>auctoris</span> <span class='ocrx_word' id='word_1_759' title='bbox 1282 5315 1375 5370; x_wconf 91' lang='lat' dir='ltr'>sui</span> <span class='ocrx_word' id='word_1_760' title='bbox 1397 5314 1454 5368; x_wconf 89' lang='lat' dir='ltr'>in</span> <span class='ocrx_word' id='word_1_761' title='bbox 1478 5314 1808 5371; x_wconf 80' lang='lat' dir='ltr'>venditione</span> <span class='ocrx_word' id='word_1_762' title='bbox 1831 5316 2057 5372; x_wconf 89' lang='lat' dir='ltr'>Domini</span> 
     </span>
    </p>
   </div>
   <div class='ocr_carea' id='block_1_105' title="bbox 409 5403 2057 5476">
    <p class='ocr_par' dir='ltr' id='par_1_105' title="bbox 409 5403 2057 5476">
     <span class='ocr_line' id='line_1_106' title="bbox 409 5403 2057 5476; baseline -0.001 -15"><span class='ocrx_word' id='word_1_763' title='bbox 409 5403 534 5473; x_wconf 89' lang='lat' dir='ltr'>Dei,</span> <span class='ocrx_word' id='word_1_764' title='bbox 557 5408 615 5461; x_wconf 88' lang='lat' dir='ltr'>et</span> <span class='ocrx_word' id='word_1_765' title='bbox 638 5406 945 5476; x_wconf 63' lang='lat' dir='ltr'>praeferant</span> <span class='ocrx_word' id='word_1_766' title='bbox 962 5404 1145 5459; x_wconf 90' lang='lat' dir='ltr'>sicubi</span> <span class='ocrx_word' id='word_1_767' title='bbox 1167 5403 1486 5475; x_wconf 89' lang='lat' dir='ltr'>repererint</span> <span class='ocrx_word' id='word_1_768' title='bbox 1506 5420 1636 5459; x_wconf 89' lang='lat' dir='ltr'>eum</span> <span class='ocrx_word' id='word_1_769' title='bbox 1657 5404 1976 5460; x_wconf 89' lang='lat' dir='ltr'>credidisse</span> <span class='ocrx_word' id='word_1_770' title='bbox 1997 5406 2057 5459; x_wconf 89' lang='lat' dir='ltr'>in</span> 
     </span>
    </p>
   </div>
   <div class='ocr_carea' id='block_1_106' title="bbox 408 5491 2055 5568">
    <p class='ocr_par' dir='ltr' id='par_1_106' title="bbox 408 5491 2055 5568">
     <span class='ocr_line' id='line_1_107' title="bbox 408 5491 2055 5568; baseline 0 -20"><span class='ocrx_word' id='word_1_771' title='bbox 408 5491 612 5549; x_wconf 86' lang='lat' dir='ltr'>Jesum</span> <span class='ocrx_word' id='word_1_772' title='bbox 641 5508 709 5548; x_wconf 87' lang='lat' dir='ltr'>ex</span> <span class='ocrx_word' id='word_1_773' title='bbox 738 5509 853 5568; x_wconf 92' lang='lat' dir='ltr'>quo</span> <span class='ocrx_word' id='word_1_774' title='bbox 883 5493 1130 5549; x_wconf 86' lang='lat' dir='ltr'>Satanas</span> <span class='ocrx_word' id='word_1_775' title='bbox 1160 5491 1397 5548; x_wconf 84' lang='lat' dir='ltr'>intravit</span> <span class='ocrx_word' id='word_1_776' title='bbox 1426 5508 1525 5547; x_wconf 94' lang='lat' dir='ltr'>cor</span> <span class='ocrx_word' id='word_1_777' title='bbox 1548 5492 1676 5563; x_wconf 91' lang='lat' dir='ltr'>ejus</span> <span class='ocrx_word' id='word_1_778' title='bbox 1706 5493 1779 5547; x_wconf 91' lang='lat' dir='ltr'>ad</span> <span class='ocrx_word' id='word_1_779' title='bbox 1809 5493 2055 5567; x_wconf 90' lang='lat' dir='ltr'>proden-</span> 
     </span>
    </p>
   </div>
   <div class='ocr_carea' id='block_1_107' title="bbox 414 5579 2056 5657">
    <p class='ocr_par' dir='ltr' id='par_1_107' title="bbox 414 5579 2056 5657">
     <span class='ocr_line' id='line_1_108' title="bbox 414 5579 2056 5657; baseline 0.004 -19"><span class='ocrx_word' id='word_1_780' title='bbox 414 5580 554 5639; x_wconf 83' lang='lat' dir='ltr'>dum</span> <span class='ocrx_word' id='word_1_781' title='bbox 584 5579 774 5641; x_wconf 84' lang='lat' dir='ltr'>illum.</span> <span class='ocrx_word' id='word_1_782' title='bbox 806 5582 870 5639; x_wconf 88' lang='lat' dir='ltr'>In</span> <span class='ocrx_word' id='word_1_783' title='bbox 901 5596 1077 5654; x_wconf 85' lang='lat' dir='ltr'>quem</span> <span class='ocrx_word' id='word_1_784' title='bbox 1106 5579 1155 5638; x_wconf 89' lang='lat' dir='ltr'>si</span> <span class='ocrx_word' id='word_1_785' title='bbox 1176 5579 1437 5655; x_wconf 88' lang='lat' dir='ltr'>quolibet</span> <span class='ocrx_word' id='word_1_786' title='bbox 1459 5581 1629 5640; x_wconf 86' lang='lat' dir='ltr'>modo</span> <span class='ocrx_word' id='word_1_787' title='bbox 1650 5581 1930 5657; x_wconf 88' lang='lat' dir='ltr'>crederet,</span> <span class='ocrx_word' id='word_1_788' title='bbox 1956 5600 2056 5645; x_wconf 84' lang='lat' dir='ltr'>ne-</span> 
     </span>
    </p>
   </div>
   <div class='ocr_carea' id='block_1_108' title="bbox 2171 4601 3829 4680">
    <p class='ocr_par' dir='ltr' id='par_1_108' title="bbox 2171 4601 3829 4680">
     <span class='ocr_line' id='line_1_109' title="bbox 2171 4601 3829 4680; baseline -0.002 -17"><span class='ocrx_word' id='word_1_789' title='bbox 2171 4608 2418 4680; x_wconf 88' lang='lat' dir='ltr'>pertinet</span> <span class='ocrx_word' id='word_1_790' title='bbox 2438 4606 2589 4662; x_wconf 88' lang='lat' dir='ltr'>istud</span> <span class='ocrx_word' id='word_1_791' title='bbox 2613 4607 2912 4675; x_wconf 88' lang='lat' dir='ltr'>peccatum</span> <span class='ocrx_word' id='word_1_792' title='bbox 2933 4605 3125 4669; x_wconf 90' lang='lat' dir='ltr'>tuum,</span> <span class='ocrx_word' id='word_1_793' title='bbox 3154 4601 3253 4675; x_wconf 91' lang='lat' dir='ltr'>qui</span> <span class='ocrx_word' id='word_1_794' title='bbox 3277 4601 3651 4658; x_wconf 88' lang='lat' dir='ltr'>solummodo</span> <span class='ocrx_word' id='word_1_795' title='bbox 3683 4602 3829 4659; x_wconf 88' lang='lat' dir='ltr'>emi-</span> 
     </span>
    </p>
   </div>
   <div class='ocr_carea' id='block_1_109' title="bbox 2168 4690 3819 4768">
    <p class='ocr_par' dir='ltr' id='par_1_109' title="bbox 2168 4690 3819 4768">
     <span class='ocr_line' id='line_1_110' title="bbox 2168 4690 3819 4768; baseline -0.004 -14"><span class='ocrx_word' id='word_1_796' title='bbox 2168 4714 2300 4755; x_wconf 87' lang='lat' dir='ltr'>mus</span> <span class='ocrx_word' id='word_1_797' title='bbox 2332 4712 2503 4768; x_wconf 90' lang='lat' dir='ltr'>quem</span> <span class='ocrx_word' id='word_1_798' title='bbox 2533 4690 2889 4748; x_wconf 85' lang='lat' dir='ltr'>vendidisti?</span> <span class='ocrx_word' id='word_1_799' title='bbox 2921 4692 3005 4746; x_wconf 90' lang='lat' dir='ltr'>Tu</span> <span class='ocrx_word' id='word_1_800' title='bbox 3037 4690 3197 4746; x_wconf 90' lang='lat' dir='ltr'>vides</span> <span class='ocrx_word' id='word_1_801' title='bbox 3242 4691 3385 4762; x_wconf 91' lang='lat' dir='ltr'>quid</span> <span class='ocrx_word' id='word_1_802' title='bbox 3416 4690 3639 4758; x_wconf 88' lang='lat' dir='ltr'>feceris,</span> <span class='ocrx_word' id='word_1_803' title='bbox 3675 4692 3819 4763; x_wconf 90' lang='lat' dir='ltr'>quia</span> 
     </span>
    </p>
   </div>
   <div class='ocr_carea' id='block_1_110' title="bbox 2170 4780 3827 4856">
    <p class='ocr_par' dir='ltr' id='par_1_110' title="bbox 2170 4780 3827 4856">
     <span class='ocr_line' id='line_1_111' title="bbox 2170 4780 3827 4856; baseline -0.004 -16"><span class='ocrx_word' id='word_1_804' title='bbox 2170 4802 2296 4852; x_wconf 91' lang='lat' dir='ltr'>nos,</span> <span class='ocrx_word' id='word_1_805' title='bbox 2330 4800 2501 4856; x_wconf 90' lang='lat' dir='ltr'>quem</span> <span class='ocrx_word' id='word_1_806' title='bbox 2533 4784 2796 4851; x_wconf 87' lang='lat' dir='ltr'>emptum</span> <span class='ocrx_word' id='word_1_807' title='bbox 2821 4783 2877 4835; x_wconf 92' lang='lat' dir='ltr'>et</span> <span class='ocrx_word' id='word_1_808' title='bbox 2907 4780 3189 4836; x_wconf 89' lang='lat' dir='ltr'>traditum</span> <span class='ocrx_word' id='word_1_809' title='bbox 3220 4784 3351 4852; x_wconf 88' lang='lat' dir='ltr'>apte</span> <span class='ocrx_word' id='word_1_810' title='bbox 3395 4780 3732 4852; x_wconf 91' lang='lat' dir='ltr'>accepimus</span> <span class='ocrx_word' id='word_1_811' title='bbox 3762 4783 3827 4836; x_wconf 86' lang='lat' dir='ltr'>et</span> 
     </span>
    </p>
   </div>
   <div class='ocr_carea' id='block_1_111' title="bbox 2168 4868 3829 4940">
    <p class='ocr_par' dir='ltr' id='par_1_111' title="bbox 2168 4868 3829 4940">
     <span class='ocr_line' id='line_1_112' title="bbox 2168 4868 3829 4940; baseline -0.002 -14"><span class='ocrx_word' id='word_1_812' title='bbox 2168 4878 2457 4936; x_wconf 82' lang='lat' dir='ltr'>tenemus,</span> <span class='ocrx_word' id='word_1_813' title='bbox 2490 4887 2606 4925; x_wconf 90' lang='lat' dir='ltr'>non</span> <span class='ocrx_word' id='word_1_814' title='bbox 2646 4868 3037 4925; x_wconf 90' lang='lat' dir='ltr'>dimittemus.</span> <span class='ocrx_word' id='word_1_815' title='bbox 3071 4869 3273 4924; x_wconf 91' lang='lat' dir='ltr'>Nonne</span> <span class='ocrx_word' id='word_1_816' title='bbox 3303 4868 3413 4923; x_wconf 89' lang='lat' dir='ltr'>hac</span> <span class='ocrx_word' id='word_1_817' title='bbox 3437 4868 3829 4940; x_wconf 86' lang='lat' dir='ltr'>responsione</span> 
     </span>
    </p>
   </div>
   <div class='ocr_carea' id='block_1_112' title="bbox 2169 4957 3823 5032">
    <p class='ocr_par' dir='ltr' id='par_1_112' title="bbox 2169 4957 3823 5032">
     <span class='ocr_line' id='line_1_113' title="bbox 2169 4957 3823 5032; baseline -0.002 -17"><span class='ocrx_word' id='word_1_818' title='bbox 2169 4960 2438 5032; x_wconf 75' lang='lat' dir='ltr'>quotidie</span> <span class='ocrx_word' id='word_1_819' title='bbox 2459 4958 2771 5013; x_wconf 87' lang='lat' dir='ltr'>Simoniaci</span> <span class='ocrx_word' id='word_1_820' title='bbox 2807 4963 3074 5025; x_wconf 88' lang='lat' dir='ltr'>utuntur,</span> <span class='ocrx_word' id='word_1_821' title='bbox 3110 4957 3582 5029; x_wconf 76' lang='lat' dir='ltr'>quandocumque</span> <span class='ocrx_word' id='word_1_822' title='bbox 3611 4973 3823 5012; x_wconf 91' lang='lat' dir='ltr'>eorum</span> 
     </span>
    </p>
   </div>
   <div class='ocr_carea' id='block_1_113' title="bbox 2169 5044 3826 5120">
    <p class='ocr_par' dir='ltr' id='par_1_113' title="bbox 2169 5044 3826 5120">
     <span class='ocr_line' id='line_1_114' title="bbox 2169 5044 3826 5120; baseline -0.002 -15"><span class='ocrx_word' id='word_1_823' title='bbox 2169 5047 2452 5120; x_wconf 89' lang='lat' dir='ltr'>sacrilega</span> <span class='ocrx_word' id='word_1_824' title='bbox 2471 5045 2760 5103; x_wconf 88' lang='lat' dir='ltr'>ordinatio</span> <span class='ocrx_word' id='word_1_825' title='bbox 2785 5048 3131 5118; x_wconf 80' lang='lat' dir='ltr'>reprobatur</span> <span class='ocrx_word' id='word_1_826' title='bbox 3150 5046 3177 5100; x_wconf 66' lang='lat'>‘2</span> <span class='ocrx_word' id='word_1_827' title='bbox 3200 5044 3344 5108; x_wconf 87' lang='lat' dir='ltr'>Quid</span> <span class='ocrx_word' id='word_1_828' title='bbox 3371 5045 3443 5100; x_wconf 88' lang='lat' dir='ltr'>ad</span> <span class='ocrx_word' id='word_1_829' title='bbox 3472 5061 3576 5101; x_wconf 89' lang='lat' dir='ltr'>nos</span> <span class='ocrx_word' id='word_1_830' title='bbox 3597 5044 3826 5101; x_wconf 88' lang='lat' dir='ltr'>crimen</span> 
     </span>
    </p>
   </div>
   <div class='ocr_carea' id='block_1_114' title="bbox 2168 5133 3828 5207">
    <p class='ocr_par' dir='ltr' id='par_1_114' title="bbox 2168 5133 3828 5207">
     <span class='ocr_line' id='line_1_115' title="bbox 2168 5133 3828 5207; baseline -0.002 -15"><span class='ocrx_word' id='word_1_831' title='bbox 2168 5136 2513 5192; x_wconf 58' lang='lat' dir='ltr'>Simoniaca&#39;</span> <span class='ocrx_word' id='word_1_832' title='bbox 2536 5135 2823 5192; x_wconf 67' lang='lat' dir='ltr'>haereseos</span> <span class='ocrx_word' id='word_1_833' title='bbox 2847 5135 2874 5190; x_wconf 83' lang='lat'><strong>?</strong></span> <span class='ocrx_word' id='word_1_834' title='bbox 2894 5136 3142 5191; x_wconf 90' lang='lat' dir='ltr'>Videant</span> <span class='ocrx_word' id='word_1_835' title='bbox 3160 5133 3243 5189; x_wconf 88' lang='lat' dir='ltr'>illi</span> <span class='ocrx_word' id='word_1_836' title='bbox 3265 5133 3406 5206; x_wconf 93' lang='lat' dir='ltr'>quid</span> <span class='ocrx_word' id='word_1_837' title='bbox 3435 5134 3693 5204; x_wconf 86' lang='lat' dir='ltr'>fecerint,</span> <span class='ocrx_word' id='word_1_838' title='bbox 3717 5133 3828 5207; x_wconf 87' lang='lat' dir='ltr'>qui</span> 
     </span>
    </p>
   </div>
   <div class='ocr_carea' id='block_1_115' title="bbox 2168 5222 3827 5297">
    <p class='ocr_par' dir='ltr' id='par_1_115' title="bbox 2168 5222 3827 5297">
     <span class='ocr_line' id='line_1_116' title="bbox 2168 5222 3827 5297; baseline -0.001 -17"><span class='ocrx_word' id='word_1_839' title='bbox 2168 5226 2337 5281; x_wconf 91' lang='lat' dir='ltr'>nobis</span> <span class='ocrx_word' id='word_1_840' title='bbox 2367 5224 2731 5297; x_wconf 90' lang='lat' dir='ltr'>spiritualcm</span> <span class='ocrx_word' id='word_1_841' title='bbox 2764 5225 3010 5297; x_wconf 87' lang='lat' dir='ltr'>gratiam</span> <span class='ocrx_word' id='word_1_842' title='bbox 3043 5223 3434 5279; x_wconf 88' lang='lat' dir='ltr'>vendiderunt</span> <span class='ocrx_word' id='word_1_843' title='bbox 3475 5226 3533 5278; x_wconf 88' lang='lat' dir='ltr'>et</span> <span class='ocrx_word' id='word_1_844' title='bbox 3562 5222 3827 5279; x_wconf 89' lang='lat' dir='ltr'>tradide-</span> 
     </span>
    </p>
   </div>
   <div class='ocr_carea' id='block_1_116' title="bbox 2168 5310 3833 5387">
    <p class='ocr_par' dir='ltr' id='par_1_116' title="bbox 2168 5310 3833 5387">
     <span class='ocr_line' id='line_1_117' title="bbox 2168 5310 3833 5387; baseline -0.001 -18"><span class='ocrx_word' id='word_1_845' title='bbox 2168 5318 2324 5379; x_wconf 84' lang='lat' dir='ltr'>runt,</span> <span class='ocrx_word' id='word_1_846' title='bbox 2349 5314 2488 5387; x_wconf 90' lang='lat' dir='ltr'>quia</span> <span class='ocrx_word' id='word_1_847' title='bbox 2509 5314 2664 5386; x_wconf 88' lang='lat' dir='ltr'>quod</span> <span class='ocrx_word' id='word_1_848' title='bbox 2691 5312 2871 5369; x_wconf 89' lang='lat' dir='ltr'>semel</span> <span class='ocrx_word' id='word_1_849' title='bbox 2894 5312 3227 5385; x_wconf 88' lang='lat' dir='ltr'>accepimus</span> <span class='ocrx_word' id='word_1_850' title='bbox 3249 5315 3541 5377; x_wconf 89' lang='lat' dir='ltr'>tenemus,</span> <span class='ocrx_word' id='word_1_851' title='bbox 3565 5327 3671 5367; x_wconf 89' lang='lat' dir='ltr'>nec</span> <span class='ocrx_word' id='word_1_852' title='bbox 3698 5310 3833 5368; x_wconf 81' lang='lat' dir='ltr'>ofﬂ-</span> 
     </span>
    </p>
   </div>
   <div class='ocr_carea' id='block_1_117' title="bbox 2168 5401 3827 5473">
    <p class='ocr_par' dir='ltr' id='par_1_117' title="bbox 2168 5401 3827 5473">
     <span class='ocr_line' id='line_1_118' title="bbox 2168 5401 3827 5473; baseline -0.001 -14"><span class='ocrx_word' id='word_1_853' title='bbox 2168 5403 2325 5459; x_wconf 91' lang='lat' dir='ltr'>cium</span> <span class='ocrx_word' id='word_1_854' title='bbox 2360 5408 2630 5460; x_wconf 90' lang='lat' dir='ltr'>nostrum</span> <span class='ocrx_word' id='word_1_855' title='bbox 2658 5401 3071 5458; x_wconf 76' lang='lat' dir='ltr'>dimittamus?</span> <span class='ocrx_word' id='word_1_856' title='bbox 3110 5402 3156 5456; x_wconf 91' lang='lat' dir='ltr'><strong>A</strong></span> <span class='ocrx_word' id='word_1_857' title='bbox 3185 5416 3438 5473; x_wconf 91' lang='lat' dir='ltr'>quorum</span> <span class='ocrx_word' id='word_1_858' title='bbox 3464 5404 3621 5457; x_wconf 88' lang='lat' dir='ltr'>sorte</span> <span class='ocrx_word' id='word_1_859' title='bbox 3651 5415 3726 5457; x_wconf 90' lang='lat' dir='ltr'>ne</span> <span class='ocrx_word' id='word_1_860' title='bbox 3759 5415 3827 5457; x_wconf 89' lang='lat' dir='ltr'>se</span> 
     </span>
    </p>
   </div>
   <div class='ocr_carea' id='block_1_118' title="bbox 2169 5488 3833 5569">
    <p class='ocr_par' dir='ltr' id='par_1_118' title="bbox 2169 5488 3833 5569">
     <span class='ocr_line' id='line_1_119' title="bbox 2169 5488 3833 5569; baseline -0.002 -19"><span class='ocrx_word' id='word_1_861' title='bbox 2169 5497 2376 5569; x_wconf 89' lang='lat' dir='ltr'>putent</span> <span class='ocrx_word' id='word_1_862' title='bbox 2413 5498 2707 5567; x_wconf 89' lang='lat' dir='ltr'>exceptos,</span> <span class='ocrx_word' id='word_1_863' title='bbox 2745 5491 3012 5566; x_wconf 91' lang='lat' dir='ltr'>quamvis</span> <span class='ocrx_word' id='word_1_864' title='bbox 3041 5489 3224 5546; x_wconf 90' lang='lat' dir='ltr'>multo</span> <span class='ocrx_word' id='word_1_865' title='bbox 3255 5488 3681 5547; x_wconf 90' lang='lat' dir='ltr'>tolerabiliores</span> <span class='ocrx_word' id='word_1_866' title='bbox 3702 5489 3833 5547; x_wconf 85' lang='lat' dir='ltr'>sint</span> 
     </span>
    </p>
   </div>
   <div class='ocr_carea' id='block_1_119' title="bbox 2168 5579 3832 5662">
    <p class='ocr_par' dir='ltr' id='par_1_119' title="bbox 2168 5579 3832 5662">
     <span class='ocr_line' id='line_1_120' title="bbox 2168 5579 3832 5662; baseline 0.001 -21"><span class='ocrx_word' id='word_1_867' title='bbox 2168 5584 2287 5659; x_wconf 87' lang='lat' dir='ltr'>isti,</span> <span class='ocrx_word' id='word_1_868' title='bbox 2310 5583 2411 5662; x_wconf 88' lang='lat' dir='ltr'>qui</span> <span class='ocrx_word' id='word_1_869' title='bbox 2432 5584 2504 5645; x_wconf 86' lang='lat' dir='ltr'>ab</span> <span class='ocrx_word' id='word_1_870' title='bbox 2526 5583 2889 5660; x_wconf 86' lang='lat' dir='ltr'>emptoribus</span> <span class='ocrx_word' id='word_1_871' title='bbox 2918 5580 3117 5659; x_wconf 77' lang='lat' dir='ltr'>gratiae</span> <span class='ocrx_word' id='word_1_872' title='bbox 3153 5579 3336 5660; x_wconf 81' lang='lat' dir='ltr'>gratis</span> <span class='ocrx_word' id='word_1_873' title='bbox 3354 5582 3725 5658; x_wconf 81' lang='lat' dir='ltr'>acceperunt,</span> <span class='ocrx_word' id='word_1_874' title='bbox 3758 5582 3832 5642; x_wconf 80' lang='lat' dir='ltr'>ut</span> 
     </span>
    </p>
   </div>
  </div>
