  <div class='ocr_page' id='page_1' title='image "/cluster/home/n/w/nwhite01/storage/ocr_20150623/143/uva.x000829790/574.png"; bbox 0 0 4004 6210; ppageno 0'>
   <div class='ocr_carea' id='block_1_1' title="bbox 196 353 343 415">
    <p class='ocr_par' dir='ltr' id='par_1_1' title="bbox 196 353 343 415">
     <span class='ocr_line' id='line_1_1' title="bbox 196 353 343 415; baseline 0.02 -3"><span class='ocrx_word' id='word_1_1' title='bbox 196 353 343 415; x_wconf 77' lang='grc'><strong>1101</strong></span> 
     </span>
    </p>
   </div>
   <div class='ocr_carea' id='block_1_2' title="bbox 752 341 3026 415">
    <p class='ocr_par' dir='ltr' id='par_1_2' title="bbox 752 341 3026 415">
     <span class='ocr_line' id='line_1_2' title="bbox 752 341 3026 415; baseline -0.003 -2"><span class='ocrx_word' id='word_1_2' title='bbox 752 351 1166 415; x_wconf 77' lang='lat' dir='ltr'>ADVERSUS</span> <span class='ocrx_word' id='word_1_3' title='bbox 1214 349 1678 414; x_wconf 85' lang='lat' dir='ltr'>SlMONlACOS</span> <span class='ocrx_word' id='word_1_4' title='bbox 1724 347 1923 409; x_wconf 83' lang='lat' dir='ltr'>LIBRI</span> <span class='ocrx_word' id='word_1_5' title='bbox 1969 345 2193 407; x_wconf 79' lang='lat' dir='ltr'>TRES.</span> <span class='ocrx_word' id='word_1_6' title='bbox 2222 341 2551 404; x_wconf 78' lang='lat' dir='ltr'>—-LIBER</span> <span class='ocrx_word' id='word_1_7' title='bbox 2596 341 3026 406; x_wconf 84' lang='lat' dir='ltr'>SECUNDUS.</span> 
     </span>
    </p>
   </div>
   <div class='ocr_carea' id='block_1_3' title="bbox 3437 351 3591 412">
    <p class='ocr_par' dir='ltr' id='par_1_3' title="bbox 3437 351 3591 412">
     <span class='ocr_line' id='line_1_3' title="bbox 3437 351 3591 412; baseline 0.026 -4"><span class='ocrx_word' id='word_1_8' title='bbox 3437 351 3591 412; x_wconf 77' lang='grc'><strong>1102</strong></span> 
     </span>
    </p>
   </div>
   <div class='ocr_carea' id='block_1_4' title="bbox 199 477 3594 558">
    <p class='ocr_par' dir='ltr' id='par_1_4' title="bbox 199 477 3594 558">
     <span class='ocr_line' id='line_1_4' title="bbox 199 477 3594 558; baseline -0.001 -16"><span class='ocrx_word' id='word_1_9' title='bbox 199 491 460 558; x_wconf 77' lang='lat' dir='ltr'>putatur,</span> <span class='ocrx_word' id='word_1_10' title='bbox 491 487 739 558; x_wconf 79' lang='lat' dir='ltr'>gratiam</span> <span class='ocrx_word' id='word_1_11' title='bbox 768 486 1290 542; x_wconf 92' lang='lat' dir='ltr'>ecclesiasticorum</span> <span class='ocrx_word' id='word_1_12' title='bbox 1320 484 1614 549; x_wconf 84' lang='lat' dir='ltr'>ordinum,</span> <span class='ocrx_word' id='word_1_13' title='bbox 1649 481 1839 536; x_wconf 86' lang='lat' dir='ltr'>consi-</span> <span class='ocrx_word' id='word_1_14' title='bbox 1869 485 1925 546; x_wconf 79' lang='grc' dir='ltr'>Α</span> <span class='ocrx_word' id='word_1_15' title='bbox 1953 478 2089 532; x_wconf 85' lang='lat' dir='ltr'>dicti</span> <span class='ocrx_word' id='word_1_16' title='bbox 2119 483 2276 542; x_wconf 88' lang='lat' dir='ltr'>sunt,</span> <span class='ocrx_word' id='word_1_17' title='bbox 2308 477 2405 547; x_wconf 88' lang='lat' dir='ltr'>qui</span> <span class='ocrx_word' id='word_1_18' title='bbox 2450 493 2583 530; x_wconf 76' lang='lat' dir='ltr'>eum</span> <span class='ocrx_word' id='word_1_19' title='bbox 2635 493 2748 530; x_wconf 89' lang='lat' dir='ltr'>non</span> <span class='ocrx_word' id='word_1_20' title='bbox 2797 477 3094 531; x_wconf 87' lang='lat' dir='ltr'>credentes</span> <span class='ocrx_word' id='word_1_21' title='bbox 3124 478 3210 532; x_wconf 87' lang='lat' dir='ltr'>vel</span> <span class='ocrx_word' id='word_1_22' title='bbox 3259 480 3594 539; x_wconf 78' lang='lat' dir='ltr'>dubitantes</span> 
     </span>
    </p>
   </div>
   <div class='ocr_carea' id='block_1_5' title="bbox 199 573 1842 646">
    <p class='ocr_par' dir='ltr' id='par_1_5' title="bbox 199 573 1842 646">
     <span class='ocr_line' id='line_1_5' title="bbox 199 573 1842 646; baseline -0.005 -16"><span class='ocrx_word' id='word_1_23' title='bbox 199 575 402 630; x_wconf 88' lang='lat' dir='ltr'>derent</span> <span class='ocrx_word' id='word_1_24' title='bbox 421 575 572 646; x_wconf 91' lang='lat' dir='ltr'>quod</span> <span class='ocrx_word' id='word_1_25' title='bbox 593 574 882 646; x_wconf 83' lang='lat' dir='ltr'>principes</span> <span class='ocrx_word' id='word_1_26' title='bbox 897 575 1260 629; x_wconf 90' lang='lat' dir='ltr'>sacerdotum</span> <span class='ocrx_word' id='word_1_27' title='bbox 1279 573 1478 628; x_wconf 85' lang='lat' dir='ltr'>Jcsum</span> <span class='ocrx_word' id='word_1_28' title='bbox 1500 587 1670 642; x_wconf 83' lang='lat' dir='ltr'>quem</span> <span class='ocrx_word' id='word_1_29' title='bbox 1691 584 1842 624; x_wconf 82' lang='lat' dir='ltr'>eme-</span> 
     </span>
    </p>
   </div>
   <div class='ocr_carea' id='block_1_6' title="bbox 196 659 1840 735">
    <p class='ocr_par' dir='ltr' id='par_1_6' title="bbox 196 659 1840 735">
     <span class='ocr_line' id='line_1_6' title="bbox 196 659 1840 735; baseline -0.004 -17"><span class='ocrx_word' id='word_1_30' title='bbox 196 668 327 718; x_wconf 88' lang='lat' dir='ltr'>rant</span> <span class='ocrx_word' id='word_1_31' title='bbox 356 664 544 719; x_wconf 84' lang='lat' dir='ltr'>turbis</span> <span class='ocrx_word' id='word_1_32' title='bbox 575 680 826 735; x_wconf 90' lang='lat' dir='ltr'>quarum</span> <span class='ocrx_word' id='word_1_33' title='bbox 874 663 1123 718; x_wconf 84' lang='lat' dir='ltr'>favorem</span> <span class='ocrx_word' id='word_1_34' title='bbox 1157 663 1266 718; x_wconf 87' lang='lat' dir='ltr'>sibi</span> <span class='ocrx_word' id='word_1_35' title='bbox 1298 660 1677 717; x_wconf 76' lang='lat' dir='ltr'>conciliarent</span> <span class='ocrx_word' id='word_1_36' title='bbox 1705 659 1840 712; x_wconf 89' lang='lat' dir='ltr'>dare</span> 
     </span>
    </p>
   </div>
   <div class='ocr_carea' id='block_1_7' title="bbox 194 750 1836 823">
    <p class='ocr_par' dir='ltr' id='par_1_7' title="bbox 194 750 1836 823">
     <span class='ocr_line' id='line_1_7' title="bbox 194 750 1836 823; baseline -0.005 -17"><span class='ocrx_word' id='word_1_37' title='bbox 194 751 600 823; x_wconf 88' lang='lat' dir='ltr'>nequiverunt,</span> <span class='ocrx_word' id='word_1_38' title='bbox 625 753 723 807; x_wconf 89' lang='lat' dir='ltr'>sed</span> <span class='ocrx_word' id='word_1_39' title='bbox 756 752 1078 807; x_wconf 89' lang='lat' dir='ltr'>secundum</span> <span class='ocrx_word' id='word_1_40' title='bbox 1108 752 1260 823; x_wconf 92' lang='lat' dir='ltr'>quod</span> <span class='ocrx_word' id='word_1_41' title='bbox 1295 751 1378 805; x_wconf 91' lang='lat' dir='ltr'>eis</span> <span class='ocrx_word' id='word_1_42' title='bbox 1408 750 1836 822; x_wconf 78' lang='lat' dir='ltr'>persuaserant,</span> 
     </span>
    </p>
   </div>
   <div class='ocr_carea' id='block_1_8' title="bbox 191 837 1841 908">
    <p class='ocr_par' dir='ltr' id='par_1_8' title="bbox 191 837 1841 908">
     <span class='ocr_line' id='line_1_8' title="bbox 191 837 1841 908; baseline -0.003 -14"><span class='ocrx_word' id='word_1_43' title='bbox 191 840 541 908; x_wconf 88' lang='lat' dir='ltr'>Barabbam,</span> <span class='ocrx_word' id='word_1_44' title='bbox 589 841 934 896; x_wconf 89' lang='lat' dir='ltr'>seditiosum</span> <span class='ocrx_word' id='word_1_45' title='bbox 982 839 1266 896; x_wconf 82' lang='lat' dir='ltr'>latronem</span> <span class='ocrx_word' id='word_1_46' title='bbox 1317 842 1372 894; x_wconf 87' lang='lat' dir='ltr'>et</span> <span class='ocrx_word' id='word_1_47' title='bbox 1420 837 1774 893; x_wconf 88' lang='lat' dir='ltr'>homicidam</span> <span class='ocrx_word' id='word_1_48' title='bbox 1807 852 1841 890; x_wconf 90' lang='lat' dir='ltr'>a</span> 
     </span>
    </p>
   </div>
   <div class='ocr_carea' id='block_1_9' title="bbox 184 926 1838 1002">
    <p class='ocr_par' dir='ltr' id='par_1_9' title="bbox 184 926 1838 1002">
     <span class='ocr_line' id='line_1_9' title="bbox 184 926 1838 1002; baseline -0.004 -17"><span class='ocrx_word' id='word_1_49' title='bbox 184 931 384 1001; x_wconf 88' lang='lat' dir='ltr'>judice</span> <span class='ocrx_word' id='word_1_50' title='bbox 413 929 822 1002; x_wconf 89' lang='lat' dir='ltr'>impetrarunt.</span> <span class='ocrx_word' id='word_1_51' title='bbox 848 929 939 985; x_wconf 85' lang='lat' dir='ltr'>Sic</span> <span class='ocrx_word' id='word_1_52' title='bbox 967 929 1144 984; x_wconf 89' lang='lat' dir='ltr'>miser</span> <span class='ocrx_word' id='word_1_53' title='bbox 1173 927 1268 984; x_wconf 92' lang='lat' dir='ltr'>ille</span> <span class='ocrx_word' id='word_1_54' title='bbox 1300 926 1571 1000; x_wconf 88' lang='lat' dir='ltr'>populus,</span> <span class='ocrx_word' id='word_1_55' title='bbox 1600 941 1838 998; x_wconf 85' lang='lat' dir='ltr'>persua-</span> 
     </span>
    </p>
   </div>
   <div class='ocr_carea' id='block_1_10' title="bbox 190 1013 1836 1086">
    <p class='ocr_par' dir='ltr' id='par_1_10' title="bbox 190 1013 1836 1086">
     <span class='ocr_line' id='line_1_10' title="bbox 190 1013 1836 1086; baseline -0.004 -12"><span class='ocrx_word' id='word_1_56' title='bbox 190 1036 294 1075; x_wconf 91' lang='lat' dir='ltr'>sus</span> <span class='ocrx_word' id='word_1_57' title='bbox 324 1036 358 1074; x_wconf 91' lang='lat' dir='ltr'>a</span> <span class='ocrx_word' id='word_1_58' title='bbox 389 1018 695 1074; x_wconf 70' lang='lat' dir='ltr'>Pharismis</span> <span class='ocrx_word' id='word_1_59' title='bbox 728 1024 783 1073; x_wconf 91' lang='lat' dir='ltr'>et</span> <span class='ocrx_word' id='word_1_60' title='bbox 832 1020 1128 1086; x_wconf 90' lang='lat' dir='ltr'>seductus,</span> <span class='ocrx_word' id='word_1_61' title='bbox 1162 1017 1508 1082; x_wconf 76' lang='lat' dir='ltr'>Phariszeus,</span> <span class='ocrx_word' id='word_1_62' title='bbox 1541 1015 1599 1070; x_wconf 94' lang='lat' dir='ltr'>id</span> <span class='ocrx_word' id='word_1_63' title='bbox 1631 1018 1720 1070; x_wconf 91' lang='lat' dir='ltr'>est</span> <span class='ocrx_word' id='word_1_64' title='bbox 1751 1013 1836 1068; x_wconf 90' lang='lat' dir='ltr'>di-</span> 
     </span>
    </p>
   </div>
   <div class='ocr_carea' id='block_1_11' title="bbox 189 1101 1839 1179">
    <p class='ocr_par' dir='ltr' id='par_1_11' title="bbox 189 1101 1839 1179">
     <span class='ocr_line' id='line_1_11' title="bbox 189 1101 1839 1179; baseline -0.003 -17"><span class='ocrx_word' id='word_1_65' title='bbox 189 1108 352 1164; x_wconf 88' lang='lat' dir='ltr'>visus</span> <span class='ocrx_word' id='word_1_66' title='bbox 381 1125 415 1163; x_wconf 89' lang='lat' dir='ltr'>a</span> <span class='ocrx_word' id='word_1_67' title='bbox 444 1107 559 1162; x_wconf 87' lang='lat' dir='ltr'>Dco</span> <span class='ocrx_word' id='word_1_68' title='bbox 591 1106 758 1162; x_wconf 88' lang='lat' dir='ltr'>Patre</span> <span class='ocrx_word' id='word_1_69' title='bbox 789 1110 844 1162; x_wconf 91' lang='lat' dir='ltr'>et</span> <span class='ocrx_word' id='word_1_70' title='bbox 865 1105 1163 1179; x_wconf 83' lang='lat' dir='ltr'>Magistro,</span> <span class='ocrx_word' id='word_1_71' title='bbox 1189 1105 1310 1160; x_wconf 91' lang='lat' dir='ltr'>ﬁeri</span> <span class='ocrx_word' id='word_1_72' title='bbox 1343 1104 1575 1171; x_wconf 89' lang='lat' dir='ltr'>meruit,</span> <span class='ocrx_word' id='word_1_73' title='bbox 1598 1108 1655 1158; x_wconf 89' lang='lat' dir='ltr'>et</span> <span class='ocrx_word' id='word_1_74' title='bbox 1682 1101 1839 1157; x_wconf 87' lang='lat' dir='ltr'>ﬁlius</span> 
     </span>
    </p>
   </div>
   <div class='ocr_carea' id='block_1_12' title="bbox 193 1193 1841 1268">
    <p class='ocr_par' dir='ltr' id='par_1_12' title="bbox 193 1193 1841 1268">
     <span class='ocr_line' id='line_1_12' title="bbox 193 1193 1841 1268; baseline -0.004 -18"><span class='ocrx_word' id='word_1_75' title='bbox 193 1196 376 1268; x_wconf 85' lang='lat' dir='ltr'>patris</span> <span class='ocrx_word' id='word_1_76' title='bbox 406 1195 493 1251; x_wconf 88' lang='lat' dir='ltr'>vel</span> <span class='ocrx_word' id='word_1_77' title='bbox 528 1195 792 1268; x_wconf 80' lang='lat' dir='ltr'>magistri</span> <span class='ocrx_word' id='word_1_78' title='bbox 837 1212 1037 1250; x_wconf 90' lang='lat' dir='ltr'>eorum</span> <span class='ocrx_word' id='word_1_79' title='bbox 1069 1194 1240 1260; x_wconf 82' lang='lat' dir='ltr'>efﬁci,</span> <span class='ocrx_word' id='word_1_80' title='bbox 1274 1199 1339 1249; x_wconf 90' lang='lat' dir='ltr'>ut</span> <span class='ocrx_word' id='word_1_81' title='bbox 1367 1193 1639 1264; x_wconf 86' lang='lat' dir='ltr'>deinceps</span> <span class='ocrx_word' id='word_1_82' title='bbox 1664 1193 1841 1246; x_wconf 83' lang='lat' dir='ltr'>frater</span> 
     </span>
    </p>
   </div>
   <div class='ocr_carea' id='block_1_13' title="bbox 195 1279 1839 1356">
    <p class='ocr_par' dir='ltr' id='par_1_13' title="bbox 195 1279 1839 1356">
     <span class='ocr_line' id='line_1_13' title="bbox 195 1279 1839 1356; baseline -0.004 -17"><span class='ocrx_word' id='word_1_83' title='bbox 195 1284 425 1340; x_wconf 90' lang='lat' dir='ltr'>illorum</span> <span class='ocrx_word' id='word_1_84' title='bbox 451 1289 624 1350; x_wconf 87' lang='lat' dir='ltr'>esset,</span> <span class='ocrx_word' id='word_1_85' title='bbox 651 1284 748 1355; x_wconf 89' lang='lat' dir='ltr'>qui</span> <span class='ocrx_word' id='word_1_86' title='bbox 773 1300 838 1338; x_wconf 88' lang='lat' dir='ltr'>ex</span> <span class='ocrx_word' id='word_1_87' title='bbox 862 1290 1025 1356; x_wconf 87' lang='lat' dir='ltr'>patre</span> <span class='ocrx_word' id='word_1_88' title='bbox 1056 1283 1286 1339; x_wconf 84' lang='lat' dir='ltr'>diabolo</span> <span class='ocrx_word' id='word_1_89' title='bbox 1305 1282 1392 1338; x_wconf 91' lang='lat' dir='ltr'>vel</span> <span class='ocrx_word' id='word_1_90' title='bbox 1414 1300 1479 1337; x_wconf 89' lang='lat' dir='ltr'>ex</span> <span class='ocrx_word' id='word_1_91' title='bbox 1503 1279 1839 1353; x_wconf 88' lang='lat' dir='ltr'>magisterio</span> 
     </span>
    </p>
   </div>
   <div class='ocr_carea' id='block_1_14' title="bbox 197 1366 1840 1446">
    <p class='ocr_par' dir='ltr' id='par_1_14' title="bbox 197 1366 1840 1446">
     <span class='ocr_line' id='line_1_14' title="bbox 197 1366 1840 1446; baseline -0.004 -17"><span class='ocrx_word' id='word_1_92' title='bbox 197 1375 326 1444; x_wconf 88' lang='lat' dir='ltr'>ejus</span> <span class='ocrx_word' id='word_1_93' title='bbox 358 1377 540 1428; x_wconf 90' lang='lat' dir='ltr'>erant.</span> <span class='ocrx_word' id='word_1_94' title='bbox 577 1373 692 1428; x_wconf 90' lang='lat' dir='ltr'>Hoc</span> <span class='ocrx_word' id='word_1_95' title='bbox 736 1373 892 1428; x_wconf 88' lang='lat' dir='ltr'>enim</span> <span class='ocrx_word' id='word_1_96' title='bbox 946 1373 1358 1446; x_wconf 76' lang='lat' dir='ltr'>interpretatur</span> <span class='ocrx_word' id='word_1_97' title='bbox 1405 1370 1720 1435; x_wconf 88' lang='lat' dir='ltr'>Barabhas,</span> <span class='ocrx_word' id='word_1_98' title='bbox 1751 1366 1840 1422; x_wconf 85' lang='lat' dir='ltr'>vel</span> 
     </span>
    </p>
   </div>
   <div class='ocr_carea' id='block_1_15' title="bbox 194 1459 1840 1530">
    <p class='ocr_par' dir='ltr' id='par_1_15' title="bbox 194 1459 1840 1530">
     <span class='ocr_line' id='line_1_15' title="bbox 194 1459 1840 1530; baseline -0.004 -13"><span class='ocrx_word' id='word_1_99' title='bbox 194 1463 534 1518; x_wconf 80' lang='lat' dir='ltr'>Barrabbas.</span> <span class='ocrx_word' id='word_1_100' title='bbox 552 1462 673 1525; x_wconf 90' lang='lat' dir='ltr'>Quo</span> <span class='ocrx_word' id='word_1_101' title='bbox 697 1462 845 1517; x_wconf 84' lang='lat' dir='ltr'>facto</span> <span class='ocrx_word' id='word_1_102' title='bbox 867 1466 1094 1517; x_wconf 87' lang='lat' dir='ltr'>tantum</span> <span class='ocrx_word' id='word_1_103' title='bbox 1119 1460 1248 1515; x_wconf 88' lang='lat' dir='ltr'>ﬁdei</span> <span class='ocrx_word' id='word_1_104' title='bbox 1272 1460 1530 1530; x_wconf 79' lang='lat' dir='ltr'>pristinae</span> <span class='ocrx_word' id='word_1_105' title='bbox 1552 1459 1840 1514; x_wconf 85' lang='lat' dir='ltr'>defectum</span> 
     </span>
    </p>
   </div>
   <div class='ocr_carea' id='block_1_16' title="bbox 190 1545 1842 1622">
    <p class='ocr_par' dir='ltr' id='par_1_16' title="bbox 190 1545 1842 1622">
     <span class='ocr_line' id='line_1_16' title="bbox 190 1545 1842 1622; baseline -0.004 -16"><span class='ocrx_word' id='word_1_106' title='bbox 190 1551 436 1606; x_wconf 86' lang='lat' dir='ltr'>incurrit</span> <span class='ocrx_word' id='word_1_107' title='bbox 486 1555 572 1616; x_wconf 91' lang='lat' dir='ltr'>ut,</span> <span class='ocrx_word' id='word_1_108' title='bbox 605 1550 705 1622; x_wconf 89' lang='lat' dir='ltr'>qui</span> <span class='ocrx_word' id='word_1_109' title='bbox 755 1550 926 1622; x_wconf 92' lang='lat' dir='ltr'>paulo</span> <span class='ocrx_word' id='word_1_110' title='bbox 967 1550 1130 1621; x_wconf 89' lang='lat' dir='ltr'>prius</span> <span class='ocrx_word' id='word_1_111' title='bbox 1161 1549 1404 1604; x_wconf 88' lang='lat' dir='ltr'>Domino</span> <span class='ocrx_word' id='word_1_112' title='bbox 1448 1563 1580 1602; x_wconf 90' lang='lat' dir='ltr'>cum</span> <span class='ocrx_word' id='word_1_113' title='bbox 1631 1545 1842 1618; x_wconf 87' lang='lat' dir='ltr'>palmis</span> 
     </span>
    </p>
   </div>
   <div class='ocr_carea' id='block_1_17' title="bbox 189 1635 1840 1706">
    <p class='ocr_par' dir='ltr' id='par_1_17' title="bbox 189 1635 1840 1706">
     <span class='ocr_line' id='line_1_17' title="bbox 189 1635 1840 1706; baseline -0.004 -12"><span class='ocrx_word' id='word_1_114' title='bbox 189 1639 419 1695; x_wconf 89' lang='lat' dir='ltr'>obviam</span> <span class='ocrx_word' id='word_1_115' title='bbox 449 1643 702 1705; x_wconf 86' lang='lat' dir='ltr'>venerat,</span> <span class='ocrx_word' id='word_1_116' title='bbox 728 1642 784 1692; x_wconf 90' lang='lat' dir='ltr'>et</span> <span class='ocrx_word' id='word_1_117' title='bbox 814 1637 1160 1692; x_wconf 89' lang='lat' dir='ltr'>vestimenta</span> <span class='ocrx_word' id='word_1_118' title='bbox 1191 1653 1298 1691; x_wconf 91' lang='lat' dir='ltr'>sua</span> <span class='ocrx_word' id='word_1_119' title='bbox 1329 1651 1638 1706; x_wconf 83' lang='lat' dir='ltr'>ramosque</span> <span class='ocrx_word' id='word_1_120' title='bbox 1673 1635 1840 1689; x_wconf 90' lang='lat' dir='ltr'>arbo-</span> 
     </span>
    </p>
   </div>
   <div class='ocr_carea' id='block_1_18' title="bbox 189 1721 1838 1791">
    <p class='ocr_par' dir='ltr' id='par_1_18' title="bbox 189 1721 1838 1791">
     <span class='ocr_line' id='line_1_18' title="bbox 189 1721 1838 1791; baseline -0.004 -9"><span class='ocrx_word' id='word_1_121' title='bbox 189 1744 320 1782; x_wconf 91' lang='lat' dir='ltr'>rum</span> <span class='ocrx_word' id='word_1_122' title='bbox 351 1727 412 1781; x_wconf 91' lang='lat' dir='ltr'>in</span> <span class='ocrx_word' id='word_1_123' title='bbox 441 1725 534 1780; x_wconf 88' lang='lat' dir='ltr'>via</span> <span class='ocrx_word' id='word_1_124' title='bbox 579 1725 740 1781; x_wconf 90' lang='lat' dir='ltr'>illius</span> <span class='ocrx_word' id='word_1_125' title='bbox 786 1729 1088 1791; x_wconf 85' lang='lat' dir='ltr'>straverat,</span> <span class='ocrx_word' id='word_1_126' title='bbox 1123 1731 1178 1780; x_wconf 89' lang='lat' dir='ltr'>et</span> <span class='ocrx_word' id='word_1_127' title='bbox 1207 1725 1441 1780; x_wconf 87' lang='lat' dir='ltr'>Osanna</span> <span class='ocrx_word' id='word_1_128' title='bbox 1470 1723 1588 1778; x_wconf 86' lang='lat' dir='ltr'>ﬁlio</span> <span class='ocrx_word' id='word_1_129' title='bbox 1638 1721 1838 1790; x_wconf 91' lang='lat' dir='ltr'>David,</span> 
     </span>
    </p>
   </div>
   <div class='ocr_carea' id='block_1_19' title="bbox 187 1810 1916 1912">
    <p class='ocr_par' dir='ltr' id='par_1_19' title="bbox 187 1810 1916 1912">
     <span class='ocr_line' id='line_1_19' title="bbox 187 1810 1916 1912; baseline -0.003 -42"><span class='ocrx_word' id='word_1_130' title='bbox 187 1815 533 1870; x_wconf 89' lang='lat' dir='ltr'>Benedictus</span> <span class='ocrx_word' id='word_1_131' title='bbox 554 1813 652 1886; x_wconf 91' lang='lat' dir='ltr'>qui</span> <span class='ocrx_word' id='word_1_132' title='bbox 676 1813 834 1868; x_wconf 87' lang='lat' dir='ltr'>venit</span> <span class='ocrx_word' id='word_1_133' title='bbox 863 1813 921 1868; x_wconf 93' lang='lat' dir='ltr'>in</span> <span class='ocrx_word' id='word_1_134' title='bbox 946 1813 1181 1868; x_wconf 89' lang='lat' dir='ltr'>nomine</span> <span class='ocrx_word' id='word_1_135' title='bbox 1212 1812 1463 1879; x_wconf 88' lang='lat' dir='ltr'>Domini,</span> <span class='ocrx_word' id='word_1_136' title='bbox 1489 1813 1607 1867; x_wconf 82' lang='lat' dir='ltr'>Rex</span> <span class='ocrx_word' id='word_1_137' title='bbox 1637 1810 1834 1876; x_wconf 85' lang='lat' dir='ltr'>Israel,</span> <span class='ocrx_word' id='word_1_138' title='bbox 1867 1848 1916 1912; x_wconf 82' lang='lat' dir='ltr'><strong>B</strong></span> 
     </span>
    </p>
   </div>
   <div class='ocr_carea' id='block_1_20' title="bbox 187 1899 1837 1972">
    <p class='ocr_par' dir='ltr' id='par_1_20' title="bbox 187 1899 1837 1972">
     <span class='ocr_line' id='line_1_20' title="bbox 187 1899 1837 1972; baseline -0.003 -14"><span class='ocrx_word' id='word_1_139' title='bbox 187 1903 422 1958; x_wconf 87' lang='lat' dir='ltr'>Osanna</span> <span class='ocrx_word' id='word_1_140' title='bbox 471 1902 527 1956; x_wconf 89' lang='lat' dir='ltr'>in</span> <span class='ocrx_word' id='word_1_141' title='bbox 579 1901 820 1957; x_wconf 84' lang='lat' dir='ltr'>excelsis</span> <span class='ocrx_word' id='word_1_142' title='bbox 876 1899 1246 1965; x_wconf 87' lang='lat' dir='ltr'>clamaverat,</span> <span class='ocrx_word' id='word_1_143' title='bbox 1281 1903 1514 1972; x_wconf 85' lang='lat' dir='ltr'>repente</span> <span class='ocrx_word' id='word_1_144' title='bbox 1559 1899 1837 1954; x_wconf 87' lang='lat' dir='ltr'>clamaret</span> 
     </span>
    </p>
   </div>
   <div class='ocr_carea' id='block_1_21' title="bbox 187 1986 1838 2060">
    <p class='ocr_par' dir='ltr' id='par_1_21' title="bbox 187 1986 1838 2060">
     <span class='ocr_line' id='line_1_21' title="bbox 187 1986 1838 2060; baseline -0.003 -14"><span class='ocrx_word' id='word_1_145' title='bbox 187 1991 530 2046; x_wconf 88' lang='lat' dir='ltr'>Barabbam.</span> <span class='ocrx_word' id='word_1_146' title='bbox 547 1991 701 2053; x_wconf 88' lang='lat' dir='ltr'>Quos</span> <span class='ocrx_word' id='word_1_147' title='bbox 725 1989 1190 2060; x_wconf 88' lang='lat' dir='ltr'>quotiescunque</span> <span class='ocrx_word' id='word_1_148' title='bbox 1217 1989 1421 2059; x_wconf 88' lang='lat' dir='ltr'>judex,</span> <span class='ocrx_word' id='word_1_149' title='bbox 1446 1992 1508 2042; x_wconf 90' lang='lat' dir='ltr'>ut</span> <span class='ocrx_word' id='word_1_150' title='bbox 1527 1992 1669 2060; x_wconf 88' lang='lat' dir='ltr'>puta</span> <span class='ocrx_word' id='word_1_151' title='bbox 1690 1986 1838 2042; x_wconf 88' lang='lat' dir='ltr'>desi-</span> 
     </span>
    </p>
   </div>
   <div class='ocr_carea' id='block_1_22' title="bbox 189 2075 1834 2150">
    <p class='ocr_par' dir='ltr' id='par_1_22' title="bbox 189 2075 1834 2150">
     <span class='ocr_line' id='line_1_22' title="bbox 189 2075 1834 2150; baseline -0.004 -16"><span class='ocrx_word' id='word_1_152' title='bbox 189 2079 436 2150; x_wconf 85' lang='lat' dir='ltr'>pientes,</span> <span class='ocrx_word' id='word_1_153' title='bbox 469 2077 834 2150; x_wconf 83' lang='lat' dir='ltr'>resipiscere,</span> <span class='ocrx_word' id='word_1_154' title='bbox 867 2083 924 2132; x_wconf 90' lang='lat' dir='ltr'>et</span> <span class='ocrx_word' id='word_1_155' title='bbox 951 2077 1024 2131; x_wconf 92' lang='lat' dir='ltr'>ab</span> <span class='ocrx_word' id='word_1_156' title='bbox 1055 2093 1246 2132; x_wconf 91' lang='lat' dir='ltr'>errore</span> <span class='ocrx_word' id='word_1_157' title='bbox 1277 2077 1561 2148; x_wconf 83' lang='lat' dir='ltr'>corrigere</span> <span class='ocrx_word' id='word_1_158' title='bbox 1593 2075 1834 2142; x_wconf 87' lang='lat' dir='ltr'>curavit,</span> 
     </span>
    </p>
   </div>
   <div class='ocr_carea' id='block_1_23' title="bbox 191 2163 1837 2239">
    <p class='ocr_par' dir='ltr' id='par_1_23' title="bbox 191 2163 1837 2239">
     <span class='ocr_line' id='line_1_23' title="bbox 191 2163 1837 2239; baseline -0.002 -17"><span class='ocrx_word' id='word_1_159' title='bbox 191 2167 335 2222; x_wconf 87' lang='lat' dir='ltr'>nihil</span> <span class='ocrx_word' id='word_1_160' title='bbox 368 2165 631 2239; x_wconf 86' lang='lat' dir='ltr'>profecit,</span> <span class='ocrx_word' id='word_1_161' title='bbox 658 2166 758 2221; x_wconf 91' lang='lat' dir='ltr'>sed</span> <span class='ocrx_word' id='word_1_162' title='bbox 802 2165 991 2237; x_wconf 88' lang='lat' dir='ltr'>magis</span> <span class='ocrx_word' id='word_1_163' title='bbox 1038 2163 1329 2220; x_wconf 90' lang='lat' dir='ltr'>tumultus</span> <span class='ocrx_word' id='word_1_164' title='bbox 1380 2165 1571 2232; x_wconf 89' lang='lat' dir='ltr'>ﬁebat,</span> <span class='ocrx_word' id='word_1_165' title='bbox 1595 2168 1649 2220; x_wconf 91' lang='lat' dir='ltr'>et</span> <span class='ocrx_word' id='word_1_166' title='bbox 1679 2165 1837 2219; x_wconf 87' lang='lat' dir='ltr'>inva-</span> 
     </span>
    </p>
   </div>
   <div class='ocr_carea' id='block_1_24' title="bbox 191 2251 1837 2321">
    <p class='ocr_par' dir='ltr' id='par_1_24' title="bbox 191 2251 1837 2321">
     <span class='ocr_line' id='line_1_24' title="bbox 191 2251 1837 2321; baseline -0.002 -11"><span class='ocrx_word' id='word_1_167' title='bbox 191 2256 488 2312; x_wconf 87' lang='lat' dir='ltr'>lescebant</span> <span class='ocrx_word' id='word_1_168' title='bbox 515 2271 682 2310; x_wconf 89' lang='lat' dir='ltr'>voces</span> <span class='ocrx_word' id='word_1_169' title='bbox 711 2271 934 2321; x_wconf 88' lang='lat' dir='ltr'>eorum,</span> <span class='ocrx_word' id='word_1_170' title='bbox 969 2270 1073 2309; x_wconf 88' lang='lat' dir='ltr'>nec</span> <span class='ocrx_word' id='word_1_171' title='bbox 1115 2253 1271 2308; x_wconf 86' lang='lat' dir='ltr'>aliud</span> <span class='ocrx_word' id='word_1_172' title='bbox 1303 2251 1572 2308; x_wconf 87' lang='lat' dir='ltr'>volebant</span> <span class='ocrx_word' id='word_1_173' title='bbox 1601 2252 1713 2308; x_wconf 90' lang='lat' dir='ltr'>nisi</span> <span class='ocrx_word' id='word_1_174' title='bbox 1743 2254 1837 2308; x_wconf 85' lang='lat' dir='ltr'>Je-</span> 
     </span>
    </p>
   </div>
   <div class='ocr_carea' id='block_1_25' title="bbox 192 2342 1838 2414">
    <p class='ocr_par' dir='ltr' id='par_1_25' title="bbox 192 2342 1838 2414">
     <span class='ocr_line' id='line_1_25' title="bbox 192 2342 1838 2414; baseline -0.002 -14"><span class='ocrx_word' id='word_1_175' title='bbox 192 2361 322 2400; x_wconf 91' lang='lat' dir='ltr'>sum</span> <span class='ocrx_word' id='word_1_176' title='bbox 353 2361 386 2399; x_wconf 91' lang='lat' dir='ltr'>a</span> <span class='ocrx_word' id='word_1_177' title='bbox 416 2361 476 2399; x_wconf 91' lang='lat' dir='ltr'>se</span> <span class='ocrx_word' id='word_1_178' title='bbox 531 2343 800 2413; x_wconf 87' lang='lat' dir='ltr'>abjicere,</span> <span class='ocrx_word' id='word_1_179' title='bbox 835 2345 891 2398; x_wconf 91' lang='lat' dir='ltr'>et</span> <span class='ocrx_word' id='word_1_180' title='bbox 929 2343 1250 2398; x_wconf 85' lang='lat' dir='ltr'>Barabbam</span> <span class='ocrx_word' id='word_1_181' title='bbox 1299 2342 1410 2397; x_wconf 90' lang='lat' dir='ltr'>sibi</span> <span class='ocrx_word' id='word_1_182' title='bbox 1460 2359 1695 2414; x_wconf 88' lang='lat' dir='ltr'>poscere</span> <span class='ocrx_word' id='word_1_183' title='bbox 1747 2343 1838 2398; x_wconf 88' lang='lat' dir='ltr'>di-</span> 
     </span>
    </p>
   </div>
   <div class='ocr_carea' id='block_1_26' title="bbox 192 2431 1833 2502">
    <p class='ocr_par' dir='ltr' id='par_1_26' title="bbox 192 2431 1833 2502">
     <span class='ocr_line' id='line_1_26' title="bbox 192 2431 1833 2502; baseline -0.004 -14"><span class='ocrx_word' id='word_1_184' title='bbox 192 2433 374 2488; x_wconf 89' lang='lat' dir='ltr'>cendo</span> <span class='ocrx_word' id='word_1_185' title='bbox 401 2450 448 2488; x_wconf 85' lang='grc'>;‹‹</span> <span class='ocrx_word' id='word_1_186' title='bbox 473 2433 597 2487; x_wconf 91' lang='lat' dir='ltr'>Non</span> <span class='ocrx_word' id='word_1_187' title='bbox 638 2431 816 2498; x_wconf 92' lang='lat' dir='ltr'>hunc,</span> <span class='ocrx_word' id='word_1_188' title='bbox 841 2432 941 2487; x_wconf 91' lang='lat' dir='ltr'>sed</span> <span class='ocrx_word' id='word_1_189' title='bbox 982 2431 1303 2486; x_wconf 87' lang='lat' dir='ltr'>Barabbam</span> <span class='ocrx_word' id='word_1_190' title='bbox 1327 2431 1833 2502; x_wconf 73' lang='grc' dir='ltr'>(Ιοαη.χν1ιι,40);ι</span> 
     </span>
    </p>
   </div>
   <div class='ocr_carea' id='block_1_27' title="bbox 191 2519 1835 2587">
    <p class='ocr_par' dir='ltr' id='par_1_27' title="bbox 191 2519 1835 2587">
     <span class='ocr_line' id='line_1_27' title="bbox 191 2519 1835 2587; baseline -0.002 -10"><span class='ocrx_word' id='word_1_191' title='bbox 191 2525 248 2577; x_wconf 92' lang='lat' dir='ltr'>et</span> <span class='ocrx_word' id='word_1_192' title='bbox 283 2539 295 2576; x_wconf 91' lang='lat'><strong>:</strong></span> <span class='ocrx_word' id='word_1_193' title='bbox 323 2544 349 2571; x_wconf 84' lang='lat'><strong><em>«</em></strong></span> <span class='ocrx_word' id='word_1_194' title='bbox 382 2520 539 2576; x_wconf 80' lang='lat' dir='ltr'>Tolle</span> <span class='ocrx_word' id='word_1_195' title='bbox 570 2520 743 2587; x_wconf 92' lang='lat' dir='ltr'>hunc,</span> <span class='ocrx_word' id='word_1_196' title='bbox 770 2525 826 2575; x_wconf 90' lang='lat' dir='ltr'>et</span> <span class='ocrx_word' id='word_1_197' title='bbox 875 2519 1098 2574; x_wconf 88' lang='lat' dir='ltr'>dimitte</span> <span class='ocrx_word' id='word_1_198' title='bbox 1143 2519 1310 2574; x_wconf 90' lang='lat' dir='ltr'>nobis</span> <span class='ocrx_word' id='word_1_199' title='bbox 1340 2519 1661 2574; x_wconf 87' lang='lat' dir='ltr'>Barabbam</span> <span class='ocrx_word' id='word_1_200' title='bbox 1685 2521 1835 2587; x_wconf 85' lang='lat' dir='ltr'>(Luc.</span> 
     </span>
    </p>
   </div>
   <div class='ocr_carea' id='block_1_28' title="bbox 189 2607 1840 2681">
    <p class='ocr_par' dir='ltr' id='par_1_28' title="bbox 189 2607 1840 2681">
     <span class='ocr_line' id='line_1_28' title="bbox 189 2607 1840 2681; baseline -0.001 -16"><span class='ocrx_word' id='word_1_201' title='bbox 189 2627 348 2680; x_wconf 85' lang='lat' dir='ltr'>xxIII,</span> <span class='ocrx_word' id='word_1_202' title='bbox 383 2610 556 2681; x_wconf 82' lang='lat'>18);»</span> <span class='ocrx_word' id='word_1_203' title='bbox 587 2613 644 2663; x_wconf 91' lang='lat' dir='ltr'>et</span> <span class='ocrx_word' id='word_1_204' title='bbox 685 2626 749 2663; x_wconf 91' lang='grc'>;‹‹</span> <span class='ocrx_word' id='word_1_205' title='bbox 784 2607 966 2675; x_wconf 91' lang='lat' dir='ltr'>Tolle,</span> <span class='ocrx_word' id='word_1_206' title='bbox 1017 2607 1171 2675; x_wconf 87' lang='lat' dir='ltr'>tolle,</span> <span class='ocrx_word' id='word_1_207' title='bbox 1224 2607 1514 2680; x_wconf 88' lang='lat' dir='ltr'>eruciﬁge,</span> <span class='ocrx_word' id='word_1_208' title='bbox 1566 2608 1840 2681; x_wconf 88' lang='lat' dir='ltr'>cruciﬁge</span> 
     </span>
    </p>
   </div>
   <div class='ocr_carea' id='block_1_29' title="bbox 188 2696 1837 2769">
    <p class='ocr_par' dir='ltr' id='par_1_29' title="bbox 188 2696 1837 2769">
     <span class='ocr_line' id='line_1_29' title="bbox 188 2696 1837 2769; baseline -0.001 -15"><span class='ocrx_word' id='word_1_209' title='bbox 188 2715 323 2754; x_wconf 91' lang='lat' dir='ltr'>eum</span> <span class='ocrx_word' id='word_1_210' title='bbox 355 2698 539 2769; x_wconf 80' lang='lat' dir='ltr'>(Joan.</span> <span class='ocrx_word' id='word_1_211' title='bbox 563 2714 681 2762; x_wconf 76' lang='lat' dir='ltr'>xrx,</span> <span class='ocrx_word' id='word_1_212' title='bbox 717 2697 834 2764; x_wconf 83' lang='lat'>15);</span> <span class='ocrx_word' id='word_1_213' title='bbox 863 2719 888 2744; x_wconf 84' lang='grc'><strong>››</strong></span> <span class='ocrx_word' id='word_1_214' title='bbox 912 2701 969 2751; x_wconf 88' lang='lat' dir='ltr'>et</span> <span class='ocrx_word' id='word_1_215' title='bbox 993 2713 1042 2749; x_wconf 83' lang='grc'>;‹‹</span> <span class='ocrx_word' id='word_1_216' title='bbox 1067 2696 1318 2767; x_wconf 87' lang='lat' dir='ltr'>Sanguis</span> <span class='ocrx_word' id='word_1_217' title='bbox 1348 2697 1476 2766; x_wconf 88' lang='lat' dir='ltr'>ejus</span> <span class='ocrx_word' id='word_1_218' title='bbox 1508 2713 1684 2768; x_wconf 88' lang='lat' dir='ltr'>super</span> <span class='ocrx_word' id='word_1_219' title='bbox 1710 2714 1837 2766; x_wconf 92' lang='lat' dir='ltr'>nos,</span> 
     </span>
    </p>
   </div>
   <div class='ocr_carea' id='block_1_30' title="bbox 186 2785 1841 2859">
    <p class='ocr_par' dir='ltr' id='par_1_30' title="bbox 186 2785 1841 2859">
     <span class='ocr_line' id='line_1_30' title="bbox 186 2785 1841 2859; baseline -0.001 -17"><span class='ocrx_word' id='word_1_220' title='bbox 186 2791 244 2843; x_wconf 87' lang='lat' dir='ltr'>et</span> <span class='ocrx_word' id='word_1_221' title='bbox 286 2803 460 2859; x_wconf 89' lang='lat' dir='ltr'>super</span> <span class='ocrx_word' id='word_1_222' title='bbox 508 2785 660 2842; x_wconf 88' lang='lat' dir='ltr'>ﬁlios</span> <span class='ocrx_word' id='word_1_223' title='bbox 713 2789 943 2841; x_wconf 90' lang='lat' dir='ltr'>nostros</span> <span class='ocrx_word' id='word_1_224' title='bbox 974 2785 1181 2855; x_wconf 80' lang='lat' dir='ltr'>(Matth.</span> <span class='ocrx_word' id='word_1_225' title='bbox 1213 2802 1388 2852; x_wconf 85' lang='lat' dir='ltr'>xxVII,</span> <span class='ocrx_word' id='word_1_226' title='bbox 1420 2786 1540 2856; x_wconf 84' lang='lat'>25);</span> <span class='ocrx_word' id='word_1_227' title='bbox 1568 2807 1595 2834; x_wconf 88' lang='grc'><strong>››</strong></span> <span class='ocrx_word' id='word_1_228' title='bbox 1626 2791 1685 2842; x_wconf 90' lang='lat' dir='ltr'>et</span> <span class='ocrx_word' id='word_1_229' title='bbox 1729 2786 1841 2841; x_wconf 88' lang='lat' dir='ltr'>alia</span> 
     </span>
    </p>
   </div>
   <div class='ocr_carea' id='block_1_31' title="bbox 188 2875 552 2931">
    <p class='ocr_par' dir='ltr' id='par_1_31' title="bbox 188 2875 552 2931">
     <span class='ocr_line' id='line_1_31' title="bbox 188 2875 552 2931; baseline -0.003 0"><span class='ocrx_word' id='word_1_230' title='bbox 188 2876 282 2931; x_wconf 88' lang='lat' dir='ltr'>his</span> <span class='ocrx_word' id='word_1_231' title='bbox 314 2875 552 2931; x_wconf 90' lang='lat' dir='ltr'>similia.</span> 
     </span>
    </p>
   </div>
   <div class='ocr_carea' id='block_1_32' title="bbox 259 2961 1842 3036">
    <p class='ocr_par' dir='ltr' id='par_1_32' title="bbox 259 2961 1842 3036">
     <span class='ocr_line' id='line_1_32' title="bbox 259 2961 1842 3036; baseline -0.001 -16"><span class='ocrx_word' id='word_1_232' title='bbox 259 2965 385 3029; x_wconf 88' lang='lat' dir='ltr'>Qua</span> <span class='ocrx_word' id='word_1_233' title='bbox 410 2962 837 3035; x_wconf 88' lang='lat' dir='ltr'>conspiratione</span> <span class='ocrx_word' id='word_1_234' title='bbox 858 2967 916 3018; x_wconf 89' lang='lat' dir='ltr'>et</span> <span class='ocrx_word' id='word_1_235' title='bbox 937 2961 1230 3017; x_wconf 89' lang='lat' dir='ltr'>sententia</span> <span class='ocrx_word' id='word_1_236' title='bbox 1261 2961 1344 3018; x_wconf 89' lang='lat' dir='ltr'>sic</span> <span class='ocrx_word' id='word_1_237' title='bbox 1375 2979 1438 3018; x_wconf 92' lang='lat' dir='ltr'>se</span> <span class='ocrx_word' id='word_1_238' title='bbox 1459 2979 1715 3034; x_wconf 91' lang='lat' dir='ltr'>suosque</span> <span class='ocrx_word' id='word_1_239' title='bbox 1748 2981 1842 3036; x_wconf 91' lang='lat' dir='ltr'>po-</span> 
     </span>
    </p>
   </div>
   <div class='ocr_carea' id='block_1_33' title="bbox 192 3050 1840 3123">
    <p class='ocr_par' dir='ltr' id='par_1_33' title="bbox 192 3050 1840 3123">
     <span class='ocr_line' id='line_1_33' title="bbox 192 3050 1840 3123; baseline -0.001 -14"><span class='ocrx_word' id='word_1_240' title='bbox 192 3059 383 3109; x_wconf 90' lang='lat' dir='ltr'>steros</span> <span class='ocrx_word' id='word_1_241' title='bbox 413 3052 646 3108; x_wconf 88' lang='lat' dir='ltr'>diabolo</span> <span class='ocrx_word' id='word_1_242' title='bbox 677 3051 1114 3123; x_wconf 81' lang='lat' dir='ltr'>manciparunt;</span> <span class='ocrx_word' id='word_1_243' title='bbox 1149 3050 1491 3122; x_wconf 88' lang='lat' dir='ltr'>paucissimi</span> <span class='ocrx_word' id='word_1_244' title='bbox 1529 3052 1684 3107; x_wconf 91' lang='lat' dir='ltr'>enim</span> <span class='ocrx_word' id='word_1_245' title='bbox 1718 3053 1840 3108; x_wconf 89' lang='lat' dir='ltr'>fue-</span> 
     </span>
    </p>
   </div>
   <div class='ocr_carea' id='block_1_34' title="bbox 191 3140 1840 3212">
    <p class='ocr_par' dir='ltr' id='par_1_34' title="bbox 191 3140 1840 3212">
     <span class='ocr_line' id='line_1_34' title="bbox 191 3140 1840 3212; baseline -0.001 -16"><span class='ocrx_word' id='word_1_246' title='bbox 191 3147 330 3197; x_wconf 90' lang='lat' dir='ltr'>runt</span> <span class='ocrx_word' id='word_1_247' title='bbox 348 3142 448 3212; x_wconf 90' lang='lat' dir='ltr'>qui</span> <span class='ocrx_word' id='word_1_248' title='bbox 473 3141 608 3204; x_wconf 87' lang='lat' dir='ltr'>inde</span> <span class='ocrx_word' id='word_1_249' title='bbox 630 3140 1098 3208; x_wconf 87' lang='lat' dir='ltr'>crediderunt,ad</span> <span class='ocrx_word' id='word_1_250' title='bbox 1121 3141 1614 3212; x_wconf 86' lang='lat' dir='ltr'>comparationem</span> <span class='ocrx_word' id='word_1_251' title='bbox 1639 3157 1840 3196; x_wconf 90' lang='lat' dir='ltr'>eorum</span> 
     </span>
    </p>
   </div>
   <div class='ocr_carea' id='block_1_35' title="bbox 1950 564 3597 637">
    <p class='ocr_par' dir='ltr' id='par_1_35' title="bbox 1950 564 3597 637">
     <span class='ocr_line' id='line_1_35' title="bbox 1950 564 3597 637; baseline 0.003 -16"><span class='ocrx_word' id='word_1_252' title='bbox 1950 567 2153 632; x_wconf 91' lang='lat' dir='ltr'>Deum,</span> <span class='ocrx_word' id='word_1_253' title='bbox 2188 565 2343 620; x_wconf 83' lang='lat' dir='ltr'>velut</span> <span class='ocrx_word' id='word_1_254' title='bbox 2391 564 2686 619; x_wconf 85' lang='lat' dir='ltr'>hominem</span> <span class='ocrx_word' id='word_1_255' title='bbox 2739 581 2972 635; x_wconf 89' lang='lat' dir='ltr'>purum,</span> <span class='ocrx_word' id='word_1_256' title='bbox 3016 582 3117 635; x_wconf 91' lang='lat' dir='ltr'>pro</span> <span class='ocrx_word' id='word_1_257' title='bbox 3168 583 3313 637; x_wconf 90' lang='lat' dir='ltr'>puro</span> <span class='ocrx_word' id='word_1_258' title='bbox 3359 569 3597 627; x_wconf 87' lang='lat' dir='ltr'>homine</span> 
     </span>
    </p>
   </div>
   <div class='ocr_carea' id='block_1_36' title="bbox 1949 653 3595 723">
    <p class='ocr_par' dir='ltr' id='par_1_36' title="bbox 1949 653 3595 723">
     <span class='ocr_line' id='line_1_36' title="bbox 1949 653 3595 723; baseline 0.002 -13"><span class='ocrx_word' id='word_1_259' title='bbox 1949 655 2416 711; x_wconf 84' lang='lat' dir='ltr'>interﬁciendum</span> <span class='ocrx_word' id='word_1_260' title='bbox 2435 653 2621 723; x_wconf 84' lang='lat' dir='ltr'>judiei</span> <span class='ocrx_word' id='word_1_261' title='bbox 2642 653 3027 720; x_wconf 85' lang='lat' dir='ltr'>tradiderunt,</span> <span class='ocrx_word' id='word_1_262' title='bbox 3051 654 3490 712; x_wconf 86' lang='lat' dir='ltr'>dubitabiturne</span> <span class='ocrx_word' id='word_1_263' title='bbox 3521 676 3595 714; x_wconf 90' lang='lat' dir='ltr'>an</span> 
     </span>
    </p>
   </div>
   <div class='ocr_carea' id='block_1_37' title="bbox 1950 742 3595 816">
    <p class='ocr_par' dir='ltr' id='par_1_37' title="bbox 1950 742 3595 816">
     <span class='ocr_line' id='line_1_37' title="bbox 1950 742 3595 816; baseline 0.002 -17"><span class='ocrx_word' id='word_1_264' title='bbox 1950 751 2161 816; x_wconf 88' lang='lat' dir='ltr'>negent</span> <span class='ocrx_word' id='word_1_265' title='bbox 2189 744 2471 815; x_wconf 89' lang='lat' dir='ltr'>Spiritum</span> <span class='ocrx_word' id='word_1_266' title='bbox 2496 750 2760 798; x_wconf 84' lang='lat' dir='ltr'>sanctum</span> <span class='ocrx_word' id='word_1_267' title='bbox 2797 742 2896 812; x_wconf 89' lang='lat' dir='ltr'>qui</span> <span class='ocrx_word' id='word_1_268' title='bbox 2919 759 2979 797; x_wconf 90' lang='lat' dir='ltr'>se</span> <span class='ocrx_word' id='word_1_269' title='bbox 3001 747 3273 798; x_wconf 88' lang='lat' dir='ltr'>asserunt</span> <span class='ocrx_word' id='word_1_270' title='bbox 3303 760 3434 800; x_wconf 89' lang='lat' dir='ltr'>eum</span> <span class='ocrx_word' id='word_1_271' title='bbox 3469 763 3595 802; x_wconf 88' lang='lat' dir='ltr'>om-</span> 
     </span>
    </p>
   </div>
   <div class='ocr_carea' id='block_1_38' title="bbox 1949 830 3593 906">
    <p class='ocr_par' dir='ltr' id='par_1_38' title="bbox 1949 830 3593 906">
     <span class='ocr_line' id='line_1_38' title="bbox 1949 830 3593 906; baseline 0.002 -18"><span class='ocrx_word' id='word_1_272' title='bbox 1949 834 2086 888; x_wconf 89' lang='lat' dir='ltr'>nino</span> <span class='ocrx_word' id='word_1_273' title='bbox 2115 834 2343 888; x_wconf 87' lang='lat' dir='ltr'>credere</span> <span class='ocrx_word' id='word_1_274' title='bbox 2375 833 2555 887; x_wconf 90' lang='lat' dir='ltr'>Deum</span> <span class='ocrx_word' id='word_1_275' title='bbox 2588 836 2646 886; x_wconf 90' lang='lat' dir='ltr'>et</span> <span class='ocrx_word' id='word_1_276' title='bbox 2675 830 3008 896; x_wconf 89' lang='lat' dir='ltr'>Dominum,</span> <span class='ocrx_word' id='word_1_277' title='bbox 3033 836 3087 886; x_wconf 90' lang='lat' dir='ltr'>et</span> <span class='ocrx_word' id='word_1_278' title='bbox 3109 837 3303 888; x_wconf 89' lang='lat' dir='ltr'>tamen</span> <span class='ocrx_word' id='word_1_279' title='bbox 3327 851 3430 906; x_wconf 93' lang='lat' dir='ltr'>pro</span> <span class='ocrx_word' id='word_1_280' title='bbox 3451 852 3593 892; x_wconf 85' lang='lat' dir='ltr'>auro</span> 
     </span>
    </p>
   </div>
   <div class='ocr_carea' id='block_1_39' title="bbox 1948 919 3594 995">
    <p class='ocr_par' dir='ltr' id='par_1_39' title="bbox 1948 919 3594 995">
     <span class='ocr_line' id='line_1_39' title="bbox 1948 919 3594 995; baseline 0.001 -18"><span class='ocrx_word' id='word_1_281' title='bbox 1948 923 2247 978; x_wconf 83' lang='lat' dir='ltr'>vendunt?</span> <span class='ocrx_word' id='word_1_282' title='bbox 2269 923 2352 990; x_wconf 90' lang='lat' dir='ltr'>Et,</span> <span class='ocrx_word' id='word_1_283' title='bbox 2380 939 2411 976; x_wconf 93' lang='lat' dir='ltr'>o</span> <span class='ocrx_word' id='word_1_284' title='bbox 2444 924 2660 992; x_wconf 87' lang='lat' dir='ltr'>quanto</span> <span class='ocrx_word' id='word_1_285' title='bbox 2693 919 3051 975; x_wconf 81' lang='lat' dir='ltr'>tolerabilior</span> <span class='ocrx_word' id='word_1_286' title='bbox 3088 920 3209 974; x_wconf 69' lang='lat' dir='ltr'>haec</span> <span class='ocrx_word' id='word_1_287' title='bbox 3242 924 3470 995; x_wconf 90' lang='lat' dir='ltr'>negatio</span> <span class='ocrx_word' id='word_1_288' title='bbox 3503 926 3594 980; x_wconf 86' lang='lat' dir='ltr'>fo-</span> 
     </span>
    </p>
   </div>
   <div class='ocr_carea' id='block_1_40' title="bbox 1949 1009 3591 1084">
    <p class='ocr_par' dir='ltr' id='par_1_40' title="bbox 1949 1009 3591 1084">
     <span class='ocr_line' id='line_1_40' title="bbox 1949 1009 3591 1084; baseline 0.003 -18"><span class='ocrx_word' id='word_1_289' title='bbox 1949 1017 2055 1079; x_wconf 89' lang='lat' dir='ltr'>ret,</span> <span class='ocrx_word' id='word_1_290' title='bbox 2088 1011 2136 1066; x_wconf 90' lang='lat' dir='ltr'>si</span> <span class='ocrx_word' id='word_1_291' title='bbox 2168 1011 2253 1066; x_wconf 90' lang='lat' dir='ltr'>vel</span> <span class='ocrx_word' id='word_1_292' title='bbox 2287 1028 2387 1082; x_wconf 90' lang='lat' dir='ltr'>pro</span> <span class='ocrx_word' id='word_1_293' title='bbox 2418 1009 2654 1066; x_wconf 89' lang='lat' dir='ltr'>homine</span> <span class='ocrx_word' id='word_1_294' title='bbox 2687 1009 2871 1064; x_wconf 82' lang='lat' dir='ltr'>ﬁeret!</span> <span class='ocrx_word' id='word_1_295' title='bbox 2920 1012 3080 1065; x_wconf 90' lang='lat' dir='ltr'>tanto</span> <span class='ocrx_word' id='word_1_296' title='bbox 3127 1010 3346 1083; x_wconf 90' lang='lat' dir='ltr'>utique,</span> <span class='ocrx_word' id='word_1_297' title='bbox 3373 1017 3591 1084; x_wconf 87' lang='lat' dir='ltr'>quanto</span> 
     </span>
    </p>
   </div>
   <div class='ocr_carea' id='block_1_41' title="bbox 1949 1098 2692 1173">
    <p class='ocr_par' dir='ltr' id='par_1_41' title="bbox 1949 1098 2692 1173">
     <span class='ocr_line' id='line_1_41' title="bbox 1949 1098 2692 1173; baseline -0.005 -17"><span class='ocrx_word' id='word_1_298' title='bbox 1949 1101 2135 1173; x_wconf 90' lang='lat' dir='ltr'>potior</span> <span class='ocrx_word' id='word_1_299' title='bbox 2163 1105 2250 1155; x_wconf 91' lang='lat' dir='ltr'>est</span> <span class='ocrx_word' id='word_1_300' title='bbox 2280 1099 2454 1154; x_wconf 92' lang='lat' dir='ltr'>homo</span> <span class='ocrx_word' id='word_1_301' title='bbox 2481 1098 2692 1170; x_wconf 87' lang='lat' dir='ltr'>lapide.</span> 
     </span>
    </p>
   </div>
   <div class='ocr_carea' id='block_1_42' title="bbox 2541 1204 2996 1260">
    <p class='ocr_par' dir='ltr' id='par_1_42' title="bbox 2541 1204 2996 1260">
     <span class='ocr_line' id='line_1_42' title="bbox 2541 1204 2996 1260; baseline 0.004 -2"><span class='ocrx_word' id='word_1_302' title='bbox 2541 1204 2769 1259; x_wconf 82' lang='lat' dir='ltr'>CAPUT</span> <span class='ocrx_word' id='word_1_303' title='bbox 2809 1204 2996 1260; x_wconf 74' lang='lat' dir='ltr'>XXVI.</span> 
     </span>
    </p>
   </div>
   <div class='ocr_carea' id='block_1_43' title="bbox 1950 1295 3596 1370">
    <p class='ocr_par' dir='ltr' id='par_1_43' title="bbox 1950 1295 3596 1370">
     <span class='ocr_line' id='line_1_43' title="bbox 1950 1295 3596 1370; baseline 0.002 -20"><span class='ocrx_word' id='word_1_304' title='bbox 1950 1295 2097 1370; x_wconf 79' lang='lat' dir='ltr'>Quod</span> <span class='ocrx_word' id='word_1_305' title='bbox 2127 1296 2374 1370; x_wconf 65' lang='lat' dir='ltr'>nil,12.i.si</span> <span class='ocrx_word' id='word_1_306' title='bbox 2413 1295 2842 1370; x_wconf 65' lang='lat' dir='ltr'>damnationem,</span> <span class='ocrx_word' id='word_1_307' title='bbox 2874 1312 2908 1349; x_wconf 83' lang='grc' dir='ltr'><em>α</em></span> <span class='ocrx_word' id='word_1_308' title='bbox 2955 1295 3278 1370; x_wconf 68' lang='lat' dir='ltr'>Simonideis</span> <span class='ocrx_word' id='word_1_309' title='bbox 3322 1300 3596 1370; x_wconf 78' lang='lat' dir='ltr'>accipiant</span> 
     </span>
    </p>
   </div>
   <div class='ocr_carea' id='block_1_44' title="bbox 2018 1365 3594 1443">
    <p class='ocr_par' dir='ltr' id='par_1_44' title="bbox 2018 1365 3594 1443">
     <span class='ocr_line' id='line_1_44' title="bbox 2018 1365 3594 1443; baseline 0.003 -21"><span class='ocrx_word' id='word_1_310' title='bbox 2018 1368 2184 1443; x_wconf 61' lang='lat' dir='ltr'>etiam</span> <span class='ocrx_word' id='word_1_311' title='bbox 2228 1367 2401 1443; x_wconf 67' lang='lat' dir='ltr'>gratis</span> <span class='ocrx_word' id='word_1_312' title='bbox 2444 1365 2701 1443; x_wconf 78' lang='lat' dir='ltr'>ordinati,</span> <span class='ocrx_word' id='word_1_313' title='bbox 2745 1369 2796 1420; x_wconf 71' lang='lat' dir='ltr'>et</span> <span class='ocrx_word' id='word_1_314' title='bbox 2845 1366 2985 1438; x_wconf 80' lang='lat' dir='ltr'>quod</span> <span class='ocrx_word' id='word_1_315' title='bbox 3034 1367 3182 1423; x_wconf 77' lang='lat' dir='ltr'>idola</span> <span class='ocrx_word' id='word_1_316' title='bbox 3231 1365 3449 1440; x_wconf 70' lang='lat' dir='ltr'>fam’anf</span> <span class='ocrx_word' id='word_1_317' title='bbox 3493 1386 3594 1443; x_wconf 87' lang='lat' dir='ltr'>pro</span> 
     </span>
    </p>
   </div>
   <div class='ocr_carea' id='block_1_45' title="bbox 2022 1437 2490 1493">
    <p class='ocr_par' dir='ltr' id='par_1_45' title="bbox 2022 1437 2490 1493">
     <span class='ocr_line' id='line_1_45' title="bbox 2022 1437 2490 1493; baseline -0.004 -1"><span class='ocrx_word' id='word_1_318' title='bbox 2022 1438 2226 1493; x_wconf 78' lang='lat' dir='ltr'>Christo</span> <span class='ocrx_word' id='word_1_319' title='bbox 2252 1437 2490 1492; x_wconf 81' lang='lat' dir='ltr'>adorari.</span> 
     </span>
    </p>
   </div>
   <div class='ocr_carea' id='block_1_46' title="bbox 2021 1541 3596 1618">
    <p class='ocr_par' dir='ltr' id='par_1_46' title="bbox 2021 1541 3596 1618">
     <span class='ocr_line' id='line_1_46' title="bbox 2021 1541 3596 1618; baseline 0.003 -21"><span class='ocrx_word' id='word_1_320' title='bbox 2021 1543 2163 1598; x_wconf 92' lang='lat' dir='ltr'>Hinc</span> <span class='ocrx_word' id='word_1_321' title='bbox 2197 1559 2432 1598; x_wconf 88' lang='lat' dir='ltr'>necesse</span> <span class='ocrx_word' id='word_1_322' title='bbox 2454 1559 2580 1598; x_wconf 91' lang='lat' dir='ltr'>esse</span> <span class='ocrx_word' id='word_1_323' title='bbox 2604 1541 2878 1616; x_wconf 91' lang='lat' dir='ltr'>colligant</span> <span class='ocrx_word' id='word_1_324' title='bbox 2899 1545 3039 1616; x_wconf 91' lang='lat' dir='ltr'>quid</span> <span class='ocrx_word' id='word_1_325' title='bbox 3063 1547 3390 1618; x_wconf 89' lang='lat' dir='ltr'>acceperint</span> <span class='ocrx_word' id='word_1_326' title='bbox 3411 1565 3444 1602; x_wconf 88' lang='lat' dir='ltr'>a</span> <span class='ocrx_word' id='word_1_327' title='bbox 3463 1547 3596 1604; x_wconf 90' lang='lat' dir='ltr'>tali-</span> 
     </span>
    </p>
   </div>
   <div class='ocr_carea' id='block_1_47' title="bbox 1951 1631 3598 1710">
    <p class='ocr_par' dir='ltr' id='par_1_47' title="bbox 1951 1631 3598 1710">
     <span class='ocr_line' id='line_1_47' title="bbox 1951 1631 3598 1710; baseline 0.004 -24"><span class='ocrx_word' id='word_1_328' title='bbox 1951 1633 2060 1686; x_wconf 89' lang='lat' dir='ltr'>bus</span> <span class='ocrx_word' id='word_1_329' title='bbox 2074 1631 2326 1704; x_wconf 83' lang='lat' dir='ltr'>Spiritus</span> <span class='ocrx_word' id='word_1_330' title='bbox 2339 1631 2522 1686; x_wconf 84' lang='lat' dir='ltr'>sancti</span> <span class='ocrx_word' id='word_1_331' title='bbox 2541 1633 3002 1704; x_wconf 85' lang='lat' dir='ltr'>negotiatoribus</span> <span class='ocrx_word' id='word_1_332' title='bbox 3020 1636 3598 1710; x_wconf 87' lang='lat' dir='ltr'>persuasi,etsicgra—</span> 
     </span>
    </p>
   </div>
   <div class='ocr_carea' id='block_1_48' title="bbox 1949 1719 3595 1795">
    <p class='ocr_par' dir='ltr' id='par_1_48' title="bbox 1949 1719 3595 1795">
     <span class='ocr_line' id='line_1_48' title="bbox 1949 1719 3595 1795; baseline 0.005 -23"><span class='ocrx_word' id='word_1_333' title='bbox 1949 1719 2024 1774; x_wconf 90' lang='lat' dir='ltr'>tis</span> <span class='ocrx_word' id='word_1_334' title='bbox 2045 1719 2315 1774; x_wconf 90' lang='lat' dir='ltr'>ordinati.</span> <span class='ocrx_word' id='word_1_335' title='bbox 2344 1719 2514 1773; x_wconf 88' lang='lat' dir='ltr'>Nullo</span> <span class='ocrx_word' id='word_1_336' title='bbox 2539 1720 2707 1774; x_wconf 89' lang='lat' dir='ltr'>modo</span> <span class='ocrx_word' id='word_1_337' title='bbox 2731 1721 2886 1775; x_wconf 91' lang='lat' dir='ltr'>enim</span> <span class='ocrx_word' id='word_1_338' title='bbox 2920 1737 3130 1777; x_wconf 87' lang='lat' dir='ltr'>manus</span> <span class='ocrx_word' id='word_1_339' title='bbox 3161 1723 3595 1795; x_wconf 89' lang='lat' dir='ltr'>impositionem</span> 
     </span>
    </p>
   </div>
   <div class='ocr_carea' id='block_1_49' title="bbox 1949 1806 3594 1884">
    <p class='ocr_par' dir='ltr' id='par_1_49' title="bbox 1949 1806 3594 1884">
     <span class='ocr_line' id='line_1_49' title="bbox 1949 1806 3594 1884; baseline 0.004 -21"><span class='ocrx_word' id='word_1_340' title='bbox 1949 1806 2294 1879; x_wconf 87' lang='lat' dir='ltr'>acciperent,</span> <span class='ocrx_word' id='word_1_341' title='bbox 2321 1807 2426 1862; x_wconf 87' lang='lat' dir='ltr'>nisi</span> <span class='ocrx_word' id='word_1_342' title='bbox 2452 1824 2550 1863; x_wconf 90' lang='lat' dir='ltr'>eos</span> <span class='ocrx_word' id='word_1_343' title='bbox 2582 1809 2910 1863; x_wconf 87' lang='lat' dir='ltr'>sacerdotes</span> <span class='ocrx_word' id='word_1_344' title='bbox 2941 1809 3170 1864; x_wconf 92' lang='lat' dir='ltr'>Domini</span> <span class='ocrx_word' id='word_1_345' title='bbox 3198 1828 3325 1867; x_wconf 91' lang='lat' dir='ltr'>esse</span> <span class='ocrx_word' id='word_1_346' title='bbox 3355 1829 3594 1884; x_wconf 86' lang='lat' dir='ltr'>persua-</span> 
     </span>
    </p>
   </div>
   <div class='ocr_carea' id='block_1_50' title="bbox 1947 1896 3596 1971">
    <p class='ocr_par' dir='ltr' id='par_1_50' title="bbox 1947 1896 3596 1971">
     <span class='ocr_line' id='line_1_50' title="bbox 1947 1896 3596 1971; baseline 0.004 -21"><span class='ocrx_word' id='word_1_347' title='bbox 1947 1913 2079 1951; x_wconf 91' lang='lat' dir='ltr'>sum</span> <span class='ocrx_word' id='word_1_348' title='bbox 2103 1896 2401 1951; x_wconf 88' lang='lat' dir='ltr'>haberent.</span> <span class='ocrx_word' id='word_1_349' title='bbox 2422 1897 2735 1951; x_wconf 86' lang='lat' dir='ltr'>Attendaut</span> <span class='ocrx_word' id='word_1_350' title='bbox 2757 1913 2988 1968; x_wconf 90' lang='lat' dir='ltr'>quoque</span> <span class='ocrx_word' id='word_1_351' title='bbox 3010 1903 3230 1968; x_wconf 89' lang='lat' dir='ltr'>quanta</span> <span class='ocrx_word' id='word_1_352' title='bbox 3257 1902 3596 1971; x_wconf 84' lang='lat' dir='ltr'>poenitentia</span> 
     </span>
    </p>
   </div>
   <div class='ocr_carea' id='block_1_51' title="bbox 1947 1984 3594 2058">
    <p class='ocr_par' dir='ltr' id='par_1_51' title="bbox 1947 1984 3594 2058">
     <span class='ocr_line' id='line_1_51' title="bbox 1947 1984 3594 2058; baseline 0.003 -17"><span class='ocrx_word' id='word_1_353' title='bbox 1947 1985 2064 2041; x_wconf 90' lang='lat' dir='ltr'>sint</span> <span class='ocrx_word' id='word_1_354' title='bbox 2095 1984 2418 2056; x_wconf 79' lang='lat' dir='ltr'>castigandi</span> <span class='ocrx_word' id='word_1_355' title='bbox 2458 1985 2729 2052; x_wconf 87' lang='lat' dir='ltr'>scientes,</span> <span class='ocrx_word' id='word_1_356' title='bbox 2762 1987 3236 2058; x_wconf 88' lang='lat' dir='ltr'>quandoquidem</span> <span class='ocrx_word' id='word_1_357' title='bbox 3270 1991 3594 2058; x_wconf 85' lang='lat' dir='ltr'>attendant,</span> 
     </span>
    </p>
   </div>
   <div class='ocr_carea' id='block_1_52' title="bbox 1949 2072 3595 2146">
    <p class='ocr_par' dir='ltr' id='par_1_52' title="bbox 1949 2072 3595 2146">
     <span class='ocr_line' id='line_1_52' title="bbox 1949 2072 3595 2146; baseline 0.004 -18"><span class='ocrx_word' id='word_1_358' title='bbox 1949 2090 2052 2128; x_wconf 89' lang='lat' dir='ltr'>nec</span> <span class='ocrx_word' id='word_1_359' title='bbox 2082 2073 2313 2128; x_wconf 78' lang='lat' dir='ltr'>Judaeos</span> <span class='ocrx_word' id='word_1_360' title='bbox 2336 2072 2507 2128; x_wconf 89' lang='lat' dir='ltr'>etiam</span> <span class='ocrx_word' id='word_1_361' title='bbox 2532 2073 2913 2144; x_wconf 87' lang='lat' dir='ltr'>baptizandos</span> <span class='ocrx_word' id='word_1_362' title='bbox 2935 2092 2963 2130; x_wconf 88' lang='lat' dir='ltr'>a</span> <span class='ocrx_word' id='word_1_363' title='bbox 2988 2076 3330 2146; x_wconf 84' lang='lat' dir='ltr'>poenitentia</span> <span class='ocrx_word' id='word_1_364' title='bbox 3354 2094 3595 2134; x_wconf 85' lang='lat' dir='ltr'>excusa-</span> 
     </span>
    </p>
   </div>
   <div class='ocr_carea' id='block_1_53' title="bbox 1946 2160 3594 2235">
    <p class='ocr_par' dir='ltr' id='par_1_53' title="bbox 1946 2160 3594 2235">
     <span class='ocr_line' id='line_1_53' title="bbox 1946 2160 3594 2235; baseline 0.004 -19"><span class='ocrx_word' id='word_1_365' title='bbox 1946 2167 2058 2229; x_wconf 91' lang='lat' dir='ltr'>tos,</span> <span class='ocrx_word' id='word_1_366' title='bbox 2076 2161 2344 2233; x_wconf 91' lang='lat' dir='ltr'>quamvis</span> <span class='ocrx_word' id='word_1_367' title='bbox 2370 2160 2725 2233; x_wconf 87' lang='lat' dir='ltr'>ignorantes.</span> <span class='ocrx_word' id='word_1_368' title='bbox 2751 2163 2820 2216; x_wconf 89' lang='lat' dir='ltr'>Et</span> <span class='ocrx_word' id='word_1_369' title='bbox 2841 2167 3014 2232; x_wconf 84' lang='lat' dir='ltr'>certe,</span> <span class='ocrx_word' id='word_1_370' title='bbox 3030 2168 3315 2235; x_wconf 89' lang='lat' dir='ltr'>quantum</span> <span class='ocrx_word' id='word_1_371' title='bbox 3338 2167 3594 2223; x_wconf 89' lang='lat' dir='ltr'>humano</span> 
     </span>
    </p>
   </div>
   <div class='ocr_carea' id='block_1_54' title="bbox 1948 2249 3599 2325">
    <p class='ocr_par' dir='ltr' id='par_1_54' title="bbox 1948 2249 3599 2325">
     <span class='ocr_line' id='line_1_54' title="bbox 1948 2249 3599 2325; baseline 0.004 -21"><span class='ocrx_word' id='word_1_372' title='bbox 1948 2250 2176 2304; x_wconf 89' lang='lat' dir='ltr'>videtur</span> <span class='ocrx_word' id='word_1_373' title='bbox 2197 2249 2442 2320; x_wconf 83' lang='lat' dir='ltr'>judicio,</span> <span class='ocrx_word' id='word_1_374' title='bbox 2473 2250 2674 2305; x_wconf 88' lang='lat' dir='ltr'>debuit</span> <span class='ocrx_word' id='word_1_375' title='bbox 2704 2252 2965 2306; x_wconf 72' lang='lat' dir='ltr'>excusari</span> <span class='ocrx_word' id='word_1_376' title='bbox 2998 2252 3345 2325; x_wconf 87' lang='lat' dir='ltr'>ignorantia.</span> <span class='ocrx_word' id='word_1_377' title='bbox 3371 2256 3483 2311; x_wconf 91' lang='lat' dir='ltr'>Sed</span> <span class='ocrx_word' id='word_1_378' title='bbox 3514 2256 3599 2311; x_wconf 88' lang='lat' dir='ltr'>in-</span> 
     </span>
    </p>
   </div>
   <div class='ocr_carea' id='block_1_55' title="bbox 1948 2339 3593 2414">
    <p class='ocr_par' dir='ltr' id='par_1_55' title="bbox 1948 2339 3593 2414">
     <span class='ocr_line' id='line_1_55' title="bbox 1948 2339 3593 2414; baseline 0.004 -20"><span class='ocrx_word' id='word_1_379' title='bbox 1948 2339 2299 2394; x_wconf 82' lang='lat' dir='ltr'>excusabilis</span> <span class='ocrx_word' id='word_1_380' title='bbox 2353 2339 2479 2404; x_wconf 86' lang='lat' dir='ltr'>fuit,</span> <span class='ocrx_word' id='word_1_381' title='bbox 2512 2339 2646 2410; x_wconf 90' lang='lat' dir='ltr'>quia</span> <span class='ocrx_word' id='word_1_382' title='bbox 2688 2339 2858 2409; x_wconf 85' lang='lat' dir='ltr'>juxta</span> <span class='ocrx_word' id='word_1_383' title='bbox 2904 2341 3058 2410; x_wconf 92' lang='lat' dir='ltr'>quod</span> <span class='ocrx_word' id='word_1_384' title='bbox 3105 2343 3418 2414; x_wconf 91' lang='lat' dir='ltr'>Apostolus</span> <span class='ocrx_word' id='word_1_385' title='bbox 3466 2344 3593 2400; x_wconf 88' lang='lat' dir='ltr'>ait:</span> 
     </span>
    </p>
   </div>
   <div class='ocr_carea' id='block_1_56' title="bbox 1949 2427 3597 2504">
    <p class='ocr_par' dir='ltr' id='par_1_56' title="bbox 1949 2427 3597 2504">
     <span class='ocr_line' id='line_1_56' title="bbox 1949 2427 3597 2504; baseline 0.005 -24"><span class='ocrx_word' id='word_1_386' title='bbox 1949 2453 1974 2477; x_wconf 91' lang='grc'><em>‹‹</em></span> <span class='ocrx_word' id='word_1_387' title='bbox 2011 2429 2118 2494; x_wconf 91' lang='lat' dir='ltr'>Qui</span> <span class='ocrx_word' id='word_1_388' title='bbox 2168 2427 2418 2500; x_wconf 88' lang='lat' dir='ltr'>ignorat,</span> <span class='ocrx_word' id='word_1_389' title='bbox 2472 2429 2839 2500; x_wconf 85' lang='lat' dir='ltr'>ignorabitur</span> <span class='ocrx_word' id='word_1_390' title='bbox 2876 2434 2924 2496; x_wconf 87' lang='grc' dir='ltr'>(Ι</span> <span class='ocrx_word' id='word_1_391' title='bbox 2957 2431 3076 2484; x_wconf 81' lang='lat' dir='ltr'>Cor.</span> <span class='ocrx_word' id='word_1_392' title='bbox 3111 2449 3226 2500; x_wconf 83' lang='lat' dir='ltr'>xw,</span> <span class='ocrx_word' id='word_1_393' title='bbox 3258 2433 3370 2504; x_wconf 89' lang='lat'>38).</span> <span class='ocrx_word' id='word_1_394' title='bbox 3407 2455 3435 2481; x_wconf 87' lang='lat'>»</span> <span class='ocrx_word' id='word_1_395' title='bbox 3465 2435 3536 2488; x_wconf 90' lang='lat' dir='ltr'>Et</span> <span class='ocrx_word' id='word_1_396' title='bbox 3564 2451 3597 2490; x_wconf 91' lang='grc' dir='ltr'>ο</span> 
     </span>
    </p>
   </div>
   <div class='ocr_carea' id='block_1_57' title="bbox 1949 2516 3601 2589">
    <p class='ocr_par' dir='ltr' id='par_1_57' title="bbox 1949 2516 3601 2589">
     <span class='ocr_line' id='line_1_57' title="bbox 1949 2516 3601 2589; baseline 0.004 -18"><span class='ocrx_word' id='word_1_397' title='bbox 1949 2520 2089 2589; x_wconf 91' lang='lat' dir='ltr'>quot</span> <span class='ocrx_word' id='word_1_398' title='bbox 2120 2521 2176 2570; x_wconf 90' lang='lat' dir='ltr'>et</span> <span class='ocrx_word' id='word_1_399' title='bbox 2207 2521 2435 2588; x_wconf 66' lang='lat' dir='ltr'>quantae</span> <span class='ocrx_word' id='word_1_400' title='bbox 2484 2521 2722 2571; x_wconf 65' lang='lat' dir='ltr'>catervas</span> <span class='ocrx_word' id='word_1_401' title='bbox 2763 2516 3119 2588; x_wconf 89' lang='lat' dir='ltr'>simplicium</span> <span class='ocrx_word' id='word_1_402' title='bbox 3168 2522 3224 2574; x_wconf 88' lang='lat' dir='ltr'>et</span> <span class='ocrx_word' id='word_1_403' title='bbox 3273 2520 3601 2577; x_wconf 88' lang='lat' dir='ltr'>rusticano-</span> 
     </span>
    </p>
   </div>
   <div class='ocr_carea' id='block_1_58' title="bbox 1951 2604 3600 2678">
    <p class='ocr_par' dir='ltr' id='par_1_58' title="bbox 1951 2604 3600 2678">
     <span class='ocr_line' id='line_1_58' title="bbox 1951 2604 3600 2678; baseline 0.004 -18"><span class='ocrx_word' id='word_1_404' title='bbox 1951 2622 2103 2672; x_wconf 89' lang='lat' dir='ltr'>rum,</span> <span class='ocrx_word' id='word_1_405' title='bbox 2144 2605 2453 2676; x_wconf 77' lang='lat' dir='ltr'>quzercndo</span> <span class='ocrx_word' id='word_1_406' title='bbox 2485 2604 2807 2671; x_wconf 87' lang='lat' dir='ltr'>veritatem,</span> <span class='ocrx_word' id='word_1_407' title='bbox 2841 2606 3177 2678; x_wconf 87' lang='lat' dir='ltr'>ignorantes</span> <span class='ocrx_word' id='word_1_408' title='bbox 3207 2608 3279 2663; x_wconf 90' lang='lat' dir='ltr'>ab</span> <span class='ocrx_word' id='word_1_409' title='bbox 3311 2609 3600 2667; x_wconf 66' lang='lat' dir='ltr'>haereticis</span> 
     </span>
    </p>
   </div>
   <div class='ocr_carea' id='block_1_59' title="bbox 1949 2693 3595 2770">
    <p class='ocr_par' dir='ltr' id='par_1_59' title="bbox 1949 2693 3595 2770">
     <span class='ocr_line' id='line_1_59' title="bbox 1949 2693 3595 2770; baseline 0.005 -22"><span class='ocrx_word' id='word_1_410' title='bbox 1949 2699 2087 2749; x_wconf 91' lang='lat' dir='ltr'>sunt</span> <span class='ocrx_word' id='word_1_411' title='bbox 2116 2695 2213 2748; x_wconf 92' lang='lat' dir='ltr'>sed</span> <span class='ocrx_word' id='word_1_412' title='bbox 2226 2699 2390 2761; x_wconf 73' lang='lat' dir='ltr'>uctaz,</span> <span class='ocrx_word' id='word_1_413' title='bbox 2411 2711 2555 2765; x_wconf 87' lang='lat' dir='ltr'>quas</span> <span class='ocrx_word' id='word_1_414' title='bbox 2578 2693 2811 2765; x_wconf 89' lang='lat' dir='ltr'>quidem</span> <span class='ocrx_word' id='word_1_415' title='bbox 2846 2694 3139 2752; x_wconf 91' lang='lat' dir='ltr'>credimus</span> <span class='ocrx_word' id='word_1_416' title='bbox 3162 2698 3324 2768; x_wconf 89' lang='lat' dir='ltr'>juste</span> <span class='ocrx_word' id='word_1_417' title='bbox 3344 2700 3595 2770; x_wconf 87' lang='lat' dir='ltr'>perisset</span> 
     </span>
    </p>
   </div>
   <div class='ocr_carea' id='block_1_60' title="bbox 1950 2782 3598 2855">
    <p class='ocr_par' dir='ltr' id='par_1_60' title="bbox 1950 2782 3598 2855">
     <span class='ocr_line' id='line_1_60' title="bbox 1950 2782 3598 2855; baseline 0.004 -18"><span class='ocrx_word' id='word_1_418' title='bbox 1950 2783 2050 2838; x_wconf 91' lang='lat' dir='ltr'>sed</span> <span class='ocrx_word' id='word_1_419' title='bbox 2083 2782 2332 2853; x_wconf 89' lang='lat' dir='ltr'>qualiter</span> <span class='ocrx_word' id='word_1_420' title='bbox 2354 2784 2585 2852; x_wconf 91' lang='lat' dir='ltr'>justum</span> <span class='ocrx_word' id='word_1_421' title='bbox 2621 2783 2793 2838; x_wconf 87' lang='lat' dir='ltr'>fuerit</span> <span class='ocrx_word' id='word_1_422' title='bbox 2823 2786 3137 2855; x_wconf 88' lang='lat' dir='ltr'>nequimus</span> <span class='ocrx_word' id='word_1_423' title='bbox 3182 2801 3248 2841; x_wconf 86' lang='lat' dir='ltr'>ex</span> <span class='ocrx_word' id='word_1_424' title='bbox 3288 2791 3408 2843; x_wconf 92' lang='lat' dir='ltr'>toto</span> <span class='ocrx_word' id='word_1_425' title='bbox 3439 2804 3598 2844; x_wconf 89' lang='lat' dir='ltr'>com-</span> 
     </span>
    </p>
   </div>
   <div class='ocr_carea' id='block_1_61' title="bbox 1949 2870 3602 2949">
    <p class='ocr_par' dir='ltr' id='par_1_61' title="bbox 1949 2870 3602 2949">
     <span class='ocr_line' id='line_1_61' title="bbox 1949 2870 3602 2949; baseline 0.004 -24"><span class='ocrx_word' id='word_1_426' title='bbox 1949 2870 2325 2942; x_wconf 91' lang='lat' dir='ltr'>prehendere.</span> <span class='ocrx_word' id='word_1_427' title='bbox 2361 2872 2428 2926; x_wconf 91' lang='lat' dir='ltr'>Et</span> <span class='ocrx_word' id='word_1_428' title='bbox 2459 2887 2655 2926; x_wconf 87' lang='lat' dir='ltr'>revera</span> <span class='ocrx_word' id='word_1_429' title='bbox 2677 2895 2702 2921; x_wconf 92' lang='grc'>‹‹</span> <span class='ocrx_word' id='word_1_430' title='bbox 2737 2872 2836 2944; x_wconf 90' lang='lat' dir='ltr'>qui</span> <span class='ocrx_word' id='word_1_431' title='bbox 2870 2872 3126 2946; x_wconf 88' lang='lat' dir='ltr'>tetigerit</span> <span class='ocrx_word' id='word_1_432' title='bbox 3157 2875 3366 2946; x_wconf 89' lang='lat' dir='ltr'>picem,</span> <span class='ocrx_word' id='word_1_433' title='bbox 3400 2876 3602 2949; x_wconf 73' lang='lat' dir='ltr'>inqui~</span> 
     </span>
    </p>
   </div>
   <div class='ocr_carea' id='block_1_62' title="bbox 1949 2960 3598 3038">
    <p class='ocr_par' dir='ltr' id='par_1_62' title="bbox 1949 2960 3598 3038">
     <span class='ocr_line' id='line_1_62' title="bbox 1949 2960 3598 3038; baseline 0.004 -24"><span class='ocrx_word' id='word_1_434' title='bbox 1949 2960 2190 3015; x_wconf 89' lang='lat' dir='ltr'>nabitur</span> <span class='ocrx_word' id='word_1_435' title='bbox 2220 2960 2289 3014; x_wconf 92' lang='lat' dir='ltr'>ab</span> <span class='ocrx_word' id='word_1_436' title='bbox 2323 2977 2417 3027; x_wconf 89' lang='lat' dir='ltr'>ea;</span> <span class='ocrx_word' id='word_1_437' title='bbox 2451 2964 2506 3015; x_wconf 90' lang='lat' dir='ltr'>et</span> <span class='ocrx_word' id='word_1_438' title='bbox 2543 2961 2642 3032; x_wconf 90' lang='lat' dir='ltr'>qui</span> <span class='ocrx_word' id='word_1_439' title='bbox 2683 2963 3201 3018; x_wconf 88' lang='lat' dir='ltr'>communicaverit</span> <span class='ocrx_word' id='word_1_440' title='bbox 3231 2966 3482 3038; x_wconf 89' lang='lat' dir='ltr'>superbo</span> <span class='ocrx_word' id='word_1_441' title='bbox 3510 2967 3598 3021; x_wconf 91' lang='lat' dir='ltr'>in-</span> 
     </span>
    </p>
   </div>
   <div class='ocr_carea' id='block_1_63' title="bbox 1950 3049 3598 3126">
    <p class='ocr_par' dir='ltr' id='par_1_63' title="bbox 1950 3049 3598 3126">
     <span class='ocr_line' id='line_1_63' title="bbox 1950 3049 3598 3126; baseline 0.005 -23"><span class='ocrx_word' id='word_1_442' title='bbox 1950 3050 2088 3104; x_wconf 92' lang='lat' dir='ltr'>duet</span> <span class='ocrx_word' id='word_1_443' title='bbox 2138 3049 2473 3121; x_wconf 56' lang='lat' dir='ltr'>superbiam</span> <span class='ocrx_word' id='word_1_444' title='bbox 2507 3049 2690 3120; x_wconf 83' lang='lat' dir='ltr'>(Eccli.</span> <span class='ocrx_word' id='word_1_445' title='bbox 2727 3068 2848 3122; x_wconf 86' lang='lat' dir='ltr'>xm,</span> <span class='ocrx_word' id='word_1_446' title='bbox 2883 3052 2956 3122; x_wconf 86' lang='lat'>1).</span> <span class='ocrx_word' id='word_1_447' title='bbox 2984 3075 3010 3101; x_wconf 83' lang='lat'>»</span> <span class='ocrx_word' id='word_1_448' title='bbox 3043 3053 3150 3119; x_wconf 88' lang='lat' dir='ltr'>Qui</span> <span class='ocrx_word' id='word_1_449' title='bbox 3183 3054 3292 3109; x_wconf 91' lang='lat' dir='ltr'>sibi</span> <span class='ocrx_word' id='word_1_450' title='bbox 3345 3071 3598 3126; x_wconf 89' lang='lat' dir='ltr'>nequam</span> 
     </span>
    </p>
   </div>
   <div class='ocr_carea' id='block_1_64' title="bbox 1949 3137 3594 3213">
    <p class='ocr_par' dir='ltr' id='par_1_64' title="bbox 1949 3137 3594 3213">
     <span class='ocr_line' id='line_1_64' title="bbox 1949 3137 3594 3213; baseline 0.004 -20"><span class='ocrx_word' id='word_1_451' title='bbox 1949 3143 2060 3204; x_wconf 89' lang='lat' dir='ltr'>est,</span> <span class='ocrx_word' id='word_1_452' title='bbox 2083 3139 2176 3193; x_wconf 92' lang='lat' dir='ltr'>cui</span> <span class='ocrx_word' id='word_1_453' title='bbox 2211 3137 2321 3193; x_wconf 92' lang='lat' dir='ltr'>alio</span> <span class='ocrx_word' id='word_1_454' title='bbox 2353 3139 2542 3193; x_wconf 92' lang='lat' dir='ltr'>bonus</span> <span class='ocrx_word' id='word_1_455' title='bbox 2574 3139 2719 3194; x_wconf 84' lang='lat' dir='ltr'>erit?</span> <span class='ocrx_word' id='word_1_456' title='bbox 2748 3141 3133 3213; x_wconf 88' lang='lat' dir='ltr'>Cognoscant,</span> <span class='ocrx_word' id='word_1_457' title='bbox 3158 3143 3244 3198; x_wconf 90' lang='lat' dir='ltr'>vel</span> <span class='ocrx_word' id='word_1_458' title='bbox 3290 3143 3594 3213; x_wconf 85' lang='lat' dir='ltr'>admoniti,</span> 
     </span>
    </p>
   </div>
   <div class='ocr_carea' id='block_1_65' title="bbox 192 3215 3598 3303">
    <p class='ocr_par' dir='ltr' id='par_1_65' title="bbox 192 3215 3598 3303">
     <span class='ocr_line' id='line_1_65' title="bbox 192 3215 3598 3303; baseline 0.001 -18"><span class='ocrx_word' id='word_1_459' title='bbox 192 3230 295 3303; x_wconf 88' lang='lat' dir='ltr'>qui</span> <span class='ocrx_word' id='word_1_460' title='bbox 319 3247 432 3286; x_wconf 91' lang='lat' dir='ltr'>non</span> <span class='ocrx_word' id='word_1_461' title='bbox 455 3229 855 3296; x_wconf 90' lang='lat' dir='ltr'>crediderunt;</span> <span class='ocrx_word' id='word_1_462' title='bbox 880 3245 985 3284; x_wconf 89' lang='lat' dir='ltr'>nec</span> <span class='ocrx_word' id='word_1_463' title='bbox 1008 3245 1070 3284; x_wconf 90' lang='lat' dir='ltr'>se</span> <span class='ocrx_word' id='word_1_464' title='bbox 1087 3246 1341 3300; x_wconf 89' lang='lat' dir='ltr'>suosque</span> <span class='ocrx_word' id='word_1_465' title='bbox 1359 3235 1620 3300; x_wconf 86' lang='lat' dir='ltr'>posteros</span> <span class='ocrx_word' id='word_1_466' title='bbox 1641 3250 1674 3286; x_wconf 86' lang='lat' dir='ltr'>a</span> <span class='ocrx_word' id='word_1_467' title='bbox 1695 3248 1841 3286; x_wconf 88' lang='lat' dir='ltr'>sem-</span> <span class='ocrx_word' id='word_1_468' title='bbox 1871 3215 1913 3281; x_wconf 65' lang='grc' dir='ltr'>(ἶ</span> <span class='ocrx_word' id='word_1_469' title='bbox 1954 3227 2092 3298; x_wconf 90' lang='lat' dir='ltr'>quia</span> <span class='ocrx_word' id='word_1_470' title='bbox 2117 3229 2403 3298; x_wconf 88' lang='lat' dir='ltr'>quotquot</span> <span class='ocrx_word' id='word_1_471' title='bbox 2431 3228 2586 3282; x_wconf 91' lang='lat' dir='ltr'>fures</span> <span class='ocrx_word' id='word_1_472' title='bbox 2619 3232 2756 3282; x_wconf 91' lang='lat' dir='ltr'>sunt</span> <span class='ocrx_word' id='word_1_473' title='bbox 2786 3233 2841 3282; x_wconf 93' lang='lat' dir='ltr'>et</span> <span class='ocrx_word' id='word_1_474' title='bbox 2881 3229 3136 3285; x_wconf 87' lang='lat' dir='ltr'>latrones</span> <span class='ocrx_word' id='word_1_475' title='bbox 3176 3236 3332 3297; x_wconf 88' lang='lat' dir='ltr'>sunt,</span> <span class='ocrx_word' id='word_1_476' title='bbox 3357 3251 3470 3288; x_wconf 91' lang='lat' dir='ltr'>non</span> <span class='ocrx_word' id='word_1_477' title='bbox 3501 3249 3598 3289; x_wconf 89' lang='lat' dir='ltr'>ve-</span> 
     </span>
    </p>
   </div>
   <div class='ocr_carea' id='block_1_66' title="bbox 195 3317 1844 3392">
    <p class='ocr_par' dir='ltr' id='par_1_66' title="bbox 195 3317 1844 3392">
     <span class='ocr_line' id='line_1_66' title="bbox 195 3317 1844 3392; baseline 0.001 -19"><span class='ocrx_word' id='word_1_478' title='bbox 195 3320 424 3392; x_wconf 90' lang='lat' dir='ltr'>piterna</span> <span class='ocrx_word' id='word_1_479' title='bbox 450 3322 634 3373; x_wconf 89' lang='lat' dir='ltr'>morte</span> <span class='ocrx_word' id='word_1_480' title='bbox 657 3317 998 3373; x_wconf 86' lang='lat' dir='ltr'>subtrahere</span> <span class='ocrx_word' id='word_1_481' title='bbox 1017 3321 1312 3373; x_wconf 88' lang='lat' dir='ltr'>curarunt.</span> <span class='ocrx_word' id='word_1_482' title='bbox 1332 3317 1491 3374; x_wconf 89' lang='lat' dir='ltr'>Unde</span> <span class='ocrx_word' id='word_1_483' title='bbox 1512 3319 1685 3374; x_wconf 87' lang='lat' dir='ltr'>etiam</span> <span class='ocrx_word' id='word_1_484' title='bbox 1711 3335 1844 3374; x_wconf 91' lang='lat' dir='ltr'>eum</span> 
     </span>
    </p>
   </div>
   <div class='ocr_carea' id='block_1_67' title="bbox 197 3405 1849 3478">
    <p class='ocr_par' dir='ltr' id='par_1_67' title="bbox 197 3405 1849 3478">
     <span class='ocr_line' id='line_1_67' title="bbox 197 3405 1849 3478; baseline -0.001 -14"><span class='ocrx_word' id='word_1_485' title='bbox 197 3413 384 3464; x_wconf 90' lang='lat' dir='ltr'>morte</span> <span class='ocrx_word' id='word_1_486' title='bbox 406 3406 614 3463; x_wconf 67' lang='lat' dir='ltr'>anima:</span> <span class='ocrx_word' id='word_1_487' title='bbox 633 3406 1036 3478; x_wconf 90' lang='lat' dir='ltr'>turpissimam</span> <span class='ocrx_word' id='word_1_488' title='bbox 1057 3411 1113 3460; x_wconf 89' lang='lat' dir='ltr'>et</span> <span class='ocrx_word' id='word_1_489' title='bbox 1131 3405 1568 3462; x_wconf 88' lang='lat' dir='ltr'>acerbissimam</span> <span class='ocrx_word' id='word_1_490' title='bbox 1589 3407 1849 3478; x_wconf 89' lang='lat' dir='ltr'>corporis</span> 
     </span>
    </p>
   </div>
   <div class='ocr_carea' id='block_1_68' title="bbox 203 3493 1846 3566">
    <p class='ocr_par' dir='ltr' id='par_1_68' title="bbox 203 3493 1846 3566">
     <span class='ocr_line' id='line_1_68' title="bbox 203 3493 1846 3566; baseline -0.002 -14"><span class='ocrx_word' id='word_1_491' title='bbox 203 3501 448 3552; x_wconf 88' lang='lat' dir='ltr'>mortem</span> <span class='ocrx_word' id='word_1_492' title='bbox 477 3496 869 3558; x_wconf 90' lang='lat' dir='ltr'>incurrerunt,</span> <span class='ocrx_word' id='word_1_493' title='bbox 893 3493 1047 3547; x_wconf 91' lang='lat' dir='ltr'>velut</span> <span class='ocrx_word' id='word_1_494' title='bbox 1077 3510 1178 3564; x_wconf 86' lang='lat' dir='ltr'>per</span> <span class='ocrx_word' id='word_1_495' title='bbox 1206 3493 1632 3566; x_wconf 89' lang='lat' dir='ltr'>Vespasianum</span> <span class='ocrx_word' id='word_1_496' title='bbox 1665 3500 1720 3551; x_wconf 91' lang='lat' dir='ltr'>et</span> <span class='ocrx_word' id='word_1_497' title='bbox 1751 3497 1846 3550; x_wconf 88' lang='lat' dir='ltr'>Ti-</span> 
     </span>
    </p>
   </div>
   <div class='ocr_carea' id='block_1_69' title="bbox 199 3580 1848 3655">
    <p class='ocr_par' dir='ltr' id='par_1_69' title="bbox 199 3580 1848 3655">
     <span class='ocr_line' id='line_1_69' title="bbox 199 3580 1848 3655; baseline -0.002 -14"><span class='ocrx_word' id='word_1_498' title='bbox 199 3591 354 3649; x_wconf 88' lang='lat' dir='ltr'>tum,</span> <span class='ocrx_word' id='word_1_499' title='bbox 387 3588 561 3654; x_wconf 88' lang='lat' dir='ltr'>atque</span> <span class='ocrx_word' id='word_1_500' title='bbox 611 3598 714 3652; x_wconf 89' lang='lat' dir='ltr'>per</span> <span class='ocrx_word' id='word_1_501' title='bbox 742 3580 949 3634; x_wconf 49' lang='lat' dir='ltr'>.‘Elium</span> <span class='ocrx_word' id='word_1_502' title='bbox 983 3581 1325 3635; x_wconf 90' lang='lat' dir='ltr'>Adrianum.</span> <span class='ocrx_word' id='word_1_503' title='bbox 1363 3583 1440 3637; x_wconf 91' lang='lat' dir='ltr'>De</span> <span class='ocrx_word' id='word_1_504' title='bbox 1471 3599 1584 3654; x_wconf 89' lang='lat' dir='ltr'>quo</span> <span class='ocrx_word' id='word_1_505' title='bbox 1635 3583 1848 3655; x_wconf 90' lang='lat' dir='ltr'>populo</span> 
     </span>
    </p>
   </div>
   <div class='ocr_carea' id='block_1_70' title="bbox 203 3668 1848 3740">
    <p class='ocr_par' dir='ltr' id='par_1_70' title="bbox 203 3668 1848 3740">
     <span class='ocr_line' id='line_1_70' title="bbox 203 3668 1848 3740; baseline -0.002 -11"><span class='ocrx_word' id='word_1_506' title='bbox 203 3679 260 3730; x_wconf 88' lang='lat' dir='ltr'>et</span> <span class='ocrx_word' id='word_1_507' title='bbox 291 3669 433 3728; x_wconf 91' lang='lat' dir='ltr'>illud</span> <span class='ocrx_word' id='word_1_508' title='bbox 484 3668 975 3725; x_wconf 87' lang='lat' dir='ltr'>considerandum</span> <span class='ocrx_word' id='word_1_509' title='bbox 1007 3672 1094 3722; x_wconf 91' lang='lat' dir='ltr'>est</span> <span class='ocrx_word' id='word_1_510' title='bbox 1142 3669 1280 3738; x_wconf 90' lang='lat' dir='ltr'>quia</span> <span class='ocrx_word' id='word_1_511' title='bbox 1315 3674 1600 3740; x_wconf 86' lang='lat' dir='ltr'>quotquot</span> <span class='ocrx_word' id='word_1_512' title='bbox 1646 3688 1848 3726; x_wconf 90' lang='lat' dir='ltr'>eorum</span> 
     </span>
    </p>
   </div>
   <div class='ocr_carea' id='block_1_71' title="bbox 203 3755 1850 3830">
    <p class='ocr_par' dir='ltr' id='par_1_71' title="bbox 203 3755 1850 3830">
     <span class='ocr_line' id='line_1_71' title="bbox 203 3755 1850 3830; baseline -0.003 -12"><span class='ocrx_word' id='word_1_513' title='bbox 203 3759 408 3819; x_wconf 87' lang='lat' dir='ltr'>salvati</span> <span class='ocrx_word' id='word_1_514' title='bbox 441 3762 600 3826; x_wconf 90' lang='lat' dir='ltr'>sunt,</span> <span class='ocrx_word' id='word_1_515' title='bbox 635 3773 752 3812; x_wconf 91' lang='lat' dir='ltr'>non</span> <span class='ocrx_word' id='word_1_516' title='bbox 801 3755 995 3810; x_wconf 90' lang='lat' dir='ltr'>solum</span> <span class='ocrx_word' id='word_1_517' title='bbox 1043 3755 1412 3826; x_wconf 87' lang='lat' dir='ltr'>baptismate,</span> <span class='ocrx_word' id='word_1_518' title='bbox 1445 3759 1598 3828; x_wconf 91' lang='lat' dir='ltr'>quod</span> <span class='ocrx_word' id='word_1_519' title='bbox 1650 3759 1850 3830; x_wconf 85' lang='lat' dir='ltr'>procul</span> 
     </span>
    </p>
   </div>
   <div class='ocr_carea' id='block_1_72' title="bbox 205 3843 1850 3914">
    <p class='ocr_par' dir='ltr' id='par_1_72' title="bbox 205 3843 1850 3914">
     <span class='ocr_line' id='line_1_72' title="bbox 205 3843 1850 3914; baseline 0 -12"><span class='ocrx_word' id='word_1_520' title='bbox 205 3850 384 3905; x_wconf 72' lang='lat' dir='ltr'>dubio</span> <span class='ocrx_word' id='word_1_521' title='bbox 416 3845 819 3906; x_wconf 89' lang='lat' dir='ltr'>remissionem</span> <span class='ocrx_word' id='word_1_522' title='bbox 853 3843 1117 3899; x_wconf 91' lang='lat' dir='ltr'>omnium</span> <span class='ocrx_word' id='word_1_523' title='bbox 1163 3847 1528 3914; x_wconf 86' lang='lat' dir='ltr'>peccatorum</span> <span class='ocrx_word' id='word_1_524' title='bbox 1560 3847 1850 3914; x_wconf 86' lang='lat' dir='ltr'>attribuit,</span> 
     </span>
    </p>
   </div>
   <div class='ocr_carea' id='block_1_73' title="bbox 205 3931 1854 4010">
    <p class='ocr_par' dir='ltr' id='par_1_73' title="bbox 205 3931 1854 4010">
     <span class='ocr_line' id='line_1_73' title="bbox 205 3931 1854 4010; baseline -0.002 -15"><span class='ocrx_word' id='word_1_525' title='bbox 205 3939 322 3995; x_wconf 92' lang='lat' dir='ltr'>Deo</span> <span class='ocrx_word' id='word_1_526' title='bbox 363 3938 612 4010; x_wconf 81' lang='lat' dir='ltr'>perfecte</span> <span class='ocrx_word' id='word_1_527' title='bbox 657 3931 1018 3990; x_wconf 88' lang='lat' dir='ltr'>reconciliari</span> <span class='ocrx_word' id='word_1_528' title='bbox 1069 3938 1425 3999; x_wconf 90' lang='lat' dir='ltr'>meruerunt,</span> <span class='ocrx_word' id='word_1_529' title='bbox 1460 3933 1570 3988; x_wconf 90' lang='lat' dir='ltr'>nisi</span> <span class='ocrx_word' id='word_1_530' title='bbox 1602 3939 1658 3989; x_wconf 92' lang='lat' dir='ltr'>et</span> <span class='ocrx_word' id='word_1_531' title='bbox 1687 3936 1854 4006; x_wconf 90' lang='lat' dir='ltr'>prius</span> 
     </span>
    </p>
   </div>
   <div class='ocr_carea' id='block_1_74' title="bbox 207 4019 1856 4100">
    <p class='ocr_par' dir='ltr' id='par_1_74' title="bbox 207 4019 1856 4100">
     <span class='ocr_line' id='line_1_74' title="bbox 207 4019 1856 4100; baseline -0.001 -17"><span class='ocrx_word' id='word_1_532' title='bbox 207 4044 309 4100; x_wconf 89' lang='lat' dir='ltr'>per</span> <span class='ocrx_word' id='word_1_533' title='bbox 339 4025 739 4099; x_wconf 64' lang='lat' dir='ltr'>paenitentiam</span> <span class='ocrx_word' id='word_1_534' title='bbox 771 4039 905 4078; x_wconf 89' lang='lat' dir='ltr'>eum</span> <span class='ocrx_word' id='word_1_535' title='bbox 948 4020 1060 4077; x_wconf 92' lang='lat' dir='ltr'>sibi</span> <span class='ocrx_word' id='word_1_536' title='bbox 1091 4019 1316 4092; x_wconf 89' lang='lat' dir='ltr'>placare</span> <span class='ocrx_word' id='word_1_537' title='bbox 1353 4021 1738 4078; x_wconf 87' lang='lat' dir='ltr'>laborassent.</span> <span class='ocrx_word' id='word_1_538' title='bbox 1761 4025 1856 4081; x_wconf 90' lang='lat' dir='ltr'>Sic</span> 
     </span>
    </p>
   </div>
   <div class='ocr_carea' id='block_1_75' title="bbox 208 4110 1854 4185">
    <p class='ocr_par' dir='ltr' id='par_1_75' title="bbox 208 4110 1854 4185">
     <span class='ocr_line' id='line_1_75' title="bbox 208 4110 1854 4185; baseline -0.002 -14"><span class='ocrx_word' id='word_1_539' title='bbox 208 4116 363 4172; x_wconf 90' lang='lat' dir='ltr'>enim</span> <span class='ocrx_word' id='word_1_540' title='bbox 387 4115 458 4170; x_wconf 89' lang='lat' dir='ltr'>ad</span> <span class='ocrx_word' id='word_1_541' title='bbox 484 4113 738 4185; x_wconf 90' lang='lat' dir='ltr'>Spiritus</span> <span class='ocrx_word' id='word_1_542' title='bbox 760 4110 946 4168; x_wconf 89' lang='lat' dir='ltr'>sancti</span> <span class='ocrx_word' id='word_1_543' title='bbox 970 4110 1294 4166; x_wconf 87' lang='lat' dir='ltr'>evidentem</span> <span class='ocrx_word' id='word_1_544' title='bbox 1315 4110 1678 4179; x_wconf 73' lang='lat' dir='ltr'>effusionem,</span> <span class='ocrx_word' id='word_1_545' title='bbox 1705 4118 1760 4167; x_wconf 90' lang='lat' dir='ltr'>et</span> <span class='ocrx_word' id='word_1_546' title='bbox 1781 4114 1854 4169; x_wconf 90' lang='lat' dir='ltr'>ad</span> 
     </span>
    </p>
   </div>
   <div class='ocr_carea' id='block_1_76' title="bbox 208 4197 1856 4276">
    <p class='ocr_par' dir='ltr' id='par_1_76' title="bbox 208 4197 1856 4276">
     <span class='ocr_line' id='line_1_76' title="bbox 208 4197 1856 4276; baseline -0.002 -17"><span class='ocrx_word' id='word_1_547' title='bbox 208 4202 680 4276; x_wconf 66' lang='lat' dir='ltr'>praedicationem</span> <span class='ocrx_word' id='word_1_548' title='bbox 700 4199 851 4254; x_wconf 88' lang='lat' dir='ltr'>Petri</span> <span class='ocrx_word' id='word_1_549' title='bbox 874 4197 1238 4269; x_wconf 89' lang='lat' dir='ltr'>compunctis</span> <span class='ocrx_word' id='word_1_550' title='bbox 1259 4197 1478 4252; x_wconf 91' lang='lat' dir='ltr'>dictum</span> <span class='ocrx_word' id='word_1_551' title='bbox 1497 4203 1585 4252; x_wconf 89' lang='lat' dir='ltr'>est</span> <span class='ocrx_word' id='word_1_552' title='bbox 1604 4215 1615 4251; x_wconf 90' lang='lat'>:</span> <span class='ocrx_word' id='word_1_553' title='bbox 1631 4223 1649 4247; x_wconf 76' lang='grc' dir='ltr'>ιι</span> <span class='ocrx_word' id='word_1_554' title='bbox 1672 4199 1856 4255; x_wconf 84' lang='lat' dir='ltr'>Poeni-</span> 
     </span>
    </p>
   </div>
   <div class='ocr_carea' id='block_1_77' title="bbox 209 4287 1853 4362">
    <p class='ocr_par' dir='ltr' id='par_1_77' title="bbox 209 4287 1853 4362">
     <span class='ocr_line' id='line_1_77' title="bbox 209 4287 1853 4362; baseline -0.002 -14"><span class='ocrx_word' id='word_1_555' title='bbox 209 4293 454 4348; x_wconf 89' lang='lat' dir='ltr'>tentiam</span> <span class='ocrx_word' id='word_1_556' title='bbox 476 4291 720 4362; x_wconf 88' lang='lat' dir='ltr'>agite,et</span> <span class='ocrx_word' id='word_1_557' title='bbox 741 4288 1069 4360; x_wconf 90' lang='lat' dir='ltr'>baptizetur</span> <span class='ocrx_word' id='word_1_558' title='bbox 1090 4287 1496 4359; x_wconf 88' lang='lat' dir='ltr'>unusquisque</span> <span class='ocrx_word' id='word_1_559' title='bbox 1515 4293 1770 4343; x_wconf 88' lang='lat' dir='ltr'>vestrum</span> <span class='ocrx_word' id='word_1_560' title='bbox 1794 4289 1853 4344; x_wconf 91' lang='lat' dir='ltr'>in</span> 
     </span>
    </p>
   </div>
   <div class='ocr_carea' id='block_1_78' title="bbox 210 4376 1853 4448">
    <p class='ocr_par' dir='ltr' id='par_1_78' title="bbox 210 4376 1853 4448">
     <span class='ocr_line' id='line_1_78' title="bbox 210 4376 1853 4448; baseline -0.002 -13"><span class='ocrx_word' id='word_1_561' title='bbox 210 4380 447 4437; x_wconf 89' lang='lat' dir='ltr'>nomine</span> <span class='ocrx_word' id='word_1_562' title='bbox 487 4380 626 4434; x_wconf 88' lang='lat' dir='ltr'>Jesu</span> <span class='ocrx_word' id='word_1_563' title='bbox 659 4377 873 4432; x_wconf 88' lang='lat' dir='ltr'>Christi</span> <span class='ocrx_word' id='word_1_564' title='bbox 924 4377 982 4430; x_wconf 91' lang='lat' dir='ltr'>in</span> <span class='ocrx_word' id='word_1_565' title='bbox 1035 4376 1440 4431; x_wconf 87' lang='lat' dir='ltr'>remissionem</span> <span class='ocrx_word' id='word_1_566' title='bbox 1485 4381 1853 4448; x_wconf 89' lang='lat' dir='ltr'>peccatorum</span> 
     </span>
    </p>
   </div>
   <div class='ocr_carea' id='block_1_79' title="bbox 209 4464 1854 4538">
    <p class='ocr_par' dir='ltr' id='par_1_79' title="bbox 209 4464 1854 4538">
     <span class='ocr_line' id='line_1_79' title="bbox 209 4464 1854 4538; baseline -0.001 -14"><span class='ocrx_word' id='word_1_567' title='bbox 209 4475 555 4529; x_wconf 86' lang='lat' dir='ltr'>vestrorum,</span> <span class='ocrx_word' id='word_1_568' title='bbox 582 4472 639 4523; x_wconf 92' lang='lat' dir='ltr'>et</span> <span class='ocrx_word' id='word_1_569' title='bbox 659 4465 955 4538; x_wconf 89' lang='lat' dir='ltr'>accipietis</span> <span class='ocrx_word' id='word_1_570' title='bbox 977 4467 1193 4521; x_wconf 89' lang='lat' dir='ltr'>donum</span> <span class='ocrx_word' id='word_1_571' title='bbox 1232 4464 1482 4537; x_wconf 87' lang='lat' dir='ltr'>Spiritus</span> <span class='ocrx_word' id='word_1_572' title='bbox 1505 4466 1692 4522; x_wconf 86' lang='lat' dir='ltr'>sancti</span> <span class='ocrx_word' id='word_1_573' title='bbox 1715 4466 1854 4538; x_wconf 81' lang='lat' dir='ltr'>(Act.</span> 
     </span>
    </p>
   </div>
   <div class='ocr_carea' id='block_1_80' title="bbox 213 4553 1857 4627">
    <p class='ocr_par' dir='ltr' id='par_1_80' title="bbox 213 4553 1857 4627">
     <span class='ocr_line' id='line_1_80' title="bbox 213 4553 1857 4627; baseline -0.002 -14"><span class='ocrx_word' id='word_1_574' title='bbox 213 4559 412 4626; x_wconf 84' lang='lat'>11,38).</span> <span class='ocrx_word' id='word_1_575' title='bbox 443 4579 468 4605; x_wconf 86' lang='grc'>››</span> <span class='ocrx_word' id='word_1_576' title='bbox 492 4557 604 4612; x_wconf 90' lang='lat' dir='ltr'>Nec</span> <span class='ocrx_word' id='word_1_577' title='bbox 635 4572 908 4612; x_wconf 85' lang='lat' dir='ltr'>excusare</span> <span class='ocrx_word' id='word_1_578' title='bbox 948 4572 1046 4610; x_wconf 92' lang='lat' dir='ltr'>eos</span> <span class='ocrx_word' id='word_1_579' title='bbox 1095 4553 1421 4626; x_wconf 84' lang='lat' dir='ltr'>ignorantia</span> <span class='ocrx_word' id='word_1_580' title='bbox 1471 4555 1660 4626; x_wconf 90' lang='lat' dir='ltr'>potuit</span> <span class='ocrx_word' id='word_1_581' title='bbox 1716 4556 1857 4627; x_wconf 91' lang='lat' dir='ltr'>quin</span> 
     </span>
    </p>
   </div>
   <div class='ocr_carea' id='block_1_81' title="bbox 212 4643 1860 4720">
    <p class='ocr_par' dir='ltr' id='par_1_81' title="bbox 212 4643 1860 4720">
     <span class='ocr_line' id='line_1_81' title="bbox 212 4643 1860 4720; baseline -0.001 -18"><span class='ocrx_word' id='word_1_582' title='bbox 212 4645 577 4720; x_wconf 66' lang='lat' dir='ltr'>poeniterent,</span> <span class='ocrx_word' id='word_1_583' title='bbox 613 4645 883 4717; x_wconf 89' lang='lat' dir='ltr'>quamvis</span> <span class='ocrx_word' id='word_1_584' title='bbox 927 4643 1099 4699; x_wconf 87' lang='lat' dir='ltr'>etiam</span> <span class='ocrx_word' id='word_1_585' title='bbox 1133 4643 1257 4715; x_wconf 92' lang='lat' dir='ltr'>ipse</span> <span class='ocrx_word' id='word_1_586' title='bbox 1289 4644 1489 4699; x_wconf 88' lang='lat' dir='ltr'>Petrus</span> <span class='ocrx_word' id='word_1_587' title='bbox 1537 4643 1621 4699; x_wconf 87' lang='lat' dir='ltr'>eis</span> <span class='ocrx_word' id='word_1_588' title='bbox 1653 4646 1723 4700; x_wconf 91' lang='lat' dir='ltr'>de</span> <span class='ocrx_word' id='word_1_589' title='bbox 1761 4643 1860 4700; x_wconf 90' lang='lat' dir='ltr'>illa</span> 
     </span>
    </p>
   </div>
   <div class='ocr_carea' id='block_1_82' title="bbox 213 4732 1856 4806">
    <p class='ocr_par' dir='ltr' id='par_1_82' title="bbox 213 4732 1856 4806">
     <span class='ocr_line' id='line_1_82' title="bbox 213 4732 1856 4806; baseline -0.002 -14"><span class='ocrx_word' id='word_1_590' title='bbox 213 4735 615 4792; x_wconf 88' lang='lat' dir='ltr'>testimonium</span> <span class='ocrx_word' id='word_1_591' title='bbox 646 4733 976 4806; x_wconf 89' lang='lat' dir='ltr'>perhiberet</span> <span class='ocrx_word' id='word_1_592' title='bbox 998 4732 1056 4786; x_wconf 91' lang='lat' dir='ltr'>in</span> <span class='ocrx_word' id='word_1_593' title='bbox 1081 4732 1592 4804; x_wconf 88' lang='lat' dir='ltr'>subsequentibus,</span> <span class='ocrx_word' id='word_1_594' title='bbox 1619 4733 1856 4789; x_wconf 90' lang='lat' dir='ltr'>dicens:</span> 
     </span>
    </p>
   </div>
   <div class='ocr_carea' id='block_1_83' title="bbox 215 4821 1860 4892">
    <p class='ocr_par' dir='ltr' id='par_1_83' title="bbox 215 4821 1860 4892">
     <span class='ocr_line' id='line_1_83' title="bbox 215 4821 1860 4892; baseline 0.002 -18"><span class='ocrx_word' id='word_1_595' title='bbox 215 4849 242 4875; x_wconf 86' lang='grc'><em>‹‹</em></span> <span class='ocrx_word' id='word_1_596' title='bbox 273 4825 344 4880; x_wconf 86' lang='lat' dir='ltr'>Et</span> <span class='ocrx_word' id='word_1_597' title='bbox 376 4839 549 4890; x_wconf 91' lang='lat' dir='ltr'>nunc,</span> <span class='ocrx_word' id='word_1_598' title='bbox 583 4823 811 4888; x_wconf 82' lang='lat' dir='ltr'>fratres,</span> <span class='ocrx_word' id='word_1_599' title='bbox 846 4821 966 4876; x_wconf 89' lang='lat' dir='ltr'>scia</span> <span class='ocrx_word' id='word_1_600' title='bbox 997 4821 1136 4892; x_wconf 89' lang='lat' dir='ltr'>quia</span> <span class='ocrx_word' id='word_1_601' title='bbox 1167 4837 1268 4891; x_wconf 90' lang='lat' dir='ltr'>per</span> <span class='ocrx_word' id='word_1_602' title='bbox 1305 4821 1691 4892; x_wconf 82' lang='lat' dir='ltr'>ignorantiam</span> <span class='ocrx_word' id='word_1_603' title='bbox 1727 4823 1860 4878; x_wconf 86' lang='lat' dir='ltr'>feei-</span> 
     </span>
    </p>
   </div>
   <div class='ocr_carea' id='block_1_84' title="bbox 210 4909 1865 4984">
    <p class='ocr_par' dir='ltr' id='par_1_84' title="bbox 210 4909 1865 4984">
     <span class='ocr_line' id='line_1_84' title="bbox 210 4909 1865 4984; baseline -0.001 -14"><span class='ocrx_word' id='word_1_604' title='bbox 210 4914 339 4981; x_wconf 89' lang='lat' dir='ltr'>stis,</span> <span class='ocrx_word' id='word_1_605' title='bbox 369 4913 522 4968; x_wconf 89' lang='lat' dir='ltr'>sicut</span> <span class='ocrx_word' id='word_1_606' title='bbox 551 4916 607 4967; x_wconf 89' lang='lat' dir='ltr'>et</span> <span class='ocrx_word' id='word_1_607' title='bbox 633 4911 927 4982; x_wconf 89' lang='lat' dir='ltr'>principes</span> <span class='ocrx_word' id='word_1_608' title='bbox 958 4909 1156 4965; x_wconf 84' lang='lat' dir='ltr'>vestri.</span> <span class='ocrx_word' id='word_1_609' title='bbox 1190 4910 1559 4966; x_wconf 64' lang='lat' dir='ltr'>Pasnitemini</span> <span class='ocrx_word' id='word_1_610' title='bbox 1599 4911 1778 4984; x_wconf 87' lang='lat' dir='ltr'>igitur</span> <span class='ocrx_word' id='word_1_611' title='bbox 1806 4916 1865 4968; x_wconf 89' lang='lat' dir='ltr'>et</span> 
     </span>
    </p>
   </div>
   <div class='ocr_carea' id='block_1_85' title="bbox 212 4997 1862 5072">
    <p class='ocr_par' dir='ltr' id='par_1_85' title="bbox 212 4997 1862 5072">
     <span class='ocr_line' id='line_1_85' title="bbox 212 4997 1862 5072; baseline 0 -16"><span class='ocrx_word' id='word_1_612' title='bbox 212 4999 636 5067; x_wconf 85' lang='lat' dir='ltr'>convertimini,</span> <span class='ocrx_word' id='word_1_613' title='bbox 665 5004 727 5054; x_wconf 88' lang='lat' dir='ltr'>ut</span> <span class='ocrx_word' id='word_1_614' title='bbox 759 4997 1064 5054; x_wconf 89' lang='lat' dir='ltr'>deleantur</span> <span class='ocrx_word' id='word_1_615' title='bbox 1084 5001 1277 5054; x_wconf 87' lang='lat' dir='ltr'>vestra</span> <span class='ocrx_word' id='word_1_616' title='bbox 1311 5003 1564 5070; x_wconf 89' lang='lat' dir='ltr'>peccata.</span> <span class='ocrx_word' id='word_1_617' title='bbox 1595 5024 1621 5048; x_wconf 91' lang='grc'>››</span> <span class='ocrx_word' id='word_1_618' title='bbox 1646 5002 1714 5056; x_wconf 84' lang='lat' dir='ltr'>Et</span> <span class='ocrx_word' id='word_1_619' title='bbox 1735 5018 1862 5072; x_wconf 73' lang='lat' dir='ltr'>quae</span> 
     </span>
    </p>
   </div>
   <div class='ocr_carea' id='block_1_86' title="bbox 210 5087 1861 5161">
    <p class='ocr_par' dir='ltr' id='par_1_86' title="bbox 210 5087 1861 5161">
     <span class='ocr_line' id='line_1_86' title="bbox 210 5087 1861 5161; baseline 0 -17"><span class='ocrx_word' id='word_1_620' title='bbox 210 5087 501 5161; x_wconf 67' lang='lat' dir='ltr'>praecipue</span> <span class='ocrx_word' id='word_1_621' title='bbox 525 5088 626 5144; x_wconf 91' lang='lat' dir='ltr'>illa</span> <span class='ocrx_word' id='word_1_622' title='bbox 647 5088 863 5143; x_wconf 85' lang='lat' dir='ltr'>fuerint</span> <span class='ocrx_word' id='word_1_623' title='bbox 892 5087 950 5141; x_wconf 91' lang='lat' dir='ltr'>in</span> <span class='ocrx_word' id='word_1_624' title='bbox 983 5087 1446 5158; x_wconf 69' lang='lat' dir='ltr'>praecedentibus</span> <span class='ocrx_word' id='word_1_625' title='bbox 1479 5089 1752 5153; x_wconf 89' lang='lat' dir='ltr'>ostendit,</span> <span class='ocrx_word' id='word_1_626' title='bbox 1775 5090 1861 5144; x_wconf 93' lang='lat' dir='ltr'>di-</span> 
     </span>
    </p>
   </div>
   <div class='ocr_carea' id='block_1_87' title="bbox 213 5175 1862 5248">
    <p class='ocr_par' dir='ltr' id='par_1_87' title="bbox 213 5175 1862 5248">
     <span class='ocr_line' id='line_1_87' title="bbox 213 5175 1862 5248; baseline -0.001 -14"><span class='ocrx_word' id='word_1_627' title='bbox 213 5195 351 5234; x_wconf 88' lang='lat' dir='ltr'>cens</span> <span class='ocrx_word' id='word_1_628' title='bbox 385 5193 430 5234; x_wconf 85' lang='grc'>;‹‹</span> <span class='ocrx_word' id='word_1_629' title='bbox 458 5182 608 5232; x_wconf 90' lang='lat' dir='ltr'>Deus</span> <span class='ocrx_word' id='word_1_630' title='bbox 638 5181 869 5248; x_wconf 86' lang='lat' dir='ltr'>patrum</span> <span class='ocrx_word' id='word_1_631' title='bbox 905 5179 1234 5229; x_wconf 76' lang='lat' dir='ltr'>nostrorum</span> <span class='ocrx_word' id='word_1_632' title='bbox 1276 5175 1620 5246; x_wconf 90' lang='lat' dir='ltr'>gloriﬁcavit</span> <span class='ocrx_word' id='word_1_633' title='bbox 1650 5178 1862 5234; x_wconf 88' lang='lat' dir='ltr'>Filium</span> 
     </span>
    </p>
   </div>
   <div class='ocr_carea' id='block_1_88' title="bbox 213 5263 1865 5340">
    <p class='ocr_par' dir='ltr' id='par_1_88' title="bbox 213 5263 1865 5340">
     <span class='ocr_line' id='line_1_88' title="bbox 213 5263 1865 5340; baseline 0 -18"><span class='ocrx_word' id='word_1_634' title='bbox 213 5283 390 5322; x_wconf 91' lang='lat' dir='ltr'>suum</span> <span class='ocrx_word' id='word_1_635' title='bbox 414 5267 822 5338; x_wconf 88' lang='lat' dir='ltr'>Jesum,quem</span> <span class='ocrx_word' id='word_1_636' title='bbox 847 5281 946 5319; x_wconf 91' lang='lat' dir='ltr'>vos</span> <span class='ocrx_word' id='word_1_637' title='bbox 977 5263 1212 5335; x_wconf 91' lang='lat' dir='ltr'>quidem</span> <span class='ocrx_word' id='word_1_638' title='bbox 1246 5265 1570 5321; x_wconf 88' lang='lat' dir='ltr'>tradidistis</span> <span class='ocrx_word' id='word_1_639' title='bbox 1598 5270 1654 5321; x_wconf 87' lang='lat' dir='ltr'>et</span> <span class='ocrx_word' id='word_1_640' title='bbox 1685 5284 1865 5340; x_wconf 86' lang='lat' dir='ltr'>nega-</span> 
     </span>
    </p>
   </div>
   <div class='ocr_carea' id='block_1_89' title="bbox 214 5351 1865 5423">
    <p class='ocr_par' dir='ltr' id='par_1_89' title="bbox 214 5351 1865 5423">
     <span class='ocr_line' id='line_1_89' title="bbox 214 5351 1865 5423; baseline 0.001 -13"><span class='ocrx_word' id='word_1_641' title='bbox 214 5355 322 5410; x_wconf 89' lang='lat' dir='ltr'>stis</span> <span class='ocrx_word' id='word_1_642' title='bbox 341 5359 474 5410; x_wconf 90' lang='lat' dir='ltr'>ante</span> <span class='ocrx_word' id='word_1_643' title='bbox 496 5355 700 5411; x_wconf 79' lang='lat' dir='ltr'>faciem</span> <span class='ocrx_word' id='word_1_644' title='bbox 723 5353 912 5420; x_wconf 89' lang='lat' dir='ltr'>Pilati,</span> <span class='ocrx_word' id='word_1_645' title='bbox 931 5351 1234 5423; x_wconf 89' lang='lat' dir='ltr'>judicante</span> <span class='ocrx_word' id='word_1_646' title='bbox 1254 5351 1350 5407; x_wconf 93' lang='lat' dir='ltr'>illo</span> <span class='ocrx_word' id='word_1_647' title='bbox 1373 5353 1729 5411; x_wconf 85' lang='lat' dir='ltr'>dimitti.Vos</span> <span class='ocrx_word' id='word_1_648' title='bbox 1757 5374 1865 5412; x_wconf 90' lang='lat' dir='ltr'>au-</span> 
     </span>
    </p>
   </div>
   <div class='ocr_carea' id='block_1_90' title="bbox 214 5440 1864 5513">
    <p class='ocr_par' dir='ltr' id='par_1_90' title="bbox 214 5440 1864 5513">
     <span class='ocr_line' id='line_1_90' title="bbox 214 5440 1864 5513; baseline -0.001 -12"><span class='ocrx_word' id='word_1_649' title='bbox 214 5448 335 5501; x_wconf 90' lang='lat' dir='ltr'>tem</span> <span class='ocrx_word' id='word_1_650' title='bbox 367 5445 646 5500; x_wconf 79' lang='lat' dir='ltr'>Sanctum</span> <span class='ocrx_word' id='word_1_651' title='bbox 677 5448 734 5499; x_wconf 92' lang='lat' dir='ltr'>et</span> <span class='ocrx_word' id='word_1_652' title='bbox 760 5443 790 5498; x_wconf 92' lang='lat' dir='ltr'>J</span> <span class='ocrx_word' id='word_1_653' title='bbox 800 5446 995 5498; x_wconf 90' lang='lat' dir='ltr'>ustum</span> <span class='ocrx_word' id='word_1_654' title='bbox 1029 5440 1308 5512; x_wconf 84' lang='lat' dir='ltr'>negastis,</span> <span class='ocrx_word' id='word_1_655' title='bbox 1332 5445 1388 5496; x_wconf 90' lang='lat' dir='ltr'>et</span> <span class='ocrx_word' id='word_1_656' title='bbox 1417 5443 1643 5513; x_wconf 89' lang='lat' dir='ltr'>petistis</span> <span class='ocrx_word' id='word_1_657' title='bbox 1673 5445 1745 5499; x_wconf 79' lang='lat' dir='ltr'>Vl]</span> <span class='ocrx_word' id='word_1_658' title='bbox 1765 5463 1864 5500; x_wconf 93' lang='lat' dir='ltr'>um</span> 
     </span>
    </p>
   </div>
   <div class='ocr_carea' id='block_1_91' title="bbox 217 5531 1867 5616">
    <p class='ocr_par' dir='ltr' id='par_1_91' title="bbox 217 5531 1867 5616">
     <span class='ocr_line' id='line_1_91' title="bbox 217 5531 1867 5616; baseline 0.001 -28"><span class='ocrx_word' id='word_1_659' title='bbox 217 5532 575 5616; x_wconf 77' lang='lat' dir='ltr'>homicidam</span> <span class='ocrx_word' id='word_1_660' title='bbox 599 5531 802 5589; x_wconf 87' lang='lat' dir='ltr'>donari</span> <span class='ocrx_word' id='word_1_661' title='bbox 823 5531 1016 5598; x_wconf 87' lang='lat' dir='ltr'>vobis;</span> <span class='ocrx_word' id='word_1_662' title='bbox 1044 5531 1352 5584; x_wconf 89' lang='lat' dir='ltr'>Auctorem</span> <span class='ocrx_word' id='word_1_663' title='bbox 1376 5547 1506 5587; x_wconf 93' lang='lat' dir='ltr'>vero</span> <span class='ocrx_word' id='word_1_664' title='bbox 1527 5533 1656 5588; x_wconf 70' lang='lat' dir='ltr'>vitae</span> <span class='ocrx_word' id='word_1_665' title='bbox 1683 5533 1867 5590; x_wconf 90' lang='lat' dir='ltr'>inter-</span> 
     </span>
    </p>
   </div>
   <div class='ocr_carea' id='block_1_92' title="bbox 215 5618 1867 5704">
    <p class='ocr_par' dir='ltr' id='par_1_92' title="bbox 215 5618 1867 5704">
     <span class='ocr_line' id='line_1_92' title="bbox 215 5618 1867 5704; baseline 0 -21"><span class='ocrx_word' id='word_1_666' title='bbox 215 5621 440 5693; x_wconf 76' lang='lat' dir='ltr'>fecistis</span> <span class='ocrx_word' id='word_1_667' title='bbox 470 5622 650 5704; x_wconf 74' lang='lat' dir='ltr'>(ibid.,</span> <span class='ocrx_word' id='word_1_668' title='bbox 680 5621 901 5694; x_wconf 85' lang='lat'>13,15).</span> <span class='ocrx_word' id='word_1_669' title='bbox 929 5642 959 5675; x_wconf 82' lang='grc'>››</span> <span class='ocrx_word' id='word_1_670' title='bbox 989 5618 1049 5678; x_wconf 90' lang='lat' dir='ltr'>Si</span> <span class='ocrx_word' id='word_1_671' title='bbox 1097 5633 1233 5694; x_wconf 81' lang='lat' dir='ltr'>ergo</span> <span class='ocrx_word' id='word_1_672' title='bbox 1283 5634 1527 5696; x_wconf 84' lang='lat' dir='ltr'>negasse</span> <span class='ocrx_word' id='word_1_673' title='bbox 1570 5620 1867 5683; x_wconf 86' lang='lat' dir='ltr'>Christum</span> 
     </span>
    </p>
   </div>
   <div class='ocr_carea' id='block_1_93' title="bbox 1957 3314 3599 3392">
    <p class='ocr_par' dir='ltr' id='par_1_93' title="bbox 1957 3314 3599 3392">
     <span class='ocr_line' id='line_1_93' title="bbox 1957 3314 3599 3392; baseline 0.004 -22"><span class='ocrx_word' id='word_1_674' title='bbox 1957 3318 2128 3372; x_wconf 89' lang='lat' dir='ltr'>niunt</span> <span class='ocrx_word' id='word_1_675' title='bbox 2165 3314 2278 3370; x_wconf 90' lang='lat' dir='ltr'>nisi</span> <span class='ocrx_word' id='word_1_676' title='bbox 2331 3321 2395 3369; x_wconf 91' lang='lat' dir='ltr'>ut</span> <span class='ocrx_word' id='word_1_677' title='bbox 2442 3320 2695 3371; x_wconf 90' lang='lat' dir='ltr'>mactent</span> <span class='ocrx_word' id='word_1_678' title='bbox 2727 3321 2783 3370; x_wconf 86' lang='lat' dir='ltr'>et</span> <span class='ocrx_word' id='word_1_679' title='bbox 2813 3318 3059 3387; x_wconf 89' lang='lat' dir='ltr'>perdant</span> <span class='ocrx_word' id='word_1_680' title='bbox 3096 3321 3270 3387; x_wconf 83' lang='lat' dir='ltr'>(Joan.</span> <span class='ocrx_word' id='word_1_681' title='bbox 3295 3338 3418 3386; x_wconf 86' lang='lat' dir='ltr'>xIII,</span> <span class='ocrx_word' id='word_1_682' title='bbox 3451 3323 3520 3392; x_wconf 90' lang='lat'>1).</span> <span class='ocrx_word' id='word_1_683' title='bbox 3553 3324 3599 3377; x_wconf 88' lang='lat' dir='ltr'><strong>A</strong></span> 
     </span>
    </p>
   </div>
   <div class='ocr_carea' id='block_1_94' title="bbox 1958 3403 3604 3476">
    <p class='ocr_par' dir='ltr' id='par_1_94' title="bbox 1958 3403 3604 3476">
     <span class='ocr_line' id='line_1_94' title="bbox 1958 3403 3604 3476; baseline 0.004 -18"><span class='ocrx_word' id='word_1_684' title='bbox 1958 3421 2206 3476; x_wconf 91' lang='lat' dir='ltr'>quorum</span> <span class='ocrx_word' id='word_1_685' title='bbox 2230 3403 2694 3475; x_wconf 87' lang='lat' dir='ltr'>sanguinolentis</span> <span class='ocrx_word' id='word_1_686' title='bbox 2716 3405 2989 3460; x_wconf 91' lang='lat' dir='ltr'>manibus</span> <span class='ocrx_word' id='word_1_687' title='bbox 3012 3423 3124 3460; x_wconf 92' lang='lat' dir='ltr'>non</span> <span class='ocrx_word' id='word_1_688' title='bbox 3150 3407 3338 3462; x_wconf 91' lang='lat' dir='ltr'>solum</span> <span class='ocrx_word' id='word_1_689' title='bbox 3373 3409 3450 3462; x_wconf 93' lang='lat' dir='ltr'>nil</span> <span class='ocrx_word' id='word_1_690' title='bbox 3473 3427 3604 3465; x_wconf 89' lang='lat' dir='ltr'>san-</span> 
     </span>
    </p>
   </div>
   <div class='ocr_carea' id='block_1_95' title="bbox 1958 3491 3605 3563">
    <p class='ocr_par' dir='ltr' id='par_1_95' title="bbox 1958 3491 3605 3563">
     <span class='ocr_line' id='line_1_95' title="bbox 1958 3491 3605 3563; baseline 0.004 -17"><span class='ocrx_word' id='word_1_691' title='bbox 1958 3491 2346 3559; x_wconf 80' lang='lat' dir='ltr'>ctiﬁcationis,</span> <span class='ocrx_word' id='word_1_692' title='bbox 2382 3493 2480 3546; x_wconf 90' lang='lat' dir='ltr'>sed</span> <span class='ocrx_word' id='word_1_693' title='bbox 2527 3492 2698 3546; x_wconf 89' lang='lat' dir='ltr'>etiam</span> <span class='ocrx_word' id='word_1_694' title='bbox 2741 3491 3059 3563; x_wconf 91' lang='lat' dir='ltr'>plurimum</span> <span class='ocrx_word' id='word_1_695' title='bbox 3095 3496 3605 3555; x_wconf 88' lang='lat' dir='ltr'>contaminationis</span> 
     </span>
    </p>
   </div>
   <div class='ocr_carea' id='block_1_96' title="bbox 1961 3579 3608 3652">
    <p class='ocr_par' dir='ltr' id='par_1_96' title="bbox 1961 3579 3608 3652">
     <span class='ocr_line' id='line_1_96' title="bbox 1961 3579 3608 3652; baseline 0.002 -16"><span class='ocrx_word' id='word_1_696' title='bbox 1961 3585 2328 3652; x_wconf 86' lang='lat' dir='ltr'>acceperunt,</span> <span class='ocrx_word' id='word_1_697' title='bbox 2353 3579 2410 3633; x_wconf 90' lang='lat' dir='ltr'>in</span> <span class='ocrx_word' id='word_1_698' title='bbox 2445 3584 2672 3634; x_wconf 89' lang='lat' dir='ltr'>tantum</span> <span class='ocrx_word' id='word_1_699' title='bbox 2704 3587 2768 3634; x_wconf 91' lang='lat' dir='ltr'>ut</span> <span class='ocrx_word' id='word_1_700' title='bbox 2817 3582 2964 3635; x_wconf 85' lang='lat' dir='ltr'>facta</span> <span class='ocrx_word' id='word_1_701' title='bbox 2995 3581 3072 3635; x_wconf 88' lang='lat' dir='ltr'>sit</span> <span class='ocrx_word' id='word_1_702' title='bbox 3111 3583 3380 3638; x_wconf 85' lang='lat' dir='ltr'>meretrix</span> <span class='ocrx_word' id='word_1_703' title='bbox 3409 3585 3608 3641; x_wconf 90' lang='lat' dir='ltr'>anima</span> 
     </span>
    </p>
   </div>
   <div class='ocr_carea' id='block_1_97' title="bbox 1961 3668 3609 3746">
    <p class='ocr_par' dir='ltr' id='par_1_97' title="bbox 1961 3668 3609 3746">
     <span class='ocr_line' id='line_1_97' title="bbox 1961 3668 3609 3746; baseline 0.003 -21"><span class='ocrx_word' id='word_1_704' title='bbox 1961 3685 2161 3725; x_wconf 89' lang='lat' dir='ltr'>eorum</span> <span class='ocrx_word' id='word_1_705' title='bbox 2196 3669 2492 3738; x_wconf 89' lang='lat' dir='ltr'>quondam</span> <span class='ocrx_word' id='word_1_706' title='bbox 2525 3668 2716 3723; x_wconf 87' lang='lat' dir='ltr'>ﬁdelis</span> <span class='ocrx_word' id='word_1_707' title='bbox 2747 3668 3034 3740; x_wconf 88' lang='lat' dir='ltr'>plenaque</span> <span class='ocrx_word' id='word_1_708' title='bbox 3054 3670 3285 3740; x_wconf 89' lang='lat' dir='ltr'>judicii.</span> <span class='ocrx_word' id='word_1_709' title='bbox 3311 3673 3381 3728; x_wconf 87' lang='lat' dir='ltr'>Et</span> <span class='ocrx_word' id='word_1_710' title='bbox 3411 3673 3468 3728; x_wconf 90' lang='lat' dir='ltr'>in</span> <span class='ocrx_word' id='word_1_711' title='bbox 3491 3689 3609 3746; x_wconf 86' lang='lat' dir='ltr'>qua</span> 
     </span>
    </p>
   </div>
   <div class='ocr_carea' id='block_1_98' title="bbox 1962 3755 3607 3834">
    <p class='ocr_par' dir='ltr' id='par_1_98' title="bbox 1962 3755 3607 3834">
     <span class='ocr_line' id='line_1_98' title="bbox 1962 3755 3607 3834; baseline 0.005 -24"><span class='ocrx_word' id='word_1_712' title='bbox 1962 3755 2374 3829; x_wconf 84' lang='lat' dir='ltr'>priusjustitia</span> <span class='ocrx_word' id='word_1_713' title='bbox 2394 3755 2696 3826; x_wconf 87' lang='lat' dir='ltr'>requievit,</span> <span class='ocrx_word' id='word_1_714' title='bbox 2716 3773 2869 3811; x_wconf 91' lang='lat' dir='ltr'>nunc</span> <span class='ocrx_word' id='word_1_715' title='bbox 2891 3756 3383 3831; x_wconf 88' lang='lat' dir='ltr'>homicida,cujus</span> <span class='ocrx_word' id='word_1_716' title='bbox 3403 3779 3607 3834; x_wconf 89' lang='lat' dir='ltr'>argen-</span> 
     </span>
    </p>
   </div>
   <div class='ocr_carea' id='block_1_99' title="bbox 1963 3843 3612 3922">
    <p class='ocr_par' dir='ltr' id='par_1_99' title="bbox 1963 3843 3612 3922">
     <span class='ocr_line' id='line_1_99' title="bbox 1963 3843 3612 3922; baseline 0.004 -22"><span class='ocrx_word' id='word_1_717' title='bbox 1963 3850 2088 3900; x_wconf 88' lang='lat' dir='ltr'>tum</span> <span class='ocrx_word' id='word_1_718' title='bbox 2112 3860 2344 3898; x_wconf 89' lang='lat' dir='ltr'>versum</span> <span class='ocrx_word' id='word_1_719' title='bbox 2376 3847 2464 3898; x_wconf 86' lang='lat' dir='ltr'>est</span> <span class='ocrx_word' id='word_1_720' title='bbox 2494 3843 2551 3897; x_wconf 87' lang='lat' dir='ltr'>in</span> <span class='ocrx_word' id='word_1_721' title='bbox 2585 3843 2928 3911; x_wconf 89' lang='lat' dir='ltr'>scoriam,et</span> <span class='ocrx_word' id='word_1_722' title='bbox 2947 3845 3145 3901; x_wconf 92' lang='lat' dir='ltr'>vinum</span> <span class='ocrx_word' id='word_1_723' title='bbox 3180 3848 3421 3904; x_wconf 91' lang='lat' dir='ltr'>mistum</span> <span class='ocrx_word' id='word_1_724' title='bbox 3456 3867 3612 3922; x_wconf 87' lang='lat' dir='ltr'>aqua</span> 
     </span>
    </p>
   </div>
   <div class='ocr_carea' id='block_1_100' title="bbox 1963 3931 3611 4011">
    <p class='ocr_par' dir='ltr' id='par_1_100' title="bbox 1963 3931 3611 4011">
     <span class='ocr_line' id='line_1_100' title="bbox 1963 3931 3611 4011; baseline 0.004 -22"><span class='ocrx_word' id='word_1_725' title='bbox 1963 3936 2090 4003; x_wconf 83' lang='lat' dir='ltr'>(Isa.</span> <span class='ocrx_word' id='word_1_726' title='bbox 2129 3950 2164 3999; x_wconf 78' lang='grc' dir='ltr'>ι,</span> <span class='ocrx_word' id='word_1_727' title='bbox 2189 3934 2300 4000; x_wconf 80' lang='lat'>22).</span> <span class='ocrx_word' id='word_1_728' title='bbox 2329 3933 2393 3986; x_wconf 87' lang='lat' dir='ltr'>Et</span> <span class='ocrx_word' id='word_1_729' title='bbox 2423 3948 2526 3986; x_wconf 91' lang='lat' dir='ltr'>cur</span> <span class='ocrx_word' id='word_1_730' title='bbox 2554 3931 2701 3986; x_wconf 82' lang='lat' dir='ltr'>hoc?</span> <span class='ocrx_word' id='word_1_731' title='bbox 2743 3935 3019 4004; x_wconf 86' lang='lat' dir='ltr'>quoniam</span> <span class='ocrx_word' id='word_1_732' title='bbox 3070 3952 3272 3991; x_wconf 91' lang='lat' dir='ltr'>omnes</span> <span class='ocrx_word' id='word_1_733' title='bbox 3317 3937 3611 4011; x_wconf 89' lang='lat' dir='ltr'>principes</span> 
     </span>
    </p>
   </div>
   <div class='ocr_carea' id='block_1_101' title="bbox 1963 4020 3611 4100">
    <p class='ocr_par' dir='ltr' id='par_1_101' title="bbox 1963 4020 3611 4100">
     <span class='ocr_line' id='line_1_101' title="bbox 1963 4020 3611 4100; baseline 0.004 -22"><span class='ocrx_word' id='word_1_734' title='bbox 1963 4024 2091 4094; x_wconf 91' lang='lat' dir='ltr'>ejus</span> <span class='ocrx_word' id='word_1_735' title='bbox 2122 4020 2384 4076; x_wconf 91' lang='lat' dir='ltr'>inﬁdeles</span> <span class='ocrx_word' id='word_1_736' title='bbox 2417 4021 2554 4076; x_wconf 90' lang='lat' dir='ltr'>socii</span> <span class='ocrx_word' id='word_1_737' title='bbox 2581 4021 2796 4090; x_wconf 87' lang='lat' dir='ltr'>furum,</span> <span class='ocrx_word' id='word_1_738' title='bbox 2819 4040 2850 4077; x_wconf 90' lang='lat' dir='ltr'>a</span> <span class='ocrx_word' id='word_1_739' title='bbox 2873 4025 3086 4095; x_wconf 89' lang='lat' dir='ltr'>quibus</span> <span class='ocrx_word' id='word_1_740' title='bbox 3119 4026 3380 4096; x_wconf 88' lang='lat' dir='ltr'>persuasi</span> <span class='ocrx_word' id='word_1_741' title='bbox 3421 4027 3611 4100; x_wconf 89' lang='lat' dir='ltr'>ignari</span> 
     </span>
    </p>
   </div>
   <div class='ocr_carea' id='block_1_102' title="bbox 1965 4109 3610 4186">
    <p class='ocr_par' dir='ltr' id='par_1_102' title="bbox 1965 4109 3610 4186">
     <span class='ocr_line' id='line_1_102' title="bbox 1965 4109 3610 4186; baseline 0.004 -20"><span class='ocrx_word' id='word_1_742' title='bbox 1965 4109 2361 4181; x_wconf 89' lang='lat' dir='ltr'>simplicitatis</span> <span class='ocrx_word' id='word_1_743' title='bbox 2383 4109 2679 4166; x_wconf 65' lang='lat' dir='ltr'>catholicae</span> <span class='ocrx_word' id='word_1_744' title='bbox 2711 4110 2867 4182; x_wconf 68' lang='lat' dir='ltr'>ﬁdei,</span> <span class='ocrx_word' id='word_1_745' title='bbox 2891 4116 2946 4168; x_wconf 92' lang='lat' dir='ltr'>et</span> <span class='ocrx_word' id='word_1_746' title='bbox 2976 4113 3215 4183; x_wconf 90' lang='lat' dir='ltr'>incauti,</span> <span class='ocrx_word' id='word_1_747' title='bbox 3250 4132 3352 4186; x_wconf 92' lang='lat' dir='ltr'>pro</span> <span class='ocrx_word' id='word_1_748' title='bbox 3382 4116 3610 4173; x_wconf 87' lang='lat' dir='ltr'>Christo</span> 
     </span>
    </p>
   </div>
   <div class='ocr_carea' id='block_1_103' title="bbox 1965 4198 3612 4276">
    <p class='ocr_par' dir='ltr' id='par_1_103' title="bbox 1965 4198 3612 4276">
     <span class='ocr_line' id='line_1_103' title="bbox 1965 4198 3612 4276; baseline 0.004 -20"><span class='ocrx_word' id='word_1_749' title='bbox 1965 4199 2259 4272; x_wconf 86' lang='lat' dir='ltr'>accipiunt</span> <span class='ocrx_word' id='word_1_750' title='bbox 2309 4198 2475 4253; x_wconf 90' lang='lat' dir='ltr'>illum</span> <span class='ocrx_word' id='word_1_751' title='bbox 2522 4201 2864 4256; x_wconf 82' lang='lat' dir='ltr'>seditiosum</span> <span class='ocrx_word' id='word_1_752' title='bbox 2896 4202 3201 4272; x_wconf 85' lang='lat' dir='ltr'>latronem,</span> <span class='ocrx_word' id='word_1_753' title='bbox 3227 4204 3328 4276; x_wconf 91' lang='lat' dir='ltr'>qui</span> <span class='ocrx_word' id='word_1_754' title='bbox 3360 4205 3416 4259; x_wconf 90' lang='lat' dir='ltr'>in</span> <span class='ocrx_word' id='word_1_755' title='bbox 3440 4207 3612 4263; x_wconf 90' lang='lat' dir='ltr'>corde</span> 
     </span>
    </p>
   </div>
   <div class='ocr_carea' id='block_1_104' title="bbox 1966 4288 3611 4364">
    <p class='ocr_par' dir='ltr' id='par_1_104' title="bbox 1966 4288 3611 4364">
     <span class='ocr_line' id='line_1_104' title="bbox 1966 4288 3611 4364; baseline 0.003 -19"><span class='ocrx_word' id='word_1_756' title='bbox 1966 4306 2072 4345; x_wconf 92' lang='lat' dir='ltr'>suo</span> <span class='ocrx_word' id='word_1_757' title='bbox 2105 4288 2249 4342; x_wconf 85' lang='lat' dir='ltr'>dixit</span> <span class='ocrx_word' id='word_1_758' title='bbox 2282 4305 2347 4342; x_wconf 86' lang='lat'>:«</span> <span class='ocrx_word' id='word_1_759' title='bbox 2381 4289 2598 4343; x_wconf 89' lang='lat' dir='ltr'>Ponam</span> <span class='ocrx_word' id='word_1_760' title='bbox 2646 4291 2838 4345; x_wconf 88' lang='lat' dir='ltr'>sedem</span> <span class='ocrx_word' id='word_1_761' title='bbox 2893 4308 3082 4346; x_wconf 88' lang='lat' dir='ltr'>meam</span> <span class='ocrx_word' id='word_1_762' title='bbox 3132 4293 3201 4347; x_wconf 88' lang='lat' dir='ltr'>ad</span> <span class='ocrx_word' id='word_1_763' title='bbox 3253 4293 3611 4364; x_wconf 90' lang='lat' dir='ltr'>aquilonem,</span> 
     </span>
    </p>
   </div>
   <div class='ocr_carea' id='block_1_105' title="bbox 1967 4375 3612 4454">
    <p class='ocr_par' dir='ltr' id='par_1_105' title="bbox 1967 4375 3612 4454">
     <span class='ocr_line' id='line_1_105' title="bbox 1967 4375 3612 4454; baseline 0.004 -21"><span class='ocrx_word' id='word_1_764' title='bbox 1967 4377 2176 4433; x_wconf 88' lang='lat' dir='ltr'>similis</span> <span class='ocrx_word' id='word_1_765' title='bbox 2209 4392 2304 4430; x_wconf 89' lang='lat' dir='ltr'>ero</span> <span class='ocrx_word' id='word_1_766' title='bbox 2336 4375 2635 4432; x_wconf 88' lang='lat' dir='ltr'>Altissimo</span> <span class='ocrx_word' id='word_1_767' title='bbox 2669 4381 2793 4448; x_wconf 74' lang='lat' dir='ltr'>(Isa.</span> <span class='ocrx_word' id='word_1_768' title='bbox 2822 4398 2936 4447; x_wconf 80' lang='lat' dir='ltr'>xiv,</span> <span class='ocrx_word' id='word_1_769' title='bbox 2971 4382 3070 4452; x_wconf 83' lang='grc'>14),</span> <span class='ocrx_word' id='word_1_770' title='bbox 3099 4403 3126 4429; x_wconf 87' lang='grc'><strong>››</strong></span> <span class='ocrx_word' id='word_1_771' title='bbox 3159 4386 3336 4454; x_wconf 91' lang='lat' dir='ltr'>atque</span> <span class='ocrx_word' id='word_1_772' title='bbox 3367 4383 3612 4440; x_wconf 91' lang='lat' dir='ltr'>homici-</span> 
     </span>
    </p>
   </div>
   <div class='ocr_carea' id='block_1_106' title="bbox 1967 4465 3614 4541">
    <p class='ocr_par' dir='ltr' id='par_1_106' title="bbox 1967 4465 3614 4541">
     <span class='ocr_line' id='line_1_106' title="bbox 1967 4465 3614 4541; baseline 0.005 -20"><span class='ocrx_word' id='word_1_773' title='bbox 1967 4467 2102 4522; x_wconf 90' lang='lat' dir='ltr'>dam</span> <span class='ocrx_word' id='word_1_774' title='bbox 2136 4465 2302 4519; x_wconf 87' lang='lat' dir='ltr'>illum</span> <span class='ocrx_word' id='word_1_775' title='bbox 2353 4465 2452 4536; x_wconf 92' lang='lat' dir='ltr'>qui</span> <span class='ocrx_word' id='word_1_776' title='bbox 2503 4471 2628 4520; x_wconf 87' lang='lat' dir='ltr'>erat</span> <span class='ocrx_word' id='word_1_777' title='bbox 2676 4468 2748 4521; x_wconf 91' lang='lat' dir='ltr'>ab</span> <span class='ocrx_word' id='word_1_778' title='bbox 2805 4468 2990 4524; x_wconf 85' lang='lat' dir='ltr'>initio.</span> <span class='ocrx_word' id='word_1_779' title='bbox 3022 4470 3115 4525; x_wconf 92' lang='lat' dir='ltr'>Sic</span> <span class='ocrx_word' id='word_1_780' title='bbox 3173 4471 3273 4541; x_wconf 87' lang='lat' dir='ltr'>qui</span> <span class='ocrx_word' id='word_1_781' title='bbox 3331 4472 3614 4530; x_wconf 85' lang='lat' dir='ltr'>hactenus</span> 
     </span>
    </p>
   </div>
   <div class='ocr_carea' id='block_1_107' title="bbox 1890 4553 3618 4642">
    <p class='ocr_par' dir='ltr' id='par_1_107' title="bbox 1890 4553 3618 4642">
     <span class='ocr_line' id='line_1_107' title="bbox 1890 4553 3618 4642; baseline 0.004 -32"><span class='ocrx_word' id='word_1_782' title='bbox 1890 4578 1935 4642; x_wconf 85' lang='lat' dir='ltr'><strong>D</strong></span> <span class='ocrx_word' id='word_1_783' title='bbox 1966 4554 2218 4628; x_wconf 80' lang='lat' dir='ltr'>prompti</span> <span class='ocrx_word' id='word_1_784' title='bbox 2271 4553 2602 4608; x_wconf 88' lang='lat' dir='ltr'>laudatores</span> <span class='ocrx_word' id='word_1_785' title='bbox 2634 4560 2690 4609; x_wconf 90' lang='lat' dir='ltr'>et</span> <span class='ocrx_word' id='word_1_786' title='bbox 2730 4557 2916 4612; x_wconf 88' lang='lat' dir='ltr'>devoti</span> <span class='ocrx_word' id='word_1_787' title='bbox 2965 4565 3332 4630; x_wconf 90' lang='lat' dir='ltr'>susceptores</span> <span class='ocrx_word' id='word_1_788' title='bbox 3383 4562 3618 4617; x_wconf 91' lang='lat' dir='ltr'>Domini</span> 
     </span>
    </p>
   </div>
   <div class='ocr_carea' id='block_1_108' title="bbox 1970 4643 3620 4721">
    <p class='ocr_par' dir='ltr' id='par_1_108' title="bbox 1970 4643 3620 4721">
     <span class='ocr_line' id='line_1_108' title="bbox 1970 4643 3620 4721; baseline 0.004 -22"><span class='ocrx_word' id='word_1_789' title='bbox 1970 4645 2216 4709; x_wconf 82' lang='lat' dir='ltr'>luerunt,</span> <span class='ocrx_word' id='word_1_790' title='bbox 2254 4661 2366 4697; x_wconf 92' lang='lat' dir='ltr'>non</span> <span class='ocrx_word' id='word_1_791' title='bbox 2418 4643 2667 4714; x_wconf 91' lang='lat' dir='ltr'>improbi</span> <span class='ocrx_word' id='word_1_792' title='bbox 2719 4644 3220 4717; x_wconf 89' lang='lat' dir='ltr'>blasphematores</span> <span class='ocrx_word' id='word_1_793' title='bbox 3265 4649 3411 4716; x_wconf 83' lang='lat' dir='ltr'>ejus,</span> <span class='ocrx_word' id='word_1_794' title='bbox 3447 4655 3620 4721; x_wconf 88' lang='lat' dir='ltr'>atque</span> 
     </span>
    </p>
   </div>
   <div class='ocr_carea' id='block_1_109' title="bbox 1969 4731 3626 4807">
    <p class='ocr_par' dir='ltr' id='par_1_109' title="bbox 1969 4731 3626 4807">
     <span class='ocr_line' id='line_1_109' title="bbox 1969 4731 3626 4807; baseline 0.004 -19"><span class='ocrx_word' id='word_1_795' title='bbox 1969 4731 2289 4805; x_wconf 86' lang='lat' dir='ltr'>importuni</span> <span class='ocrx_word' id='word_1_796' title='bbox 2308 4731 2584 4803; x_wconf 86' lang='lat' dir='ltr'>petitores</span> <span class='ocrx_word' id='word_1_797' title='bbox 2606 4731 2850 4788; x_wconf 89' lang='lat' dir='ltr'>latronis</span> <span class='ocrx_word' id='word_1_798' title='bbox 2873 4736 3147 4805; x_wconf 89' lang='lat' dir='ltr'>existunt,</span> <span class='ocrx_word' id='word_1_799' title='bbox 3164 4753 3413 4807; x_wconf 89' lang='lat' dir='ltr'>quorum</span> <span class='ocrx_word' id='word_1_800' title='bbox 3437 4737 3626 4794; x_wconf 88' lang='lat' dir='ltr'>inten-</span> 
     </span>
    </p>
   </div>
   <div class='ocr_carea' id='block_1_110' title="bbox 1970 4819 3624 4891">
    <p class='ocr_par' dir='ltr' id='par_1_110' title="bbox 1970 4819 3624 4891">
     <span class='ocr_line' id='line_1_110' title="bbox 1970 4819 3624 4891; baseline 0.002 -14"><span class='ocrx_word' id='word_1_801' title='bbox 1970 4823 2048 4877; x_wconf 90' lang='lat' dir='ltr'>tio</span> <span class='ocrx_word' id='word_1_802' title='bbox 2067 4821 2229 4876; x_wconf 91' lang='lat' dir='ltr'>illum</span> <span class='ocrx_word' id='word_1_803' title='bbox 2256 4819 2446 4875; x_wconf 88' lang='lat' dir='ltr'>solum</span> <span class='ocrx_word' id='word_1_804' title='bbox 2472 4821 2734 4891; x_wconf 88' lang='lat' dir='ltr'>requirit,</span> <span class='ocrx_word' id='word_1_805' title='bbox 2751 4823 2922 4878; x_wconf 89' lang='lat' dir='ltr'>etiam</span> <span class='ocrx_word' id='word_1_806' title='bbox 2943 4841 3075 4878; x_wconf 90' lang='lat' dir='ltr'>cum</span> <span class='ocrx_word' id='word_1_807' title='bbox 3095 4841 3201 4879; x_wconf 91' lang='lat' dir='ltr'>vox</span> <span class='ocrx_word' id='word_1_808' title='bbox 3219 4841 3416 4879; x_wconf 88' lang='lat' dir='ltr'>eorum</span> <span class='ocrx_word' id='word_1_809' title='bbox 3438 4825 3624 4882; x_wconf 90' lang='lat' dir='ltr'>Deum</span> 
     </span>
    </p>
   </div>
   <div class='ocr_carea' id='block_1_111' title="bbox 1972 4908 3624 4984">
    <p class='ocr_par' dir='ltr' id='par_1_111' title="bbox 1972 4908 3624 4984">
     <span class='ocr_line' id='line_1_111' title="bbox 1972 4908 3624 4984; baseline 0.002 -17"><span class='ocrx_word' id='word_1_810' title='bbox 1972 4928 2031 4967; x_wconf 91' lang='lat' dir='ltr'>se</span> <span class='ocrx_word' id='word_1_811' title='bbox 2064 4908 2433 4980; x_wconf 86' lang='lat' dir='ltr'>interpellare</span> <span class='ocrx_word' id='word_1_812' title='bbox 2465 4909 2650 4981; x_wconf 88' lang='lat' dir='ltr'>ﬁngit.</span> <span class='ocrx_word' id='word_1_813' title='bbox 2676 4911 2879 4979; x_wconf 89' lang='lat' dir='ltr'>Quem,</span> <span class='ocrx_word' id='word_1_814' title='bbox 2905 4929 3064 4984; x_wconf 90' lang='lat' dir='ltr'>rogo,</span> <span class='ocrx_word' id='word_1_815' title='bbox 3091 4913 3484 4984; x_wconf 85' lang='lat' dir='ltr'>interpellant,</span> <span class='ocrx_word' id='word_1_816' title='bbox 3510 4914 3624 4971; x_wconf 88' lang='lat' dir='ltr'>nisi</span> 
     </span>
    </p>
   </div>
   <div class='ocr_carea' id='block_1_112' title="bbox 1972 4999 3626 5072">
    <p class='ocr_par' dir='ltr' id='par_1_112' title="bbox 1972 4999 3626 5072">
     <span class='ocr_line' id='line_1_112' title="bbox 1972 4999 3626 5072; baseline 0.002 -18"><span class='ocrx_word' id='word_1_817' title='bbox 1972 5014 2395 5066; x_wconf 89' lang='lat' dir='ltr'>mammonam,</span> <span class='ocrx_word' id='word_1_818' title='bbox 2417 4999 2514 5069; x_wconf 93' lang='lat' dir='ltr'>qui</span> <span class='ocrx_word' id='word_1_819' title='bbox 2541 5015 2643 5053; x_wconf 91' lang='lat' dir='ltr'>nec</span> <span class='ocrx_word' id='word_1_820' title='bbox 2677 5016 2777 5070; x_wconf 90' lang='lat' dir='ltr'>pro</span> <span class='ocrx_word' id='word_1_821' title='bbox 2809 5001 2921 5055; x_wconf 93' lang='lat' dir='ltr'>Deo</span> <span class='ocrx_word' id='word_1_822' title='bbox 2952 5017 3056 5055; x_wconf 91' lang='lat' dir='ltr'>nec</span> <span class='ocrx_word' id='word_1_823' title='bbox 3083 5017 3185 5072; x_wconf 92' lang='lat' dir='ltr'>pro</span> <span class='ocrx_word' id='word_1_824' title='bbox 3219 5002 3481 5072; x_wconf 89' lang='lat' dir='ltr'>proximo</span> <span class='ocrx_word' id='word_1_825' title='bbox 3503 5020 3626 5059; x_wconf 89' lang='lat' dir='ltr'>ver-</span> 
     </span>
    </p>
   </div>
   <div class='ocr_carea' id='block_1_113' title="bbox 1972 5087 3622 5159">
    <p class='ocr_par' dir='ltr' id='par_1_113' title="bbox 1972 5087 3622 5159">
     <span class='ocr_line' id='line_1_113' title="bbox 1972 5087 3622 5159; baseline 0.003 -17"><span class='ocrx_word' id='word_1_826' title='bbox 1972 5089 2113 5142; x_wconf 91' lang='lat' dir='ltr'>bum</span> <span class='ocrx_word' id='word_1_827' title='bbox 2146 5087 2358 5154; x_wconf 88' lang='lat' dir='ltr'>ederet,</span> <span class='ocrx_word' id='word_1_828' title='bbox 2400 5092 2499 5141; x_wconf 89' lang='lat' dir='ltr'>aut</span> <span class='ocrx_word' id='word_1_829' title='bbox 2531 5087 2800 5155; x_wconf 86' lang='lat' dir='ltr'>hisceret,</span> <span class='ocrx_word' id='word_1_830' title='bbox 2834 5087 2921 5142; x_wconf 89' lang='lat' dir='ltr'>vel</span> <span class='ocrx_word' id='word_1_831' title='bbox 2965 5105 3204 5143; x_wconf 90' lang='lat' dir='ltr'>manum</span> <span class='ocrx_word' id='word_1_832' title='bbox 3236 5088 3470 5159; x_wconf 88' lang='lat' dir='ltr'>levaret,</span> <span class='ocrx_word' id='word_1_833' title='bbox 3507 5091 3622 5147; x_wconf 88' lang='lat' dir='ltr'>nisi</span> 
     </span>
    </p>
   </div>
   <div class='ocr_carea' id='block_1_114' title="bbox 1975 5176 3623 5251">
    <p class='ocr_par' dir='ltr' id='par_1_114' title="bbox 1975 5176 3623 5251">
     <span class='ocr_line' id='line_1_114' title="bbox 1975 5176 3623 5251; baseline 0.003 -20"><span class='ocrx_word' id='word_1_834' title='bbox 1975 5176 2260 5247; x_wconf 75' lang='lat' dir='ltr'>acciperet</span> <span class='ocrx_word' id='word_1_835' title='bbox 2314 5177 2414 5229; x_wconf 88' lang='lat' dir='ltr'>aut</span> <span class='ocrx_word' id='word_1_836' title='bbox 2464 5181 2723 5246; x_wconf 91' lang='lat' dir='ltr'>speraret</span> <span class='ocrx_word' id='word_1_837' title='bbox 2770 5177 3122 5248; x_wconf 82' lang='lat' dir='ltr'>pecuniam?</span> <span class='ocrx_word' id='word_1_838' title='bbox 3171 5177 3281 5232; x_wconf 92' lang='lat' dir='ltr'>Sed</span> <span class='ocrx_word' id='word_1_839' title='bbox 3333 5177 3623 5251; x_wconf 85' lang='lat' dir='ltr'>benignus</span> 
     </span>
    </p>
   </div>
   <div class='ocr_carea' id='block_1_115' title="bbox 1974 5263 3624 5337">
    <p class='ocr_par' dir='ltr' id='par_1_115' title="bbox 1974 5263 3624 5337">
     <span class='ocr_line' id='line_1_115' title="bbox 1974 5263 3624 5337; baseline 0.002 -16"><span class='ocrx_word' id='word_1_840' title='bbox 1974 5265 2226 5337; x_wconf 89' lang='lat' dir='ltr'>Spiritus</span> <span class='ocrx_word' id='word_1_841' title='bbox 2257 5263 2551 5335; x_wconf 57' lang='lat' dir='ltr'>sapientiae</span> <span class='ocrx_word' id='word_1_842' title='bbox 2577 5281 2688 5319; x_wconf 92' lang='lat' dir='ltr'>non</span> <span class='ocrx_word' id='word_1_843' title='bbox 2712 5263 2975 5320; x_wconf 88' lang='lat' dir='ltr'>liberavit</span> <span class='ocrx_word' id='word_1_844' title='bbox 3003 5264 3356 5321; x_wconf 76' lang='lat' dir='ltr'>maledicum</span> <span class='ocrx_word' id='word_1_845' title='bbox 3388 5283 3421 5322; x_wconf 90' lang='lat' dir='ltr'>a</span> <span class='ocrx_word' id='word_1_846' title='bbox 3451 5267 3624 5326; x_wconf 88' lang='lat' dir='ltr'>labiis</span> 
     </span>
    </p>
   </div>
   <div class='ocr_carea' id='block_1_116' title="bbox 1975 5352 3623 5430">
    <p class='ocr_par' dir='ltr' id='par_1_116' title="bbox 1975 5352 3623 5430">
     <span class='ocr_line' id='line_1_116' title="bbox 1975 5352 3623 5430; baseline 0.003 -21"><span class='ocrx_word' id='word_1_847' title='bbox 1975 5355 2118 5409; x_wconf 88' lang='lat' dir='ltr'>suis.</span> <span class='ocrx_word' id='word_1_848' title='bbox 2135 5352 2436 5424; x_wconf 89' lang='lat' dir='ltr'>Siquidem</span> <span class='ocrx_word' id='word_1_849' title='bbox 2461 5354 2736 5425; x_wconf 89' lang='lat' dir='ltr'>quoniam</span> <span class='ocrx_word' id='word_1_850' title='bbox 2758 5370 2960 5409; x_wconf 91' lang='lat' dir='ltr'>renum</span> <span class='ocrx_word' id='word_1_851' title='bbox 2981 5354 3140 5410; x_wconf 90' lang='lat' dir='ltr'>illius</span> <span class='ocrx_word' id='word_1_852' title='bbox 3162 5355 3326 5410; x_wconf 88' lang='lat' dir='ltr'>testis</span> <span class='ocrx_word' id='word_1_853' title='bbox 3343 5360 3429 5411; x_wconf 88' lang='lat' dir='ltr'>est</span> <span class='ocrx_word' id='word_1_854' title='bbox 3447 5357 3623 5430; x_wconf 88' lang='lat' dir='ltr'>Deus,</span> 
     </span>
    </p>
   </div>
   <div class='ocr_carea' id='block_1_117' title="bbox 1975 5442 3626 5516">
    <p class='ocr_par' dir='ltr' id='par_1_117' title="bbox 1975 5442 3626 5516">
     <span class='ocr_line' id='line_1_117' title="bbox 1975 5442 3626 5516; baseline 0.003 -17"><span class='ocrx_word' id='word_1_855' title='bbox 1975 5449 2030 5499; x_wconf 88' lang='lat' dir='ltr'>et</span> <span class='ocrx_word' id='word_1_856' title='bbox 2058 5442 2248 5497; x_wconf 90' lang='lat' dir='ltr'>cordis</span> <span class='ocrx_word' id='word_1_857' title='bbox 2278 5444 2408 5513; x_wconf 87' lang='lat' dir='ltr'>ejus</span> <span class='ocrx_word' id='word_1_858' title='bbox 2440 5447 2730 5498; x_wconf 89' lang='lat' dir='ltr'>scrutator</span> <span class='ocrx_word' id='word_1_859' title='bbox 2771 5447 2860 5498; x_wconf 90' lang='lat' dir='ltr'>est</span> <span class='ocrx_word' id='word_1_860' title='bbox 2899 5460 3090 5512; x_wconf 89' lang='lat' dir='ltr'>verus,</span> <span class='ocrx_word' id='word_1_861' title='bbox 3114 5448 3173 5499; x_wconf 90' lang='lat' dir='ltr'>et</span> <span class='ocrx_word' id='word_1_862' title='bbox 3220 5443 3432 5516; x_wconf 70' lang='lat' dir='ltr'>linguae</span> <span class='ocrx_word' id='word_1_863' title='bbox 3462 5445 3626 5504; x_wconf 81' lang='lat' dir='ltr'>illius</span> 
     </span>
    </p>
   </div>
   <div class='ocr_carea' id='block_1_118' title="bbox 1976 5530 3631 5600">
    <p class='ocr_par' dir='ltr' id='par_1_118' title="bbox 1976 5530 3631 5600">
     <span class='ocr_line' id='line_1_118' title="bbox 1976 5530 3631 5600; baseline 0.002 -11"><span class='ocrx_word' id='word_1_864' title='bbox 1976 5531 2228 5600; x_wconf 87' lang='lat' dir='ltr'>auditor,</span> <span class='ocrx_word' id='word_1_865' title='bbox 2261 5530 2374 5587; x_wconf 83' lang='lat' dir='ltr'>nisi</span> <span class='ocrx_word' id='word_1_866' title='bbox 2407 5530 2672 5588; x_wconf 89' lang='lat' dir='ltr'>liberavit</span> <span class='ocrx_word' id='word_1_867' title='bbox 2703 5531 3039 5589; x_wconf 84' lang='lat' dir='ltr'>haereticum</span> <span class='ocrx_word' id='word_1_868' title='bbox 3072 5531 3452 5589; x_wconf 86' lang='lat' dir='ltr'>maledictum</span> <span class='ocrx_word' id='word_1_869' title='bbox 3485 5551 3518 5591; x_wconf 93' lang='lat' dir='ltr'>a</span> <span class='ocrx_word' id='word_1_870' title='bbox 3549 5535 3631 5593; x_wconf 85' lang='lat' dir='ltr'>la-</span> 
     </span>
    </p>
   </div>
   <div class='ocr_carea' id='block_1_119' title="bbox 1976 5619 3632 5704">
    <p class='ocr_par' dir='ltr' id='par_1_119' title="bbox 1976 5619 3632 5704">
     <span class='ocr_line' id='line_1_119' title="bbox 1976 5619 3632 5704; baseline 0.006 -22"><span class='ocrx_word' id='word_1_871' title='bbox 1976 5620 2090 5683; x_wconf 87' lang='lat' dir='ltr'>biis</span> <span class='ocrx_word' id='word_1_872' title='bbox 2122 5619 2270 5694; x_wconf 87' lang='lat' dir='ltr'>suis,</span> <span class='ocrx_word' id='word_1_873' title='bbox 2298 5621 2392 5680; x_wconf 90' lang='lat' dir='ltr'>cui</span> <span class='ocrx_word' id='word_1_874' title='bbox 2440 5621 2586 5682; x_wconf 88' lang='lat' dir='ltr'>nihil</span> <span class='ocrx_word' id='word_1_875' title='bbox 2623 5627 2713 5682; x_wconf 88' lang='lat' dir='ltr'>est</span> <span class='ocrx_word' id='word_1_876' title='bbox 2742 5622 2899 5685; x_wconf 84' lang='lat' dir='ltr'>aliud</span> <span class='ocrx_word' id='word_1_877' title='bbox 2930 5624 3077 5686; x_wconf 88' lang='lat' dir='ltr'>bene</span> <span class='ocrx_word' id='word_1_878' title='bbox 3105 5622 3287 5703; x_wconf 83' lang='lat' dir='ltr'>loqui,</span> <span class='ocrx_word' id='word_1_879' title='bbox 3313 5639 3491 5704; x_wconf 84' lang='lat' dir='ltr'>quam</span> <span class='ocrx_word' id='word_1_880' title='bbox 3521 5640 3632 5693; x_wconf 71' lang='lat' dir='ltr'>sua</span> 
     </span>
    </p>
   </div>
  </div>
