4004 6210
340 409 498 470 “03

1391 410 1797 472 llUMBERTI
1845 413 1909 469 ὅ.
1959 411 2031 470 Il.
2079 408 2153 475 E.
2198 412 2685 476 CARDINALIS.

3580 415 3749 480 HM

336 540 592 613 seipsum
620 558 756 599 voce
775 543 1145 613 damnare,ct
1171 543 1279 599 sibi
1305 542 1855 611 maledicere,cujus
1876 540 1984 598 lin-
2008 542 2056 611 Α
2096 566 2123 593 ‹‹
2158 546 2299 617 quia
2322 546 2508 603 Deum
2540 563 2651 603 non
2693 546 3104 604 invocaverunt
3126 548 3294 621 (Ρδαι,
3323 563 3420 604 Ln.
3441 549 3558 617 ϐξ»
3580 565 3741 622 qua.

337 641 462 702 guae
484 628 902 695 henedicentis,
928 634 983 686 et
1013 631 1060 686 si
1111 632 1346 686 auditor
1375 636 1463 687 est
1487 631 1742 703 Spiritus
1788 631 1984 685 Domi-

336 716 419 782 ni,
452 716 590 789 quia
617 718 797 791 replet
841 721 1038 775 orbem
1072 725 1358 776 terrarum
1391 724 1446 775 ct
1475 719 1731 775 continet
1764 719 1983 785 omnia,

336 807 533 861 tamen
584 806 725 879 quia
771 808 948 863 habet
1005 809 1311 865 scientiam
1352 810 1528 872 vocis,
1565 813 1630 863 ut
1681 812 1985 880 putarunt,

333 897 626 951 scrutator
650 912 854 952 renum
874 902 929 952 et
950 898 1141 955 cordis
1166 915 1279 953 non
1303 897 1625 969 curatquid
1651 897 1784 969 quis
1806 897 1985 965 dicat,

329 983 431 1039 sed
462 983 705 1042 dicendo
727 986 877 1058 quod
910 986 1197 1043 intendat.
1228 986 1576 1057 Huiusmodi
1603 1003 1770 1043 voces
1801 991 1858 1042 et
1888 1003 1982 1042 ex-

328 1070 569 1129 teriores
592 1073 925 1130 devotiones
955 1080 1304 1148 aspernatus
1330 1076 1452 1149 ipse
1469 1075 1719 1148 Spiritus
1742 1079 1982 1131 sanctus

330 1176 433 1233 per
464 1160 673 1217 Isaiam
707 1168 1063 1235 protestetur
1091 1182 1102 1219 :
1131 1188 1157 1214 ‹‹
1191 1167 1334 1221 Cum
1366 1163 1740 1221 extenderitis
1769 1179 1978 1218 manus

324 1252 570 1318 vestras,
594 1255 851 1308 avertam
878 1253 1077 1309 oculos
1110 1271 1271 1310 meos
1292 1272 1326 1309 a
1356 1254 1537 1309 vobis.
1560 1253 1628 1305 Et
1657 1268 1789 1305 cum
1823 1249 1975 1304 mul-

324 1337 730 1412 tiplicaveritis
751 1342 1094 1411 orationem,
1121 1360 1235 1398 non
1258 1340 1582 1397 exaudiam.
1609 1339 1815 1392 Manus
1845 1352 1975 1392 ves-

323 1430 425 1484 tam
455 1430 744 1501 sanguine
777 1431 960 1503 plena:
994 1436 1134 1488 sunt
1156 1433 1277 1503 (lsa.
1302 1448 1341 1495 ι,
1368 1429 1473 1497 15).
1501 1451 1520 1477 ι
1551 1424 1822 1496 Nunquid
1858 1441 1971 1479 non

324 1516 465 1571 socii
498 1517 693 1574 furum
725 1522 781 1575 ct
808 1520 1100 1577 latronum
1134 1520 1289 1573 fures
1321 1519 1457 1571 sunt
1487 1517 1543 1567 et
1570 1512 1842 1578 latrones,
1867 1512 1969 1567 Sa-

327 1603 559 1663 lomone
604 1608 834 1665 dicente
870 1626 935 1663 ;‹‹
971 1608 1205 1663 Amicus
1253 1603 1562 1659 stultorum
1613 1599 1862 1654 efficitur
1890 1600 1970 1654 si-

324 1692 482 1749 milis
512 1696 695 1766 (Prov.
729 1715 854 1763 xm,
882 1698 1007 1766 20);
1034 1718 1059 1743 »
1084 1699 1139 1748 et
1174 1709 1184 1747 :
1211 1716 1236 1739 ‹‹
1268 1690 1369 1755 Qui
1406 1705 1538 1743 cum
1581 1688 1702 1741 fure
1735 1687 1969 1759 partici-

330 1785 449 1854 pat,
481 1783 604 1839 odit
653 1786 909 1840 animam
960 1780 1165 1836 suam?
1204 1779 1382 1849 (Prov.
1407 1793 1559 1842 xxix,
1592 1777 1705 1843 24).
1733 1799 1759 1823 ››
1794 1776 1969 1832 Porro

326 1870 489 1927 fures
510 1876 565 1927 et
587 1872 857 1938 latrones,
880 1869 979 1924 viri
1005 1865 1357 1936 sanguinum
1381 1869 1436 1919 et
1453 1863 1637 1919 dolosi
1658 1872 1970 1936 sunt,quo-

325 1975 459 2016 rum
503 1961 792 2033 particeps
838 1956 1170 2028 quicunque
1220 1958 1328 2020 est,
1380 1953 1865 2026 sanguinolentus
1915 1960 1971 2009 et

325 2048 733 2105 fraudulentus
763 2048 837 2101 sit
866 2060 1099 2099 necesse
1131 2048 1237 2100 est.

394 2137 557 2194 Unde
578 2136 713 2207 quia
737 2148 943 2189 manus
967 2132 1092 2202 ejus
1117 2131 1299 2204 plena:
1322 2137 1461 2188 sunt
1492 2133 1869 2205 sanguine,et
1895 2132 1972 2188 la-

320 2230 553 2283 tronum
595 2222 704 2277 sibi
746 2220 1264 2277 confmderatorurn
1318 2223 1750 2287 communione,
1785 2222 1970 2277 oratio

321 2316 448 2385 ejus
481 2309 778 2383 repellitur
822 2326 855 2365 a
903 2311 1298 2367 mundissima
1348 2312 1673 2382 majestate.
1700 2311 1772 2366 Ut
1813 2312 1969 2366 enim

318 2401 561 2472 Sapiens
580 2398 663 2452 ait
695 2414 744 2454 :u
769 2398 874 2462 Qui
909 2399 1115 2454 avertit
1144 2416 1343 2455 aurem
1368 2416 1536 2455 suam
1569 2415 1638 2453 ne
1669 2400 1866 2454 audiat
1889 2399 1967 2455 le-

315 2504 467 2562 gem,
492 2486 674 2542 oratio
696 2487 823 2559 ejus
846 2488 1217 2543 exsecrabilis
1241 2489 1421 2559 (Prov.
1448 2505 1646 2555 xxvm,
1670 2488 1783 2559 9).»
1807 2488 1966 2551 Quod

316 2575 369 2633 si
384 2573 575 2632 evenit
604 2573 724 2630 illis
755 2575 855 2646 qui
891 2592 1004 2631 non
1040 2576 1289 2631 audiunt
1318 2574 1504 2648 legem
1538 2574 1969 2647 praecipientem

313 2662 587 2720 honorari
609 2664 925 2720 Dominum
945 2665 1017 2720 de
1038 2664 1270 2737 propria
1291 2668 1347 2719 et
1367 2664 1677 2719 vernacula
1696 2664 1969 2721 substan-

312 2753 399 2811 tia
420 2754 603 2826 (Prov.
630 2770 716 2821 ιιι,
736 2753 814 2825 9),
839 2752 978 2825 quid
1003 2753 1100 2808 ﬁet
1119 2753 1225 2820 eis,
1250 2753 1349 2823 qui
1381 2752 1621 2808 alterius
1650 2752 1967 2827 eleemosy-

314 2858 450 2899 nam
472 2841 583 2898 sibi
607 2841 691 2898 sic
708 2841 1009 2908 creditam,
1026 2846 1090 2897 ut
1108 2842 1292 2914 gratis
1310 2842 1449 2897 dent
1469 2841 1651 2914 gratis
1672 2846 1966 2912 acceptam

314 2930 492 3003 impie
520 2930 820 2986 vendunt?
851 2932 1107 2996 Quorum
1141 2930 1326 2986 oratio
1370 2929 1454 2986 vel
1499 2931 1820 2986 benedictio
1852 2948 1967 2987 non

314 3019 505 3078 solum
528 3037 643 3076 non
663 3019 902 3076 auditur
918 3023 1019 3074 aut
1040 3018 1539 3091 recipitur,verum
1560 3020 1735 3075 etiam
1762 3020 1817 3075 in
1843 3037 1969 3092 pec-

314 3113 511 3167 catum
543 3113 602 3165 et
643 3108 703 3163 in
753 3106 1218 3164 maledictionem
1267 3107 1649 3176 convertitur;
1686 3108 1966 3180 quoniam

319 3220 349 3250 α
380 3215 495 3255 non
520 3201 610 3254 est
628 3196 687 3251 in
710 3213 807 3254 ore
828 3214 1029 3253 eorum
1052 3195 1282 3264 veritas,
1304 3212 1402 3251 cor
1422 3212 1620 3251 eorum
1646 3213 1855 3252 vanum
1880 3202 1970 3253 est

321 3286 811 3360 (Psal.v,10).»—«
832 3284 1173 3358 Sepulcrum
1195 3289 1399 3357 patens
1416 3289 1504 3341 est
1523 3289 1726 3358 guttur
1741 3303 1963 3355 eorum,
1998 3271 2040 3336 C

318 3376 537 3449 linguis
564 3376 691 3433 suis
719 3374 916 3432 dolose
937 3374 1218 3447 agebant;
1249 3391 1537 3430 venenum
1563 3374 1829 3447 aspidum
1855 3376 1965 3431 sub

319 3465 492 3521 labiis
514 3482 737 3523 eorum.
754 3466 1012 3529 Quorum
1037 3480 1102 3519 os
1125 3463 1532 3519 maledictione
1553 3469 1608 3518 et
1630 3465 1969 3519 amaritudi-

318 3571 389 3611 ne
412 3553 649 3627 plenum
667 3559 784 3623 est;
806 3552 1029 3609 veloces
1052 3554 1226 3625 pedes
1243 3568 1443 3608 eorum
1459 3554 1530 3607 ad
1545 3554 1965 3609 effundendum

317 3644 685 3717 sanguinem.
706 3643 984 3699 Contritio
1017 3646 1073 3698 et
1102 3642 1411 3698 infelicitas
1444 3643 1501 3697 in
1525 3641 1631 3698 viis
1660 3660 1882 3703 eorum.
1910 3646 1968 3699 et

314 3732 466 3790 viam
491 3734 652 3805 pacis
676 3749 788 3789 non
815 3737 1243 3805 cognoverunt;
1268 3749 1382 3787 non
1405 3734 1493 3786 est
1514 3731 1690 3786 timor
1709 3731 1807 3787 Dei
1833 3736 1966 3787 ante

315 3820 513 3878 oculos
538 3838 761 3878 eorum.
778 3820 981 3879 Nonne
1003 3823 1573 3892 cognoscentomnes
1597 3820 1694 3891 qui
1721 3836 1964 3892 operan-

313 3916 410 3968 tur
448 3911 956 3984 iniquitatemqui
996 3912 1272 3966 devorant
1317 3908 1543 3976 plebem
1592 3926 1779 3964 meam
1814 3909 1968 3965 sicut

312 4017 503 4060 escam
527 4000 735 4074 panis?
756 3999 1070 4056 Dominum
1090 4016 1202 4054 non
1225 3998 1640 4054 invocaverunt
1661 3999 1961 4070 (Psal.xm,

310 4092 368 4161 3,
390 4091 501 4164 4).»
525 4091 592 4147 Et
623 4089 723 4162 qui
758 4088 945 4162 magis
975 4087 1201 4160 plebem
1247 4086 1348 4142 Dei
1379 4086 1532 4143 sicut
1571 4087 1765 4143 cibum
1796 4089 1964 4160 panis

310 4180 607 4242 devorant,
631 4193 809 4249 quam
832 4176 930 4248 qui
954 4175 1153 4232 omnia
1174 4175 1517 4232 Christiana
1552 4176 1848 4248 religionis
1871 4195 1963 4233 sa-

310 4271 609 4327 cramenta
636 4265 862 4321 venalia
912 4269 1160 4337 portant,
1193 4269 1250 4319 et
1298 4265 1450 4337 plebi
1501 4266 1600 4322 Dei
1651 4267 1961 4338 denegant,

311 4356 426 4415 nisi
455 4372 523 4412 ea.
553 4354 734 4427 pretio
793 4353 902 4410 sibi
951 4354 1276 4410 redimunt?
1305 4356 1416 4411 Sed
1475 4373 1554 4411 vae
1615 4355 1828 4411 misero
1860 4356 1960 4428 qui

308 4443 504 4501 taliter
544 4442 761 4515 duplici
796 4443 1010 4498 damno
1059 4444 1333 4512 afficitur,
1368 4444 1508 4517 quia
1562 4449 1620 4500 et
1675 4444 1962 4501 exteriora

306 4533 464 4593 bona
492 4548 600 4589 sua
629 4530 978 4604 negotiando
1011 4531 1219 4602 perdit,
1251 4537 1309 4587 et
1351 4531 1633 4586 interiora
1660 4547 1776 4587 non
1809 4531 1960 4587 acci-

2097 635 2343 690 rendum
2375 639 2464 692 est
2492 652 2665 708 quem
2698 635 2985 706 invocent,
3019 636 3291 709 quoniam
3325 634 3579 708 prolixae
3608 654 3744 694 ora-

2094 723 2283 779 tiones
2314 741 2736 797 nonnunquam
2780 724 3019 791 habent,
3042 730 3098 782 et
3125 726 3305 782 Deum
3339 725 3605 782 invocare
3633 743 3741 782 au-

2096 813 2359 880 diuntur,
2381 817 2436 870 et
2466 813 2740 871 videntur
2770 815 2841 870 ab
2873 813 3231 871 hominibus.
3251 814 3365 870 Sed
3395 814 3466 871 ab
3498 814 3606 870 hac
3626 814 3743 881 dif-

2094 901 2351 957 ficultate
2382 903 2724 974 quaestionis
2766 903 2829 958 Β.
2858 903 3244 977 Hieronymus
3291 902 3464 960 solito
3503 903 3741 960 succin-

2092 993 2220 1045 ctus
2252 1007 2357 1046 nos
2388 990 2609 1057 eximit,
2645 991 2741 1047 ubi
2774 992 3110 1049 Zachariam
3143 991 3227 1048 sic
3256 991 3543 1049 dicentem
3572 1008 3744 1065 θιρο-

2090 1077 2212 1131 nit:
2238 1102 2266 1128 ‹‹
2300 1079 2367 1133 Et
2396 1080 2504 1133 erit
2532 1079 2590 1134 in
2620 1079 2711 1134 die
2741 1079 2861 1146 illa,
2886 1081 3029 1137 dicit
3048 1081 3332 1138 Dominus
3354 1081 3738 1150 exercituum,

2088 1165 2421 1235 disperilam
2447 1166 2688 1221 nomina
2708 1165 2996 1223 idolorum
3020 1169 3091 1224 de
3111 1173 3284 1238 terra,
3305 1173 3359 1225 et
3384 1186 3505 1226 non.
3524 1184 3741 1225 memo-

2086 1253 2370 1307 rabuntur
2388 1253 2558 1321 ultra,
2580 1258 2634 1308 et
2648 1254 2962 1325 prophetas
2985 1260 3042 1312 et
3061 1257 3336 1328 spiritum
3358 1257 3741 1314 immundum

2083 1340 2342 1394 auferam
2366 1340 2436 1395 de
2459 1344 2609 1396 terra
2634 1341 2812 1408 (Zach.
2837 1358 2959 1405 x111,
2979 1343 3093 1412 2).»
3116 1344 3276 1399 Sicut
3306 1343 3462 1400 idola
3491 1345 3641 1401 ﬁunt
3660 1345 3743 1400 de

2082 1443 2257 1482 manu
2291 1427 2554 1493 artificis,
2588 1428 2667 1483 ita
2702 1428 3103 1485 haereticorum
3144 1447 3411 1502 perversa
3442 1433 3747 1504 doctrina,

2081 1516 2467 1586 quodcunque
2515 1514 2875 1572 simulaverit
2901 1516 2958 1572 in
2993 1516 3217 1572 idolum
3266 1518 3455 1583 vertit,
3489 1522 3548 1574 et
3594 1519 3737 1575 facit:

2079 1620 2182 1675 pro
2212 1603 2437 1657 Christo
2469 1604 2695 1659 adorari
2723 1604 3164 1660 Antichristum.
3187 1605 3297 1669 Qui
3321 1606 3369 1660 si
3400 1607 3577 1662 etiam
3608 1622 3737 1662 ver-

2080 1692 2171 1748 bis
2213 1691 2527 1762 aliquando
2577 1692 2873 1747 diabolum
2924 1692 3304 1761 maledicunt,
3338 1694 3564 1765 seipsos
3597 1710 3736 1765 pro-

2081 1781 2226 1835 fecto
2261 1779 2637 1847 maledicunt,
2662 1780 2814 1851 sicut
2842 1781 3136 1852 Sapientis
3171 1780 3359 1853 elogio
3386 1782 3735 1852 comproba-

2079 1873 2176 1924 tur
2198 1869 2445 1925 dicentis
2465 1886 2511 1923 ;‹‹
2540 1872 2683 1924 tium
2708 1868 3004 1924 maledicit
3023 1868 3243 1941 impius
3264 1868 3587 1937 diabolum,
3607 1885 3735 1927 ma-

2078 1956 2278 2013 ledicit
2314 1957 2438 2029 ipse
2468 1957 2725 2012 animam
2761 1974 2931 2012 suam
2964 1958 3154 2024 (Eccli.
3179 1975 3294 2024 xxx,
3318 1958 3466 2029 30).»
3489 1958 3620 2014 Haec
3650 1959 3741 2015 ita

2080 2062 2207 2101 esse
2231 2062 2400 2100 nemo
2419 2045 2517 2117 qui
2543 2047 2881 2117 refragetur,
2900 2046 3008 2100 nisi
3034 2046 3384 2102 manifestus
3402 2046 3733 2104 haereticus.

2082 2135 2243 2189 Unde
2274 2134 2635 2205 perpendant
2674 2150 2827 2188 nunc
2859 2150 2891 2188 a
2921 2133 3248 2189 latronibus
3278 2135 3348 2190 ad
3383 2134 3733 2192 benedicen-

2079 2224 2242 2290 dum,
2267 2227 2324 2277 et
2342 2223 2628 2278 orandum
2652 2221 2915 2293 quolibet
2936 2222 3109 2278 modo
3128 2222 3303 2279 etiam
3325 2224 3579 2296 gratuito
3601 2240 3735 2280 con-

2079 2311 2269 2367 stituti
2294 2314 2350 2366 et
2371 2309 2835 2381 subrogati,quid
2856 2309 2941 2366 vel
2962 2310 3074 2365 sibi
3092 2308 3179 2365 vel
3202 2311 3335 2368 aliis
3352 2311 3734 2383 acquisierint

2078 2417 2147 2455 ex
2177 2399 2410 2454 illorum
2444 2398 2855 2453 communione
2877 2399 3045 2468 cujus
3067 2398 3380 2471 participes
3402 2404 3540 2455 sunt
3569 2400 3733 2465 facti,

2077 2493 2134 2543 et
2154 2488 2245 2543 cui
2272 2485 2575 2559 spontanei
2602 2486 3259 2557 subscripserunt,dum
3284 2487 3503 2543 factum
3525 2503 3735 2546 eorum

2078 2593 2191 2632 non
2226 2575 2417 2631 solum
2440 2574 2813 2630 crediderunt
2834 2581 3050 2640 ratum,
3069 2575 3169 2631 sed
3192 2575 3368 2631 etiam
3386 2576 3734 2648 predicave-

2078 2669 2233 2720 runt.
2257 2664 2547 2720 Nimirum
2580 2662 2883 2719 homicidae
2916 2668 3053 2720 sunt
3084 2663 3287 2736 quales
3316 2664 3369 2720 ei
3397 2663 3480 2721 illi
3512 2666 3732 2737 quibus

2076 2754 2469 2810 consentiunt.
2502 2752 2722 2825 Nempe
2753 2752 2837 2808 sic
2879 2752 3211 2808 interiorem
3246 2752 3543 2809 hominem
3574 2754 3632 2810 in
3664 2769 3733 2812 se

2076 2848 2135 2899 et
2163 2843 2222 2898 in
2254 2842 2385 2898 aliis
2414 2841 2689 2897 occidunt
2730 2845 2796 2896 ut
2841 2840 3089 2897 exterior
3116 2856 3318 2897 eorum
3348 2841 3501 2898 vivat
3530 2842 3730 2899 ineas-9

2076 2948 2231 2998 sum,
2273 2935 2405 3003 post
2450 2929 2757 3002 paululum
2816 2930 3107 2985 habituris
3165 2935 3448 2986 aeternum
3497 2931 3728 3004 suppli-

2078 3021 2253 3077 cium.
2285 3022 2640 3091 Quocunque
2665 3018 2818 3074 enim
2848 3017 3047 3074 anima
3079 3019 3312 3075 tandem
3343 3019 3574 3092 peribit.
3598 3036 3730 3078 cor-

2077 3126 2189 3182 pus
2217 3125 2446 3182 quoque
2478 3112 2608 3180 post
2636 3107 2764 3162 ibit.

2658 3213 2889 3269 CAPUT
2926 3214 3144 3270 XXVII.

2077 3307 2360 3363 Sententia
2382 3306 2560 3360 sancti
2579 3305 2887 3374 Augustini,
2910 3320 3017 3374 qua
3036 3319 3219 3360 omnes
3239 3306 3483 3361 haeretici
3499 3308 3725 3362 convin-

2153 3382 2355 3433 cuntur
2380 3392 2582 3445 negare
2610 3377 2791 3432 Iesum
2824 3375 3099 3431 Christum
3129 3378 3190 3431 in
3218 3392 3385 3432 carne
3411 3380 3640 3434 venisse.

2146 3466 2359 3521 Verum
2393 3482 2463 3520 ne
2494 3463 2886 3519 calumnietur
2917 3468 3048 3536 quis
3080 3481 3187 3521 nos
3217 3466 3289 3519 de
3320 3482 3560 3538 corpore
3592 3483 3728 3538 pro.

2076 3556 2283 3628 prio,et
2301 3571 2414 3609 non
2438 3570 2507 3609 ex
2528 3551 2742 3607 divinis
2764 3552 3225 3625 paginis,novam
3250 3554 3729 3626 suggillationem

2075 3646 2132 3701 in
2157 3644 2455 3699 haereticos
2477 3658 2843 3713 componere,
2861 3642 3001 3703 dum
3030 3660 3145 3698 non
3178 3648 3346 3715 putat
3367 3660 3466 3700 eos
3486 3643 3728 3701 omnino

2075 3735 2199 3789 sine
2222 3733 2335 3788 {ide
2356 3748 2506 3797 esse,
2534 3736 2635 3786 aut
2660 3731 2968 3786 Dominum
2995 3736 3175 3787 Deum
3200 3748 3432 3805 negare,
3459 3733 3725 3791 animad-

2074 3827 2259 3878 vertat
2287 3820 2674 3877 venerabilem
2707 3826 2764 3875 et
2799 3820 3149 3877 catholicum
3201 3822 3494 3878 doctorem
3523 3824 3726 3895 Augu-

2076 3911 2294 3968 stinum
2319 3910 2377 3965 in
2400 3908 2661 3982 Epistola
2683 3909 2743 3965 B.
2767 3909 3013 3966 Joannis
3035 3910 3283 3983 apostoli
3303 3910 3426 3967 haec
3452 3911 3730 3967 intonan-

2074 4006 2193 4057 tem
2236 4002 2427 4072 (Aue.,
2470 4001 2640 4055 Tract.
2681 4003 2737 4067 2,
2782 4001 2845 4055 in
2873 4001 3030 4072 epist.
3061 4005 3226 4058 Joan.
3261 4017 3296 4054 n
3329 4000 3418 4071 4):
3449 4020 3477 4051 ‹‹
3510 4000 3728 4058 Omnes

2073 4088 2346 4159 haeretici,
2379 4105 2584 4144 omnes
2624 4087 2982 4144 schismatici
3027 4105 3094 4144 ex
3137 4088 3303 4144 nobis
3345 4088 3628 4149 exierunt.
3663 4088 3728 4144 id

2072 4184 2179 4245 est,
2214 4177 2468 4234 Ecclesia
2511 4182 2742 4245 exeunt,
2774 4177 2873 4233 sed
2922 4194 3036 4233 non
3066 4175 3287 4231 exirent
3329 4173 3377 4226 si
3431 4189 3497 4227 ex
3550 4174 3723 4230 nobis

2072 4270 2269 4323 essent
2299 4270 2612 4338 antequam
2645 4266 2882 4321 exirent.
2910 4286 2937 4313 »
2970 4264 3038 4317 Et
3069 4265 3200 4332 post
3227 4258 3477 4330 aliqua.«
3501 4258 3724 4317 Omnes

2071 4362 2225 4413 certe
2255 4355 2353 4428 qui
2390 4360 2601 4411 exeunt
2622 4355 2692 4410 de
2714 4351 2985 4416 Ecclesia,
3008 4353 3065 4404 et
3093 4349 3165 4403 ab
3196 4346 3418 4403 unitate
3448 4346 3721 4406 Ecclesia

2074 4445 2562 4519 praescinduntur,
2613 4438 2951 4497 Antichristi
3006 4440 3172 4504 sunt;
3233 4452 3405 4492 nemo
3463 4436 3718 4495 dubitat.

2072 4536 2201 4607 Ipse
2230 4534 2386 4591 enim
2417 4531 2738 4603 designavit
2765 4545 2813 4582 ;‹‹
2846 4527 2926 4581 Ex
2955 4524 3128 4582 nobis
3158 4525 3442 4595 exierunt,
3467 4527 3571 4582 sed
3601 4542 3718 4583 non

305 4623 412 4696 pit,
435 4622 577 4695 quin
610 4621 805 4694 potius
834 4621 1266 4677 damnationem
1295 4620 1558 4687 incurrit,
1593 4620 1731 4692 quia
1763 4638 1796 4676 a
1825 4638 1954 4677 cor-
1990 4640 2037 4704 ι)
2066 4629 2233 4681 erant
2260 4641 2327 4680 ex
2358 4622 2544 4678 nobis.
2572 4619 2713 4673 Nam
2759 4614 2807 4670 si
2852 4613 3101 4670 fuissent
3129 4631 3199 4671 ex
3231 4613 3420 4680 nobis,
3446 4631 3717 4688 perman-

303 4729 441 4785 pore
470 4710 705 4780 Christi,
728 4710 885 4767 velut
917 4711 1086 4783 panis
1117 4714 1426 4780 corruptus
1458 4710 1776 4783 respuitur,
1799 4716 1857 4766 et
1885 4711 1957 4766 ab

301 4800 588 4857 hereticis
618 4800 944 4865 decoratur,
977 4799 1179 4870 eisque
1208 4798 1593 4854 invisceratus
1625 4800 1708 4854 sic
1741 4816 1953 4855 consu-

301 4890 486 4948 mitur
513 4894 722 4946 utnon
754 4888 829 4944 sit
869 4888 981 4943 nisi
1014 4904 1147 4942 cum
1180 4884 1355 4941 sociis
1389 4887 1515 4957 ejus
1548 4887 1646 4959 qui
1680 4905 1794 4943 non
1828 4893 1951 4956 est;

300 4996 496 5053 quem,
538 4978 695 5035 velut
750 4976 979 5032 leonem
1039 4976 1319 5048 rugiendo
1379 4975 1837 5032 circumeuntem
1898 4981 1957 5033 et

299 5086 471 5142 quem
497 5069 733 5125 devoret
755 5065 1284 5139 quaerentem,duni
1311 5064 1473 5121 stulti
1498 5066 1731 5121 incaute
1755 5066 1954 5138 fugere

298 5162 605 5228 conantur,
634 5156 885 5213 occurrit
916 5154 1000 5211 eis
1029 5154 1209 5221 visus,
1236 5153 1447 5209 callida
1473 5154 1743 5211 videlicet
1771 5154 1951 5210 haere-

298 5249 402 5316 sis,
431 5246 749 5320 quamdam
779 5244 1034 5317 speciem
1068 5243 1473 5312 humanitatis,
1500 5244 1667 5314 quasi
1707 5244 1952 5299 rationis
2035 5307 2041 5312 ,

298 5336 637 5407 praeferens;
696 5333 896 5406 sicque
952 5332 1162 5387 intima
1210 5330 1424 5401 jecoris
1481 5346 1707 5397 eorum,
1750 5331 1809 5386 id
1863 5333 1952 5386 est

298 5428 516 5483 rectam
566 5423 950 5480 intentionem
985 5420 1302 5478 bestialiter
1349 5419 1652 5493 dirumpit,
1686 5426 1743 5476 et
1771 5418 1947 5486 leoni,

298 5528 472 5583 quem
505 5528 568 5568 se
617 5511 834 5568 frustra
881 5514 1227 5583 putaverant
1256 5509 1551 5583 etl'ugisse,
1585 5508 1951 5565 devorandos

296 5597 546 5659 latenter
574 5600 811 5656 addicit.

370 5684 533 5748 Unde
561 5686 699 5763 quia
727 5687 798 5746 de
828 5686 1170 5759 huiusmodi
1211 5688 1648 5747 devoratoribus
1676 5687 1951 5751 subditur

2070 4715 2289 4770 sissent
2317 4712 2517 4781 utique
2544 4703 2845 4761 nobiscum
2869 4705 3088 4773 (IJoan.
3114 4721 3180 4772 ιι,
3204 4704 3345 4773 19).»
3374 4704 3719 4776 Quicunque

2064 4819 2201 4875 ergo
2250 4817 2365 4855 non
2416 4797 2652 4851 manent
2684 4793 3017 4861 nobiscum,
3052 4794 3147 4849 sed
3178 4796 3393 4849 exeunt
3440 4810 3475 4849 a
3527 4793 3716 4861 nobis,

2068 4890 2441 4947 manifestum
2473 4888 2561 4940 est
2590 4883 2743 4954 quud
2776 4881 3118 4938 Antichristi
3145 4885 3301 4939 sunt.
3327 4882 3395 4937 Et
3424 4883 3717 4954 quomodo

2066 4980 2384 5052 probantur
2429 4971 2814 5028 Antichristi?
2845 4989 2915 5027 ex
2956 4971 3286 5027 mendacio.
3307 4993 3335 5021 «
3368 4971 3437 5026 Et
3468 4970 3600 5043 quis
3629 4976 3721 5027 est

2066 5065 2330 5126 mendax,
2364 5061 2473 5116 nisi
2510 5061 2611 5133 qui
2663 5065 2837 5133 negat
2866 5060 3020 5133 quod
3052 5059 3225 5116 Jesus
3272 5062 3361 5114 est
3406 5058 3719 5116 Christus?

2065 5155 2245 5227 (Ibid.,
2267 5152 2384 5223 22.)
2407 5173 2434 5201 ››
2458 5150 2664 5206 Videat
2694 5149 2954 5205 charitas
2985 5152 3179 5205 vestra
3211 5164 3493 5220 magnum
3523 5165 3718 5205 sacras-

2064 5248 2348 5299 mentum.
2375 5238 2669 5295 Attendite
2694 5239 2835 5311 quid
2860 5237 3232 5310 inspiraverit
3255 5236 3543 5293 Dominus
3562 5237 3717 5294 Deus

2062 5338 2117 5387 et
2141 5331 2280 5405 quid
2304 5320 2606 5385 insinuare
2626 5327 2789 5384 vobis
2810 5325 3001 5382 velim.
3019 5327 3162 5381 Ecce
3184 5324 3450 5380 exierunt
3469 5341 3505 5381 a
3526 5325 3716 5397 nobis,

2062 5425 2119 5477 et
2146 5419 2281 5476 facti
2303 5424 2442 5475 sunt
2462 5417 2801 5475 Donatistae.
2818 5417 3250 5488 lnterrogemus
3269 5429 3369 5469 eos
3399 5416 3599 5470 utrum
3616 5413 3718 5470 ὗες

2061 5527 2164 5566 sus
2189 5509 2456 5566 Christus
2486 5507 2580 5575 sit,
2603 5506 2801 5562 statim
2823 5502 3176 5561 confitentur
3196 5502 3336 5575 quia
3353 5502 3527 5559 Jesus
3548 5501 3718 5559 Chri-

2061 5602 2189 5655 stus
2219 5604 2326 5655 est.
2358 5598 2416 5654 Si
2475 5612 2610 5670 ergo
2656 5593 2751 5650 ille
2793 5596 2883 5649 est
2923 5592 3325 5649 Antichristus
3380 5590 3483 5663 qui
3539 5586 3721 5677 negat

2058 5689 2264 5751 Jesum
2294 5703 2423 5749 esse
2452 5685 2774 5756 Christum,
2807 5697 2913 5743 nec
2937 5698 3045 5742 nos
3067 5684 3317 5758 possunt
3344 5680 3727 5755 diuersam.
