4004 6210
215 387 374 457 1109

759 394 1177 460 ADVERSUS
1225 389 1692 457 SIMONIACOS
1738 385 1945 451 LIBRI
1991 387 2216 450 TRES‘.
2250 422 2324 433 —
2353 386 2586 450 LIBER
2631 388 3063 453 SECUNDUS.

3455 381 3613 455 me

213 525 370 600 gavit
395 526 675 602 Spiritum
699 527 800 586 Dei
831 527 1065 592 habere,
1086 527 1224 600 quia
1246 545 1358 584 non
1375 527 1727 583 conﬁtentur
1755 521 1856 582 Je-
1885 520 1939 587 Α
1967 519 2415 593 interrogemus,
2450 539 2566 577 non
2587 521 2761 578 verba
2781 521 3086 578 credamus
3106 519 3133 577 ?
3154 519 3367 580 Omnes
3398 529 3615 598 negant

217 635 351 675 sum
382 618 678 674 Christum
710 619 767 672 i‘n
801 635 974 674 carne
1004 618 1251 673 venisse.
1277 620 1475 684 Quaere
1507 617 1578 672 ab
1604 616 1854 681 Arianis,

215 707 566 763 conﬁtentur
584 707 785 762 Jesum
806 707 1104 762 Christum
1126 707 1181 760 in
1196 723 1367 761 carne
1388 706 1645 772 venisse;
1667 698 1858 776 q'uzere

213 795 708 861 aMacedonianis,
724 796 1283 851 conﬁtenturJesum
1307 795 1602 850 Christum
1616 795 1673 848 in
1689 811 1860 849 carne

209 883 472 950 venisse;
507 884 799 955 interroga
827 883 1247 954 Cataphrygas,
1280 883 1633 937 confitentur
1656 883 1855 937 Jesum

211 970 508 1028 Christum
541 972 596 1025 in
632 989 802 1026 carne
842 973 1096 1039 venisse;
1145 972 1440 1042 interroga
1488 971 1855 1040 Novatianos,

208 1059 563 1114 conﬁtentur
576 1059 776 1114 Jesum
795 1060 1089 1115 Christum
1112 1059 1168 1113 in
1190 1076 1361 1114 carne
1383 1059 1627 1114 venisse.
1644 1059 1857 1113 Omnes

208 1161 348 1218 ergo
379 1145 509 1200 istae
542 1145 791 1202 haereses
823 1147 1100 1219 Spiritum
1136 1148 1232 1202 Dei
1267 1147 1530 1202 habent?
1568 1149 1688 1202 Non
1723 1165 1856 1219 ergo

212 1233 437 1304 pseudo
466 1235 755 1304 prophetae
778 1236 956 1290 sunt?
986 1235 1158 1290 Nulla
1191 1239 1278 1290 est
1308 1252 1442 1306 ergo
1472 1235 1549 1290 ibi
1575 1236 1854 1307 dereptio,

211 1320 375 1376 nulla
407 1322 697 1376 seductio?
728 1326 887 1378 Certe
920 1323 1245 1378 antichristi
1278 1328 1414 1377 sunt
1446 1323 1544 1394 qui
1577 1341 1643 1378 ex
1690 1324 1857 1378 nobis

207 1409 494 1477 exierunt,
518 1411 617 1464 sed
637 1428 750 1466 non
768 1417 932 1467 erant
954 1429 1020 1467 ex
1034 1413 1221 1467 nobis.
1244 1412 1389 1477 Quid
1414 1429 1550 1482 ergo
1584 1412 1858 1467 facimus?

208 1497 369 1552 Unde
381 1499 799 1556 discernimus?
811 1501 997 1572 Opera
1012 1501 1402 1567 attendamus,
1421 1517 1532 1554 non
1548 1501 1854 1571 strepitum

207 1582 444 1656 linguae,
479 1603 814 1657 quaeramus
842 1605 1019 1658 quare
1042 1589 1099 1642 in
1131 1604 1301 1641 carne
1322 1587 1540 1642 venerit
1565 1588 1854 1654 Christus,

205 1676 263 1728 et
291 1673 625 1729 invenimus
655 1675 788 1745 quis
813 1692 948 1730 eum
973 1680 1146 1746 negat
1165 1676 1223 1729 in
1247 1692 1419 1730 carne
1441 1677 1684 1729 venisse.
1711 1676 1851 1729 Nam

207 1761 257 1816 si
300 1760 533 1833 linguas
580 1763 870 1830 attendas,
906 1763 1122 1818 multas
1152 1763 1401 1819 hmreses
1452 1763 1762 1819 auditurus
1793 1781 1855 1819 es

205 1850 552 1905 conﬁtentes
573 1850 866 1906 Christum
890 1851 948 1906 in
973 1869 1143 1906 carne
1165 1853 1413 1918 venisse,
1440 1854 1538 1908 sed
1563 1853 1854 1908 convincit
1883 1878 1930 1942 B

204 1952 305 1993 eas
325 1937 750 2003 veritas.Quare
769 1940 924 1994 venit
945 1940 1212 1996 Christus
1229 1941 1288 1994 in
1311 1942 1514 1995 carne?
1536 1942 1672 2012 quia
1695 1959 1855 2012 open

202 2025 364 2081 tebat
392 2025 560 2080 nobis
593 2026 785 2081 afferri
821 2044 986 2098 spem
1036 2029 1500 2084 resurrectionis.
1535 2030 1687 2084 Deus
1719 2047 1855 2101 ergo

202 2113 360 2169 venit
392 2114 452 2168 in
476 2130 668 2180 carne,
697 2120 759 2169 ut
783 2119 1106 2170 moreretur
1129 2133 1230 2186 pro
1256 2117 1444 2171 nobis.
1472 2119 1856 2181 Quemadmo-

204 2203 346 2257 dum
379 2207 578 2257 autem
602 2207 868 2258 mortuus
889 2208 977 2258 est
997 2221 1100 2275 pro
1121 2205 1328 2259 nobis?
1353 2229 1372 2252 ε
1406 2207 1679 2274 Majorem
1705 2207 1854 2261 hanc

204 2290 547 2346 charitatcm
582 2307 753 2346 nemo
777 2291 970 2358 habet,
997 2309 1170 2363 quam
1195 2298 1257 2347 ut
1279 2294 1533 2348 animam
1567 2312 1733 2349 suam
1758 2313 1853 2367 po—

203 2383 307 2433 nat
328 2379 459 2449 quis
483 2396 584 2450 pro
607 2379 809 2434 amicis
827 2381 950 2434 suis
974 2383 1149 2451 (Joan.
1174 2382 1382 2452 xv,I3).
1402 2383 1696 2438 nCharitas
1717 2401 1852 2455 ergo

202 2466 372 2522 illum
405 2467 646 2522 adduxit
669 2468 741 2522 ad
773 2485 1026 2523 carnem.
1063 2470 1340 2541 Quisquis
1365 2488 1498 2541 ergo
1529 2488 1642 2526 non
1678 2471 1852 2527 habet

202 2553 573 2622 charitatem,
607 2561 780 2626 negat
809 2557 1106 2612 Christum
1130 2559 1186 2613 in
1221 2575 1393 2614 carne
1421 2559 1669 2614 venisse.

279 2666 305 2694 ‹‹
330 2645 492 2698 Nunc
515 2643 688 2698 etiam
705 2645 997 2717 interrogo
1021 2662 1224 2702 omnes
1246 2646 1567 2702 haereticos.
1585 2647 1849 2702 Christus

198 2732 358 2789 venit
387 2733 444 2787 in
477 2733 692 2788 carne?
719 2733 907 2804 Venit,
933 2734 1039 2788 hoc
1061 2736 1252 2798 credo,
1276 2735 1384 2789 hoc
1408 2738 1698 2807 proﬁteor.
1727 2737 1847 2791 Imo

198 2821 311 2876 hoc
349 2838 546 2893 negas.
584 2821 743 2876 Unde
773 2839 920 2893 nego
941 2823 968 2877 ?
999 2824 1180 2878 Audis
1214 2824 1351 2894 quia
1383 2824 1490 2879 hoc
1517 2825 1644 2879 dico
1668 2825 1695 2878 ‘?
1727 2827 1846 2879 [mo

197 2909 309 2965 hoc
331 2909 624 2974 convinco,
660 2911 799 2981 quia
829 2927 1026 2981 negas.
1054 2911 1204 2967 Dicis
1234 2929 1390 2978 voce,
1428 2930 1605 2984 negas
1635 2913 1842 2980 corde;

196 2998 350 3054 dicis
377 2998 590 3066 verbis,
625 3015 805 3070 negas
838 2999 1026 3054 factis.
1062 3001 1380 3067 Quomodo,
1429 3001 1644 3072 inquis,
1698 3018 1845 3072 nego

196 3086 408 3142 factis?
441 3087 587 3150 Quia
612 3088 740 3142 ideo
769 3088 928 3142 venit
956 3087 1222 3144 Christus
1246 3089 1301 3142 in
1336 3107 1529 3155 carne,
1561 3095 1624 3143 ut
1657 3106 1842 3145 more-

195 3178 360 3230 retur
390 3191 492 3246 pro
527 3175 717 3231 nobis.
753 3176 884 3230 Ideo
919 3183 1186 3232 mortuus
1217 3182 1306 3232 est
1344 3195 1444 3248 pro
1481 3178 1673 3245 nobis,
1708 3179 1846 3249 quia

195 3263 542 3319 charitatcm
585 3263 829 3319 multam
863 3265 1078 3320 docuit.
1112 3266 1195 3320 Tu
1230 3284 1345 3320 non
1378 3267 1557 3321 habes
1589 3267 1842 3322 charita-

194 3356 342 3419 tem,
367 3351 506 3423 quia
534 3368 636 3423 pro
670 3369 866 3408 amore
894 3356 995 3408 tuo
1019 3353 1228 3410 dividis
1248 3355 1549 3410 unitatem.
1579 3357 1724 3427 Ergo
1754 3355 1842 3410 in-

193 3438 442 3512 telligite
495 3439 633 3494 hinc
681 3441 962 3512 Spiritum
1016 3459 1082 3497 ex
1138 3444 1274 3498 Deo.
1328 3445 1580 3510 Pulsate,
1629 3445 1846 3514 tangite

194 3545 340 3584 vasa
369 3528 572 3583 ﬁctilia
602 3545 673 3582 ne
709 3530 853 3584 forte
881 3531 1232 3600 crepuerint,
1270 3537 1324 3585 et
1357 3532 1506 3586 male
1553 3538 1842 3587 resonent.

186 3617 404 3671 Videte
434 3615 483 3669 si
509 3615 728 3685 integre
761 3622 987 3683 sonent,
1021 3617 1208 3672 videte
1241 3619 1286 3672 si
1316 3619 1394 3672 ibi
1441 3624 1528 3672 est
1568 3619 1843 3673 charitas.

191 3703 378 3761 Tollis
408 3708 464 3757 te
495 3703 566 3757 ab
601 3703 821 3758 unitate
852 3704 1010 3758 orbis
1042 3709 1361 3771 terrarum;
1397 3706 1610 3760 dividis
1655 3707 1847 3760 Eccle-

192 3795 347 3850 siam
371 3792 442 3847 ab
464 3791 706 3857 unitate,
732 3791 982 3845 dilanias
1005 3808 1216 3861 corpus
1239 3792 1472 3846 Christi.
1503 3793 1601 3847 Ille
1625 3794 1848 3848 vcnitin

195 3898 373 3938 carne
404 3884 469 3934 ut
497 3878 766 3951 colligat;
803 3883 862 3934 tu
893 3881 1021 3934 ideo
1055 3878 1276 3934 clamas
1310 3886 1372 3934 ut
1404 3898 1666 3952 spargas.
1701 3883 1848 3953 Ergo

196 3972 324 4042 ipse
371 3973 460 4024 est
505 3967 759 4039 Spiritus
795 3968 889 4022 Dei
923 3968 1022 4039 qui
1055 3968 1197 4022 dicit
1224 3969 1425 4023 Jesum
1461 3969 1756 4024 Christum
1791 3971 1849 4023 in

197 4073 372 4113 carne
403 4058 654 4123 venisse,
685 4057 784 4128 qui
817 4056 958 4110 dicit
989 4073 1101 4110 non
1128 4054 1350 4127 lingua,
1385 4056 1484 4110 sed
1516 4058 1714 4124 factis;
1751 4059 1849 4128 qui

200 4146 342 4201 dicit
370 4163 482 4201 non
517 4146 802 4213 sonando,
838 4145 938 4200 sed
961 4145 1232 4200 amando.
1273 4143 1369 4199 Ille
1394 4151 1586 4199 autem
1622 4163 1733 4200 non
1767 4151 1855 4201 est

200 4234 457 4307 Spiritus
493 4233 588 4288 Dei
614 4234 711 4304 qui
733 4234 1117 4306 negatJesum
1147 4233 1444 4288 Christum
1473 4233 1529 4287 in
1562 4251 1734 4289 carne
1757 4253 1853 4290 ve-

203 4323 379 4378 nisse.
412 4323 594 4395 Negat
623 4327 679 4376 et
711 4323 835 4394 ipse
868 4339 980 4378 non
1016 4321 1237 4393 lingua,
1272 4322 1370 4376 sed
1398 4322 1549 4389 vita;
1586 4339 1701 4377 non
1731 4340 1853 4378 ver-

203 4412 316 4477 bis,
344 4411 445 4466 sed
473 4411 660 4465 factis.
687 4410 1060 4466 Manifestum
1087 4415 1175 4466 est
1200 4427 1334 4482 ergo
1362 4411 1514 4465 unde
1541 4427 1853 4482 cognosca-

205 4517 340 4556 mus
389 4499 614 4553 fratres.
651 4499 818 4554 Multi
853 4499 1033 4566 intus,
1068 4500 1234 4571 quasi
1272 4499 1431 4554 intus
1463 4504 1637 4567 sunt;
1687 4518 1856 4556 nemo

1965 611 2168 667 Jesum
2197 611 2254 665 in
2287 627 2458 666 carne
2478 611 2726 680 venisse,
2753 609 2848 682 qui
2871 609 3088 666 violant
3109 611 3472 668 charitatcm.
3509 613 3613 668 Je-

1968 717 2070 756 sus
2117 700 2269 754 enim
2322 717 2434 754 non
2477 717 2623 771 opus
2655 704 2778 754 erat
2807 703 2869 754 ut
2917 700 3136 755 veniret
3178 700 3235 754 in
3269 716 3463 766 carne,
3498 700 3612 756 nisi

1968 795 2201 860 propter
2231 789 2593 843 charitatcm.
2623 790 2920 852 Quomodo
2950 794 3171 860 poterat
3191 789 3348 844 ﬁlius
3378 787 3479 843 Dei
3511 805 3611 861 po-

1968 894 2102 932 nere
2127 877 2380 932 animam
2410 895 2576 931 suam
2595 895 2697 948 pro
2713 879 2900 944 nobis,
2924 877 3031 932 nisi
3057 894 3227 932 carne
3252 878 3612 948 indueretur,

1969 965 2063 1020 ubi
2102 966 2252 1020 mori
2287 967 2528 1037 posset?
2559 966 2834 1037 Quisquis
2866 983 3000 1036 ergo
3033 965 3206 1021 violat
3241 966 3610 1030 charitatem.

1968 1053 2252 1125 quidlibet
2284 1055 2436 1108 dicat
2467 1054 2685 1126 lingua,
2717 1055 2833 1109 vita
2863 1055 3047 1126 ipsius
3097 1059 3270 1126 negat
3314 1054 3611 1110 Christum

1967 1143 2026 1196 in
2059 1160 2229 1196 carne
2253 1143 2494 1204 venisse,
2526 1148 2579 1196 et
2602 1144 2709 1198 iste
2729 1147 2817 1198 cst
2840 1143 3247 1207 Antichristus,
3277 1143 3612 1215 ubicunque

1970 1231 2160 1295 fuerit,
2196 1248 2542 1302 quocunque
2588 1231 2907 1287 intraverit.
2943 1232 3110 1286 «Nos
3137 1249 3203 1286 ex
3237 1238 3346 1287 Deo
3379 1249 3607 1288 sumus.

1967 1319 2074 1383 Qui
2106 1321 2264 1374 novit
2313 1325 2516 1382 Deum,
2551 1320 2714 1374 audit
2756 1337 2890 1388 nos;
2925 1322 3023 1390 qui
3069 1338 3180 1374 non
3215 1321 3373 1376 novit
3405 1321 3608 1389 Deum,

1973 1424 2086 1462 non
2120 1407 2281 1462 audit
2314 1426 2438 1462 nos.
2474 1410 2553 1462 Ex
2583 1409 2688 1462 hoc
2719 1409 3087 1478 cognoscitur
3115 1409 3368 1480 Spiritus
3400 1409 3612 1465 verita-

1967 1497 2062 1562 tis,
2117 1502 2173 1550 et
2204 1497 2445 1567 spiritus
2477 1496 2690 1551 erroris
2722 1498 2766 1566 (I
2794 1500 2949 1553 Joan.
2995 1515 3070 1564 1v,
3101 1499 3177 1567 6).
3225 1520 3252 1545 »
3296 1497 3426 1551 Jam
3475 1514 3611 1569 ergo

1965 1585 2222 1639 intentos
2253 1601 2358 1639 nos
2390 1585 2542 1650 fecit,
2577 1586 2715 1655 quia
2745 1586 2841 1655 qui
2868 1586 3026 1640 novit
3056 1586 3264 1651 Deum,
3288 1587 3411 1656 ipse
3427 1585 3612 1651 audit,

1965 1675 2061 1746 qui
2095 1679 2289 1728 autem
2322 1691 2434 1726 non
2468 1673 2644 1741 novit,
2679 1691 2793 1728 non
2825 1675 3018 1740 audit;
3048 1682 3100 1729 et
3130 1675 3252 1730 hac
3275 1679 3362 1730 est
3390 1675 3609 1730 discre-

1965 1761 2044 1815 tio
2087 1761 2400 1832 spirituum
2461 1763 2718 1816 veritatis
2753 1767 2808 1816 et
2855 1763 3086 1817 erroris.
3121 1763 3436 1818 Videamus
3470 1762 3608 1834 quid

1967 1846 2300 1904 moniturus
2322 1854 2428 1915 est,
2453 1850 2512 1904 in
2537 1867 2651 1920 quo
2681 1850 2844 1904 illum
2871 1851 3070 1905 audire
3093 1852 3431 1906 debeamus.
3463 1872 3488 1903 α
3511 1852 3611 1906 Di-

1965 1937 2290 2005 lectissimi,
2325 1939 2642 2009 diligamus
2674 1939 2939 2005 invicem,
2974 1940 3109 2010 quia
3139 1940 3370 1995 dilectio
3396 1957 3464 1996 ex
3497 1943 3608 1996 Deo

1965 2031 2055 2082 est
2082 2027 2128 2098 (I
2153 2030 2308 2084 Joan.
2345 2046 2416 2094 IV,
2443 2030 2520 2097 7).
2559 2051 2579 2076 υ

2039 2115 2176 2169 Item
2211 2117 2362 2170 unde
2394 2132 2570 2187 supra
2602 2116 2791 2185 (Λυρ.9
2823 2117 3009 2170 Tract.
3041 2119 3094 2181 7,
3131 2118 3188 2170 in
3218 2117 3374 2171 Joan.
3406 2117 3604 2187 Epist,

1965 2218 2022 2254 n.
2058 2201 2146 2272 Il)
2200 2219 2212 2257 :
2266 2225 2291 2251 «
2324 2201 2644 2256 Violatores
2675 2201 2977 2257 charitatis
3018 2202 3276 2258 schisma
3322 2203 3601 2258 fecerunt.

1964 2290 2261 2353 Quomodo
2287 2290 2532 2344 oderunt
2563 2291 2747 2360 ipsam
2773 2289 3135 2350 charitatem,
3167 2290 3249 2345 sic
3272 2291 3521 2345 oderunt
3551 2293 3608 2346 et

1963 2377 2434 2432 columbam.Sed
2459 2378 2748 2432 convincit
2769 2377 2897 2432 illos
2928 2377 3217 2432 columba.
3244 2378 3507 2434 Procedit
3535 2379 3606 2434 de

1960 2464 2121 2532 cmlo,
2154 2466 2494 2536 aperiuntur
2523 2465 2670 2530 cwli,
2695 2470 2752 2520 et
2773 2470 2965 2520 manet
2985 2483 3162 2538 super
3179 2473 3352 2537 caput
3379 2466 3603 2522 Domini

1961 2552 2033 2607 Ut
2050 2555 2186 2625 quid
2204 2555 2350 2608 hoc?
2367 2560 2427 2608 ut
2445 2554 2709 2608 audiant:
2730 2579 2754 2603 ς(
2773 2554 2874 2608 Hic
2887 2555 3086 2624 estqui
3103 2555 3543 2626 baptizatann.
3563 2572 3602 2621 ι,

1958 2642 2066 2712 33).
2091 2666 2117 2690 ››
2133 2643 2417 2707 Recedite,
2434 2639 2756 2713 prmdones,
2777 2643 3044 2705 recedite,
3063 2643 3357 2698 invasores
3373 2659 3603 2714 posses-

1958 2729 2143 2784 sionis
2165 2731 2396 2784 Christi.
2422 2732 2480 2784 In
2501 2730 3213 2801 possessionibusvestris,
3236 2732 3604 2787 ubidomina—

1957 2817 2003 2871 ri
2036 2818 2234 2883 vultis,
2270 2819 2470 2873 titulos
2497 2819 2750 2873 Potentis
2774 2820 2900 2874 ausi
2929 2819 3069 2875 estis
3089 2820 3346 2892 inﬁgere.
3378 2822 3600 2892 Cogno-

1956 2905 2171 2961 scitille
2185 2906 2386 2960 titulos
2401 2907 2820 2971 suos,vindicat
2834 2907 2945 2962 sibi
2965 2909 3392 2979 possessionem
3405 2925 3594 2963 suam.

1956 2994 2078 3048 Non
2115 2995 2264 3050 delet
2299 2995 2524 3058 titulos,
2557 2998 2654 3050 sed
2680 2995 2857 3050 intrat
2878 3001 2934 3050 et
2965 2997 3241 3068 possidet.
3276 2996 3367 3052 Sic
3400 2997 3471 3051 ad
3503 3014 3596 3052 ca-

1956 3081 2230 3138 tholicam
2266 3083 2518 3138 venienti
2541 3100 2655 3137 non
2679 3083 2908 3138 deletur
2929 3085 3283 3157 haptismus,
3303 3102 3373 3140 ne
3393 3085 3598 3141 titulus

1956 3171 2326 3242 imperatoris
2376 3172 2675 3239 deleatur;
2730 3174 2831 3227 sed
2877 3175 2977 3244 qui
3027 3174 3103 3230 sit
3150 3175 3207 3228 in
3269 3173 3599 3230 catholica?

1957 3252 2296 3330 agnoscitur
2323 3260 2546 3314 titulus.
2572 3261 2753 3314 Intrat
2777 3277 3078 3331 possessor
3101 3262 3212 3316 sub
3234 3261 3421 3317 titulis
3447 3262 3593 3330 suis,

1955 3363 2068 3417 quo
2100 3348 2357 3402 intrabat
2389 3349 2580 3418 prazdo
2607 3349 2715 3402 sub
2747 3348 2934 3402 titulis
2965 3349 3191 3405 alienis.
3227 3373 3256 3399 ››

2028 3437 2184 3490 Idem
2221 3437 2372 3491 unde
2403 3451 2612 3505 supra:
2643 3458 2666 3484 α
2690 3435 2892 3490 Omnis
2923 3437 3021 3506 qui
3044 3437 3226 3492 credit
3247 3440 3401 3508 quod
3423 3439 3597 3494 Jesus

1956 3523 2031 3579 sit
2060 3524 2349 3590 Christus,
2380 3540 2443 3577 ex
2469 3524 2582 3577 Deo
2614 3528 2787 3577 natus
2807 3529 2912 3577 est.
2949 3545 2976 3571 »
3010 3525 3179 3594 (AUG.
3213 3526 3381 3578 Tract.
3419 3527 3503 3591 10,
3538 3529 3599 3581 in

1956 3615 2112 3682 epist.
2158 3615 2337 3675 Jama,
2385 3628 2440 3664 n.
2481 3611 2554 3680 1.)
2597 3632 2623 3658 ››
2650 3610 2788 3672 Quis
2819 3616 2906 3664 est
2934 3611 3033 3680 qui
3067 3627 3181 3665 non
3214 3611 3398 3666 credit
3445 3613 3598 3684 quod

1957 3700 2129 3754 Jesus
2159 3699 2234 3752 sit
2265 3697 2577 3751 Christus?
2606 3697 2704 3766 qui
2738 3699 2787 3768 si
2819 3715 2931 3751 non
2965 3698 3101 3752 vivit
3126 3700 3419 3768 quomodo
3452 3717 3601 3772 pra;—

1959 3787 2099 3858 cipit
2131 3785 2420 3841 Christus.
2450 3785 2617 3838 Multi
2640 3785 2794 3839 enim
2813 3785 3035 3853 dicunt,
3068 3786 3290 3855 Credo;
3325 3789 3424 3843 sed
3459 3789 3604 3844 ﬁdes

1962 3875 2088 3929 sine
2119 3873 2392 3944 operibus
2427 3890 2540 3926 non
2572 3871 2774 3926 salvat.
2802 3872 2960 3942 Opus
2981 3877 3174 3927 autem
3200 3875 3332 3929 ﬁdei
3363 3875 3490 3946 ipsa
3511 3875 3604 3929 di-

1960 3961 2494 4026 lectioest,dicente
2539 3959 2716 4014 Paulo
2730 3960 2988 4030 apostolo
3009 3979 3021 4016 :
3041 3983 3068 4011 ‹‹
3091 3962 3160 4016 Et
3180 3964 3325 4018 ﬁdes
3357 3980 3481 4033 qua:
3504 3980 3606 4034 per

1964 4050 2331 4116 dilectionem
2348 4050 2779 4118 operaturwal.
2816 4067 2869 4114 v,
2895 4050 2969 4120 6).
2990 4049 3218 4121 nOpera
3239 4051 3474 4122 quidem
3507 4055 3610 4107 tua

1969 4138 2258 4212 praeterita
2289 4141 2599 4208 antequam
2635 4138 2920 4205 crederes,
2953 4140 3037 4193 vel
3070 4137 3232 4194 nulla
3269 4143 3453 4207 erant,
3496 4139 3605 4206 vel,

1969 4231 2016 4283 si
2052 4229 2202 4281 bona
2240 4226 2605 4293 videbantur,
2654 4226 2850 4280 inania
2914 4231 3098 4282 erant.
3132 4227 3192 4283 Si
3240 4227 3396 4283 enim
3446 4228 3608 4284 nulla

1968 4321 2154 4380 erant,
2189 4317 2270 4370 sic
2285 4331 2413 4369 eras
2437 4316 2599 4385 quasi
2619 4314 2792 4370 homo
2812 4316 2936 4370 sine
2968 4316 3235 4386 pedibus,
3260 4322 3364 4372 aut
3392 4318 3609 4374 vexatis

1970 4405 2219 4478 pedibus
2252 4403 2551 4459 ambulare
2571 4421 2680 4458 non
2712 4403 2928 4459 valens.
2964 4405 3021 4460 Si
3052 4412 3246 4462 autem
3275 4407 3430 4461 bona
3458 4407 3612 4462 vide-

1972 4497 2205 4559 bantur,
2231 4499 2546 4563 antequam
2577 4492 2860 4561 crederes,
2895 4494 3170 4550 currebas
3219 4495 3476 4566 quidem,
3510 4496 3610 4551 sed

202 4593 400 4644 autem
437 4587 595 4654 foris,
632 4587 743 4642 nisi
776 4605 905 4642 vere
937 4588 1100 4643 foris.
1126 4589 1281 4642 Adeo
1305 4593 1366 4642 ut
1392 4588 1685 4653 noveritis,
1721 4590 1859 4661 quia
1892 4597 1935 4660 Ι)
1968 4589 2182 4656 praeter
2211 4581 2360 4636 viam
2395 4581 2678 4634 currendo
2701 4581 2936 4636 errabas
2969 4581 3162 4652 potius
3202 4599 3379 4653 quam
3424 4599 3617 4654 perve-

206 4676 281 4732 ad
313 4673 467 4729 facta
496 4673 713 4743 retulit,
741 4700 766 4724 ‹‹
793 4680 849 4731 et
873 4675 1066 4730 omnis
1090 4675 1358 4746 spiritus,
1383 4693 1407 4724 η
1449 4675 1549 4740 ait,
1574 4698 1600 4723 ‹‹
1621 4675 1718 4746 qui
1745 4675 1858 4731 sol-

203 4765 286 4820 vit
305 4763 508 4819 Jesum
531 4761 589 4817 in
612 4780 784 4820 carne
806 4764 1056 4831 venisse,
1076 4780 1189 4819 non
1213 4768 1387 4818 estex
1404 4765 1510 4818 Deo
1534 4766 1580 4834 (ι
1598 4765 1753 4819 Ιοιιη.
1779 4781 1854 4832 ιν,

205 4853 281 4925 3).
313 4874 332 4900 η
360 4850 590 4907 Solvere
615 4851 781 4906 factis
801 4850 1148 4924 intelligitur
1177 4851 1317 4923 quid
1337 4851 1441 4906 tibi
1465 4852 1736 4918 ostendit,
1762 4853 1859 4924 qui

208 4957 386 5013 negas
418 4939 558 5012 quia
579 4940 726 4995 dixit
749 4939 968 4995 solvit?
1003 4939 1102 4994 Ille
1125 4941 1281 4994 venit
1298 4939 1593 5012 colligere,
1617 4945 1675 4996 tu
1703 4942 1863 4996 venis

211 5028 454 5088 solvere.
488 5028 862 5100 Distinguere
893 5029 980 5082 vis
1012 5027 1280 5082 membra
1301 5027 1536 5093 Christi,
1571 5031 1862 5100 quomodo

209 5135 326 5175 non
345 5134 524 5191 negas
542 5117 840 5173 Christum
858 5117 916 5170 in
941 5133 1111 5171 carne
1133 5116 1380 5181 venisse,
1408 5117 1505 5188 qui
1530 5134 1632 5188 pro
1648 5117 1864 5172 honore

208 5213 311 5265 tuo
339 5206 634 5275 dirumpis
657 5205 976 5261 Ecclesiam
996 5204 1119 5268 Dei,
1145 5222 1322 5275 quam
1355 5203 1451 5258 ille
1465 5205 1864 5276 congregavit?

209 5297 424 5353 Contra
455 5293 752 5350 Christum
785 5310 921 5366 ergo
951 5293 1134 5359 venis,
1160 5292 1552 5347 Antichristus
1583 5309 1664 5347 es.
1703 5294 1863 5348 Intus

212 5386 316 5453 sis,
352 5383 492 5440 foris
526 5384 629 5451 sis,
662 5382 1057 5438 Antichristus
1080 5397 1162 5435 es.
1189 5381 1296 5434 Sed
1325 5380 1559 5450 quando
1589 5381 1748 5436 intus
1780 5398 1862 5446 es,

212 5473 380 5541 lates;
404 5472 639 5544 quando
663 5471 804 5527 foris
826 5487 907 5538 es,
929 5467 1346 5524 manifestaris.
1372 5467 1556 5522 Solvis
1569 5467 1794 5535 Jesum,
1810 5475 1866 5523 et

216 5579 396 5636 negas
435 5562 620 5616 Deum
656 5561 713 5614 in
745 5575 917 5614 carne
958 5557 1205 5613 venisse.
1244 5560 1368 5610 Non
1409 5572 1471 5610 es
1493 5573 1558 5610 ex
1593 5556 1727 5609 Deo.
1768 5556 1864 5611 Ille

216 5669 351 5726 ergo
383 5649 558 5708 solvit
575 5650 676 5724 qui
696 5666 810 5706 non
823 5647 978 5705 facit.
1006 5646 1154 5713 Quid
1173 5661 1278 5702 nos
1301 5645 1486 5713 docet,
1505 5643 1617 5698 nisi
1642 5650 1704 5698 ut
1718 5645 1866 5700 facta

1972 4673 2196 4728 niebas.
2220 4672 2320 4725 Est
2351 4687 2486 4741 ergo
2519 4669 2686 4722 nobis
2716 4670 3163 4734 etcurrendum,
3197 4675 3253 4726 et
3274 4670 3333 4725 in
3365 4671 3456 4725 via
3484 4687 3614 4725 cur-

1971 4762 2243 4817 rendum.
2298 4758 2402 4822 Qui
2436 4761 2645 4828 praeter
2674 4757 2824 4812 viam
2858 4757 3060 4824 currit,
3099 4758 3350 4812 inaniter
3396 4757 3614 4824 currit;

1972 4851 2090 4905 imo
2113 4849 2183 4902 ad
2210 4846 2469 4901 laborem
2491 4845 2701 4900 currit:
2728 4850 2886 4901 tanto
2906 4846 3035 4917 plus
3056 4851 3230 4910 errat,
3249 4849 3465 4916 quanto
3479 4862 3620 4917 prae-

1975 4946 2063 4993 ter
2092 4938 2246 4992 viam
2279 4935 2480 4990 currit.
2515 4933 2647 4996 Qua:
2680 4938 2768 4988 est
2805 4935 2896 4988 via
2937 4951 3041 5006 per
3068 4950 3243 5005 quam
3282 4931 3621 4988 currimus?

1974 5027 2258 5090 Christus,
2293 5025 2389 5094 qui
2422 5024 2566 5078 dixit
2600 5040 2610 5076 :
2647 5047 2673 5072 «
2708 5023 2824 5094 Ego
2857 5039 2988 5078 sum
3007 5023 3097 5076 via
3127 5023 3302 5093 (Joan.
3330 5038 3444 5087 xxv,
3475 5023 3554 5093 6),
3589 5042 3618 5069 ››

1974 5117 2108 5180 Quae
2127 5112 2397 5185 patriaad
2430 5127 2606 5181 quam
2639 5111 2970 5164 currimus?
2997 5109 3262 5165 Christus
3295 5109 3394 5180 qui
3425 5109 3570 5164 dixit
3601 5125 3615 5164 :

1977 5227 2004 5254 «
2039 5210 2152 5276 Ego
2185 5219 2316 5257 sum
2347 5201 2559 5254 veritas
2591 5199 2794 5268 (Ibid)
2825 5221 2850 5247 ‹‹
2881 5199 2987 5253 Per
3007 5197 3171 5252 illum
3197 5199 3509 5267 currimus,
3543 5197 3616 5252 ad

1978 5292 2142 5347 illum
2179 5289 2493 5356 currimus,
2519 5287 2576 5340 in
2598 5287 2724 5358 ipso
2746 5286 3188 5358 requiescimus.
3215 5287 3324 5342 Sed
3346 5291 3618 5343 utcurre-

1975 5397 2173 5435 remus
2205 5395 2306 5449 per
2339 5377 2527 5439 illum,
2550 5375 2808 5430 extendit
2831 5392 2891 5428 se
2919 5391 3106 5446 usque
3136 5375 3207 5429 ad
3239 5391 3365 5429 nos.

2046 5469 2203 5522 Idem
2237 5466 2394 5520 unde
2415 5482 2612 5535 supra.
2655 5484 2679 5514 «ι
2711 5463 2856 5526 Quid
2888 5468 3206 5534 potuerunt
3237 5463 3366 5535 plus
3385 5464 3621 5518 credere

1975 5558 2287 5621 dannones,
2309 5569 2482 5625 quam
2511 5552 2872 5606 utdicerent:
2894 5576 2918 5600 ‹‹
2940 5554 3170 5608 Scimus
3188 5554 3288 5625 qui
3307 5553 3409 5621 sis,
3437 5551 3622 5608 Filius

1975 5645 2096 5701 Dei.
2128 5648 2372 5699 Sanctus
2404 5641 2502 5696 Dei
2537 5641 2684 5710 (Luc.
2720 5657 2794 5707 1v,
2815 5640 2933 5712 311)!
2967 5664 2992 5693 ››
3023 5643 3182 5708 Quod
3209 5643 3480 5699 dixerunt
3499 5642 3625 5698 daa—
