4004 6210
440 392 588 459 UH

1492 398 1898 467 HUMBERTI
1943 400 2007 466 S.
2056 401 2132 467 Β.
2174 399 2247 468 E.
2295 402 2785 474 GARDINALIS.

3681 408 3840 491 1119

432 546 661 621 mones,
692 529 804 589 hoc
831 528 977 588 dixit
994 532 1051 587 et
1070 530 1296 588 Petrus.
1320 531 1535 591 Eadem
1555 536 1746 604 verba,
1772 553 1888 593 non
1922 537 2079 595 idem
2109 540 2163 606 Α
2193 556 2315 597 rem
2345 546 2536 612 tuum,
2569 542 2791 601 calcare
2812 543 2942 616 jam
2955 560 3111 603 nunc
3142 562 3235 604 me
3277 545 3436 605 noli?
3465 545 3599 607 Jsm
3621 553 3687 606 tu
3717 550 3833 621 die,

435 619 693 678 animus.
728 621 796 676 Et
825 621 978 675 unde
1010 625 1237 676 constat
1268 622 1408 692 quia
1428 623 1627 679 Petrus
1657 624 1764 679 hoc
1786 642 1918 680 eum
1941 625 2083 683 dile-

439 710 629 769 ctione
650 711 879 765 dicebat
898 710 925 763 ?
946 710 1093 773 Quia
1115 710 1257 765 ﬁdes
1285 710 1602 767 Christiani
1622 730 1754 768 cum
1778 714 2083 772 dilectione

437 798 538 857 Dei
569 804 694 863 est;
728 798 1010 853 dazmonis
1040 802 1234 852 autem
1267 799 1391 853 sine
1422 799 1749 856 dilectione.
1783 803 2083 867 Quomodo

438 886 563 943 sine
580 886 893 942 dilectione
914 886 938 940 ?
961 886 1067 940 hoc
1091 885 1314 941 dicebat
1340 888 1542 944 Petrus
1565 894 1626 944 ut
1646 890 1940 946 Christum
1966 908 2084 947 am-

436 973 788 1048 plecteretur
820 991 833 1030 :
863 974 971 1029 hoc
994 974 1261 1029 dicebant
1284 975 1598 1046 daemones,
1623 982 1687 1031 ut
1712 978 1977 1034 Christus
2008 980 2079 1035 ab

437 1062 519 1119 eis
540 1063 854 1120 recederet.
880 1064 1144 1134 Namque
1174 1067 1483 1134 antequam
1499 1065 1782 1121 dicerent:
1804 1090 1831 1117 ‹‹
1849 1068 2080 1122 Scimus

442 1151 541 1224 qui
590 1153 695 1222 sis,
727 1152 907 1208 Filius
938 1151 1071 1218 Dei;
1120 1151 1259 1222 quid
1295 1152 1461 1207 nobis
1493 1157 1548 1207 et
1579 1153 1683 1208 tibi
1714 1158 1801 1209 est
1851 1156 2033 1226 (Marc.
2062 1174 2079 1211 1

439 1244 553 1313 21¢),
592 1264 618 1291 ››
649 1242 942 1307 dixerunt,
970 1264 990 1290 ι
1027 1240 1172 1304 Quid
1195 1239 1399 1294 venisti
1428 1246 1561 1295 ante
1580 1246 1811 1314 tempus
1834 1244 2079 1314 perdere

443 1348 550 1388 nos
581 1333 730 1399 (Luc.
751 1350 824 1397 IV,
847 1330 969 1398 31)?
990 1328 1205 1382 »A1iud
1227 1332 1315 1382 est
1331 1344 1467 1401 ergo
1480 1330 1737 1386 conﬁteri
1757 1331 2077 1399 Christum,

445 1424 510 1477 ut
565 1424 761 1475 teneas
819 1418 1136 1481 Christum,
1199 1416 1357 1471 aliud
1412 1418 1675 1473 conﬁteri
1751 1419 2072 1487 Christum,

442 1512 507 1564 ut
528 1505 1072 1577 repellasChristum
1096 1522 1129 1559 a
1148 1505 1374 1577 te.Ergo
1402 1506 1608 1560 videtis
1630 1506 1766 1578 quia
1786 1509 2080 1578 quomodo

440 1595 535 1651 hic
561 1594 719 1659 dicit,
752 1594 851 1664 qui
874 1592 1074 1657 credit,
1100 1594 1335 1664 proprie
1364 1595 1627 1664 quaedam
1656 1596 1799 1650 ﬁdes
1822 1601 1929 1663 est,
1963 1613 2078 1652 non

440 1698 788 1754 quocunque
802 1680 973 1735 modo
987 1681 1461 1738 eommuniscum
1479 1682 1886 1739 multis.Nemo
1907 1684 2082 1740 heare-

438 1769 686 1826 tieorum
709 1768 866 1824 dicat
883 1768 1064 1824 vobis.
1098 1770 1167 1825 Et
1197 1787 1302 1825 nos
1319 1771 1635 1827 credimus.
1660 1773 1794 1828 Ideo
1824 1773 1980 1828 enim
2010 1774 2083 1828 de

439 1857 802 1914 daemonibus
848 1856 1178 1929 exemplum
1228 1859 1524 1929 proposui,
1573 1876 1643 1915 ne
1671 1862 1976 1932 gaudeatis
2008 1863 2077 1917 ad

439 1947 615 2005 verba
644 1946 1031 2015 credentium,
1063 1947 1163 2002 sed
1195 1946 1506 2019 exploretis
1549 1949 1701 2005 facta
1738 1950 2077 2006 viventium.

443 2036 589 2104 Quid
619 2038 709 2091 est
728 2036 959 2090 credere
981 2036 1040 2089 in
1065 2034 1228 2090 illum
1250 2036 1550 2092 ?etomnis
1572 2038 1673 2109 qui
1699 2038 1889 2111 diligit
1910 2039 2079 2095 Geni-

442 2129 649 2191 torem,
682 2123 876 2196 diligit
904 2140 1036 2180 eum
1072 2124 1171 2196 qui
1200 2124 1433 2195 genitus
1466 2129 1554 2180 est
1582 2126 1653 2180 ab
1686 2126 1835 2197 ipso.
1869 2127 2080 2183 Statim

439 2212 1288 2284 ﬁdeiconjunxitdileetionem,
1310 2213 1584 2284 quiasine
1600 2214 1907 2271 dilectione
1934 2217 2079 2274 ﬁdes

433 2300 629 2358 inanis
649 2306 756 2357 est.
791 2300 931 2356 Cum
958 2301 1265 2357 dilectione
1286 2303 1433 2357 ﬁdes
1454 2301 1767 2358 Christiani
1790 2308 1878 2360 est
1903 2323 1915 2373 ;
1950 2305 2077 2361 sine

434 2389 744 2447 dilectione
792 2391 938 2445 ﬁdes
967 2390 1268 2445 daemonis.
1302 2392 1409 2456 Qui
1439 2394 1633 2447 autem
1669 2409 1784 2447 non
1832 2394 2080 2451 credunt

430 2480 658 2552 pejores
704 2482 845 2535 sunt
874 2496 1051 2550 quam
1083 2478 1396 2544 daemones,
1430 2483 1487 2533 et
1513 2479 1818 2537 tardiores.
1872 2481 2076 2538 Omnis

428 2568 532 2641 qui
561 2567 753 2641 diligit
780 2568 1033 2633 Patrem,
1062 2566 1253 2638 diligit
1275 2567 1505 2622 Filium.
1541 2568 1602 2624 In
1632 2567 1741 2624 hoe
1772 2570 2073 2641 cognosci-

424 2673 581 2723 mus,
612 2657 751 2729 quia
780 2655 1086 2727 diligimus
1115 2654 1265 2711 ﬁlios
1296 2655 1419 2722 Del,
1452 2654 1626 2710 Filios
1648 2655 1748 2712 Dei
1780 2657 1943 2724 dixit,
1971 2657 2074 2728 qui

426 2745 638 2802 Filium
670 2743 843 2817 paulo
866 2747 1000 2799 ante
1024 2742 1271 2810 dicebat,
1292 2742 1429 2814 quia
1450 2742 1553 2798 ﬁlii
1571 2743 1673 2799 Dei
1705 2761 1915 2816 corpus
1934 2751 2072 2801 sunt

423 2835 583 2891 unici
614 2834 717 2889 ﬁlii
748 2832 870 2889 Dei.
903 2832 1125 2886 Etcum
1150 2830 1245 2886 ille
1266 2837 1460 2901 caput,
1479 2848 1586 2888 nos
1606 2833 1888 2902 membra,
1913 2851 2069 2891 unus

423 2922 605 2979 Filius
635 2922 756 2979 Dei.
788 2923 936 2993 Ergo
968 2920 1067 2991 qui
1099 2919 1290 2992 diligit
1320 2920 1471 2977 ﬁlios
1492 2920 1616 2988 Dei,
1638 2920 1825 2976 ﬁlium
1858 2922 2066 2979 Deidi-

420 3010 569 3085 ligit.
601 3015 670 3068 Et
698 3010 798 3082 qui
821 3009 1011 3082 diligit
1040 3008 1249 3064 Filium
1284 3009 1405 3076 Dei,
1439 3009 1668 3065 Patrem
1709 3010 1920 3083 diligit.
1952 3012 2065 3068 Nec

419 3104 610 3173 potest
638 3099 953 3171 quisquam
984 3099 1212 3153 Patrem
1247 3097 1505 3169 diligere,
1539 3098 1650 3153 nisi
1683 3098 1893 3154 Filium
1925 3100 2064 3155 dili-

2191 629 2241 685 si
2273 635 2456 702 potes,
2481 634 2667 700 Quare
2697 638 2752 689 te
2771 633 2987 691 ealeavi
3009 638 3032 690 Ρ
3051 635 3153 691 Die
3184 635 3328 692 illud
3371 637 3548 711 capiti
3583 656 3597 694 :
3631 640 3712 696 Te
3740 657 3836 698 os-

2191 717 2372 774 culari
2401 720 2577 787 volui,
2611 720 2880 792 amplecti
2903 723 3077 777 volui.
3112 724 3222 779 Sed
3254 742 3370 781 non
3400 726 3583 794 vides,
3618 744 3651 783 ο
3681 729 3835 784 stul-

2190 809 2266 871 te,
2288 808 2426 878 quia
2454 809 2701 880 quodvis
2717 810 2989 881 amplecti
3022 827 3123 882 per
3144 814 3461 883 quamdam
3493 830 3834 888 compagem

2192 895 2436 951 unitatis
2467 897 2726 968 pervenit
2773 898 2844 953 ad
2888 899 2946 954 id
2992 901 3147 971 quod
3198 900 3435 957 calcas?
3474 902 3691 959 Susum
3739 921 3838 961 me

2189 982 2464 1049 honores,
2487 984 2693 1055 jusum
2724 1002 2818 1041 me
2848 985 3059 1042 caleas.
3084 987 3223 1044 Plus
3252 989 3408 1046 dolet
3436 991 3592 1062 quod
3621 991 3832 1062 calces,

2190 1086 2364 1141 quam
2396 1072 2609 1141 gaudet
2637 1072 2790 1140 quod
2821 1072 3094 1141 honores,
3130 1076 3267 1147 quia
3296 1082 3352 1132 et
3378 1094 3553 1148 quem
3576 1078 3831 1136 honores

2189 1157 2345 1213 dolet
2375 1176 2478 1230 pro
2508 1160 2751 1230 eisquos
2777 1160 2991 1217 calcas.
3023 1165 3324 1228 Quomodo
3345 1165 3561 1221 clamat
3588 1166 3837 1240 lingua?

2189 1244 2353 1300 Dolet
2381 1246 2546 1301 mihi.
2580 1247 2703 1301 Non
2737 1246 2900 1313 dicit,
2934 1248 3094 1304 Dolet
3126 1252 3256 1321 pedi
3304 1270 3453 1321 meo,
3506 1255 3629 1325 sed,
3668 1256 3838 1313 Dolet

2190 1332 2356 1397 mihi,
2387 1332 2546 1389 dicit.
2580 1333 2623 1388 Ο
2655 1332 2893 1404 lingua!
2927 1336 3061 1405 quis
3092 1341 3149 1391 te
3178 1339 3417 1410 tetigit?
3447 1342 3582 1411 quis
3622 1343 3837 1399 stimu-

2188 1418 2359 1475 lavit?
2393 1420 2524 1491 quis
2546 1420 3058 1492 pupugit?Nemo,
3092 1424 3193 1479 sed
3236 1427 3552 1496 conjuncta
3582 1446 3715 1485 sum
3747 1431 3840 1488 eis

2189 1524 2316 1579 quae
2348 1507 2665 1574 calcantur,
2692 1510 2982 1580 quomodo
3015 1510 3100 1566 vis
3132 1528 3246 1567 non
3278 1513 3529 1580 doleam,
3561 1533 3688 1587 quae
3710 1535 3834 1574 non

2188 1612 2321 1651 sum
2365 1596 2667 1667 separata?
2696 1604 3092 1653 Aseensurum
3124 1599 3310 1671 Caput
3338 1600 3400 1656 in
3430 1601 3641 1659 emlum
3683 1604 3839 1660 vidit

2189 1684 2404 1740 multos
2436 1684 2818 1740 honoraturos
2848 1702 2929 1753 se,
2962 1687 3101 1757 quia
3123 1688 3389 1744 ascendit
3418 1689 3477 1744 in
3510 1691 3743 1760 ccelum,
3776 1696 3841 1748 et

2188 1773 2332 1829 vidit
2359 1772 2497 1845 quia
2525 1772 2709 1829 honor
2724 1773 2988 1844 ipsorum
3014 1773 3240 1830 inutilis
3263 1780 3375 1845 est,
3405 1777 3455 1832 si
3484 1779 3838 1837 conculcant

2191 1861 2456 1917 membra
2490 1878 2600 1917 sua
2641 1861 2699 1916 in
2748 1866 2922 1917 terra.
2955 1863 3026 1917 Et
3058 1880 3128 1919 ne
3157 1864 3291 1935 quis
3323 1870 3564 1933 erraret,
3607 1870 3663 1923 et
3694 1885 3830 1926 eum

2194 1950 2660 2022 adoraretCaput
2680 1948 2738 2004 in
2763 1949 3184 2018 ccelo,ealcaret
3202 1952 3381 2023 pedes
3412 1954 3470 2009 in
3490 1958 3832 2024 terra,eom-

2192 2039 2488 2094 mandavit
2518 2038 2782 2094 membra
2812 2037 2871 2093 in
2900 2043 3075 2107 terra,
3112 2039 3257 2095 dixit
3289 2041 3389 2096 ubi
3419 2047 3618 2098 essent
3648 2061 3839 2101 mem-

2190 2127 2295 2182 bra
2325 2126 2532 2199 ipsius,
2566 2125 2903 2182 dixitverbe
2931 2127 3265 2194 novissima,
3300 2132 3357 2184 et
3377 2129 3665 2186 discessit.
3700 2132 3842 2189 Post

2190 2215 2318 2287 ipsa
2348 2216 2519 2271 verba
2551 2231 2663 2270 non
2695 2219 2786 2270 est
2813 2214 3044 2271 locutus
3076 2216 3134 2270 in
3168 2220 3340 2272 terra.
3362 2217 3493 2274 Jem
3526 2236 3637 2275 non
3670 2220 3836 2277 inve-

2188 2303 2281 2358 nis
2325 2302 2484 2374 loqui
2527 2302 2824 2358 Christum
2870 2302 3136 2359 interra.
3184 2305 3416 2361 Iuvenis
3445 2305 3613 2363 illum
3651 2306 3837 2381 loqui,

2186 2391 2287 2446 sed
2320 2391 2389 2446 de
2419 2390 2581 2460 cazlo,
2614 2393 2670 2446 et
2702 2390 2770 2446 de
2799 2389 2926 2462 ipso
2963 2390 3107 2446 ccelo
3134 2408 3314 2463 quare
3334 2393 3362 2447 ?
3399 2392 3539 2465 quia
3568 2397 3838 2454 membra

2184 2478 2561 2534 calcabantur
2599 2479 2658 2533 in
2704 2482 2878 2534 terra.
2927 2479 3289 2536 Persecutori
3330 2482 3487 2537 enim
3532 2482 3707 2539 Seulo
3752 2485 3837 2540 di-

2181 2566 2265 2621 xit
2288 2584 2335 2622 :a
2363 2565 2555 2633 Saule,
2579 2565 2771 2634 Saule,
2801 2567 2942 2638 quid
2982 2583 3075 2624 me
3104 2569 3558 2640 persequeris?»
3573 2571 3722 2643 (Act.
3748 2589 3826 2641 ιχ,

2181 2655 2259 2726 4.)
2290 2654 2539 2710 Aseendi
2570 2654 2628 2709 in
2661 2654 2893 2722 coelum,
2939 2657 3037 2711 sed
3084 2656 3275 2712 adhuc
3318 2656 3380 2712 in
3426 2661 3582 2714 terra
3615 2659 3823 2730 jeceo;

2179 2741 2275 2798 hic
2306 2743 2378 2798 ad
2409 2743 2705 2798 dexteram
2738 2742 2926 2798 Patris
2957 2744 3155 2809 sedeo,
3187 2744 3265 2800 ibi
3300 2744 3492 2802 adhuc
3540 2748 3735 2804 esurio
3766 2753 3826 2806 et

2177 2829 2332 2899 sitio,
2347 2835 2405 2886 et
2415 2829 2755 2903 peregrinus
2768 2848 2921 2887 sum.
2937 2832 3236 2897 Quomodo
3259 2849 3393 2905 ergo
3415 2849 3628 2906 corpus
3641 2852 3819 2892 suum

2176 2919 2606 2975 commendavit
2634 2919 2695 2974 in
2726 2925 2897 2985 terra,
2927 2921 3318 2977 ascensurus?
3347 2921 3654 2995 discipulis
3692 2925 3820 2982 suis

2175 3008 2472 3079 respondit
2497 3026 2510 3077 ;
2545 3031 2571 3057 «
2606 3007 2916 3080 Accipietis
2942 3008 3214 3064 virtutem
3234 3009 3488 3082 Spiritus
3510 3012 3699 3068 sancti
3719 3030 3821 3071 su-

2173 3095 2563 3168 pervenientis
2593 3096 2652 3151 in
2684 3112 2807 3163 vos,
2839 3100 2897 3152 et
2926 3096 3087 3152 eritis
3115 3096 3259 3153 mihi
3288 3101 3466 3155 testes
3491 3100 3552 3155 in
3581 3104 3820 3159 Jerusa-

417 3192 534 3262 gat.
551 3189 617 3243 Et
638 3187 940 3260 quidiligit
962 3187 1195 3252 Filium,
1220 3185 1409 3257 diligit
1425 3185 1575 3241 ﬁlios
1591 3187 1711 3243 Dei.
1732 3188 1884 3252 Quos
1908 3188 2060 3246 ﬁlios
2104 3260 2130 3262 _,
2171 3183 2309 3253 lem,
2334 3189 2390 3240 et
2410 3184 2467 3239 in
2492 3184 2650 3240 omni
2666 3185 2887 3252 Judma,
2910 3188 2967 3239 6t
2989 3184 3254 3241 Samaria
3274 3190 3331 3241 et
3353 3188 3613 3259 usquein
3639 3193 3821 3247 totam

412 3260 559 3333 Dei?
586 3275 984 3333 MembreFilii
1017 3275 1220 3331 Dei.Et
1244 3274 1617 3347 diligendoﬁt
1643 3280 1700 3330 et
1722 3276 1845 3348 ipse
1871 3294 2055 3334 mem-
2088 3260 2131 3326 (ἶ
2168 3278 2381 3329 terram
2415 3273 2553 3344 (Act.
2590 3290 2636 3342 1,
2659 3272 2735 3344 8).
2765 3295 2792 3322 «
2818 3273 2959 3328 Ecce
2979 3274 3298 3345 quejaeeo,
3327 3275 3429 3347 qui
3453 3278 3823 3349 aseendo,as-

410 3366 605 3429 brum,
641 3369 698 3421 et
728 3365 793 3419 ﬁt
838 3380 942 3436 per
971 3363 1339 3419 dilectionem
1371 3364 1429 3418 in
1470 3380 1749 3436 compage
1799 3367 2057 3438 corporis
2166 3362 2349 3417 cendo
2377 3362 2533 3417 enim
2583 3361 2722 3432 quia
2769 3365 2945 3434 caput
2991 3378 3146 3430 sum,
3183 3364 3344 3434 jacet
3372 3364 3566 3421 adhuc
3596 3382 3809 3442 corpus

407 3454 642 3522 Christi,
676 3457 734 3510 et
761 3453 873 3509 erit
893 3470 1047 3508 unus
1067 3452 1333 3509 Christus
1358 3469 1563 3509 amans
1586 3453 1846 3525 seipsum
1871 3471 1885 3523 ;
1920 3472 2051 3511 cum
2164 3466 2383 3505 meum.
2408 3449 2742 3520 Quajaeet?
2762 3465 2865 3523 per
2884 3453 3067 3506 totam
3086 3455 3323 3508 terram.
3349 3454 3495 3509 Cave
3513 3470 3587 3509 ne
3608 3472 3808 3528 percu-

410 3543 568 3599 enim
599 3558 662 3598 se
688 3541 935 3597 invicem
968 3545 1172 3597 amant
1216 3540 1498 3608 membra,
1532 3557 1743 3612 corpus
1780 3558 1842 3598 se
1872 3548 2049 3600 amat.
2160 3540 2294 3607 tias,
2328 3554 2464 3594 eave
2481 3553 2552 3594 ne
2574 3537 2772 3607 violes,
2801 3555 2937 3595 cave
2956 3556 3027 3594 ne
3048 3538 3254 3596 calces.
3276 3540 3606 3600 Novissima
3634 3546 3812 3602 verba

411 3652 439 3680 ‹‹
469 3632 539 3687 Et
567 3631 617 3687 si
640 3630 860 3702 patitur
880 3646 1064 3684 unum
1088 3629 1441 3696 membrum,
1465 3629 1905 3702 compatiuntur
1933 3648 2053 3688 om-

407 3720 508 3775 nia
535 3720 838 3786 membra;
870 3721 927 3774 et
958 3717 1008 3773 si
1052 3717 1416 3789 gloriﬁcatur
1462 3734 1647 3773 unum
1695 3720 2047 3784 membrum,

404 3809 775 3881 congaudent
799 3806 996 3862 omnia
1027 3807 1311 3863 membra.
1342 3828 1365 3858 ι
1404 3807 1472 3861 Et
1502 3806 1639 3877 quid
1673 3811 1909 3864 secutus
1941 3808 2052 3864 ait?

408 3916 437 3947 ‹‹
484 3897 596 3952 Vos
622 3900 818 3952 autem
865 3894 1008 3951 estis
1040 3910 1252 3967 corpus
1300 3893 1514 3950 Christi
1560 3899 1617 3949 et
1663 3895 1928 3952 membra
1974 3897 2046 3953 de

402 3984 666 4041 membro
694 3985 741 4055 (I
762 3985 882 4040 Cor.
914 4001 1015 4051 xu,
1045 3984 1137 4048 26,
1167 3984 1235 4037 27
1257 4000 1269 4037 :
1297 4004 1325 4032 »
1359 4014 1424 4021 —
1450 4004 1477 4032 «
1505 3983 1613 4048 Qui
1639 3982 1794 4039 enim
1818 4001 1933 4040 non
1959 3985 2045 4040 di-

397 4071 527 4146 ligit
556 4073 795 4129 fratrem
821 4089 997 4129 suum
1028 4088 1205 4143 quem
1234 4070 1408 4136 videt,
1431 4070 1614 4126 Deum
1636 4087 1810 4142 quem
1829 4089 1946 4129 non
1961 4072 2043 4128 vi-

392 4161 491 4217 det
517 4162 809 4233 quomodo
841 4164 1030 4232 potest
1051 4159 1329 4231 diligere?
1354 4181 1381 4208 ››
1407 4161 1455 4227 (Ι
1478 4160 1638 4215 Joan.
1676 4176 1749 4225 ιν,
1782 4160 1898 4231 20.)

467 4271 495 4298 ‹‹
509 4250 762 4305 Extende
783 4248 1125 4304 charitatem
1144 4264 1247 4319 per
1267 4252 1453 4304 totum
1475 4246 1750 4316 orbem,si
1770 4247 1857 4303 vis
1874 4248 2038 4305 Chri-

388 4340 548 4392 stum
571 4353 788 4403 amare,
812 4336 950 4408 quia
967 4338 1231 4391 membra
1249 4336 1461 4393 Christi
1480 4353 1580 4408 per
1599 4337 1799 4392 orbem
1814 4338 2036 4408 jaceat,

385 4423 490 4479 ubi
521 4440 651 4493 esse
680 4424 877 4491 debes,
903 4429 969 4479 ut
994 4424 1103 4480 sub
1126 4424 1313 4496 capite
1345 4425 1448 4480 sis.
1475 4425 1534 4480 Si
1558 4425 1617 4479 in
1651 4442 1889 4498 corpore
1917 4443 2033 4483 non
2143 4424 2565 4481 simasedentis
2586 4426 2645 4479 in
2667 4423 2806 4480 coelo
2829 4440 2942 4478 non
2964 4419 3324 4488 custodiunt,
3344 4422 3596 4479 videntis
3619 4424 3791 4483 desu-

385 4529 470 4579 es,
503 4512 614 4568 sub
644 4512 830 4584 capite
860 4529 976 4568 non
1006 4529 1089 4569 es.
1123 4512 1270 4577 Quid
1304 4513 1560 4585 prodest,
1593 4514 1732 4584 quia
1753 4515 1942 4571 credis
1973 4520 2032 4571 et
2142 4529 2245 4584 per
2274 4531 2349 4569 an
2378 4516 2785 4570 contemnatur
2805 4527 2877 4565 an
2899 4525 3013 4564 non
3034 4513 3466 4583 contemnatur,
3491 4510 3653 4569 illius
3682 4516 3784 4587 qui

386 4598 766 4672 blasphemas
784 4601 812 4656 ‘I
840 4602 1049 4657 adoras
1069 4600 1233 4656 illum
1265 4600 1326 4655 in
1343 4601 1549 4673 capite,
1573 4606 1632 4657 et
1653 4600 2028 4674 blasphemas
2059 4620 2106 4686 D
2138 4602 2310 4658 dixit:
2330 4626 2357 4652 ‹‹
2376 4601 2570 4667 Saule,
2588 4598 2778 4666 Saule,
2799 4596 2938 4669 quid
2960 4613 3052 4652 me
3064 4599 3435 4686 persequeris
3450 4600 3519 4654 ‘2»
3540 4601 3676 4670 (Act.
3702 4620 3782 4671 1x,

386 4689 449 4745 in
479 4705 739 4762 corpore.
759 4695 935 4746 Amat
954 4689 1051 4745 ille
1078 4705 1291 4760 corpus
1312 4706 1508 4745 suum.
1527 4689 1586 4745 Si
1617 4694 1679 4744 tu
1712 4693 1765 4745 te
1795 4688 2028 4762 praései-
2060 4685 2071 4686 ί
2139 4692 2217 4764 4.)
2241 4691 2349 4759 Qui
2370 4693 2558 4747 servat
2577 4689 2648 4743 ad
2662 4686 2955 4758 judicium
2975 4685 3257 4758 quidquid
3276 4688 3433 4744 videt
3452 4690 3569 4761 pati
3594 4707 3782 4748 mem-

387 4778 525 4836 disti
555 4796 590 4836 e
617 4796 856 4852 corpore
882 4779 1092 4852 ipsius,
1115 4782 1418 4849 caputnon
1449 4795 1511 4835 se
1532 4778 1873 4850 praescidite
1902 4797 2032 4837 eor-
2143 4780 2248 4836 bra
2276 4796 2403 4848 sua,
2435 4777 2648 4849 quibus
2688 4773 2918 4846 gravior
2965 4779 3023 4831 et
3071 4774 3497 4833 intelerebilior
3537 4783 3628 4835 est
3664 4795 3787 4837 ma-

2161 3626 2372 3683 Christi
2420 3629 2560 3682 sunt
2604 3626 2720 3683 ista
2750 3627 2886 3683 ituri
2917 3627 2976 3707 in
3010 3628 3241 3685 coelum.
3278 3631 3527 3701 Fratres,
3560 3634 3809 3707 cogitate

2157 3716 2478 3772 visceribus
2506 3714 2870 3786 Christianis,
2903 3717 2952 3771 si
2985 3716 3314 3775 haeredibus
3345 3719 3681 3778 carnalibus
3706 3739 3807 3781 no-

2156 3804 2400 3861 vissima
2419 3804 2594 3860 verba
2623 3804 2768 3859 mori
2778 3805 2891 3860 turi
2912 3805 3095 3877 patris
3113 3806 3248 3879 plus
3266 3811 3406 3864 sunt
3423 3807 3637 3876 dulcia,
3669 3808 3805 3882 plus

2155 3896 2342 3965 grata,
2376 3896 2434 3948 et
2457 3893 2699 3964 majoris
2719 3894 2995 3965 ponderis
3014 3911 3147 3951 mox
3177 3895 3318 3951 ituri
3349 3896 3408 3951 in
3439 3897 3802 3971 sepulcrum;

2153 3980 2482 4047 heredibus
2513 3980 2726 4037 Christi
2751 3981 2950 4054 qualia
2974 3983 3188 4039 debent
3216 4000 3346 4041 esse
3359 3985 3532 4040 verba
3554 3986 3803 4043 novissi-

2153 4087 2251 4125 ma
2276 4086 2392 4125 non
2422 4070 2665 4126 redituri
2697 4070 2756 4125 in
2780 4071 3135 4145 sepulcrum,
3161 4073 3260 4128 sed
3282 4073 3579 4129 escensuri
3601 4074 3659 4128 in
3683 4091 3798 4132 cce-

2149 4157 2273 4214 lum
2289 4159 2317 4213 ?
2333 4159 2401 4214 Et
2412 4160 2462 4214 si
2487 4158 2620 4231 plus
2642 4161 3055 4216 custodiuntur
3072 4177 3106 4214 a
3125 4159 3262 4215 ﬁliis
3283 4158 3601 4215 novissime
3615 4163 3798 4217 verba

2150 4247 2454 4303 morientis
2503 4248 2704 4321 patris,
2746 4249 2916 4320 cujus
2962 4247 3205 4303 cadaver
3251 4248 3308 4301 in
3358 4244 3625 4315 sepulcro
3662 4248 3793 4306 sine

2146 4353 2321 4393 sensu
2347 4338 2523 4408 jacet,
2555 4338 2693 4409 quid
2727 4337 2839 4393 sibi
2860 4338 3100 4407 sperant
3125 4331 3229 4402 illi,
3262 4332 3362 4404 qui
3389 4333 3566 4391 verba
3595 4337 3792 4394 novis-

385 4884 526 4941 pore
552 4885 680 4925 suo.
712 4868 848 4925 Sine
878 4884 1055 4925 causa
1078 4883 1171 4922 me
1194 4865 1467 4933 honores,
1484 4866 1698 4923 clamet
1719 4869 1825 4924 tibi
1856 4876 2034 4941 caput
2140 4866 2549 4937 ehzerelinguae
2566 4862 3174 4937 hmretieorum,quam
3199 4864 3332 4921 ferri
3347 4882 3732 4940 paganorum.
3751 4895 3777 4923 ι

382 4958 659 5030 desuper;
691 4957 817 5014 sine
848 4973 1027 5014 causa
1055 4971 1150 5012 me
1178 4955 1454 5011 honores.
1495 4957 1801 5028 Tanquam
1833 4959 1882 5014 si
1917 4960 2030 5015 vel-
2738 4968 2971 5026 CAPUT
3009 4970 3173 5027 XXX.

375 5043 459 5102 let
488 5046 703 5120 aliquis
733 5047 839 5103 tibi
858 5044 1111 5102 osculari
1137 5048 1334 5117 caput,
1353 5049 1411 5101 et
1436 5044 1659 5101 calcare
1688 5045 1797 5101 tibi
1824 5048 2023 5118 pedes.
2274 5056 2664 5130 Recapitulatio
2705 5059 3117 5130 pmmissorum
3144 5060 3438 5118 verborum
3458 5066 3636 5119 sancti

371 5135 541 5193 Forte
572 5135 779 5208 caligis
809 5134 1050 5191 elevatis
1082 5137 1404 5190 contereret
1434 5135 1613 5205 pedes
1635 5137 1791 5203 tuos,
1823 5134 2024 5193 volens
2796 5131 3107 5201 Augustini.

365 5223 475 5280 tibi
523 5228 720 5281 tenere
767 5229 944 5297 caput
993 5227 1051 5280 et
1100 5222 1376 5295 osculari.
1421 5222 1624 5279 Nonne
1656 5223 1807 5280 inter
1844 5225 2022 5280 verba
2206 5222 2267 5275 In
2311 5217 2528 5290 quibus
2553 5218 2834 5290 praecipui
2862 5219 3115 5275 doctoris
3135 5218 3306 5276 claris
3342 5222 3650 5279 sententiis
3678 5241 3777 5283 ne-

367 5310 714 5369 honorantis
745 5312 1049 5379 clamares,
1075 5317 1132 5368 et
1163 5312 1568 5376 dieeres.Quid
1601 5310 1763 5378 facis,
1797 5311 2016 5369 homo?
2129 5325 2290 5365 cesse
2325 5312 2415 5363 est
2445 5307 2514 5363 ad
2546 5324 2644 5364 cor
2671 5309 2913 5364 redeant
2942 5309 3412 5380 praevaricatores
3444 5311 3574 5367 novi
3603 5329 3773 5370 men-

367 5399 559 5456 calcas
618 5418 733 5458 me.
802 5403 928 5457 Non
986 5401 1231 5457 diceres.
1304 5399 1507 5455 Celeus
1563 5405 1739 5472 caput
1796 5417 2014 5457 meum.
2126 5396 2604 5469 detiquicunque
2625 5396 2897 5464 haeretici,
2923 5402 3111 5469 etprze
3132 5397 3408 5454 omnibus
3429 5400 3770 5475 Simoniaci,

365 5487 506 5559 quia
564 5494 739 5561 caput
794 5489 1141 5556 honorabat,
1194 5490 1296 5544 sed
1352 5488 1486 5561 plus
1533 5487 1811 5545 clamaret
1841 5494 2017 5562 caput
2124 5486 2225 5559 qui
2257 5502 2325 5542 ex
2355 5493 2591 5558 accepta
2618 5487 2833 5542 virtute
2862 5486 3117 5558 Spiritus
3165 5486 3350 5542 sancti
3396 5487 3620 5544 faciunt
3656 5491 3773 5547 sibi

370 5591 475 5646 pro
532 5577 815 5632 membris
872 5576 1112 5633 calcatis
1170 5594 1349 5649 quam
1410 5595 1511 5648 pro
1583 5594 1665 5644 se,
1723 5578 1861 5649 quia
1916 5578 2013 5635 ho-
2081 5580 2461 5650 .propostem
2481 5574 3072 5647 adsolumnegotium
3092 5574 3773 5652 smeuli,nonadeliquod

365 5662 705 5719 uerebatur.
728 5665 930 5720 Nonne
953 5664 1381 5735 clamatipsum
1411 5670 1586 5738 caput
1617 5683 1629 5720 :
1665 5665 1805 5722 Nolo
1839 5667 2010 5723 hono-
2119 5666 2523 5724 testimonium
2556 5663 2788 5731 Christi,
2825 5664 2922 5736 qui
2947 5664 3137 5737 ipsam
3163 5664 3413 5737 Spiritus
3430 5667 3619 5725 sancti
3649 5667 3773 5725 vir-
