4004 6210
243 365 398 432 1113

772 365 1189 434 ADVERSUS
1236 364 1708 434 SIMONIACOS
1753 361 1961 428 LIBRI
2007 354 2234 428 TRES.
2269 393 2347 408 —
2389 357 2622 426 LIBER
2666 355 3103 423 SECUNDUS.

3482 354 3641 421 1114

240 509 427 560 tutem
459 517 807 560 ascensurus
829 503 899 558 ad
923 503 1032 558 hoc
1049 502 1238 558 solum
1261 500 1692 573 suscipiendam
1753 498 1877 554 suis
1910 499 1959 564 Α
1991 495 2161 553 liator
2176 492 3128 561 suscitabitzelum,voeiferabitur
3143 493 3199 548 et
3215 489 3508 560 clamabit,
3536 512 3632 551 su-

245 591 554 666 discipulis
586 593 858 659 asseruit,
883 596 946 646 ut
969 591 1412 647 resurrectionis
1435 591 1561 660 ejus
1591 593 1648 644 et
1698 588 1879 643 chari-

241 682 381 738 tatis
404 681 590 736 ubivis
613 687 898 735 terrarum
935 685 1110 735 testes
1134 680 1270 734 sint.
1293 680 1398 733 Sed
1436 677 1758 749 pervissimi
1780 677 1881 731 h0-

243 770 472 827 minum
506 768 767 824 conversi
798 769 855 822 in
889 785 1089 822 arcum
1126 784 1481 839 perversum,
1515 784 1647 821 eum
1680 783 1712 820 a
1770 781 1884 834 quo

239 857 455 914 intensi
485 862 626 912 sunt
655 857 942 928 impetuni
974 861 1032 911 et
1098 857 1449 927 percutiunt,
1496 855 1592 910 ubi
1654 853 1883 908 divitias

241 947 441 1018 gratiae
464 947 591 1016 ejus
614 963 760 1016 quas
777 944 931 1016 jussi
953 949 1093 1000 sunt
1114 945 1388 999 omnibus
1421 943 1602 1016 gratis
1625 943 1883 997 sicutac-

245 1039 524 1105 ceperunt
553 1050 840 1105 exponere
871 1038 926 1088 et
955 1050 1212 1104 erogare,
1247 1033 1317 1087 ad
1379 1033 1630 1104 pretium
1685 1031 1884 1085 distri-

245 1123 424 1178 buere
454 1127 833 1193 prazsumunt.
860 1121 1454 1194 SicingratiChristo,
1501 1125 1703 1175 contra
1751 1135 1886 1173 eum

246 1210 372 1266 suis
403 1210 570 1264 donis
605 1211 913 1282 pugnaturi
958 1209 1291 1282 insurgunt,
1322 1214 1377 1264 et
1435 1208 1706 1264 ﬁdelibus
1759 1208 1886 1277 ejus

245 1302 528 1370 tanquam
562 1299 842 1354 membris
874 1299 1060 1370 ipsius
1093 1299 1379 1370 pessimas
1410 1303 1468 1352 et
1525 1296 1886 1351 insanabiles

245 1386 453 1459 plagas
478 1387 814 1459 imponunt,
841 1388 977 1459 quia
1005 1389 1074 1442 ad
1101 1387 1423 1459 ipsum,qui
1446 1391 1619 1458 caput
1643 1401 1884 1440 suorum

243 1479 334 1530 est
355 1475 682 1547 pertingere
707 1481 1026 1546 nequeunt.
1053 1477 1232 1538 Quem
1254 1473 1359 1529 etsi
1409 1474 1580 1528 labiis
1630 1489 1690 1528 se
1740 1489 1881 1528 non-

242 1580 550 1634 nunquam
574 1564 718 1619 velle
735 1564 1020 1618 honorare
1043 1565 1294 1633 ﬁngunt,
1317 1561 1532 1631 injuria
1554 1566 1641 1617 est
1663 1561 1744 1616 illi
1771 1579 1884 1616 non

242 1653 565 1706 reverentia
584 1657 771 1706 totum
795 1651 948 1722 quod
974 1656 1174 1720 agunt,
1208 1651 1470 1720 quandiu
1504 1648 1702 1704 fideles
1759 1651 1887 1720 ejus

245 1755 354 1794 sua
375 1738 616 1810 perﬁdia
647 1743 925 1809 tanquam
962 1739 1117 1792 fures
1149 1742 1206 1792 et
1235 1738 1487 1792 latrones
1523 1737 1883 1792 interimunt.

1994 601 2096 656 per
2125 583 2394 639 inimicos
2424 600 2563 638 suos
2595 581 3270 653 cont'ortabitur,quibus
3297 588 3436 638 tunc
3460 583 3636 640 dicet:

1993 673 2166 728 Tacui
2202 689 2456 743 semper,
2494 671 2652 737 silui,
2687 671 2914 742 patiens
2957 671 3057 736 fui,
3112 670 3262 724 sicut
3311 672 3642 741 parturiens

1993 761 2203 833 loquar
2229 780 2240 828 ;
2266 761 2385 815 Ilth
2407 762 2562 815 enim
2592 759 2833 824 fecistis,
2868 764 2924 813 et
2955 759 3105 813 tacui
3131 759 3299 828 (Psal.
3327 776 3474 823 XLIX,
3526 762 3637 832 20).

1994 851 2156 906 Unde
2186 850 2322 920 quia
2347 848 2622 920 paulatim
2675 854 2729 903 et
2753 848 2963 919 partim
3018 847 3353 918 dissipastis
3401 864 3636 918 gregem

1995 956 2212 1006 meum,
2244 943 2300 993 et
2330 937 2736 1003 absorbuistis,
2773 936 3069 1007 dissipabo
3101 953 3220 1003 vos,
3255 940 3310 991 et
3367 936 3640 993 absorbe-

1996 1029 2067 1083 bo
2099 1026 2296 1083 simul.

2581 1116 2816 1171 CAPUT
2856 1116 3052 1170 XXXI.

1995 1207 2070 1261 De
2098 1207 2313 1260 malitia
2346 1206 2804 1260 Simoniacormn.
2839 1209 2888 1259 et
2920 1203 3060 1274 quod
3090 1205 3295 1274 pejores
3324 1206 3436 1259 sint
3469 1204 3636 1259 latro-

2349 1278 2536 1342 nibus,
2570 1280 2619 1330 et
2648 1279 2768 1330 sine
2799 1278 2990 1346 aliqua
3025 1275 3128 1344 ﬁde
3163 1277 3278 1330 Dei.

2067 1383 2360 1437 Adversus
2384 1399 2532 1452 quos
2553 1381 2730 1436 falsos
2755 1385 2952 1446 testes,
2974 1381 3261 1452 quosjam
3300 1379 3641 1452 impossibi-

1996 1470 2070 1527 lis
2093 1472 2286 1540 Jesus,
2310 1472 2406 1525 sed
2431 1471 2623 1526 adhuc
2644 1470 2790 1526 tales
2817 1471 3041 1542 patiens
3066 1469 3121 1523 in
3149 1469 3524 1540 passionibus
3542 1469 3641 1522 Ec-

1996 1559 2183 1615 clesiae
2207 1578 2344 1622 sum,
2371 1560 2572 1630 quales
2607 1560 2766 1632 prius
2789 1577 3000 1630 passus
3037 1563 3144 1625 est,
3177 1558 3236 1613 in
3261 1575 3322 1613 se
3366 1557 3640 1628 interpel-

1996 1647 2076 1702 lat
2095 1649 2343 1714 Patrem,
2369 1649 2567 1703 dicens
2590 1665 2691 1719 per
2707 1647 3079 1702 Psalmistam
3109 1665 3122 1702 :
3149 1672 3174 1696 ‹‹
3201 1647 3281 1702 Ne
3331 1646 3645 1702 tradideris

1998 1753 2088 1792 me
2116 1737 2170 1791 in
2197 1738 2422 1792 animas
2448 1737 2920 1808 persequentium
2947 1738 3206 1806 me,quia
3229 1737 3644 1791 insurexerunt

246 1827 410 1890 Quod
441 1826 596 1882 velut
626 1842 758 1881 oves
797 1825 1095 1897 simplices
1127 1826 1235 1879 sub
1294 1824 1570 1879 simulato
1631 1826 1880 1895 pastoris
1919 1861 1966 1924 B
1997 1824 2056 1879 in
2081 1843 2171 1880 me
2193 1825 2656 1897 testesiniqui,et
2679 1825 2920 1880 mentita
2938 1830 3025 1879 est
3043 1824 3322 1896 iniquitas
3337 1824 3448 1879 sibi
3470 1824 3640 1896 (Psal.

247 1914 420 1969 sibilo
443 1915 714 1969 seductas
735 1913 848 1969 sibi
871 1918 1206 1979 convocant,
1242 1913 1440 1983 sicque
1473 1930 1626 1966 nunc
1660 1914 1884 1980 furtim,

248 2019 404 2058 nunc
427 2002 638 2072 raptim
662 2001 893 2056 diabolo
916 2001 1200 2071 gregatim
1226 1992 1551 2067 immolant,
1586 2002 1724 2056 dum
1752 2019 1888 2057 con-

247 2089 513 2145 sentiunt
535 2095 599 2143 ut
620 2090 692 2143 ab
711 2091 795 2143 eis
817 2093 1047 2143 ematur
1070 2089 1222 2158 quod
1248 2105 1362 2142 non
1386 2088 1551 2143 aliter
1585 2089 1885 2161 accipitur,

247 2178 362 2234 nisi
389 2183 452 2233 ut
478 2176 660 2250 gratis
681 2177 998 2244 detur.Quo
1021 2176 1285 2247 contagio
1306 2193 1412 2247 pau
1424 2175 1566 2232 culte
1595 2195 1727 2232 oves
1743 2195 1888 2232 mor-

243 2267 392 2322 bidaa
414 2271 599 2321 totum
623 2281 855 2338 gregem
873 2264 1293 2329 contaminant,
1319 2267 1457 2319 dum
1473 2267 1734 2321 carnales
1782 2266 1886 2321 ali-

244 2355 343 2428 qui
367 2354 569 2410 morbo
591 2354 911 2410 ambitiosas
934 2353 1184 2408 avaritia:
1222 2354 1442 2419 attacti,
1476 2354 1691 2424 pabula
1720 2355 1886 2410 cccle-

241 2443 350 2498 stis
376 2441 650 2498 doctrina:
676 2441 1011 2505 fastidiunt,
1034 2441 1088 2496 et
1135 2440 1317 2496 oculis
1375 2445 1674 2512 pastorum
1708 2459 1767 2497 se
1787 2459 1890 2514 per

246 2531 416 2586 devia
435 2530 708 2585 vitiorum
743 2531 1043 2584 abducunt
1067 2533 1122 2585 et
1152 2531 1537 2584 abscondunt.
1589 2531 1885 2602 Quaprop-

238 2623 328 2675 ter
345 2637 378 2674 a
397 2619 882 2674 latrocinantibus
903 2617 1442 2684 Simoniacis,velut
1464 2617 1731 2689 solivagas
1751 2637 1885 2674 oves

239 2707 480 2773 inventi,
504 2707 858 2778 quantocius
883 2724 995 2779 prae
1021 2707 1321 2761 nimietate
1340 2707 1630 2762 morbisui
1655 2725 1887 2762 concor-

241 2797 387 2852 dant
407 2812 608 2852 eorum
634 2795 1222 2851 voluntati.0ccidere
1238 2796 1395 2850 enim
1416 2794 1614 2850 volunt
1641 2796 1743 2864 illi,
1771 2813 1887 2852 mo-

240 2885 290 2939 ri
324 2884 441 2940 isti.
477 2886 756 2950 Quaerunt
786 2884 870 2938 illi
901 2884 1249 2950 interficere,
1285 2884 1381 2938 isti
1415 2901 1528 2939 non
1562 2885 1767 2940 vivere.
1802 2886 1884 2940 Illi

239 2973 502 3044 perdere,
527 2973 623 3028 isti
654 2972 862 3044 perire.
893 2972 985 3028 Sic
1011 2971 1092 3026 illi
1115 2977 1171 3027 et
1210 2973 1305 3027 isti
1343 2979 1393 3026 et
1426 2973 1497 3027 ad
1556 2990 1723 3028 suam
1757 2991 1883 3044 per-

239 3061 548 3128 ditionem,
573 3065 629 3116 et
649 3061 828 3116 totius
869 3060 1132 3116 Ecclesiae
1157 3061 1492 3132 contagium
1543 3061 1614 3116 de
1664 3061 1880 3132 Spiritu

238 3154 438 3206 sancto
468 3149 699 3205 carnale
729 3149 817 3205 vel
849 3149 1122 3204 szeculare
1172 3151 1499 3220 excogitant
1549 3154 1606 3205 et
1663 3150 1884 3205 iaciunt

1999 1931 2150 1977 xxvx,
2187 1915 2288 1985 l2).
2327 1937 2354 1963 »
2387 1916 2542 1979 Quos
2601 1913 3067 1984 quanttilaanue
3125 1912 3436 1967 scintillam
3467 1911 3640 1966 dilec-

1998 2002 2176 2056 tionis
2215 2003 2332 2069 Dei,
2367 2008 2423 2057 et
2455 2002 2701 2073 proximi
2739 2006 3026 2056 retentare
3075 2001 3322 2072 impium
3379 2005 3467 2055 est
3517 2016 3636 2055 cre-

1999 2090 2152 2145 dere.
2191 2089 2424 2145 l)i1cctio
2455 2091 2610 2145 enim
2639 2090 2737 2144 Dei
2766 2096 2820 2145 et
2852 2090 3096 2162 proximi
3133 2089 3365 2161 propria
3394 2093 3448 2143 et
3505 2104 3640 2159 spe-

1998 2178 2162 2234 cialis
2206 2179 2387 2234 virtus
2438 2185 2526 2234 est
2582 2179 2809 2250 piorum
2871 2185 3045 2250 atque
3092 2183 3448 2244 sanctorum,
3507 2193 3641 2230 cum

1999 2271 2214 2322 cazterze
2244 2268 2492 2322 virtutes
2523 2268 2692 2321 bonis
2724 2284 2789 2322 ac
2822 2267 2991 2322 malis
3028 2267 3254 2338 possint
3310 2283 3435 2321 esse
3487 2282 3640 2320 com-
3723 2266 3729 2271 ’

1999 2371 2230 2422 munes,
2264 2372 2390 2426 quae
2419 2354 2671 2426 qualiter
2701 2359 2893 2426 potest
2933 2354 3123 2409 inesse
3163 2353 3280 2408 illis
3311 2355 3412 2424 qui
3462 2353 3643 2409 Deum

1997 2443 2082 2498 sic
2113 2444 2449 2515 despiciunt
2483 2449 2545 2497 ut
2577 2459 2710 2497 eum
2744 2444 2916 2498 etiam
2952 2444 3197 2498 vendere
3228 2441 3487 2514 quolibet
3517 2459 3644 2513 pre-

1996 2531 2076 2587 tio
2109 2531 2392 2599 laborent,
2429 2537 2484 2586 et
2515 2531 2846 2603 proximum
2883 2531 2965 2586 sic
2998 2531 3246 2585 oderunt
3277 2534 3340 2584 ut
3371 2531 3443 2584 ab
3476 2547 3542 2585 eo
3564 2531 3645 2584 vi-

1996 2637 2158 2675 scera
2190 2637 2296 2676 sua
2325 2620 2562 2674 omnino
2613 2619 2909 2684 claudant,
2971 2637 3040 2674 ne
3093 2619 3278 2690 gratis
3327 2619 3634 2689 accipiant,

1997 2710 2151 2780 quod
2171 2709 2250 2763 illi
2277 2726 2378 2780 per
2399 2708 2561 2780 ipsos
2583 2709 2776 2763 divina
2799 2708 2982 2779 gratis
3005 2708 3127 2762 dari
3156 2706 3420 2774 voluit,et
3461 2707 3648 2778 jussit

1995 2798 2255 2869 largitas.
2285 2798 2390 2862 Qui
2409 2797 2462 2852 si
2483 2798 2655 2852 etiam
2681 2797 3076 2852 substantiam
3104 2795 3308 2851 mundi
3333 2795 3512 2865 hujus
3537 2794 3640 2848 ha-

1996 2886 2200 2942 bentes
2224 2887 2486 2957 proximo
2518 2887 2923 2941 necessitatem
2980 2885 3218 2956 patienti
3265 2885 3488 2940 viscera
3544 2900 3650 2938 sua

1995 2974 2354 3039 clauderent,
2383 2991 2485 3028 nec
2510 2974 2579 3028 de
2601 2991 2706 3029 suo
2731 2973 2951 3045 aliquid
2985 2973 3168 3045 gratis
3219 2973 3447 3036 darent,
3505 2989 3648 3043 quo-

1996 3064 2168 3118 modo
2191 3062 2444 3117 Charitas
2473 3062 2587 3128 Dei,
2613 3079 2742 3133 quae
2765 3062 2998 3116 nonnisi
3024 3061 3322 3133 geminata
3345 3067 3453 3125 est,
3475 3062 3533 3114 in
3564 3061 3649 3116 eis

1997 3151 2306 3206 maneret?
2330 3152 2375 3223 (l
2397 3153 2552 3206 Joun.
2577 3167 2663 3214 IIl,
2689 3151 2798 3220 17.)
2824 3151 2932 3204 Sed
2967 3150 3062 3205 isti
3095 3165 3210 3205 non
3234 3149 3426 3205 solum
3449 3149 3518 3204 de
3541 3165 3648 3204 suo

235 3237 706 3294 mercimonium.
741 3240 998 3303 Quorum
1031 3237 1356 3309 persecutio
1394 3239 1624 3310 gravior
1653 3239 1883 3294 Christo
1917 3220 1958 3287 (ἶ
2002 3239 2151 3294 nihil
2185 3220 2346 3305 dant,
2383 3239 2466 3294 sel
2502 3245 2565 3293 ut
2594 3240 2733 3294 dent
2765 3239 2916 3310 quod
2943 3256 2976 3294 a
3015 3239 3130 3294 Deo
3163 3239 3346 3310 gratis
3386 3239 3647 3293 dandum

234 3329 325 3381 est
345 3341 522 3396 quam
543 3325 942 3398 quorumlibet
965 3343 1349 3399 paganorum,
1375 3327 1476 3398 qui
1519 3326 1752 3398 publica
1785 3344 1888 3384 sa?-

232 3413 376 3470 vitia
391 3417 448 3468 et
465 3413 822 3470 transitoriis
852 3413 1043 3491 plagis
1065 3416 1500 3471 debacchantur
1523 3416 1576 3469 id
1611 3416 1890 3472 Christia-

230 3519 361 3558 nos.
397 3519 574 3573 quam
607 3503 855 3557 istorum
889 3504 1009 3574 qui,
1044 3503 1271 3558 occulta
1303 3503 1887 3574 conSpirationc,suh

242 3607 394 3664 agno
416 3590 575 3661 pacis
603 3591 993 3660 sempiternas
1025 3595 1242 3644 mortes
1271 3591 1548 3646 inferunt.

309 3678 472 3743 Quod
510 3678 558 3732 si
591 3677 858 3732 Christus
908 3677 1128 3748 perpeti
1178 3679 1378 3747 nequit
1425 3681 1885 3748 persecutionem

234 3765 633 3822 membrorum
653 3763 1068 3833 suorum,quin
1093 3763 1162 3816 de
1186 3762 1322 3817 calo
1343 3763 1515 3817 Saulo
1539 3781 1674 3819 eum
1717 3765 1880 3836 igno-

231 3854 475 3923 ranti,et
495 3852 685 3907 zelum
706 3852 799 3906 Dei
814 3849 1083 3922 quamvis
1107 3867 1221 3904 non
1237 3852 1556 3905 secundum
1577 3852 1885 3908 scientiam

227 3938 1182 4010 habenti,inclamaret,visumque
1208 3954 1578 3993 communem
1603 3957 1674 3994 au
1688 3943 1883 4007 ferret,

229 4032 372 4103 quid
395 4035 674 4102 putamus
719 4029 820 4083 ﬁet
843 4027 994 4095 istis,
1030 4027 1130 4098 qui
1189 4027 1540 4082 conﬁtentur
1598 4046 1660 4084 se
1710 4047 1886 4086 nosse

232 4124 521 4187 Deum,et
559 4123 814 4175 rectores
836 4115 1102 4172 Ecclesiae
1147 4115 1353 4188 ipsius,
1405 4121 1464 4172 et
1508 4121 1705 4173 tamen
1765 4119 1886 4174 zelo

231 4206 909 4273 diabolicoinﬁammati,
952 4205 1202 4260 scienter
1250 4221 1363 4260 non
1386 4205 1664 4260 desinunt
1712 4207 1883 4262 innu-

237 4315 432 4354 meras
455 4295 718 4353 ﬁdelium
742 4296 973 4351 animas
996 4294 1286 4366 persequi,
1317 4299 1372 4350 ct
1394 4294 1669 4366 jugulare
1689 4297 1716 4350 ?
1737 4297 1806 4351 Et
1835 4295 1882 4351 si

244 4387 458 4443 Saulus
480 4403 584 4458 pro
607 4384 888 4458 corporali
911 4384 1313 4456 persecutione
1333 4388 1497 4438 tanto
1519 4383 1739 4456 impetu
1765 4402 1884 4456 pcr-

245 4475 757 4545 cellitur,quanto,
781 4478 974 4546 putas,
1003 4472 1100 4527 isti
1122 4489 1226 4544 pro
1253 4471 1544 4543 spirituali
1565 4472 1885 4543 percellun-

2002 3331 2185 3400 gratis
2217 3332 2580 3398 acceperunt,
2614 3328 2900 3382 infelicem
2935 3327 3264 3399 proximum
3298 3327 3466 3382 bonis
3522 3344 3646 3382 om-

2000 3418 2174 3473 nibus
2205 3417 2466 3488 corporis
2501 3421 2556 3471 et
2586 3416 2796 3470 anima:
2830 3415 3106 3486 spoliant,
3141 3415 3224 3470 sic
3252 3421 3456 3470 contra
3510 3415 3646 3469 cha‘

2003 3506 2234 3560 ritatem
2267 3505 2564 3564 obdurati,
2601 3507 2662 3557 ut
2693 3519 2797 3558 nec
2830 3519 2894 3557 os
2924 3504 3040 3558 Deo
3073 3502 3337 3574 aperiant
3365 3502 3648 3557 charitate

2001 3593 2160 3648 illius
2189 3593 2274 3646 vel
2311 3593 2581 3662 proximi,
2615 3591 2726 3645 nisi
2761 3591 3086 3645 interventu
3122 3589 3350 3644 nummi
3383 3589 3502 3644 dati
3560 3590 3646 3645 vel

1998 3681 2172 3752 pacti.
2209 3681 2298 3743 Et,
2333 3696 2365 3734 0
2393 3684 2614 3750 quanto
2673 3679 2903 3749 pejores
2962 3677 3293 3733 latronibus
3351 3678 3647 3750 pessimis,

1997 3769 2098 3840 qui
2128 3767 2302 3823 simul
2335 3767 2594 3821 animam
2643 3782 2974 3837 corpusque
3034 3765 3281 3836 proximi
3339 3765 3644 3835 dilaniant,

1997 3873 2128 3912 cum
2165 3855 2260 3910 alii
2291 3855 2548 3909 latrones
2580 3855 2663 3909 sic
2695 3871 2906 3924 corpus
2939 3855 3204 3909 occidant
3262 3860 3327 3910 ut
3384 3855 3645 3912 animam

2001 3945 2262 4000 occidere
2295 3947 2606 4015 nequeant.
2642 3943 2879 3998 Constat
2909 3959 3046 4014 ergo
3076 3960 3174 3998 eos
3204 3944 3283 3998 nil
3343 3943 3646 4000 charitatis

2000 4033 2122 4094 Dei,
2156 4048 2331 4102 quem
2365 4048 2477 4086 non
2510 4031 2707 4086 vident
2739 4029 3080 4102 haberc,qui
3110 4036 3231 4086 tam
3265 4032 3520 4103 pessime
3543 4051 3644 4088 no-

2003 4127 2141 4178 runt
2197 4120 2746 4191 proximum,quem
2779 4119 2979 4176 vident
3037 4119 3300 4192 diligere,
3360 4138 3536 4192 quem
3597 4122 3646 4178 si

1994 4209 2363 4281 aliquatenus
2419 4225 2522 4280 pro
2552 4213 2686 4275 Deo,
2724 4213 2781 4263 et
2839 4208 2897 4262 in
2961 4212 3072 4264 Deo
3133 4208 3460 4282 diligerent,
3513 4212 3641 4283 jam

1994 4297 2246 4353 haeretici
2274 4315 2385 4353 non
2409 4302 2626 4361 essent,
2661 4297 2797 4368 quia
2819 4299 3148 4353 necessario
3188 4303 3420 4354 tantum
3474 4305 3642 4357 recta:

1993 4388 2126 4442 ﬁdei
2143 4388 2247 4442 etsi
2266 4385 2519 4441 minima:
2539 4392 2821 4458 quantum
2840 4403 2984 4442 vera:
3001 4386 3329 4443 dilectionis
3343 4388 3642 4445 haberent.

2064 4476 2169 4532 Sed
2205 4474 2480 4547 quoniam
2517 4480 2781 4529 neutram
2817 4475 3052 4541 habent,
3098 4476 3352 4532 haeretici
3376 4482 3433 4533 et
3479 4479 3641 4534 Anti-

241 4563 385 4620 tur‘?
409 4563 568 4617 Unde
584 4562 828 4634 illejure
851 4561 1050 4618 amisit
1067 4562 1138 4616 ad
1163 4565 1398 4632 tempus
1431 4561 1632 4616 oculos
1683 4579 1884 4634 corpo-
1922 4581 1965 4644 ι)
1996 4565 2197 4620 christi
2221 4568 2362 4619 sunt
2392 4563 2488 4634 qui
2525 4568 2740 4635 negant
2761 4563 2961 4618 Jesum
2990 4565 3046 4618 in
3077 4581 3248 4620 carne
3267 4566 3512 4621 venisse.
3531 4567 3647 4622 Cur

241 4651 325 4707 ris
351 4669 363 4719 ;
386 4650 691 4706 istiautem
715 4651 1001 4716 cordis,ut
1023 4649 1295 4720 deinceps
1323 4649 1433 4722 ipsi
1455 4650 1583 4704 caeci
1609 4651 1784 4706 duces
1798 4669 1886 4706 eo-

245 4755 380 4797 rum
398 4739 586 4795 eﬁ‘ccti
609 4757 742 4795 cum
765 4739 1118 4811 sequacibus
1139 4739 1348 4793 cadant
1370 4739 1428 4792 in
1461 4739 1681 4794 foveam
1731 4745 1887 4795 θείειν-

240 4847 328 4886 ηω
353 4829 829 4902 perditionis.Qui
852 4829 899 4884 si
922 4845 984 4884 se
997 4844 1179 4883 caecos
1192 4833 1623 4900 cognoscerent,
1636 4828 1787 4883 sicut
1804 4830 1884 4884 ait

239 4918 529 4976 Dominus
551 4918 846 4974 similibus
868 4934 1090 4984 eorum,
1113 4921 1414 4988 peccatum
1441 4933 1553 4972 non
1581 4917 1878 4987 haberent,

239 5007 381 5079 quia
402 5007 626 5062 fructus
651 5007 858 5078 dignos
882 5005 1232 5078 pmnitentias
1258 5005 1445 5060 facere
1467 5005 1700 5061 solliciti
1726 5024 1880 5078 qure-

238 5099 451 5151 rerent.
476 5095 640 5150 Nunc
663 5098 857 5150 autem
877 5093 1014 5166 quia
1049 5094 1272 5161 dicunt,
1325 5093 1631 5160 Videmus,
1682 5111 1882 5166 pecca-

235 5188 365 5241 tum
383 5200 585 5239 eorum
609 5187 808 5238 manet
831 5202 843 5238 :
869 5182 1089 5254 quibus
1109 5183 1178 5236 de
1202 5181 1335 5237 cazlo
1377 5179 1664 5238 Dominus
1715 5184 1884 5239 toties

239 5272 475 5342 clamat,
497 5272 724 5345 quoties
744 5289 847 5344 per
871 5287 1076 5327 servos
1098 5286 1236 5326 suos
1256 5270 1314 5324 in
1361 5271 1576 5342 quibus
1624 5273 1792 5343 quasi
1825 5274 1883 5328 in

239 5362 398 5419 cmlis
427 5361 672 5428 habitat,
692 5360 910 5427 verbis,
936 5362 1271 5416 sanctarum
1294 5358 1520 5430 Scriptu
1533 5377 1728 5415 rarum
1754 5378 1893 5432 pra:-

233 5451 634 5524 sumptionum
655 5449 890 5505 illorum
917 5449 1217 5519 increpat;
1253 5445 1354 5518 qui
1406 5448 1681 5518 quoniam
1733 5467 1886 5503 nunc

232 5558 348 5597 non
376 5541 642 5610 auditur,
670 5539 1047 5611 postmodum
1073 5536 1227 5591 sicut
1251 5535 1416 5590 fortis
1439 5541 1495 5590 et
1514 5540 1720 5606 potens
1741 5554 1773 5591 a
1795 5553 1884 5593 se-

233 5627 482 5686 cretario
505 5645 608 5684 suo
627 5628 699 5684 ad
721 5626 1020 5700 publicum
1043 5622 1368 5697 egredietur
1389 5627 1444 5677 et
1463 5622 1616 5678 sicut
1633 5623 1719 5676 vir
1741 5641 1885 5694 pra;-

1995 4654 2149 4710 enim
2173 4654 2344 4708 Jesus
2367 4652 2524 4708 venit
2548 4653 2603 4706 in
2629 4668 2823 4718 carne,
2848 4651 2959 4706 nisi
2979 4657 3062 4719 ut,
3088 4670 3154 4708 ex
3179 4654 3423 4709 diversis
3457 4654 3642 4726 quali-

1995 4743 2214 4798 tatibus
2236 4741 2542 4796 hominum
2566 4745 2740 4812 atque
2762 4758 2828 4796 ex
2849 4741 3126 4797 omnibus
3151 4742 3488 4797 nationibus
3509 4759 3645 4814 gen-

1995 4831 2292 4901 tium,per
2313 4829 2554 4883 nimiam
2580 4828 2920 4886 charitatem
2967 4845 3084 4900 qua
3133 4830 3328 4900 posuit
3375 4847 3478 4900 pro
3527 4829 3643 4884 illis

1994 4917 2251 4973 animum
2281 4931 2470 4979 suam,
2499 4914 2800 4970 exhiberet
2825 4914 2934 4970 sibi
2958 4915 3273 4985 gloriosam
3321 4913 3638 4970 Ecclesium

1995 5025 2110 5062 non
2131 5006 2441 5060 habentem
2466 5002 2754 5058 maculam
2779 5007 2879 5058 aut
2901 5002 3220 5074 rugam,vcl
3247 5001 3471 5074 aliquid
3493 5004 3643 5073 ejus-

1995 5097 2150 5151 modi
2176 5094 2402 5167 (liphes,
2427 5110 2500 5158 1v,
2526 5093 2636 5163 27),
2666 5090 2724 5145 in
2754 5107 2868 5161 qua
2891 5107 3008 5144 una
3025 5090 3300 5146 columba
3323 5108 3451 5160 sua,
3494 5091 3640 5146 ami-

1995 5201 2082 5249 ca,
2106 5199 2302 5239 sorore
2322 5186 2376 5238 et
2400 5197 2621 5253 sponsa
2647 5177 3030 5234 immaculata
3050 5180 3407 5250 quiescente,
3434 5179 3641 5234 imma-

1996 5272 2222 5328 culatus
2246 5272 2369 5342 ipse
2389 5271 2653 5341 Sponsus
2678 5267 3092 5338 requiesceret,
3112 5271 3290 5339 atque
3315 5267 3370 5322 in
3395 5284 3641 5340 regnan-

1997 5367 2052 5416 te
2076 5364 2360 5431 regnaret,
2383 5359 2581 5428 sicque
2603 5355 2878 5412 omnibus
2902 5355 3025 5410 suis
3051 5356 3106 5410 in
3131 5373 3192 5411 sc
3217 5355 3345 5428 ipso
3369 5373 3484 5411 uno
3507 5373 3642 5411 con-

1998 5449 2330 5515 summatis,
2365 5446 2657 5517 unusipsc
2677 5450 2821 5498 Deus
2849 5445 3125 5500 omniain
3141 5446 3586 5500 omnibusesset
3616 5444 3644 5498 ‘I

1998 5537 2368 5592 Cuimirahili
2397 5541 2453 5590 et
2477 5532 2848 5590 dcsiderabili
2874 5533 3206 5607 unionipra:
3223 5534 3446 5592 ceteris
3495 5533 3640 5588 invi»

2001 5625 2591 5692 dentetinsidiantur,
2609 5622 2705 5694 qui
2723 5621 3006 5693 Spiritum
3031 5629 3302 5682 sanctum
3328 5641 3443 5696 quo
3479 5625 3644 5679 tanta
