  <div class='ocr_page' id='page_1' title='image "/cluster/home/n/w/nwhite01/storage/ocr_20150623/143/uva.x000829790/581.png"; bbox 0 0 4004 6210; ppageno 0'>
   <div class='ocr_carea' id='block_1_1' title="bbox 311 375 1892 450">
    <p class='ocr_par' dir='ltr' id='par_1_1' title="bbox 311 378 1878 447">
     <span class='ocr_line' id='line_1_1' title="bbox 311 378 1878 447; baseline 0.003 -5"><span class='ocrx_word' id='word_1_1' title='bbox 311 378 463 443; x_wconf 78' lang='lat' dir='ltr'><strong>ﬂl5</strong></span> <span class='ocrx_word' id='word_1_2' title='bbox 1356 381 1770 447; x_wconf 78' lang='lat' dir='ltr'><strong>HUMBERTI</strong></span> <span class='ocrx_word' id='word_1_3' title='bbox 1813 383 1878 447; x_wconf 88' lang='lat' dir='ltr'><strong>S.</strong></span> 
     </span>
    </p>
   </div>
   <div class='ocr_carea' id='block_1_2' title="bbox 2162 375 3743 450">
    <p class='ocr_par' dir='ltr' id='par_1_2' title="bbox 2166 375 3743 450">
     <span class='ocr_line' id='line_1_2' title="bbox 2166 375 3743 450; baseline -0.009 -1"><span class='ocrx_word' id='word_1_4' title='bbox 2166 385 2660 450; x_wconf 76' lang='lat' dir='ltr'><strong>CARDINALIS.</strong></span> <span class='ocrx_word' id='word_1_5' title='bbox 3554 375 3743 447; x_wconf 63' lang='lat' dir='ltr'><strong>{116T</strong></span> 
     </span>
    </p>
   </div>
   <div class='ocr_carea' id='block_1_3' title="bbox 307 512 3712 594">
    <p class='ocr_par' dir='ltr' id='par_1_3' title="bbox 307 512 3712 594">
     <span class='ocr_line' id='line_1_3' title="bbox 307 512 3712 594; baseline 0.001 -24"><span class='ocrx_word' id='word_1_6' title='bbox 307 512 614 570; x_wconf 79' lang='lat' dir='ltr'><strong>diversitas</strong></span> <span class='ocrx_word' id='word_1_7' title='bbox 638 514 1034 571; x_wconf 72' lang='lat' dir='ltr'><strong>membrorum</strong></span> <span class='ocrx_word' id='word_1_8' title='bbox 1055 514 1164 573; x_wconf 85' lang='lat' dir='ltr'><strong>sub</strong></span> <span class='ocrx_word' id='word_1_9' title='bbox 1187 533 1302 574; x_wconf 91' lang='lat' dir='ltr'><strong>uno</strong></span> <span class='ocrx_word' id='word_1_10' title='bbox 1325 517 1536 592; x_wconf 80' lang='lat' dir='ltr'><strong>capite,</strong></span> <span class='ocrx_word' id='word_1_11' title='bbox 1563 517 1792 576; x_wconf 84' lang='lat' dir='ltr'><strong>Christo</strong></span> <span class='ocrx_word' id='word_1_12' title='bbox 1815 516 1951 574; x_wconf 85' lang='lat' dir='ltr'><strong>irre—</strong></span> <span class='ocrx_word' id='word_1_13' title='bbox 1980 521 2033 587; x_wconf 84' lang='grc' dir='ltr'><strong>Α</strong></span> <span class='ocrx_word' id='word_1_14' title='bbox 2061 522 2117 576; x_wconf 88' lang='lat' dir='ltr'><strong>te</strong></span> <span class='ocrx_word' id='word_1_15' title='bbox 2150 519 2622 594; x_wconf 73' lang='lat' dir='ltr'><strong>comparaveris),</strong></span> <span class='ocrx_word' id='word_1_16' title='bbox 2657 523 2714 577; x_wconf 92' lang='lat' dir='ltr'><strong>et</strong></span> <span class='ocrx_word' id='word_1_17' title='bbox 2743 526 2880 577; x_wconf 86' lang='lat' dir='ltr'><strong>tunc</strong></span> <span class='ocrx_word' id='word_1_18' title='bbox 2925 518 3151 577; x_wconf 81' lang='lat' dir='ltr'><strong>videbis</strong></span> <span class='ocrx_word' id='word_1_19' title='bbox 3201 517 3377 577; x_wconf 82' lang='lat' dir='ltr'><strong>talem</strong></span> <span class='ocrx_word' id='word_1_20' title='bbox 3438 521 3494 576; x_wconf 88' lang='lat' dir='ltr'><strong>te</strong></span> <span class='ocrx_word' id='word_1_21' title='bbox 3554 534 3712 588; x_wconf 89' lang='lat' dir='ltr'><strong>esse,</strong></span> 
     </span>
    </p>
   </div>
   <div class='ocr_carea' id='block_1_4' title="bbox 309 603 3714 682">
    <p class='ocr_par' dir='ltr' id='par_1_4' title="bbox 309 603 3714 682">
     <span class='ocr_line' id='line_1_4' title="bbox 309 603 3714 682; baseline 0.002 -25"><span class='ocrx_word' id='word_1_22' title='bbox 309 603 770 675; x_wconf 89' lang='lat' dir='ltr'><strong>prehensibili,et</strong></span> <span class='ocrx_word' id='word_1_23' title='bbox 793 603 1367 677; x_wconf 89' lang='lat' dir='ltr'><strong>incomprehensibili</strong></span> <span class='ocrx_word' id='word_1_24' title='bbox 1391 609 1949 680; x_wconf 89' lang='lat' dir='ltr'><strong>compositionecoa-</strong></span> <span class='ocrx_word' id='word_1_25' title='bbox 2059 625 2190 681; x_wconf 74' lang='lat' dir='ltr'><strong>quae</strong></span> <span class='ocrx_word' id='word_1_26' title='bbox 2212 609 2436 682; x_wconf 88' lang='lat' dir='ltr'><strong>turpari</strong></span> <span class='ocrx_word' id='word_1_27' title='bbox 2470 626 2583 665; x_wconf 92' lang='lat' dir='ltr'><strong>non</strong></span> <span class='ocrx_word' id='word_1_28' title='bbox 2617 609 2851 676; x_wconf 82' lang='lat' dir='ltr'><strong>debeas,</strong></span> <span class='ocrx_word' id='word_1_29' title='bbox 2883 625 3019 665; x_wconf 90' lang='lat' dir='ltr'><strong>cum</strong></span> <span class='ocrx_word' id='word_1_30' title='bbox 3052 614 3221 664; x_wconf 89' lang='lat' dir='ltr'><strong>tuam</strong></span> <span class='ocrx_word' id='word_1_31' title='bbox 3283 607 3538 680; x_wconf 84' lang='lat' dir='ltr'><strong>speciem</strong></span> <span class='ocrx_word' id='word_1_32' title='bbox 3572 624 3714 680; x_wconf 87' lang='lat' dir='ltr'><strong>cog-</strong></span> 
     </span>
    </p>
   </div>
   <div class='ocr_carea' id='block_1_5' title="bbox 309 693 3705 772">
    <p class='ocr_par' dir='ltr' id='par_1_5' title="bbox 309 693 3705 772">
     <span class='ocr_line' id='line_1_5' title="bbox 309 693 3705 772; baseline 0.001 -25"><span class='ocrx_word' id='word_1_33' title='bbox 309 693 1947 764; x_wconf 85' lang='lat' dir='ltr'><strong>dunatur,compaginatur,etunitur,venderenonveren-</strong></span> <span class='ocrx_word' id='word_1_34' title='bbox 2059 698 2307 754; x_wconf 86' lang='lat' dir='ltr'><strong>noveris.</strong></span> <span class='ocrx_word' id='word_1_35' title='bbox 2333 698 2478 764; x_wconf 89' lang='lat' dir='ltr'><strong>Quid</strong></span> <span class='ocrx_word' id='word_1_36' title='bbox 2508 703 2595 754; x_wconf 92' lang='lat' dir='ltr'><strong>est</strong></span> <span class='ocrx_word' id='word_1_37' title='bbox 2627 699 2835 772; x_wconf 85' lang='lat' dir='ltr'><strong>igitur:</strong></span> <span class='ocrx_word' id='word_1_38' title='bbox 2871 721 2898 748; x_wconf 88' lang='lat'><strong>«</strong></span> <span class='ocrx_word' id='word_1_39' title='bbox 2933 697 3226 770; x_wconf 81' lang='lat' dir='ltr'><strong>Equitatui</strong></span> <span class='ocrx_word' id='word_1_40' title='bbox 3263 714 3392 752; x_wconf 91' lang='lat' dir='ltr'><strong>meo</strong></span> <span class='ocrx_word' id='word_1_41' title='bbox 3424 697 3482 752; x_wconf 90' lang='lat' dir='ltr'><strong>in</strong></span> <span class='ocrx_word' id='word_1_42' title='bbox 3516 697 3705 752; x_wconf 81' lang='lat' dir='ltr'><strong>curri-</strong></span> 
     </span>
    </p>
   </div>
   <div class='ocr_carea' id='block_1_6' title="bbox 307 783 3717 858">
    <p class='ocr_par' dir='ltr' id='par_1_6' title="bbox 307 783 3717 858">
     <span class='ocr_line' id='line_1_6' title="bbox 307 783 3717 858; baseline 0.001 -21"><span class='ocrx_word' id='word_1_43' title='bbox 307 783 556 854; x_wconf 87' lang='lat' dir='ltr'><strong>tur.lpse</strong></span> <span class='ocrx_word' id='word_1_44' title='bbox 579 783 1046 854; x_wconf 87' lang='lat' dir='ltr'><strong>enim,tanquam</strong></span> <span class='ocrx_word' id='word_1_45' title='bbox 1069 786 1558 842; x_wconf 90' lang='lat' dir='ltr'><strong>violentissimum</strong></span> <span class='ocrx_word' id='word_1_46' title='bbox 1581 791 1637 841; x_wconf 88' lang='lat' dir='ltr'><strong>et</strong></span> <span class='ocrx_word' id='word_1_47' title='bbox 1660 786 1950 841; x_wconf 78' lang='lat' dir='ltr'><strong>fcrventis-</strong></span> <span class='ocrx_word' id='word_1_48' title='bbox 2059 785 2168 841; x_wconf 88' lang='lat' dir='ltr'><strong>bus</strong></span> <span class='ocrx_word' id='word_1_49' title='bbox 2188 787 2506 842; x_wconf 91' lang='lat' dir='ltr'><strong>Pharaonis</strong></span> <span class='ocrx_word' id='word_1_50' title='bbox 2537 787 2857 843; x_wconf 88' lang='lat' dir='ltr'><strong>assimilavi</strong></span> <span class='ocrx_word' id='word_1_51' title='bbox 2888 787 2981 842; x_wconf 84' lang='lat' dir='ltr'><strong>te?</strong></span> <span class='ocrx_word' id='word_1_52' title='bbox 3009 812 3029 838; x_wconf 73' lang='grc' dir='ltr'><strong><em>ιο</em></strong></span> <span class='ocrx_word' id='word_1_53' title='bbox 3067 787 3197 842; x_wconf 90' lang='lat' dir='ltr'><strong>Scio</strong></span> <span class='ocrx_word' id='word_1_54' title='bbox 3238 786 3493 854; x_wconf 83' lang='lat' dir='ltr'><strong>equitem</strong></span> <span class='ocrx_word' id='word_1_55' title='bbox 3513 786 3717 858; x_wconf 84' lang='lat' dir='ltr'><strong>Spon-</strong></span> 
     </span>
    </p>
   </div>
   <div class='ocr_carea' id='block_1_7' title="bbox 307 871 3704 947">
    <p class='ocr_par' dir='ltr' id='par_1_7' title="bbox 307 871 3704 947">
     <span class='ocr_line' id='line_1_7' title="bbox 307 871 3704 947; baseline 0.001 -21"><span class='ocrx_word' id='word_1_56' title='bbox 307 872 523 926; x_wconf 86' lang='lat' dir='ltr'><strong>simum</strong></span> <span class='ocrx_word' id='word_1_57' title='bbox 553 871 943 936; x_wconf 88' lang='lat' dir='ltr'><strong>bitumen,aut</strong></span> <span class='ocrx_word' id='word_1_58' title='bbox 965 872 1163 943; x_wconf 86' lang='lat' dir='ltr'><strong>gluten</strong></span> <span class='ocrx_word' id='word_1_59' title='bbox 1185 874 1506 940; x_wconf 89' lang='lat' dir='ltr'><strong>charitatis,</strong></span> <span class='ocrx_word' id='word_1_60' title='bbox 1533 892 1708 945; x_wconf 88' lang='lat' dir='ltr'><strong>quam</strong></span> <span class='ocrx_word' id='word_1_61' title='bbox 1733 875 1790 928; x_wconf 90' lang='lat' dir='ltr'><strong>in</strong></span> <span class='ocrx_word' id='word_1_62' title='bbox 1815 892 1947 929; x_wconf 87' lang='lat' dir='ltr'><strong>san-</strong></span> <span class='ocrx_word' id='word_1_63' title='bbox 2059 891 2212 942; x_wconf 90' lang='lat' dir='ltr'><strong>sum,</strong></span> <span class='ocrx_word' id='word_1_64' title='bbox 2248 875 2528 947; x_wconf 83' lang='lat' dir='ltr'><strong>propheta</strong></span> <span class='ocrx_word' id='word_1_65' title='bbox 2557 876 2783 930; x_wconf 85' lang='lat' dir='ltr'><strong>dicente</strong></span> <span class='ocrx_word' id='word_1_66' title='bbox 2816 893 2828 930; x_wconf 88' lang='lat'><strong>:</strong></span> <span class='ocrx_word' id='word_1_67' title='bbox 2863 898 2890 925; x_wconf 87' lang='lat'>«</span> <span class='ocrx_word' id='word_1_68' title='bbox 2929 875 2994 929; x_wconf 91' lang='lat' dir='ltr'><strong>Et</strong></span> <span class='ocrx_word' id='word_1_69' title='bbox 3025 874 3306 946; x_wconf 89' lang='lat' dir='ltr'><strong>equitatio</strong></span> <span class='ocrx_word' id='word_1_70' title='bbox 3330 875 3456 945; x_wconf 88' lang='lat' dir='ltr'><strong>ejus</strong></span> <span class='ocrx_word' id='word_1_71' title='bbox 3480 874 3704 930; x_wconf 84' lang='lat' dir='ltr'><strong>salus.»</strong></span> 
     </span>
    </p>
   </div>
   <div class='ocr_carea' id='block_1_8' title="bbox 307 961 3718 1035">
    <p class='ocr_par' dir='ltr' id='par_1_8' title="bbox 307 961 3718 1035">
     <span class='ocr_line' id='line_1_8' title="bbox 307 961 3718 1035; baseline 0.001 -20"><span class='ocrx_word' id='word_1_72' title='bbox 307 965 532 1015; x_wconf 84' lang='lat' dir='ltr'><strong>ctorum</strong></span> <span class='ocrx_word' id='word_1_73' title='bbox 559 961 833 1015; x_wconf 79' lang='lat' dir='ltr'><strong>cordibus</strong></span> <span class='ocrx_word' id='word_1_74' title='bbox 855 961 1150 1028; x_wconf 70' lang='lat' dir='ltr'><strong>diffundit,</strong></span> <span class='ocrx_word' id='word_1_75' title='bbox 1187 979 1395 1033; x_wconf 87' lang='lat' dir='ltr'><strong>corpus</strong></span> <span class='ocrx_word' id='word_1_76' title='bbox 1417 963 1626 1016; x_wconf 87' lang='lat' dir='ltr'><strong>Christi</strong></span> <span class='ocrx_word' id='word_1_77' title='bbox 1645 980 1745 1034; x_wconf 88' lang='lat' dir='ltr'><strong>per</strong></span> <span class='ocrx_word' id='word_1_78' title='bbox 1768 979 1948 1017; x_wconf 83' lang='lat' dir='ltr'><strong>nexus</strong></span> <span class='ocrx_word' id='word_1_79' title='bbox 2056 963 2397 1018; x_wconf 85' lang='lat' dir='ltr'><strong>Assimilata</strong></span> <span class='ocrx_word' id='word_1_80' title='bbox 2426 967 2513 1018; x_wconf 88' lang='lat' dir='ltr'><strong>est</strong></span> <span class='ocrx_word' id='word_1_81' title='bbox 2543 979 2677 1035; x_wconf 89' lang='lat' dir='ltr'><strong>ergo</strong></span> <span class='ocrx_word' id='word_1_82' title='bbox 2709 963 2993 1034; x_wconf 86' lang='lat' dir='ltr'><strong>equitatui</strong></span> <span class='ocrx_word' id='word_1_83' title='bbox 3022 980 3148 1018; x_wconf 91' lang='lat' dir='ltr'><strong>meo</strong></span> <span class='ocrx_word' id='word_1_84' title='bbox 3181 965 3236 1016; x_wconf 91' lang='lat' dir='ltr'><strong>in</strong></span> <span class='ocrx_word' id='word_1_85' title='bbox 3272 963 3542 1018; x_wconf 90' lang='lat' dir='ltr'><strong>curribus</strong></span> <span class='ocrx_word' id='word_1_86' title='bbox 3564 962 3718 1018; x_wconf 88' lang='lat' dir='ltr'><strong>Pha-</strong></span> 
     </span>
    </p>
   </div>
   <div class='ocr_carea' id='block_1_9' title="bbox 305 1049 3710 1123">
    <p class='ocr_par' dir='ltr' id='par_1_9' title="bbox 305 1049 3710 1123">
     <span class='ocr_line' id='line_1_9' title="bbox 305 1049 3710 1123; baseline 0.001 -19"><span class='ocrx_word' id='word_1_87' title='bbox 305 1050 687 1120; x_wconf 88' lang='lat' dir='ltr'><strong>etjuncturas</strong></span> <span class='ocrx_word' id='word_1_88' title='bbox 711 1056 879 1120; x_wconf 88' lang='lat' dir='ltr'><strong>aptas</strong></span> <span class='ocrx_word' id='word_1_89' title='bbox 895 1050 1692 1120; x_wconf 74' lang='lat' dir='ltr'><strong>Formatum,etprz—nparatum</strong></span> <span class='ocrx_word' id='word_1_90' title='bbox 1717 1049 1949 1121; x_wconf 87' lang='lat' dir='ltr'><strong>conglu-</strong></span> <span class='ocrx_word' id='word_1_91' title='bbox 2058 1050 2272 1105; x_wconf 88' lang='lat' dir='ltr'><strong>raonis.</strong></span> <span class='ocrx_word' id='word_1_92' title='bbox 2307 1051 2601 1114; x_wconf 88' lang='lat' dir='ltr'><strong>Quantum</strong></span> <span class='ocrx_word' id='word_1_93' title='bbox 2634 1051 2828 1105; x_wconf 73' lang='lat' dir='ltr'><strong>differt</strong></span> <span class='ocrx_word' id='word_1_94' title='bbox 2854 1050 3151 1121; x_wconf 85' lang='lat' dir='ltr'><strong>equitatus</strong></span> <span class='ocrx_word' id='word_1_95' title='bbox 3182 1067 3369 1118; x_wconf 91' lang='lat' dir='ltr'><strong>meus,</strong></span> <span class='ocrx_word' id='word_1_96' title='bbox 3407 1051 3506 1123; x_wconf 91' lang='lat' dir='ltr'><strong>qui</strong></span> <span class='ocrx_word' id='word_1_97' title='bbox 3567 1068 3710 1106; x_wconf 86' lang='lat' dir='ltr'><strong>sum</strong></span> 
     </span>
    </p>
   </div>
   <div class='ocr_carea' id='block_1_10' title="bbox 304 1138 3713 1209">
    <p class='ocr_par' dir='ltr' id='par_1_10' title="bbox 304 1138 3713 1209">
     <span class='ocr_line' id='line_1_10' title="bbox 304 1138 3713 1209; baseline 0 -18"><span class='ocrx_word' id='word_1_98' title='bbox 304 1139 876 1208; x_wconf 86' lang='lat' dir='ltr'><strong>tinat,etconjungit,</strong></span> <span class='ocrx_word' id='word_1_99' title='bbox 913 1155 1283 1208; x_wconf 85' lang='lat' dir='ltr'><strong>crcscereque</strong></span> <span class='ocrx_word' id='word_1_100' title='bbox 1332 1138 1542 1191; x_wconf 81' lang='lat' dir='ltr'><strong>facitin</strong></span> <span class='ocrx_word' id='word_1_101' title='bbox 1563 1141 1946 1209; x_wconf 89' lang='lat' dir='ltr'><strong>augmentum</strong></span> <span class='ocrx_word' id='word_1_102' title='bbox 2058 1138 2361 1204; x_wconf 91' lang='lat' dir='ltr'><strong>Dominus,</strong></span> <span class='ocrx_word' id='word_1_103' title='bbox 2396 1144 2451 1192; x_wconf 93' lang='lat' dir='ltr'><strong>et</strong></span> <span class='ocrx_word' id='word_1_104' title='bbox 2481 1138 2753 1209; x_wconf 85' lang='lat' dir='ltr'><strong>demergo</strong></span> <span class='ocrx_word' id='word_1_105' title='bbox 2789 1139 2845 1192; x_wconf 91' lang='lat' dir='ltr'><strong>in</strong></span> <span class='ocrx_word' id='word_1_106' title='bbox 2888 1139 3164 1194; x_wconf 85' lang='lat' dir='ltr'><strong>ﬂuctibus</strong></span> <span class='ocrx_word' id='word_1_107' title='bbox 3221 1139 3609 1204; x_wconf 88' lang='lat' dir='ltr'><strong>Pharaonem,</strong></span> <span class='ocrx_word' id='word_1_108' title='bbox 3648 1141 3713 1193; x_wconf 84' lang='lat' dir='ltr'><strong>et</strong></span> 
     </span>
    </p>
   </div>
   <div class='ocr_carea' id='block_1_11' title="bbox 305 1224 3716 1298">
    <p class='ocr_par' dir='ltr' id='par_1_11' title="bbox 305 1224 3716 1298">
     <span class='ocr_line' id='line_1_11' title="bbox 305 1224 3716 1298; baseline 0 -17"><span class='ocrx_word' id='word_1_109' title='bbox 305 1226 1270 1295; x_wconf 72' lang='lat' dir='ltr'><strong>Dei,ubiexdiversazprof&#39;essionis</strong></span> <span class='ocrx_word' id='word_1_110' title='bbox 1295 1231 1350 1279; x_wconf 90' lang='lat' dir='ltr'><strong>et</strong></span> <span class='ocrx_word' id='word_1_111' title='bbox 1369 1225 1828 1279; x_wconf 83' lang='lat' dir='ltr'><strong>conversationis</strong></span> <span class='ocrx_word' id='word_1_112' title='bbox 1851 1224 1946 1279; x_wconf 87' lang='lat' dir='ltr'><strong>ho-</strong></span> <span class='ocrx_word' id='word_1_113' title='bbox 2055 1225 2368 1280; x_wconf 90' lang='lat' dir='ltr'><strong>christatos</strong></span> <span class='ocrx_word' id='word_1_114' title='bbox 2395 1227 2544 1296; x_wconf 91' lang='lat' dir='ltr'><strong>ejus,</strong></span> <span class='ocrx_word' id='word_1_115' title='bbox 2603 1230 2658 1278; x_wconf 93' lang='lat' dir='ltr'><strong>et</strong></span> <span class='ocrx_word' id='word_1_116' title='bbox 2707 1241 3068 1296; x_wconf 85' lang='lat' dir='ltr'><strong>ascensores,</strong></span> <span class='ocrx_word' id='word_1_117' title='bbox 3139 1230 3194 1281; x_wconf 90' lang='lat' dir='ltr'><strong>et</strong></span> <span class='ocrx_word' id='word_1_118' title='bbox 3250 1243 3432 1298; x_wconf 91' lang='lat' dir='ltr'><strong>equos</strong></span> <span class='ocrx_word' id='word_1_119' title='bbox 3485 1229 3614 1298; x_wconf 88' lang='lat' dir='ltr'><strong>ejus</strong></span> <span class='ocrx_word' id='word_1_120' title='bbox 3652 1230 3716 1282; x_wconf 86' lang='lat' dir='ltr'><strong>et</strong></span> 
     </span>
    </p>
   </div>
   <div class='ocr_carea' id='block_1_12' title="bbox 307 1312 3707 1385">
    <p class='ocr_par' dir='ltr' id='par_1_12' title="bbox 307 1312 3707 1385">
     <span class='ocr_line' id='line_1_12' title="bbox 307 1312 3707 1385; baseline 0 -17"><span class='ocrx_word' id='word_1_121' title='bbox 307 1315 565 1370; x_wconf 85' lang='lat' dir='ltr'><strong>minibus</strong></span> <span class='ocrx_word' id='word_1_122' title='bbox 589 1331 770 1368; x_wconf 89' lang='lat' dir='ltr'><strong>unum</strong></span> <span class='ocrx_word' id='word_1_123' title='bbox 795 1330 1024 1384; x_wconf 86' lang='lat' dir='ltr'><strong>corpus,</strong></span> <span class='ocrx_word' id='word_1_124' title='bbox 1049 1318 1105 1366; x_wconf 92' lang='lat' dir='ltr'><strong>et</strong></span> <span class='ocrx_word' id='word_1_125' title='bbox 1150 1329 1331 1366; x_wconf 91' lang='lat' dir='ltr'><strong>unum</strong></span> <span class='ocrx_word' id='word_1_126' title='bbox 1383 1313 1677 1382; x_wconf 86' lang='lat' dir='ltr'><strong>spiritum,</strong></span> <span class='ocrx_word' id='word_1_127' title='bbox 1732 1328 1943 1365; x_wconf 72' lang='lat' dir='ltr'><strong>secun-</strong></span> <span class='ocrx_word' id='word_1_128' title='bbox 2055 1329 2262 1368; x_wconf 90' lang='lat' dir='ltr'><strong>currus</strong></span> <span class='ocrx_word' id='word_1_129' title='bbox 2293 1314 2441 1383; x_wconf 85' lang='lat' dir='ltr'><strong>ejus,</strong></span> <span class='ocrx_word' id='word_1_130' title='bbox 2495 1316 2801 1382; x_wconf 91' lang='lat' dir='ltr'><strong>quantum,</strong></span> <span class='ocrx_word' id='word_1_131' title='bbox 2836 1312 3101 1383; x_wconf 89' lang='lat' dir='ltr'><strong>inquam,</strong></span> <span class='ocrx_word' id='word_1_132' title='bbox 3151 1313 3346 1368; x_wconf 76' lang='lat' dir='ltr'><strong>differt</strong></span> <span class='ocrx_word' id='word_1_133' title='bbox 3401 1316 3707 1385; x_wconf 84' lang='lat' dir='ltr'><strong>equitatus</strong></span> 
     </span>
    </p>
   </div>
   <div class='ocr_carea' id='block_1_13' title="bbox 303 1399 3705 1471">
    <p class='ocr_par' dir='ltr' id='par_1_13' title="bbox 303 1399 3705 1471">
     <span class='ocr_line' id='line_1_13' title="bbox 303 1399 3705 1471; baseline -0.001 -13"><span class='ocrx_word' id='word_1_134' title='bbox 303 1405 444 1458; x_wconf 91' lang='lat' dir='ltr'><strong>dum</strong></span> <span class='ocrx_word' id='word_1_135' title='bbox 466 1403 849 1464; x_wconf 83' lang='lat' dir='ltr'><strong>vocationem,</strong></span> <span class='ocrx_word' id='word_1_136' title='bbox 871 1417 986 1470; x_wconf 88' lang='lat' dir='ltr'><strong>qua</strong></span> <span class='ocrx_word' id='word_1_137' title='bbox 1008 1400 1188 1454; x_wconf 78' lang='lat' dir='ltr'><strong>vocati</strong></span> <span class='ocrx_word' id='word_1_138' title='bbox 1214 1405 1371 1465; x_wconf 88' lang='lat' dir='ltr'><strong>sunt,</strong></span> <span class='ocrx_word' id='word_1_139' title='bbox 1400 1400 1454 1452; x_wconf 90' lang='lat' dir='ltr'><strong>in</strong></span> <span class='ocrx_word' id='word_1_140' title='bbox 1485 1416 1598 1452; x_wconf 89' lang='lat' dir='ltr'><strong>una</strong></span> <span class='ocrx_word' id='word_1_141' title='bbox 1623 1415 1724 1470; x_wconf 91' lang='lat' dir='ltr'><strong>spe</strong></span> <span class='ocrx_word' id='word_1_142' title='bbox 1741 1399 1938 1453; x_wconf 79' lang='lat' dir='ltr'><strong>efﬁcit.</strong></span> <span class='ocrx_word' id='word_1_143' title='bbox 2054 1417 2218 1454; x_wconf 91' lang='lat' dir='ltr'><strong>meus</strong></span> <span class='ocrx_word' id='word_1_144' title='bbox 2251 1400 2322 1454; x_wconf 90' lang='lat' dir='ltr'><strong>ab</strong></span> <span class='ocrx_word' id='word_1_145' title='bbox 2353 1399 2521 1471; x_wconf 92' lang='lat' dir='ltr'><strong>equis</strong></span> <span class='ocrx_word' id='word_1_146' title='bbox 2554 1399 2891 1465; x_wconf 82' lang='lat' dir='ltr'><strong>Pharaonis,</strong></span> <span class='ocrx_word' id='word_1_147' title='bbox 2917 1404 3079 1454; x_wconf 89' lang='lat' dir='ltr'><strong>tanto</strong></span> <span class='ocrx_word' id='word_1_148' title='bbox 3111 1401 3317 1454; x_wconf 86' lang='lat' dir='ltr'><strong>melior</strong></span> <span class='ocrx_word' id='word_1_149' title='bbox 3340 1417 3401 1455; x_wconf 92' lang='lat' dir='ltr'><strong>es</strong></span> <span class='ocrx_word' id='word_1_150' title='bbox 3423 1401 3705 1455; x_wconf 87' lang='lat' dir='ltr'><strong>omnibus</strong></span> 
     </span>
    </p>
   </div>
   <div class='ocr_carea' id='block_1_14' title="bbox 303 1486 3696 1559">
    <p class='ocr_par' dir='ltr' id='par_1_14' title="bbox 303 1486 3696 1559">
     <span class='ocr_line' id='line_1_14' title="bbox 303 1486 3696 1559; baseline -0.001 -14"><span class='ocrx_word' id='word_1_151' title='bbox 303 1494 484 1555; x_wconf 87' lang='lat' dir='ltr'><strong>Quem</strong></span> <span class='ocrx_word' id='word_1_152' title='bbox 509 1491 672 1553; x_wconf 89' lang='lat' dir='ltr'><strong>dum,</strong></span> <span class='ocrx_word' id='word_1_153' title='bbox 697 1487 1342 1542; x_wconf 68' lang='lat' dir='ltr'><strong>vclutel&#39;ficacissin&#39;ium</strong></span> <span class='ocrx_word' id='word_1_154' title='bbox 1367 1487 1684 1558; x_wconf 85' lang='lat' dir='ltr'><strong>glutinum,</strong></span> <span class='ocrx_word' id='word_1_155' title='bbox 1714 1486 1941 1541; x_wconf 71' lang='lat' dir='ltr'><strong>fabricae</strong></span> <span class='ocrx_word' id='word_1_156' title='bbox 2052 1488 2284 1544; x_wconf 84' lang='lat' dir='ltr'><strong>filiabus</strong></span> <span class='ocrx_word' id='word_1_157' title='bbox 2313 1493 2396 1552; x_wconf 91' lang='lat' dir='ltr'><strong>tu,</strong></span> <span class='ocrx_word' id='word_1_158' title='bbox 2429 1504 2666 1559; x_wconf 89' lang='lat' dir='ltr'><strong>sponsa,</strong></span> <span class='ocrx_word' id='word_1_159' title='bbox 2700 1493 2763 1542; x_wconf 91' lang='lat' dir='ltr'><strong>tu</strong></span> <span class='ocrx_word' id='word_1_160' title='bbox 2803 1487 3195 1542; x_wconf 89' lang='lat' dir='ltr'><strong>ecclesiastica</strong></span> <span class='ocrx_word' id='word_1_161' title='bbox 3223 1487 3442 1552; x_wconf 88' lang='lat' dir='ltr'><strong>anima,</strong></span> <span class='ocrx_word' id='word_1_162' title='bbox 3503 1489 3696 1542; x_wconf 87' lang='lat' dir='ltr'><strong>omni-</strong></span> 
     </span>
    </p>
   </div>
   <div class='ocr_carea' id='block_1_15' title="bbox 303 1574 3697 1647">
    <p class='ocr_par' dir='ltr' id='par_1_15' title="bbox 303 1574 3697 1647">
     <span class='ocr_line' id='line_1_15' title="bbox 303 1574 3697 1647; baseline -0.001 -15"><span class='ocrx_word' id='word_1_163' title='bbox 303 1578 400 1632; x_wconf 91' lang='lat' dir='ltr'><strong>Dei</strong></span> <span class='ocrx_word' id='word_1_164' title='bbox 427 1577 519 1631; x_wconf 91' lang='lat' dir='ltr'><strong>isti</strong></span> <span class='ocrx_word' id='word_1_165' title='bbox 546 1575 800 1630; x_wconf 62' lang='lat' dir='ltr'><strong>haeretici</strong></span> <span class='ocrx_word' id='word_1_166' title='bbox 825 1576 1125 1645; x_wconf 90' lang='lat' dir='ltr'><strong>subripere</strong></span> <span class='ocrx_word' id='word_1_167' title='bbox 1175 1580 1558 1646; x_wconf 67' lang='lat' dir='ltr'><strong>praesumunt,</strong></span> <span class='ocrx_word' id='word_1_168' title='bbox 1618 1579 1867 1646; x_wconf 88' lang='lat' dir='ltr'><strong>quantas</strong></span> <span class='ocrx_word' id='word_1_169' title='bbox 1887 1580 1943 1630; x_wconf 91' lang='lat' dir='ltr'><strong>et</strong></span> <span class='ocrx_word' id='word_1_170' title='bbox 2051 1577 2183 1644; x_wconf 90' lang='lat' dir='ltr'><strong>bus,</strong></span> <span class='ocrx_word' id='word_1_171' title='bbox 2217 1577 2550 1642; x_wconf 87' lang='lat' dir='ltr'><strong>animabus,</strong></span> <span class='ocrx_word' id='word_1_172' title='bbox 2575 1593 2701 1647; x_wconf 73' lang='lat' dir='ltr'><strong>quae</strong></span> <span class='ocrx_word' id='word_1_173' title='bbox 2735 1576 2783 1630; x_wconf 91' lang='lat' dir='ltr'><strong>si</strong></span> <span class='ocrx_word' id='word_1_174' title='bbox 2815 1592 2930 1630; x_wconf 93' lang='lat' dir='ltr'><strong>non</strong></span> <span class='ocrx_word' id='word_1_175' title='bbox 2962 1581 3102 1631; x_wconf 90' lang='lat' dir='ltr'><strong>sunt</strong></span> <span class='ocrx_word' id='word_1_176' title='bbox 3119 1575 3547 1631; x_wconf 66' lang='lat' dir='ltr'><strong>ecclesiasticae.</strong></span> <span class='ocrx_word' id='word_1_177' title='bbox 3578 1574 3697 1629; x_wconf 89' lang='lat' dir='ltr'><strong>Ihi-</strong></span> 
     </span>
    </p>
   </div>
   <div class='ocr_carea' id='block_1_16' title="bbox 301 1661 3702 1733">
    <p class='ocr_par' dir='ltr' id='par_1_16' title="bbox 301 1661 3702 1733">
     <span class='ocr_line' id='line_1_16' title="bbox 301 1661 3702 1733; baseline 0 -17"><span class='ocrx_word' id='word_1_178' title='bbox 301 1679 476 1733; x_wconf 89' lang='lat' dir='ltr'><strong>quam</strong></span> <span class='ocrx_word' id='word_1_179' title='bbox 502 1661 865 1716; x_wconf 87' lang='lat' dir='ltr'><strong>miserabiles</strong></span> <span class='ocrx_word' id='word_1_180' title='bbox 890 1661 1091 1716; x_wconf 91' lang='lat' dir='ltr'><strong>ruinas</strong></span> <span class='ocrx_word' id='word_1_181' title='bbox 1115 1662 1339 1716; x_wconf 74' lang='lat' dir='ltr'><strong>faciunt</strong></span> <span class='ocrx_word' id='word_1_182' title='bbox 1359 1662 1386 1716; x_wconf 83' lang='lat'><strong>‘?</strong></span> <span class='ocrx_word' id='word_1_183' title='bbox 1413 1663 1472 1716; x_wconf 90' lang='lat' dir='ltr'><strong>In</strong></span> <span class='ocrx_word' id='word_1_184' title='bbox 1497 1663 1715 1733; x_wconf 88' lang='lat' dir='ltr'><strong>quibus</strong></span> <span class='ocrx_word' id='word_1_185' title='bbox 1737 1679 1838 1717; x_wconf 90' lang='lat' dir='ltr'><strong>seu</strong></span> <span class='ocrx_word' id='word_1_186' title='bbox 1881 1662 1942 1717; x_wconf 90' lang='lat' dir='ltr'><strong>in</strong></span> <span class='ocrx_word' id='word_1_187' title='bbox 2052 1670 2146 1720; x_wconf 89' lang='lat' dir='ltr'><strong>tur</strong></span> <span class='ocrx_word' id='word_1_188' title='bbox 2174 1664 2570 1720; x_wconf 89' lang='lat' dir='ltr'><strong>ecclesiastica</strong></span> <span class='ocrx_word' id='word_1_189' title='bbox 2599 1681 2661 1719; x_wconf 90' lang='lat' dir='ltr'><strong>es</strong></span> <span class='ocrx_word' id='word_1_190' title='bbox 2692 1665 2908 1730; x_wconf 89' lang='lat' dir='ltr'><strong>anima,</strong></span> <span class='ocrx_word' id='word_1_191' title='bbox 2959 1664 3236 1719; x_wconf 88' lang='lat' dir='ltr'><strong>omnibus</strong></span> <span class='ocrx_word' id='word_1_192' title='bbox 3295 1663 3609 1718; x_wconf 87' lang='lat' dir='ltr'><strong>animabus</strong></span> <span class='ocrx_word' id='word_1_193' title='bbox 3637 1678 3702 1716; x_wconf 90' lang='lat' dir='ltr'><strong>es</strong></span> 
     </span>
    </p>
   </div>
   <div class='ocr_carea' id='block_1_17' title="bbox 300 1749 3553 1823">
    <p class='ocr_par' dir='ltr' id='par_1_17' title="bbox 300 1749 3553 1823">
     <span class='ocr_line' id='line_1_17' title="bbox 300 1749 3553 1823; baseline -0.001 -18"><span class='ocrx_word' id='word_1_194' title='bbox 300 1750 595 1823; x_wconf 89' lang='lat' dir='ltr'><strong>parietinis</strong></span> <span class='ocrx_word' id='word_1_195' title='bbox 614 1750 779 1816; x_wconf 88' lang='lat' dir='ltr'><strong>solet,</strong></span> <span class='ocrx_word' id='word_1_196' title='bbox 808 1749 1029 1819; x_wconf 90' lang='lat' dir='ltr'><strong>niljam</strong></span> <span class='ocrx_word' id='word_1_197' title='bbox 1081 1750 1403 1822; x_wconf 88' lang='lat' dir='ltr'><strong>reperietur</strong></span> <span class='ocrx_word' id='word_1_198' title='bbox 1449 1751 1809 1817; x_wconf 91' lang='lat' dir='ltr'><strong>ordinatum,</strong></span> <span class='ocrx_word' id='word_1_199' title='bbox 1863 1751 1942 1805; x_wconf 91' lang='lat' dir='ltr'><strong>nil</strong></span> <span class='ocrx_word' id='word_1_200' title='bbox 2053 1753 2277 1820; x_wconf 86' lang='lat' dir='ltr'><strong>melior,</strong></span> <span class='ocrx_word' id='word_1_201' title='bbox 2313 1753 2362 1808; x_wconf 89' lang='lat' dir='ltr'><strong>si</strong></span> <span class='ocrx_word' id='word_1_202' title='bbox 2395 1769 2511 1806; x_wconf 92' lang='lat' dir='ltr'><strong>non</strong></span> <span class='ocrx_word' id='word_1_203' title='bbox 2541 1769 2602 1807; x_wconf 92' lang='lat' dir='ltr'><strong>es</strong></span> <span class='ocrx_word' id='word_1_204' title='bbox 2636 1751 2860 1819; x_wconf 88' lang='lat' dir='ltr'><strong>melior,</strong></span> <span class='ocrx_word' id='word_1_205' title='bbox 2894 1768 3013 1806; x_wconf 90' lang='lat' dir='ltr'><strong>non</strong></span> <span class='ocrx_word' id='word_1_206' title='bbox 3044 1768 3106 1806; x_wconf 89' lang='lat' dir='ltr'><strong>es</strong></span> <span class='ocrx_word' id='word_1_207' title='bbox 3138 1750 3553 1806; x_wconf 88' lang='lat' dir='ltr'><strong>ecclesiastica.</strong></span> 
     </span>
    </p>
   </div>
   <div class='ocr_carea' id='block_1_18' title="bbox 298 1838 3700 1939">
    <p class='ocr_par' dir='ltr' id='par_1_18' title="bbox 298 1838 3700 1939">
     <span class='ocr_line' id='line_1_18' title="bbox 298 1838 3700 1939; baseline -0.001 -45"><span class='ocrx_word' id='word_1_208' title='bbox 298 1855 412 1894; x_wconf 91' lang='lat' dir='ltr'><strong>non</strong></span> <span class='ocrx_word' id='word_1_209' title='bbox 437 1839 770 1894; x_wconf 83' lang='lat' dir='ltr'><strong>confusum.</strong></span> <span class='ocrx_word' id='word_1_210' title='bbox 796 1839 1158 1909; x_wconf 85' lang='lat' dir='ltr'><strong>Quibusjam</strong></span> <span class='ocrx_word' id='word_1_211' title='bbox 1187 1838 1387 1894; x_wconf 90' lang='lat' dir='ltr'><strong>nullus</strong></span> <span class='ocrx_word' id='word_1_212' title='bbox 1421 1840 1570 1895; x_wconf 91' lang='lat' dir='ltr'><strong>inest</strong></span> <span class='ocrx_word' id='word_1_213' title='bbox 1601 1841 1790 1905; x_wconf 89' lang='lat' dir='ltr'><strong>decor,</strong></span> <span class='ocrx_word' id='word_1_214' title='bbox 1829 1839 1942 1893; x_wconf 88' lang='lat' dir='ltr'><strong>nisi</strong></span> <span class='ocrx_word' id='word_1_215' title='bbox 1973 1875 2020 1939; x_wconf 80' lang='grc' dir='ltr'>Β</span> <span class='ocrx_word' id='word_1_216' title='bbox 2123 1843 2247 1906; x_wconf 88' lang='lat' dir='ltr'><strong>Qua</strong></span> <span class='ocrx_word' id='word_1_217' title='bbox 2277 1842 2348 1896; x_wconf 93' lang='lat' dir='ltr'><strong>de</strong></span> <span class='ocrx_word' id='word_1_218' title='bbox 2375 1857 2455 1906; x_wconf 91' lang='lat' dir='ltr'><strong>re,</strong></span> <span class='ocrx_word' id='word_1_219' title='bbox 2486 1840 2580 1894; x_wconf 91' lang='lat' dir='ltr'><strong>hei</strong></span> <span class='ocrx_word' id='word_1_220' title='bbox 2614 1839 2756 1894; x_wconf 89' lang='lat' dir='ltr'><strong>mihi</strong></span> <span class='ocrx_word' id='word_1_221' title='bbox 2791 1840 2803 1894; x_wconf 81' lang='grc' dir='ltr'><strong><em>ι</em></strong></span> <span class='ocrx_word' id='word_1_222' title='bbox 2839 1843 3127 1911; x_wconf 89' lang='lat' dir='ltr'><strong>quantum</strong></span> <span class='ocrx_word' id='word_1_223' title='bbox 3157 1855 3376 1905; x_wconf 89' lang='lat' dir='ltr'><strong>vereor,</strong></span> <span class='ocrx_word' id='word_1_224' title='bbox 3411 1854 3483 1892; x_wconf 89' lang='lat' dir='ltr'><strong>ne</strong></span> <span class='ocrx_word' id='word_1_225' title='bbox 3525 1839 3700 1909; x_wconf 84' lang='lat' dir='ltr'><strong>juxta</strong></span> 
     </span>
    </p>
   </div>
   <div class='ocr_carea' id='block_1_19' title="bbox 300 1925 3705 2000">
    <p class='ocr_par' dir='ltr' id='par_1_19' title="bbox 300 1925 3705 2000">
     <span class='ocr_line' id='line_1_19' title="bbox 300 1925 3705 2000; baseline 0 -19"><span class='ocrx_word' id='word_1_226' title='bbox 300 1927 643 1995; x_wconf 89' lang='lat' dir='ltr'><strong>urticarum,</strong></span> <span class='ocrx_word' id='word_1_227' title='bbox 669 1933 724 1983; x_wconf 91' lang='lat' dir='ltr'><strong>et</strong></span> <span class='ocrx_word' id='word_1_228' title='bbox 747 1927 1010 1999; x_wconf 89' lang='lat' dir='ltr'><strong>veprium</strong></span> <span class='ocrx_word' id='word_1_229' title='bbox 1033 1927 1298 1982; x_wconf 88' lang='lat' dir='ltr'><strong>libidinis</strong></span> <span class='ocrx_word' id='word_1_230' title='bbox 1320 1927 1802 1998; x_wconf 90' lang='lat' dir='ltr'><strong>videlicet,atque</strong></span> <span class='ocrx_word' id='word_1_231' title='bbox 1820 1945 1944 1982; x_wconf 85' lang='lat' dir='ltr'><strong>ava—</strong></span> <span class='ocrx_word' id='word_1_232' title='bbox 1974 1925 2019 1939; x_wconf 72' lang='lat'><strong><em>&quot;</em></strong></span> <span class='ocrx_word' id='word_1_233' title='bbox 2052 1931 2204 1986; x_wconf 90' lang='lat' dir='ltr'><strong>hanc</strong></span> <span class='ocrx_word' id='word_1_234' title='bbox 2235 1937 2355 1985; x_wconf 89' lang='lat' dir='ltr'><strong>tam</strong></span> <span class='ocrx_word' id='word_1_235' title='bbox 2387 1929 2697 2000; x_wconf 90' lang='lat' dir='ltr'><strong>prudentis</strong></span> <span class='ocrx_word' id='word_1_236' title='bbox 2724 1928 2830 1982; x_wconf 92' lang='lat' dir='ltr'><strong>viri</strong></span> <span class='ocrx_word' id='word_1_237' title='bbox 2885 1926 3258 1992; x_wconf 88' lang='lat' dir='ltr'><strong>sententiam,</strong></span> <span class='ocrx_word' id='word_1_238' title='bbox 3292 1943 3546 1998; x_wconf 92' lang='lat' dir='ltr'><strong>sponsus</strong></span> <span class='ocrx_word' id='word_1_239' title='bbox 3603 1925 3705 1982; x_wconf 89' lang='lat' dir='ltr'><strong>ille</strong></span> 
     </span>
    </p>
   </div>
   <div class='ocr_carea' id='block_1_20' title="bbox 300 2013 3698 2088">
    <p class='ocr_par' dir='ltr' id='par_1_20' title="bbox 300 2013 3698 2088">
     <span class='ocr_line' id='line_1_20' title="bbox 300 2013 3698 2088; baseline 0 -19"><span class='ocrx_word' id='word_1_240' title='bbox 300 2015 442 2070; x_wconf 74' lang='lat' dir='ltr'><strong>ritiae</strong></span> <span class='ocrx_word' id='word_1_241' title='bbox 466 2016 725 2088; x_wconf 89' lang='lat' dir='ltr'><strong>squalor,</strong></span> <span class='ocrx_word' id='word_1_242' title='bbox 746 2022 803 2072; x_wconf 90' lang='lat' dir='ltr'><strong>et</strong></span> <span class='ocrx_word' id='word_1_243' title='bbox 827 2015 1146 2088; x_wconf 90' lang='lat' dir='ltr'><strong>serpentini</strong></span> <span class='ocrx_word' id='word_1_244' title='bbox 1172 2015 1402 2070; x_wconf 88' lang='lat' dir='ltr'><strong>latibuli</strong></span> <span class='ocrx_word' id='word_1_245' title='bbox 1422 2015 1646 2072; x_wconf 88' lang='lat' dir='ltr'><strong>horror.</strong></span> <span class='ocrx_word' id='word_1_246' title='bbox 2053 2017 2303 2074; x_wconf 73' lang='lat' dir='ltr'><strong>cmlestis</strong></span> <span class='ocrx_word' id='word_1_247' title='bbox 2333 2033 2560 2088; x_wconf 71' lang='lat' dir='ltr'><strong>sponsae</strong></span> <span class='ocrx_word' id='word_1_248' title='bbox 2592 2033 2735 2084; x_wconf 67' lang='lat' dir='ltr'><strong>suis,</strong></span> <span class='ocrx_word' id='word_1_249' title='bbox 2762 2015 2986 2071; x_wconf 79' lang='lat' dir='ltr'><strong>scilicet</strong></span> <span class='ocrx_word' id='word_1_250' title='bbox 3014 2019 3225 2070; x_wconf 65' lang='lat' dir='ltr'><strong>nostrae</strong></span> <span class='ocrx_word' id='word_1_251' title='bbox 3257 2013 3698 2081; x_wconf 71' lang='lat' dir='ltr'><strong>catholicaa,im-</strong></span> 
     </span>
    </p>
   </div>
   <div class='ocr_carea' id='block_1_21' title="bbox 887 2103 3692 2180">
    <p class='ocr_par' dir='ltr' id='par_1_21' title="bbox 887 2103 3692 2180">
     <span class='ocr_line' id='line_1_21' title="bbox 887 2103 3692 2180; baseline -0.003 -15"><span class='ocrx_word' id='word_1_252' title='bbox 887 2122 1120 2177; x_wconf 65' lang='lat' dir='ltr'><strong>CAPUT</strong></span> <span class='ocrx_word' id='word_1_253' title='bbox 1162 2122 1381 2176; x_wconf 51' lang='lat' dir='ltr'><strong>xxx”,</strong></span> <span class='ocrx_word' id='word_1_254' title='bbox 2053 2107 2357 2180; x_wconf 91' lang='lat' dir='ltr'><strong>pudenter,</strong></span> <span class='ocrx_word' id='word_1_255' title='bbox 2383 2110 2448 2160; x_wconf 90' lang='lat' dir='ltr'><strong>ut</strong></span> <span class='ocrx_word' id='word_1_256' title='bbox 2469 2107 2594 2176; x_wconf 89' lang='lat' dir='ltr'><strong>jam</strong></span> <span class='ocrx_word' id='word_1_257' title='bbox 2626 2105 2766 2169; x_wconf 86' lang='lat' dir='ltr'><strong>dixi,</strong></span> <span class='ocrx_word' id='word_1_258' title='bbox 2799 2121 2903 2176; x_wconf 91' lang='lat' dir='ltr'><strong>per</strong></span> <span class='ocrx_word' id='word_1_259' title='bbox 2943 2103 3348 2159; x_wconf 66' lang='lat' dir='ltr'><strong>haereticorum</strong></span> <span class='ocrx_word' id='word_1_260' title='bbox 3415 2103 3692 2158; x_wconf 87' lang='lat' dir='ltr'><strong>mandras</strong></span> 
     </span>
    </p>
   </div>
   <div class='ocr_carea' id='block_1_22' title="bbox 301 2191 3700 2281">
    <p class='ocr_par' dir='ltr' id='par_1_22' title="bbox 301 2191 3700 2281">
     <span class='ocr_line' id='line_1_22' title="bbox 301 2191 3700 2281; baseline -0.001 -15"><span class='ocrx_word' id='word_1_261' title='bbox 301 2211 553 2280; x_wconf 81' lang='lat' dir='ltr'><strong>Qualiter</strong></span> <span class='ocrx_word' id='word_1_262' title='bbox 583 2213 826 2268; x_wconf 71' lang='lat' dir='ltr'><strong>haeretici</strong></span> <span class='ocrx_word' id='word_1_263' title='bbox 854 2229 888 2265; x_wconf 88' lang='lat' dir='ltr'><strong>a</strong></span> <span class='ocrx_word' id='word_1_264' title='bbox 930 2213 1036 2266; x_wconf 82' lang='lat' dir='ltr'><strong>Deo</strong></span> <span class='ocrx_word' id='word_1_265' title='bbox 1082 2213 1416 2280; x_wconf 77' lang='lat' dir='ltr'><strong>[ornicantes</strong></span> <span class='ocrx_word' id='word_1_266' title='bbox 1464 2212 1674 2281; x_wconf 81' lang='lat' dir='ltr'><strong>faciant</strong></span> <span class='ocrx_word' id='word_1_267' title='bbox 1712 2216 1763 2264; x_wconf 82' lang='lat' dir='ltr'><strong>et</strong></span> <span class='ocrx_word' id='word_1_268' title='bbox 1797 2211 1878 2265; x_wconf 91' lang='lat' dir='ltr'><strong>ali</strong></span> <span class='ocrx_word' id='word_1_269' title='bbox 1902 2227 1944 2265; x_wconf 60' lang='grc' dir='ltr'><strong>’.ς</strong></span> <span class='ocrx_word' id='word_1_270' title='bbox 2051 2194 2285 2267; x_wconf 60' lang='lat' dir='ltr'><strong>vaganti</strong></span> <span class='ocrx_word' id='word_1_271' title='bbox 2315 2194 2694 2248; x_wconf 56' lang='lat' dir='ltr'><strong>exacerbatus</strong></span> <span class='ocrx_word' id='word_1_272' title='bbox 2725 2193 2820 2248; x_wconf 65' lang='lat' dir='ltr'><strong>det</strong></span> <span class='ocrx_word' id='word_1_273' title='bbox 2844 2191 3111 2247; x_wconf 65' lang='lat' dir='ltr'><strong>“bellum</strong></span> <span class='ocrx_word' id='word_1_274' title='bbox 3143 2191 3401 2281; x_wconf 61' lang='lat' dir='ltr'><strong>rePl’dii:</strong></span> <span class='ocrx_word' id='word_1_275' title='bbox 3433 2191 3602 2262; x_wconf 70' lang='lat' dir='ltr'><strong>eique</strong></span> <span class='ocrx_word' id='word_1_276' title='bbox 3622 2191 3700 2281; x_wconf 56' lang='lat' dir='ltr'><strong>il“</strong></span> 
     </span>
    </p>
   </div>
   <div class='ocr_carea' id='block_1_23' title="bbox 974 2280 3700 2353">
    <p class='ocr_par' dir='ltr' id='par_1_23' title="bbox 974 2280 3700 2353">
     <span class='ocr_line' id='line_1_23' title="bbox 974 2280 3700 2353; baseline -0.001 -17"><span class='ocrx_word' id='word_1_277' title='bbox 974 2283 1264 2353; x_wconf 83' lang='lat' dir='ltr'><strong>fornicari.</strong></span> <span class='ocrx_word' id='word_1_278' title='bbox 1466 2280 1469 2281; x_wconf 57' lang='grc'><strong><em>⁷</em></strong></span> <span class='ocrx_word' id='word_1_279' title='bbox 2054 2281 2454 2338; x_wconf 88' lang='lat' dir='ltr'><strong>revocabiliter</strong></span> <span class='ocrx_word' id='word_1_280' title='bbox 2479 2282 2670 2337; x_wconf 88' lang='lat' dir='ltr'><strong>dicat:</strong></span> <span class='ocrx_word' id='word_1_281' title='bbox 2707 2303 2735 2331; x_wconf 84' lang='lat'><strong>«</strong></span> <span class='ocrx_word' id='word_1_282' title='bbox 2765 2281 3072 2352; x_wconf 88' lang='lat' dir='ltr'><strong>Egredere,</strong></span> <span class='ocrx_word' id='word_1_283' title='bbox 3127 2285 3184 2335; x_wconf 91' lang='lat' dir='ltr'><strong>et</strong></span> <span class='ocrx_word' id='word_1_284' title='bbox 3212 2280 3306 2335; x_wconf 90' lang='lat' dir='ltr'><strong>abi</strong></span> <span class='ocrx_word' id='word_1_285' title='bbox 3339 2283 3470 2352; x_wconf 91' lang='lat' dir='ltr'><strong>post</strong></span> <span class='ocrx_word' id='word_1_286' title='bbox 3525 2280 3700 2336; x_wconf 90' lang='lat' dir='ltr'><strong>vesti-</strong></span> 
     </span>
    </p>
   </div>
   <div class='ocr_carea' id='block_1_24' title="bbox 373 2369 3700 2443">
    <p class='ocr_par' dir='ltr' id='par_1_24' title="bbox 373 2369 3700 2443">
     <span class='ocr_line' id='line_1_24' title="bbox 373 2369 3700 2443; baseline -0.002 -16"><span class='ocrx_word' id='word_1_287' title='bbox 373 2374 512 2427; x_wconf 90' lang='lat' dir='ltr'><strong>Ecce</strong></span> <span class='ocrx_word' id='word_1_288' title='bbox 543 2372 794 2443; x_wconf 89' lang='lat' dir='ltr'><strong>qualiter</strong></span> <span class='ocrx_word' id='word_1_289' title='bbox 825 2370 1180 2424; x_wconf 83' lang='lat' dir='ltr'><strong>fornicantes</strong></span> <span class='ocrx_word' id='word_1_290' title='bbox 1211 2386 1244 2424; x_wconf 91' lang='lat' dir='ltr'><strong>a</strong></span> <span class='ocrx_word' id='word_1_291' title='bbox 1273 2369 1408 2434; x_wconf 90' lang='lat' dir='ltr'><strong>Deo,</strong></span> <span class='ocrx_word' id='word_1_292' title='bbox 1432 2369 1730 2440; x_wconf 85' lang='lat' dir='ltr'><strong>etprot‘ani</strong></span> <span class='ocrx_word' id='word_1_293' title='bbox 1753 2370 1940 2424; x_wconf 90' lang='lat' dir='ltr'><strong>Simo-</strong></span> <span class='ocrx_word' id='word_1_294' title='bbox 2051 2372 2147 2443; x_wconf 90' lang='lat' dir='ltr'><strong>gia</strong></span> <span class='ocrx_word' id='word_1_295' title='bbox 2176 2387 2439 2443; x_wconf 85' lang='lat' dir='ltr'><strong>gregum,</strong></span> <span class='ocrx_word' id='word_1_296' title='bbox 2473 2374 2528 2425; x_wconf 90' lang='lat' dir='ltr'><strong>et</strong></span> <span class='ocrx_word' id='word_1_297' title='bbox 2553 2386 2726 2441; x_wconf 88' lang='lat' dir='ltr'><strong>pasce</strong></span> <span class='ocrx_word' id='word_1_298' title='bbox 2757 2369 2956 2425; x_wconf 67' lang='lat' dir='ltr'><strong>hazdos</strong></span> <span class='ocrx_word' id='word_1_299' title='bbox 2988 2373 3123 2425; x_wconf 92' lang='lat' dir='ltr'><strong>tuos</strong></span> <span class='ocrx_word' id='word_1_300' title='bbox 3145 2369 3320 2440; x_wconf 87' lang='lat' dir='ltr'><strong>juxta</strong></span> <span class='ocrx_word' id='word_1_301' title='bbox 3349 2369 3700 2424; x_wconf 88' lang='lat' dir='ltr'><strong>tabernacu-</strong></span> 
     </span>
    </p>
   </div>
   <div class='ocr_carea' id='block_1_25' title="bbox 301 2455 3699 2531">
    <p class='ocr_par' dir='ltr' id='par_1_25' title="bbox 301 2455 3699 2531">
     <span class='ocr_line' id='line_1_25' title="bbox 301 2455 3699 2531; baseline -0.001 -16"><span class='ocrx_word' id='word_1_302' title='bbox 301 2461 450 2515; x_wconf 90' lang='lat' dir='ltr'><strong>niaci</strong></span> <span class='ocrx_word' id='word_1_303' title='bbox 487 2459 780 2514; x_wconf 88' lang='lat' dir='ltr'><strong>maculant</strong></span> <span class='ocrx_word' id='word_1_304' title='bbox 811 2463 868 2513; x_wconf 91' lang='lat' dir='ltr'><strong>et</strong></span> <span class='ocrx_word' id='word_1_305' title='bbox 889 2459 1198 2512; x_wconf 84' lang='lat' dir='ltr'><strong>destruunt</strong></span> <span class='ocrx_word' id='word_1_306' title='bbox 1223 2455 1380 2510; x_wconf 90' lang='lat' dir='ltr'><strong>illam</strong></span> <span class='ocrx_word' id='word_1_307' title='bbox 1405 2455 1740 2527; x_wconf 85' lang='lat' dir='ltr'><strong>gloriosam,</strong></span> <span class='ocrx_word' id='word_1_308' title='bbox 1764 2473 1941 2528; x_wconf 89' lang='lat' dir='ltr'><strong>quam</strong></span> <span class='ocrx_word' id='word_1_309' title='bbox 2051 2459 2108 2515; x_wconf 91' lang='lat' dir='ltr'><strong>1a</strong></span> <span class='ocrx_word' id='word_1_310' title='bbox 2130 2464 2429 2531; x_wconf 89' lang='lat' dir='ltr'><strong>pastorum</strong></span> <span class='ocrx_word' id='word_1_311' title='bbox 2459 2459 2640 2530; x_wconf 83' lang='lat' dir='ltr'><strong>(Cant.</strong></span> <span class='ocrx_word' id='word_1_312' title='bbox 2663 2477 2700 2526; x_wconf 85' lang='lat'><strong>1,</strong></span> <span class='ocrx_word' id='word_1_313' title='bbox 2728 2461 2784 2526; x_wconf 89' lang='lat'><strong>7)</strong></span> <span class='ocrx_word' id='word_1_314' title='bbox 2807 2481 2834 2506; x_wconf 86' lang='lat'>»</span> <span class='ocrx_word' id='word_1_315' title='bbox 2858 2457 2952 2513; x_wconf 92' lang='lat' dir='ltr'><strong>Sic</strong></span> <span class='ocrx_word' id='word_1_316' title='bbox 2976 2457 3131 2513; x_wconf 90' lang='lat' dir='ltr'><strong>enim</strong></span> <span class='ocrx_word' id='word_1_317' title='bbox 3163 2474 3224 2512; x_wconf 92' lang='lat' dir='ltr'><strong>se</strong></span> <span class='ocrx_word' id='word_1_318' title='bbox 3245 2457 3514 2529; x_wconf 90' lang='lat' dir='ltr'><strong>ignorare</strong></span> <span class='ocrx_word' id='word_1_319' title='bbox 3539 2456 3699 2512; x_wconf 88' lang='lat' dir='ltr'><strong>vide-</strong></span> 
     </span>
    </p>
   </div>
   <div class='ocr_carea' id='block_1_26' title="bbox 303 2543 3704 2619">
    <p class='ocr_par' dir='ltr' id='par_1_26' title="bbox 303 2543 3704 2619">
     <span class='ocr_line' id='line_1_26' title="bbox 303 2543 3704 2619; baseline -0.001 -16"><span class='ocrx_word' id='word_1_320' title='bbox 303 2553 366 2603; x_wconf 92' lang='lat' dir='ltr'><strong>ut</strong></span> <span class='ocrx_word' id='word_1_321' title='bbox 400 2547 523 2602; x_wconf 89' lang='lat' dir='ltr'><strong>sine</strong></span> <span class='ocrx_word' id='word_1_322' title='bbox 574 2545 803 2600; x_wconf 85' lang='lat' dir='ltr'><strong>macula</strong></span> <span class='ocrx_word' id='word_1_323' title='bbox 847 2550 1002 2600; x_wconf 85' lang='lat' dir='ltr'><strong>esset</strong></span> <span class='ocrx_word' id='word_1_324' title='bbox 1051 2544 1319 2600; x_wconf 87' lang='lat' dir='ltr'><strong>Christus</strong></span> <span class='ocrx_word' id='word_1_325' title='bbox 1374 2545 1679 2600; x_wconf 89' lang='lat' dir='ltr'><strong>mundavit</strong></span> <span class='ocrx_word' id='word_1_326' title='bbox 1713 2543 1941 2600; x_wconf 89' lang='lat' dir='ltr'><strong>lavacro</strong></span> <span class='ocrx_word' id='word_1_327' title='bbox 2052 2552 2166 2615; x_wconf 91' lang='lat' dir='ltr'><strong>tnr,</strong></span> <span class='ocrx_word' id='word_1_328' title='bbox 2190 2553 2255 2602; x_wconf 90' lang='lat' dir='ltr'><strong>ut</strong></span> <span class='ocrx_word' id='word_1_329' title='bbox 2278 2547 2540 2619; x_wconf 84' lang='lat' dir='ltr'><strong>profanis</strong></span> <span class='ocrx_word' id='word_1_330' title='bbox 2573 2547 2913 2619; x_wconf 89' lang='lat' dir='ltr'><strong>pastoribus</strong></span> <span class='ocrx_word' id='word_1_331' title='bbox 2957 2563 3059 2618; x_wconf 90' lang='lat' dir='ltr'><strong>per</strong></span> <span class='ocrx_word' id='word_1_332' title='bbox 3086 2545 3251 2602; x_wconf 89' lang='lat' dir='ltr'><strong>devia</strong></span> <span class='ocrx_word' id='word_1_333' title='bbox 3298 2545 3613 2614; x_wconf 62' lang='lat' dir='ltr'><strong>adhaerere,</strong></span> <span class='ocrx_word' id='word_1_334' title='bbox 3644 2551 3704 2601; x_wconf 89' lang='lat' dir='ltr'><strong>et</strong></span> 
     </span>
    </p>
   </div>
   <div class='ocr_carea' id='block_1_27' title="bbox 301 2632 3704 2708">
    <p class='ocr_par' dir='ltr' id='par_1_27' title="bbox 301 2632 3704 2708">
     <span class='ocr_line' id='line_1_27' title="bbox 301 2632 3704 2708; baseline -0.001 -17"><span class='ocrx_word' id='word_1_335' title='bbox 301 2653 462 2708; x_wconf 73' lang='lat' dir='ltr'><strong>aquae</strong></span> <span class='ocrx_word' id='word_1_336' title='bbox 485 2635 542 2690; x_wconf 91' lang='lat' dir='ltr'><strong>in</strong></span> <span class='ocrx_word' id='word_1_337' title='bbox 561 2635 752 2700; x_wconf 87' lang='lat' dir='ltr'><strong>verbo,</strong></span> <span class='ocrx_word' id='word_1_338' title='bbox 785 2639 842 2688; x_wconf 93' lang='lat' dir='ltr'><strong>et</strong></span> <span class='ocrx_word' id='word_1_339' title='bbox 864 2633 1067 2688; x_wconf 89' lang='lat' dir='ltr'><strong>utsinc</strong></span> <span class='ocrx_word' id='word_1_340' title='bbox 1091 2649 1235 2703; x_wconf 89' lang='lat' dir='ltr'><strong>ruga</strong></span> <span class='ocrx_word' id='word_1_341' title='bbox 1273 2632 1598 2688; x_wconf 76' lang='lat' dir='ltr'><strong>efficeretur</strong></span> <span class='ocrx_word' id='word_1_342' title='bbox 1620 2650 1795 2704; x_wconf 89' lang='lat' dir='ltr'><strong>rugas</strong></span> <span class='ocrx_word' id='word_1_343' title='bbox 1815 2635 1942 2704; x_wconf 89' lang='lat' dir='ltr'><strong>ejus</strong></span> <span class='ocrx_word' id='word_1_344' title='bbox 2052 2637 2400 2692; x_wconf 88' lang='lat' dir='ltr'><strong>commorari</strong></span> <span class='ocrx_word' id='word_1_345' title='bbox 2436 2653 2551 2690; x_wconf 92' lang='lat' dir='ltr'><strong>non</strong></span> <span class='ocrx_word' id='word_1_346' title='bbox 2583 2639 2869 2703; x_wconf 88' lang='lat' dir='ltr'><strong>vereatur,</strong></span> <span class='ocrx_word' id='word_1_347' title='bbox 2896 2635 2996 2707; x_wconf 89' lang='lat' dir='ltr'><strong>qui</strong></span> <span class='ocrx_word' id='word_1_348' title='bbox 3028 2635 3111 2689; x_wconf 92' lang='lat' dir='ltr'><strong>nil</strong></span> <span class='ocrx_word' id='word_1_349' title='bbox 3145 2635 3256 2689; x_wconf 92' lang='lat' dir='ltr'><strong>nisi</strong></span> <span class='ocrx_word' id='word_1_350' title='bbox 3280 2634 3473 2689; x_wconf 81' lang='lat' dir='ltr'><strong>haedos</strong></span> <span class='ocrx_word' id='word_1_351' title='bbox 3505 2650 3704 2706; x_wconf 90' lang='lat' dir='ltr'><strong>pasce-</strong></span> 
     </span>
    </p>
   </div>
   <div class='ocr_carea' id='block_1_28' title="bbox 302 2721 3704 2795">
    <p class='ocr_par' dir='ltr' id='par_1_28' title="bbox 302 2721 3704 2795">
     <span class='ocr_line' id='line_1_28' title="bbox 302 2721 3704 2795; baseline -0 -16"><span class='ocrx_word' id='word_1_352' title='bbox 302 2727 359 2781; x_wconf 91' lang='lat' dir='ltr'><strong>in</strong></span> <span class='ocrx_word' id='word_1_353' title='bbox 383 2721 1140 2794; x_wconf 87' lang='lat' dir='ltr'><strong>crucisextenditpatibulo.</strong></span> <span class='ocrx_word' id='word_1_354' title='bbox 1174 2723 1380 2786; x_wconf 89' lang='lat' dir='ltr'><strong>Quam,</strong></span> <span class='ocrx_word' id='word_1_355' title='bbox 1406 2738 1508 2792; x_wconf 92' lang='lat' dir='ltr'><strong>pro</strong></span> <span class='ocrx_word' id='word_1_356' title='bbox 1538 2721 1734 2777; x_wconf 89' lang='lat' dir='ltr'><strong>dolor!</strong></span> <span class='ocrx_word' id='word_1_357' title='bbox 1787 2739 1942 2777; x_wconf 92' lang='lat' dir='ltr'><strong>nunc</strong></span> <span class='ocrx_word' id='word_1_358' title='bbox 2052 2742 2112 2780; x_wconf 91' lang='lat' dir='ltr'><strong>re</strong></span> <span class='ocrx_word' id='word_1_359' title='bbox 2138 2729 2481 2791; x_wconf 89' lang='lat' dir='ltr'><strong>noscuntur,</strong></span> <span class='ocrx_word' id='word_1_360' title='bbox 2514 2725 2585 2779; x_wconf 91' lang='lat' dir='ltr'><strong>de</strong></span> <span class='ocrx_word' id='word_1_361' title='bbox 2618 2725 2834 2795; x_wconf 90' lang='lat' dir='ltr'><strong>quibus</strong></span> <span class='ocrx_word' id='word_1_362' title='bbox 2881 2723 3056 2779; x_wconf 88' lang='lat' dir='ltr'><strong>etiam</strong></span> <span class='ocrx_word' id='word_1_363' title='bbox 3117 2723 3505 2795; x_wconf 86' lang='lat' dir='ltr'><strong>negotiantur.</strong></span> <span class='ocrx_word' id='word_1_364' title='bbox 3538 2722 3704 2778; x_wconf 90' lang='lat' dir='ltr'><strong>Unde</strong></span> 
     </span>
    </p>
   </div>
   <div class='ocr_carea' id='block_1_29' title="bbox 304 2809 3704 2886">
    <p class='ocr_par' dir='ltr' id='par_1_29' title="bbox 304 2809 3704 2886">
     <span class='ocr_line' id='line_1_29' title="bbox 304 2809 3704 2886; baseline -0.001 -18"><span class='ocrx_word' id='word_1_365' title='bbox 304 2815 544 2885; x_wconf 88' lang='lat' dir='ltr'><strong>impune</strong></span> <span class='ocrx_word' id='word_1_366' title='bbox 567 2813 945 2866; x_wconf 85' lang='lat' dir='ltr'><strong>fornicatores</strong></span> <span class='ocrx_word' id='word_1_367' title='bbox 994 2809 1313 2877; x_wconf 88' lang='lat' dir='ltr'><strong>maculant,</strong></span> <span class='ocrx_word' id='word_1_368' title='bbox 1339 2811 1478 2865; x_wconf 92' lang='lat' dir='ltr'><strong>dum</strong></span> <span class='ocrx_word' id='word_1_369' title='bbox 1524 2809 1820 2865; x_wconf 89' lang='lat' dir='ltr'><strong>lavacrum</strong></span> <span class='ocrx_word' id='word_1_370' title='bbox 1872 2810 1940 2865; x_wconf 53' lang='lat' dir='ltr'><strong>il-</strong></span> <span class='ocrx_word' id='word_1_371' title='bbox 2052 2829 2424 2886; x_wconf 89' lang='lat' dir='ltr'><strong>summopere</strong></span> <span class='ocrx_word' id='word_1_372' title='bbox 2454 2814 2774 2868; x_wconf 87' lang='lat' dir='ltr'><strong>cavendum</strong></span> <span class='ocrx_word' id='word_1_373' title='bbox 2807 2828 2880 2868; x_wconf 90' lang='lat' dir='ltr'><strong>ne</strong></span> <span class='ocrx_word' id='word_1_374' title='bbox 2911 2811 3212 2866; x_wconf 74' lang='lat' dir='ltr'><strong>haedorum</strong></span> <span class='ocrx_word' id='word_1_375' title='bbox 3243 2810 3482 2866; x_wconf 90' lang='lat' dir='ltr'><strong>lascivia</strong></span> <span class='ocrx_word' id='word_1_376' title='bbox 3511 2810 3704 2866; x_wconf 86' lang='lat' dir='ltr'><strong>hirco-</strong></span> 
     </span>
    </p>
   </div>
   <div class='ocr_carea' id='block_1_30' title="bbox 301 2899 3701 2974">
    <p class='ocr_par' dir='ltr' id='par_1_30' title="bbox 301 2899 3701 2974">
     <span class='ocr_line' id='line_1_30' title="bbox 301 2899 3701 2974; baseline -0.001 -18"><span class='ocrx_word' id='word_1_377' title='bbox 301 2902 499 2971; x_wconf 87' lang='lat' dir='ltr'><strong>lius,et</strong></span> <span class='ocrx_word' id='word_1_378' title='bbox 519 2903 754 2956; x_wconf 67' lang='lat' dir='ltr'><strong>caeteras</strong></span> <span class='ocrx_word' id='word_1_379' title='bbox 767 2899 1097 2954; x_wconf 89' lang='lat' dir='ltr'><strong>divinorum</strong></span> <span class='ocrx_word' id='word_1_380' title='bbox 1124 2905 1620 2954; x_wconf 87' lang='lat' dir='ltr'><strong>sacramentorum</strong></span> <span class='ocrx_word' id='word_1_381' title='bbox 1636 2901 1857 2971; x_wconf 90' lang='lat' dir='ltr'><strong>species</strong></span> <span class='ocrx_word' id='word_1_382' title='bbox 1871 2900 1940 2954; x_wconf 86' lang='lat' dir='ltr'><strong>ad</strong></span> <span class='ocrx_word' id='word_1_383' title='bbox 2052 2919 2302 2974; x_wconf 90' lang='lat' dir='ltr'><strong>rumque</strong></span> <span class='ocrx_word' id='word_1_384' title='bbox 2335 2901 2655 2974; x_wconf 89' lang='lat' dir='ltr'><strong>petulantia</strong></span> <span class='ocrx_word' id='word_1_385' title='bbox 2680 2902 2918 2956; x_wconf 88' lang='lat' dir='ltr'><strong>castitas</strong></span> <span class='ocrx_word' id='word_1_386' title='bbox 2948 2901 3078 2971; x_wconf 91' lang='lat' dir='ltr'><strong>ejus</strong></span> <span class='ocrx_word' id='word_1_387' title='bbox 3097 2917 3166 2956; x_wconf 86' lang='lat' dir='ltr'><strong>ex</strong></span> <span class='ocrx_word' id='word_1_388' title='bbox 3197 2900 3544 2956; x_wconf 90' lang='lat' dir='ltr'><strong>assiduitate</strong></span> <span class='ocrx_word' id='word_1_389' title='bbox 3603 2917 3701 2955; x_wconf 90' lang='lat' dir='ltr'><strong>co-</strong></span> 
     </span>
    </p>
   </div>
   <div class='ocr_carea' id='block_1_31' title="bbox 303 2987 3704 3063">
    <p class='ocr_par' dir='ltr' id='par_1_31' title="bbox 303 2987 3704 3063">
     <span class='ocr_line' id='line_1_31' title="bbox 303 2987 3704 3063; baseline 0 -19"><span class='ocrx_word' id='word_1_390' title='bbox 303 2989 762 3046; x_wconf 81' lang='lat' dir='ltr'><strong>conservandum</strong></span> <span class='ocrx_word' id='word_1_391' title='bbox 793 2988 1064 3043; x_wconf 88' lang='lat' dir='ltr'><strong>decorum</strong></span> <span class='ocrx_word' id='word_1_392' title='bbox 1089 2987 1200 3042; x_wconf 92' lang='lat' dir='ltr'><strong>sibi</strong></span> <span class='ocrx_word' id='word_1_393' title='bbox 1226 2987 1454 3042; x_wconf 77' lang='lat' dir='ltr'><strong>coalitus</strong></span> <span class='ocrx_word' id='word_1_394' title='bbox 1477 3004 1784 3044; x_wconf 88' lang='lat' dir='ltr'><strong>concessas</strong></span> <span class='ocrx_word' id='word_1_395' title='bbox 1806 3005 1940 3043; x_wconf 87' lang='lat' dir='ltr'><strong>con-</strong></span> <span class='ocrx_word' id='word_1_396' title='bbox 2051 2991 2431 3047; x_wconf 86' lang='lat' dir='ltr'><strong>habitationis</strong></span> <span class='ocrx_word' id='word_1_397' title='bbox 2463 2989 2838 3063; x_wconf 88' lang='lat' dir='ltr'><strong>periclitetur,</strong></span> <span class='ocrx_word' id='word_1_398' title='bbox 2865 2989 3086 3060; x_wconf 91' lang='lat' dir='ltr'><strong>sicque,</strong></span> <span class='ocrx_word' id='word_1_399' title='bbox 3113 2988 3393 3044; x_wconf 89' lang='lat' dir='ltr'><strong>adulteris</strong></span> <span class='ocrx_word' id='word_1_400' title='bbox 3416 2987 3704 3060; x_wconf 89' lang='lat' dir='ltr'><strong>paulatim</strong></span> 
     </span>
    </p>
   </div>
   <div class='ocr_carea' id='block_1_32' title="bbox 306 3075 3700 3152">
    <p class='ocr_par' dir='ltr' id='par_1_32' title="bbox 306 3075 3700 3152">
     <span class='ocr_line' id='line_1_32' title="bbox 306 3075 3700 3152; baseline -0 -19"><span class='ocrx_word' id='word_1_401' title='bbox 306 3079 461 3151; x_wconf 87' lang='lat' dir='ltr'><strong>tagio</strong></span> <span class='ocrx_word' id='word_1_402' title='bbox 484 3095 602 3132; x_wconf 65' lang='lat' dir='ltr'><strong>suae</strong></span> <span class='ocrx_word' id='word_1_403' title='bbox 624 3077 1014 3131; x_wconf 58' lang='lat' dir='ltr'><strong>immunditiis</strong></span> <span class='ocrx_word' id='word_1_404' title='bbox 1037 3076 1455 3144; x_wconf 90' lang='lat' dir='ltr'><strong>contaminant,</strong></span> <span class='ocrx_word' id='word_1_405' title='bbox 1479 3081 1536 3130; x_wconf 88' lang='lat' dir='ltr'><strong>et</strong></span> <span class='ocrx_word' id='word_1_406' title='bbox 1555 3093 1660 3131; x_wconf 87' lang='lat' dir='ltr'><strong>sua</strong></span> <span class='ocrx_word' id='word_1_407' title='bbox 1684 3075 1940 3148; x_wconf 81' lang='lat' dir='ltr'><strong>negotia-</strong></span> <span class='ocrx_word' id='word_1_408' title='bbox 2054 3079 2113 3133; x_wconf 92' lang='lat' dir='ltr'><strong>in</strong></span> <span class='ocrx_word' id='word_1_409' title='bbox 2145 3079 2346 3152; x_wconf 91' lang='lat' dir='ltr'><strong>sponsi</strong></span> <span class='ocrx_word' id='word_1_410' title='bbox 2377 3077 2554 3133; x_wconf 89' lang='lat' dir='ltr'><strong>cubili</strong></span> <span class='ocrx_word' id='word_1_411' title='bbox 2585 3077 2884 3146; x_wconf 88' lang='lat' dir='ltr'><strong>admissis,</strong></span> <span class='ocrx_word' id='word_1_412' title='bbox 2917 3094 3106 3149; x_wconf 90' lang='lat' dir='ltr'><strong>usque</strong></span> <span class='ocrx_word' id='word_1_413' title='bbox 3135 3077 3208 3132; x_wconf 90' lang='lat' dir='ltr'><strong>ad</strong></span> <span class='ocrx_word' id='word_1_414' title='bbox 3239 3077 3516 3133; x_wconf 87' lang='lat' dir='ltr'><strong>verticem</strong></span> <span class='ocrx_word' id='word_1_415' title='bbox 3560 3093 3700 3132; x_wconf 89' lang='lat' dir='ltr'><strong>con-</strong></span> 
     </span>
    </p>
   </div>
   <div class='ocr_carea' id='block_1_33' title="bbox 304 3164 3738 3240">
    <p class='ocr_par' dir='ltr' id='par_1_33' title="bbox 304 3164 3738 3240">
     <span class='ocr_line' id='line_1_33' title="bbox 304 3164 3738 3240; baseline -0.001 -18"><span class='ocrx_word' id='word_1_416' title='bbox 304 3168 775 3233; x_wconf 89' lang='lat' dir='ltr'><strong>tioneevacuant,</strong></span> <span class='ocrx_word' id='word_1_417' title='bbox 802 3182 949 3237; x_wconf 88' lang='lat' dir='ltr'><strong>quas</strong></span> <span class='ocrx_word' id='word_1_418' title='bbox 999 3164 1382 3238; x_wconf 75' lang='lat' dir='ltr'><strong>nihilominus</strong></span> <span class='ocrx_word' id='word_1_419' title='bbox 1441 3170 1777 3236; x_wconf 89' lang='lat' dir='ltr'><strong>corrugant,</strong></span> <span class='ocrx_word' id='word_1_420' title='bbox 1800 3165 1942 3220; x_wconf 91' lang='lat' dir='ltr'><strong>dum</strong></span> <span class='ocrx_word' id='word_1_421' title='bbox 1991 3238 2006 3240; x_wconf 88' lang='lat'><em>_</em></span> <span class='ocrx_word' id='word_1_422' title='bbox 2054 3173 2375 3240; x_wconf 89' lang='lat' dir='ltr'><strong>stupretur,</strong></span> <span class='ocrx_word' id='word_1_423' title='bbox 2407 3183 2512 3222; x_wconf 90' lang='lat' dir='ltr'><strong>nec</strong></span> <span class='ocrx_word' id='word_1_424' title='bbox 2539 3167 2665 3236; x_wconf 88' lang='lat' dir='ltr'><strong>jam</strong></span> <span class='ocrx_word' id='word_1_425' title='bbox 2696 3169 2899 3237; x_wconf 88' lang='lat' dir='ltr'><strong>pascat</strong></span> <span class='ocrx_word' id='word_1_426' title='bbox 2944 3182 3145 3237; x_wconf 87' lang='lat' dir='ltr'><strong>agnos.</strong></span> <span class='ocrx_word' id='word_1_427' title='bbox 3175 3165 3601 3221; x_wconf 80' lang='lat' dir='ltr'><strong>Consentiendo</strong></span> <span class='ocrx_word' id='word_1_428' title='bbox 3645 3170 3738 3220; x_wconf 89' lang='lat' dir='ltr'><strong>et-</strong></span> 
     </span>
    </p>
   </div>
   <div class='ocr_carea' id='block_1_34' title="bbox 305 3238 3701 3327">
    <p class='ocr_par' dir='ltr' id='par_1_34' title="bbox 305 3238 3701 3327">
     <span class='ocr_line' id='line_1_34' title="bbox 305 3238 3701 3327; baseline -0.001 -18"><span class='ocrx_word' id='word_1_429' title='bbox 305 3254 631 3327; x_wconf 90' lang='lat' dir='ltr'><strong>simplicem</strong></span> <span class='ocrx_word' id='word_1_430' title='bbox 649 3254 777 3325; x_wconf 87' lang='lat' dir='ltr'><strong>ejus</strong></span> <span class='ocrx_word' id='word_1_431' title='bbox 828 3254 1232 3320; x_wconf 89' lang='lat' dir='ltr'><strong>intentionem,</strong></span> <span class='ocrx_word' id='word_1_432' title='bbox 1275 3253 1432 3308; x_wconf 81' lang='lat' dir='ltr'><strong>velut</strong></span> <span class='ocrx_word' id='word_1_433' title='bbox 1453 3253 1698 3308; x_wconf 86' lang='lat' dir='ltr'><strong>nitidam</strong></span> <span class='ocrx_word' id='word_1_434' title='bbox 1749 3258 1941 3308; x_wconf 81' lang='lat' dir='ltr'><strong>cutem</strong></span> <span class='ocrx_word' id='word_1_435' title='bbox 1976 3238 2018 3304; x_wconf 57' lang='grc' dir='ltr'><strong>(ἶ</strong></span> <span class='ocrx_word' id='word_1_436' title='bbox 2057 3238 2542 3313; x_wconf 62' lang='lat' dir='ltr'><strong>communicando</strong></span> <span class='ocrx_word' id='word_1_437' title='bbox 2575 3253 2859 3309; x_wconf 70' lang='lat' dir='ltr'><strong>haereticis</strong></span> <span class='ocrx_word' id='word_1_438' title='bbox 2888 3254 3086 3309; x_wconf 69' lang='lat' dir='ltr'><strong>haedos</strong></span> <span class='ocrx_word' id='word_1_439' title='bbox 3115 3255 3187 3308; x_wconf 83' lang='lat' dir='ltr'><strong>ad</strong></span> <span class='ocrx_word' id='word_1_440' title='bbox 3243 3253 3546 3309; x_wconf 80' lang='lat' dir='ltr'><strong>sinistram</strong></span> <span class='ocrx_word' id='word_1_441' title='bbox 3592 3271 3701 3326; x_wconf 81' lang='lat' dir='ltr'><strong>po-</strong></span> 
     </span>
    </p>
   </div>
   <div class='ocr_carea' id='block_1_35' title="bbox 305 3341 3702 3415">
    <p class='ocr_par' dir='ltr' id='par_1_35' title="bbox 305 3341 3702 3415">
     <span class='ocr_line' id='line_1_35' title="bbox 305 3341 3702 3415; baseline 0.001 -18"><span class='ocrx_word' id='word_1_442' title='bbox 305 3341 644 3414; x_wconf 88' lang='lat' dir='ltr'><strong>duplicitate</strong></span> <span class='ocrx_word' id='word_1_443' title='bbox 665 3359 780 3397; x_wconf 79' lang='lat' dir='ltr'><strong>suae</strong></span> <span class='ocrx_word' id='word_1_444' title='bbox 803 3341 1094 3396; x_wconf 87' lang='lat' dir='ltr'><strong>callidatis</strong></span> <span class='ocrx_word' id='word_1_445' title='bbox 1113 3342 1519 3413; x_wconf 90' lang='lat' dir='ltr'><strong>deturpant,ut</strong></span> <span class='ocrx_word' id='word_1_446' title='bbox 1539 3343 1745 3398; x_wconf 89' lang='lat' dir='ltr'><strong>merito</strong></span> <span class='ocrx_word' id='word_1_447' title='bbox 1759 3342 1942 3413; x_wconf 87' lang='lat' dir='ltr'><strong>Spon-</strong></span> <span class='ocrx_word' id='word_1_448' title='bbox 2056 3346 2298 3412; x_wconf 89' lang='lat' dir='ltr'><strong>nendos,</strong></span> <span class='ocrx_word' id='word_1_449' title='bbox 2321 3360 2390 3399; x_wconf 85' lang='lat' dir='ltr'><strong>ex</strong></span> <span class='ocrx_word' id='word_1_450' title='bbox 2421 3343 2637 3415; x_wconf 91' lang='lat' dir='ltr'><strong>quibus</strong></span> <span class='ocrx_word' id='word_1_451' title='bbox 2666 3342 2902 3398; x_wconf 88' lang='lat' dir='ltr'><strong>interim</strong></span> <span class='ocrx_word' id='word_1_452' title='bbox 2934 3342 3275 3399; x_wconf 88' lang='lat' dir='ltr'><strong>adolescunt</strong></span> <span class='ocrx_word' id='word_1_453' title='bbox 3316 3343 3611 3410; x_wconf 88' lang='lat' dir='ltr'><strong>ductores,</strong></span> <span class='ocrx_word' id='word_1_454' title='bbox 3643 3347 3702 3399; x_wconf 89' lang='lat' dir='ltr'><strong>et</strong></span> 
     </span>
    </p>
   </div>
   <div class='ocr_carea' id='block_1_36' title="bbox 304 3429 3695 3507">
    <p class='ocr_par' dir='ltr' id='par_1_36' title="bbox 304 3429 3695 3507">
     <span class='ocr_line' id='line_1_36' title="bbox 304 3429 3695 3507; baseline 0 -21"><span class='ocrx_word' id='word_1_455' title='bbox 304 3429 1352 3502; x_wconf 77' lang='lat' dir='ltr'><strong>susille,«speciosusf‘ormaprzeﬁliis</strong></span> <span class='ocrx_word' id='word_1_456' title='bbox 1367 3431 1944 3500; x_wconf 80' lang='lat' dir='ltr'><strong>hominum(Ps.xuv,</strong></span> <span class='ocrx_word' id='word_1_457' title='bbox 2055 3439 2250 3507; x_wconf 86' lang='lat' dir='ltr'><strong>patres</strong></span> <span class='ocrx_word' id='word_1_458' title='bbox 2281 3449 2484 3488; x_wconf 90' lang='lat' dir='ltr'><strong>eorum</strong></span> <span class='ocrx_word' id='word_1_459' title='bbox 2515 3431 2732 3503; x_wconf 91' lang='lat' dir='ltr'><strong>petulci</strong></span> <span class='ocrx_word' id='word_1_460' title='bbox 2763 3430 2932 3499; x_wconf 91' lang='lat' dir='ltr'><strong>hirci,</strong></span> <span class='ocrx_word' id='word_1_461' title='bbox 2967 3435 3122 3486; x_wconf 88' lang='lat' dir='ltr'><strong>sorte</strong></span> <span class='ocrx_word' id='word_1_462' title='bbox 3179 3431 3510 3503; x_wconf 86' lang='lat' dir='ltr'><strong>perventuri</strong></span> <span class='ocrx_word' id='word_1_463' title='bbox 3559 3448 3695 3486; x_wconf 89' lang='lat' dir='ltr'><strong>cum</strong></span> 
     </span>
    </p>
   </div>
   <div class='ocr_carea' id='block_1_37' title="bbox 303 3518 3697 3592">
    <p class='ocr_par' dir='ltr' id='par_1_37' title="bbox 303 3518 3697 3592">
     <span class='ocr_line' id='line_1_37' title="bbox 303 3518 3697 3592; baseline -0.001 -16"><span class='ocrx_word' id='word_1_464' title='bbox 303 3520 812 3592; x_wconf 82' lang='lat' dir='ltr'><strong>3),»comminetur</strong></span> <span class='ocrx_word' id='word_1_465' title='bbox 833 3520 968 3573; x_wconf 89' lang='lat' dir='ltr'><strong>huic</strong></span> <span class='ocrx_word' id='word_1_466' title='bbox 992 3520 1438 3591; x_wconf 85' lang='lat' dir='ltr'><strong>spcciosissimae</strong></span> <span class='ocrx_word' id='word_1_467' title='bbox 1461 3536 1688 3591; x_wconf 85' lang='lat' dir='ltr'><strong>sponsae</strong></span> <span class='ocrx_word' id='word_1_468' title='bbox 1706 3537 1948 3588; x_wconf 66' lang='lat' dir='ltr'><strong>suae,cu-</strong></span> <span class='ocrx_word' id='word_1_469' title='bbox 2057 3521 2263 3578; x_wconf 91' lang='lat' dir='ltr'><strong>multis</strong></span> <span class='ocrx_word' id='word_1_470' title='bbox 2291 3519 2823 3587; x_wconf 91' lang='lat' dir='ltr'><strong>maledictionibus,</strong></span> <span class='ocrx_word' id='word_1_471' title='bbox 2857 3523 2914 3574; x_wconf 90' lang='lat' dir='ltr'><strong>et</strong></span> <span class='ocrx_word' id='word_1_472' title='bbox 2940 3519 3122 3575; x_wconf 87' lang='lat' dir='ltr'><strong>totius</strong></span> <span class='ocrx_word' id='word_1_473' title='bbox 3163 3518 3365 3591; x_wconf 89' lang='lat' dir='ltr'><strong>populi</strong></span> <span class='ocrx_word' id='word_1_474' title='bbox 3423 3518 3697 3575; x_wconf 89' lang='lat' dir='ltr'><strong>catholici</strong></span> 
     </span>
    </p>
   </div>
   <div class='ocr_carea' id='block_1_38' title="bbox 296 3607 3700 3683">
    <p class='ocr_par' dir='ltr' id='par_1_38' title="bbox 296 3607 3700 3683">
     <span class='ocr_line' id='line_1_38' title="bbox 296 3607 3700 3683; baseline -0.001 -18"><span class='ocrx_word' id='word_1_475' title='bbox 296 3611 398 3679; x_wconf 88' lang='lat' dir='ltr'><strong>jus</strong></span> <span class='ocrx_word' id='word_1_476' title='bbox 416 3626 593 3681; x_wconf 89' lang='lat' dir='ltr'><strong>super</strong></span> <span class='ocrx_word' id='word_1_477' title='bbox 614 3609 812 3664; x_wconf 89' lang='lat' dir='ltr'><strong>omnia</strong></span> <span class='ocrx_word' id='word_1_478' title='bbox 837 3608 1027 3679; x_wconf 89' lang='lat' dir='ltr'><strong>specie</strong></span> <span class='ocrx_word' id='word_1_479' title='bbox 1049 3609 1473 3676; x_wconf 87' lang='lat' dir='ltr'><strong>delectatur,ne</strong></span> <span class='ocrx_word' id='word_1_480' title='bbox 1488 3609 1683 3680; x_wconf 89' lang='lat' dir='ltr'><strong>vagari</strong></span> <span class='ocrx_word' id='word_1_481' title='bbox 1707 3609 1948 3681; x_wconf 88' lang='lat' dir='ltr'><strong>incipiat</strong></span> <span class='ocrx_word' id='word_1_482' title='bbox 2055 3609 2307 3683; x_wconf 90' lang='lat' dir='ltr'><strong>peccatis</strong></span> <span class='ocrx_word' id='word_1_483' title='bbox 2338 3609 2533 3680; x_wconf 90' lang='lat' dir='ltr'><strong>capiti,</strong></span> <span class='ocrx_word' id='word_1_484' title='bbox 2563 3613 2620 3664; x_wconf 90' lang='lat' dir='ltr'><strong>et</strong></span> <span class='ocrx_word' id='word_1_485' title='bbox 2647 3607 2823 3662; x_wconf 88' lang='lat' dir='ltr'><strong>fronti</strong></span> <span class='ocrx_word' id='word_1_486' title='bbox 2853 3624 3056 3664; x_wconf 90' lang='lat' dir='ltr'><strong>eorum</strong></span> <span class='ocrx_word' id='word_1_487' title='bbox 3079 3607 3459 3679; x_wconf 90' lang='lat' dir='ltr'><strong>imprecantis</strong></span> <span class='ocrx_word' id='word_1_488' title='bbox 3477 3608 3548 3664; x_wconf 90' lang='lat' dir='ltr'><strong>ad</strong></span> <span class='ocrx_word' id='word_1_489' title='bbox 3571 3625 3700 3680; x_wconf 89' lang='lat' dir='ltr'><strong>par-</strong></span> 
     </span>
    </p>
   </div>
   <div class='ocr_carea' id='block_1_39' title="bbox 303 3695 3695 3770">
    <p class='ocr_par' dir='ltr' id='par_1_39' title="bbox 303 3695 3695 3770">
     <span class='ocr_line' id='line_1_39' title="bbox 303 3695 3695 3770; baseline -0 -18"><span class='ocrx_word' id='word_1_490' title='bbox 303 3715 404 3770; x_wconf 90' lang='lat' dir='ltr'><strong>per</strong></span> <span class='ocrx_word' id='word_1_491' title='bbox 425 3713 661 3770; x_wconf 85' lang='lat' dir='ltr'><strong>gregem</strong></span> <span class='ocrx_word' id='word_1_492' title='bbox 686 3695 976 3752; x_wconf 89' lang='lat' dir='ltr'><strong>sodalium</strong></span> <span class='ocrx_word' id='word_1_493' title='bbox 999 3699 1126 3768; x_wconf 90' lang='lat' dir='ltr'><strong>ejus</strong></span> <span class='ocrx_word' id='word_1_494' title='bbox 1146 3698 1327 3769; x_wconf 83' lang='lat' dir='ltr'><strong>(Cant.</strong></span> <span class='ocrx_word' id='word_1_495' title='bbox 1353 3715 1392 3763; x_wconf 83' lang='lat'><strong>1,</strong></span> <span class='ocrx_word' id='word_1_496' title='bbox 1414 3698 1492 3767; x_wconf 84' lang='lat'><strong>6),</strong></span> <span class='ocrx_word' id='word_1_497' title='bbox 1543 3696 1944 3752; x_wconf 66' lang='lat' dir='ltr'><strong>haereticorum</strong></span> <span class='ocrx_word' id='word_1_498' title='bbox 2057 3704 2172 3756; x_wconf 89' lang='lat' dir='ltr'><strong>tem</strong></span> <span class='ocrx_word' id='word_1_499' title='bbox 2203 3697 2416 3754; x_wconf 90' lang='lat' dir='ltr'><strong>diaboli</strong></span> <span class='ocrx_word' id='word_1_500' title='bbox 2449 3715 2482 3752; x_wconf 91' lang='lat' dir='ltr'><strong>a</strong></span> <span class='ocrx_word' id='word_1_501' title='bbox 2519 3698 2628 3752; x_wconf 91' lang='lat' dir='ltr'><strong>Deo</strong></span> <span class='ocrx_word' id='word_1_502' title='bbox 2653 3696 2890 3762; x_wconf 90' lang='lat' dir='ltr'><strong>deserti,</strong></span> <span class='ocrx_word' id='word_1_503' title='bbox 2921 3695 2980 3751; x_wconf 91' lang='lat' dir='ltr'><strong>in</strong></span> <span class='ocrx_word' id='word_1_504' title='bbox 3013 3697 3184 3767; x_wconf 91' lang='lat' dir='ltr'><strong>cujus</strong></span> <span class='ocrx_word' id='word_1_505' title='bbox 3209 3695 3435 3752; x_wconf 83' lang='lat' dir='ltr'><strong>inferno</strong></span> <span class='ocrx_word' id='word_1_506' title='bbox 3494 3696 3695 3752; x_wconf 90' lang='lat' dir='ltr'><strong>nullus</strong></span> 
     </span>
    </p>
   </div>
   <div class='ocr_carea' id='block_1_40' title="bbox 305 3785 3702 3859">
    <p class='ocr_par' dir='ltr' id='par_1_40' title="bbox 305 3785 3702 3859">
     <span class='ocr_line' id='line_1_40' title="bbox 305 3785 3702 3859; baseline -0 -18"><span class='ocrx_word' id='word_1_507' title='bbox 305 3785 550 3855; x_wconf 90' lang='lat' dir='ltr'><strong>scilicet,</strong></span> <span class='ocrx_word' id='word_1_508' title='bbox 575 3786 673 3858; x_wconf 89' lang='lat' dir='ltr'><strong>qui</strong></span> <span class='ocrx_word' id='word_1_509' title='bbox 697 3802 932 3858; x_wconf 89' lang='lat' dir='ltr'><strong>gregem</strong></span> <span class='ocrx_word' id='word_1_510' title='bbox 952 3785 1253 3840; x_wconf 72' lang='lat' dir='ltr'><strong>haedorum</strong></span> <span class='ocrx_word' id='word_1_511' title='bbox 1280 3802 1521 3841; x_wconf 90' lang='lat' dir='ltr'><strong>suorum</strong></span> <span class='ocrx_word' id='word_1_512' title='bbox 1553 3787 1866 3857; x_wconf 89' lang='lat' dir='ltr'><strong>pascendo,</strong></span> <span class='ocrx_word' id='word_1_513' title='bbox 1883 3803 1946 3841; x_wconf 88' lang='lat' dir='ltr'><strong>se</strong></span> <span class='ocrx_word' id='word_1_514' title='bbox 2055 3791 2143 3844; x_wconf 88' lang='lat' dir='ltr'><strong>est</strong></span> <span class='ocrx_word' id='word_1_515' title='bbox 2173 3787 2272 3859; x_wconf 92' lang='lat' dir='ltr'><strong>qui</strong></span> <span class='ocrx_word' id='word_1_516' title='bbox 2299 3787 2644 3842; x_wconf 83' lang='lat' dir='ltr'><strong>conﬁteatur</strong></span> <span class='ocrx_word' id='word_1_517' title='bbox 2677 3785 2921 3840; x_wconf 88' lang='lat' dir='ltr'><strong>Domino</strong></span> <span class='ocrx_word' id='word_1_518' title='bbox 2951 3785 3120 3857; x_wconf 83' lang='lat' dir='ltr'><strong>(Psal.</strong></span> <span class='ocrx_word' id='word_1_519' title='bbox 3153 3802 3229 3850; x_wconf 84' lang='lat' dir='ltr'><strong>v1,</strong></span> <span class='ocrx_word' id='word_1_520' title='bbox 3261 3787 3336 3857; x_wconf 91' lang='lat'><strong>6).</strong></span> <span class='ocrx_word' id='word_1_521' title='bbox 3396 3785 3702 3858; x_wconf 85' lang='lat' dir='ltr'><strong>Accipient</strong></span> 
     </span>
    </p>
   </div>
   <div class='ocr_carea' id='block_1_41' title="bbox 302 3873 3704 3949">
    <p class='ocr_par' dir='ltr' id='par_1_41' title="bbox 302 3873 3704 3949">
     <span class='ocr_line' id='line_1_41' title="bbox 302 3873 3704 3949; baseline -0.001 -18"><span class='ocrx_word' id='word_1_522' title='bbox 302 3874 520 3931; x_wconf 89' lang='lat' dir='ltr'><strong>amicos</strong></span> <span class='ocrx_word' id='word_1_523' title='bbox 539 3874 739 3946; x_wconf 89' lang='lat' dir='ltr'><strong>sponsi</strong></span> <span class='ocrx_word' id='word_1_524' title='bbox 764 3875 1550 3946; x_wconf 83' lang='lat' dir='ltr'><strong>mentiuntur,sponsamque</strong></span> <span class='ocrx_word' id='word_1_525' title='bbox 1569 3891 1680 3930; x_wconf 90' lang='lat' dir='ltr'><strong>non</strong></span> <span class='ocrx_word' id='word_1_526' title='bbox 1706 3891 1942 3946; x_wconf 92' lang='lat' dir='ltr'><strong>sponso,</strong></span> <span class='ocrx_word' id='word_1_527' title='bbox 2055 3892 2190 3949; x_wconf 90' lang='lat' dir='ltr'><strong>ergo</strong></span> <span class='ocrx_word' id='word_1_528' title='bbox 2221 3893 2353 3930; x_wconf 90' lang='lat' dir='ltr'><strong>cum</strong></span> <span class='ocrx_word' id='word_1_529' title='bbox 2386 3874 2570 3930; x_wconf 83' lang='lat' dir='ltr'><strong>haedis</strong></span> <span class='ocrx_word' id='word_1_530' title='bbox 2601 3873 2725 3929; x_wconf 91' lang='lat' dir='ltr'><strong>suis</strong></span> <span class='ocrx_word' id='word_1_531' title='bbox 2744 3878 2982 3938; x_wconf 89' lang='lat' dir='ltr'><strong>sortem,</strong></span> <span class='ocrx_word' id='word_1_532' title='bbox 3006 3874 3302 3929; x_wconf 90' lang='lat' dir='ltr'><strong>desertum</strong></span> <span class='ocrx_word' id='word_1_533' title='bbox 3346 3873 3704 3929; x_wconf 82' lang='lat' dir='ltr'><strong>maledictio-</strong></span> 
     </span>
    </p>
   </div>
   <div class='ocr_carea' id='block_1_42' title="bbox 303 3961 3701 4038">
    <p class='ocr_par' dir='ltr' id='par_1_42' title="bbox 303 3961 3701 4038">
     <span class='ocr_line' id='line_1_42' title="bbox 303 3961 3701 4038; baseline -0.001 -20"><span class='ocrx_word' id='word_1_534' title='bbox 303 3965 402 4019; x_wconf 92' lang='lat' dir='ltr'><strong>sed</strong></span> <span class='ocrx_word' id='word_1_535' title='bbox 425 3962 535 4018; x_wconf 91' lang='lat' dir='ltr'><strong>sibi</strong></span> <span class='ocrx_word' id='word_1_536' title='bbox 559 3962 836 4030; x_wconf 89' lang='lat' dir='ltr'><strong>zelantes,</strong></span> <span class='ocrx_word' id='word_1_537' title='bbox 859 3962 941 4018; x_wconf 91' lang='lat' dir='ltr'><strong>nil</strong></span> <span class='ocrx_word' id='word_1_538' title='bbox 991 3962 1102 4018; x_wconf 90' lang='lat' dir='ltr'><strong>nisi</strong></span> <span class='ocrx_word' id='word_1_539' title='bbox 1155 3963 1512 4018; x_wconf 89' lang='lat' dir='ltr'><strong>adulterium</strong></span> <span class='ocrx_word' id='word_1_540' title='bbox 1564 3963 1943 4019; x_wconf 90' lang='lat' dir='ltr'><strong>meditantur.</strong></span> <span class='ocrx_word' id='word_1_541' title='bbox 2057 3965 2168 4034; x_wconf 90' lang='lat' dir='ltr'><strong>nis,</strong></span> <span class='ocrx_word' id='word_1_542' title='bbox 2203 3965 2300 4038; x_wconf 91' lang='lat' dir='ltr'><strong>qui</strong></span> <span class='ocrx_word' id='word_1_543' title='bbox 2335 3964 2673 4036; x_wconf 77' lang='lat' dir='ltr'><strong>refugerunt</strong></span> <span class='ocrx_word' id='word_1_544' title='bbox 2711 3962 3014 4034; x_wconf 89' lang='lat' dir='ltr'><strong>possidere</strong></span> <span class='ocrx_word' id='word_1_545' title='bbox 3044 3966 3261 4018; x_wconf 91' lang='lat' dir='ltr'><strong>sortem</strong></span> <span class='ocrx_word' id='word_1_546' title='bbox 3293 3961 3404 4017; x_wconf 89' lang='lat' dir='ltr'><strong>sibi</strong></span> <span class='ocrx_word' id='word_1_547' title='bbox 3436 3963 3701 4033; x_wconf 88' lang='lat' dir='ltr'><strong>assigna-</strong></span> 
     </span>
    </p>
   </div>
   <div class='ocr_carea' id='block_1_43' title="bbox 302 4048 3705 4126">
    <p class='ocr_par' dir='ltr' id='par_1_43' title="bbox 302 4048 3705 4126">
     <span class='ocr_line' id='line_1_43' title="bbox 302 4048 3705 4126; baseline -0.001 -20"><span class='ocrx_word' id='word_1_548' title='bbox 302 4051 484 4119; x_wconf 90' lang='lat' dir='ltr'><strong>Unde,</strong></span> <span class='ocrx_word' id='word_1_549' title='bbox 501 4052 670 4122; x_wconf 87' lang='lat' dir='ltr'><strong>juxta</strong></span> <span class='ocrx_word' id='word_1_550' title='bbox 692 4052 1111 4124; x_wconf 88' lang='lat' dir='ltr'><strong>expositionem</strong></span> <span class='ocrx_word' id='word_1_551' title='bbox 1139 4051 1288 4106; x_wconf 87' lang='lat' dir='ltr'><strong>beati</strong></span> <span class='ocrx_word' id='word_1_552' title='bbox 1317 4052 1666 4124; x_wconf 81' lang='lat' dir='ltr'><strong>Hieronymi,</strong></span> <span class='ocrx_word' id='word_1_553' title='bbox 1692 4068 1946 4124; x_wconf 90' lang='lat' dir='ltr'><strong>sponsus</strong></span> <span class='ocrx_word' id='word_1_554' title='bbox 2058 4061 2200 4120; x_wconf 89' lang='lat' dir='ltr'><strong>tam,</strong></span> <span class='ocrx_word' id='word_1_555' title='bbox 2236 4052 2578 4126; x_wconf 90' lang='lat' dir='ltr'><strong>paradisum</strong></span> <span class='ocrx_word' id='word_1_556' title='bbox 2610 4050 3054 4107; x_wconf 90' lang='lat' dir='ltr'><strong>benedictionis.</strong></span> <span class='ocrx_word' id='word_1_557' title='bbox 3083 4049 3247 4104; x_wconf 87' lang='lat' dir='ltr'><strong>Fient</strong></span> <span class='ocrx_word' id='word_1_558' title='bbox 3274 4048 3461 4103; x_wconf 91' lang='lat' dir='ltr'><strong>clerus</strong></span> <span class='ocrx_word' id='word_1_559' title='bbox 3488 4049 3705 4104; x_wconf 87' lang='lat' dir='ltr'><strong>diaboli</strong></span> 
     </span>
    </p>
   </div>
   <div class='ocr_carea' id='block_1_44' title="bbox 301 4133 3699 4216">
    <p class='ocr_par' dir='ltr' id='par_1_44' title="bbox 301 4133 3699 4216">
     <span class='ocr_line' id='line_1_44' title="bbox 301 4133 3699 4216; baseline -0.002 -21"><span class='ocrx_word' id='word_1_560' title='bbox 301 4141 488 4195; x_wconf 88' lang='lat' dir='ltr'><strong>eidem</strong></span> <span class='ocrx_word' id='word_1_561' title='bbox 513 4141 819 4211; x_wconf 79' lang='lat' dir='ltr'><strong>sponszein</strong></span> <span class='ocrx_word' id='word_1_562' title='bbox 847 4141 1100 4197; x_wconf 88' lang='lat' dir='ltr'><strong>Canticis</strong></span> <span class='ocrx_word' id='word_1_563' title='bbox 1123 4140 1486 4195; x_wconf 90' lang='lat' dir='ltr'><strong>canticorum</strong></span> <span class='ocrx_word' id='word_1_564' title='bbox 1528 4141 1944 4211; x_wconf 90' lang='lat' dir='ltr'><strong>comminatur,</strong></span> <span class='ocrx_word' id='word_1_565' title='bbox 2055 4147 2112 4200; x_wconf 85' lang='lat' dir='ltr'><strong>et</strong></span> <span class='ocrx_word' id='word_1_566' title='bbox 2130 4157 2428 4216; x_wconf 83' lang='lat' dir='ltr'><strong>synagoga</strong></span> <span class='ocrx_word' id='word_1_567' title='bbox 2460 4141 2712 4207; x_wconf 64' lang='lat' dir='ltr'><strong>Satanae,</strong></span> <span class='ocrx_word' id='word_1_568' title='bbox 2747 4139 2890 4211; x_wconf 90' lang='lat' dir='ltr'><strong>quia</strong></span> <span class='ocrx_word' id='word_1_569' title='bbox 2919 4139 3272 4193; x_wconf 89' lang='lat' dir='ltr'><strong>recusarunt</strong></span> <span class='ocrx_word' id='word_1_570' title='bbox 3326 4133 3546 4188; x_wconf 89' lang='lat' dir='ltr'><strong>clerum</strong></span> <span class='ocrx_word' id='word_1_571' title='bbox 3596 4135 3699 4188; x_wconf 92' lang='lat' dir='ltr'><strong>Dei</strong></span> 
     </span>
    </p>
   </div>
   <div class='ocr_carea' id='block_1_45' title="bbox 301 4221 3699 4301">
    <p class='ocr_par' dir='ltr' id='par_1_45' title="bbox 301 4221 3699 4301">
     <span class='ocr_line' id='line_1_45' title="bbox 301 4221 3699 4301; baseline -0.001 -17"><span class='ocrx_word' id='word_1_572' title='bbox 301 4233 358 4284; x_wconf 88' lang='lat' dir='ltr'><strong>et</strong></span> <span class='ocrx_word' id='word_1_573' title='bbox 379 4229 552 4282; x_wconf 90' lang='lat' dir='ltr'><strong>dicit:</strong></span> <span class='ocrx_word' id='word_1_574' title='bbox 587 4233 688 4282; x_wconf 88' lang='lat' dir='ltr'><strong>aut</strong></span> <span class='ocrx_word' id='word_1_575' title='bbox 719 4244 1002 4300; x_wconf 89' lang='lat' dir='ltr'><strong>cognosce</strong></span> <span class='ocrx_word' id='word_1_576' title='bbox 1033 4228 1409 4300; x_wconf 89' lang='lat' dir='ltr'><strong>temetipsam</strong></span> <span class='ocrx_word' id='word_1_577' title='bbox 1443 4229 1720 4300; x_wconf 89' lang='lat' dir='ltr'><strong>quoniam</strong></span> <span class='ocrx_word' id='word_1_578' title='bbox 1775 4229 1946 4301; x_wconf 84' lang='lat' dir='ltr'><strong>Regis</strong></span> <span class='ocrx_word' id='word_1_579' title='bbox 2056 4237 2114 4289; x_wconf 89' lang='lat' dir='ltr'><strong>et</strong></span> <span class='ocrx_word' id='word_1_580' title='bbox 2142 4230 2412 4287; x_wconf 70' lang='lat' dir='ltr'><strong>Ecclesize</strong></span> <span class='ocrx_word' id='word_1_581' title='bbox 2444 4246 2592 4286; x_wconf 90' lang='lat' dir='ltr'><strong>esse.</strong></span> <span class='ocrx_word' id='word_1_582' title='bbox 2627 4228 2786 4293; x_wconf 89' lang='lat' dir='ltr'><strong>Quod</strong></span> <span class='ocrx_word' id='word_1_583' title='bbox 2817 4222 3268 4295; x_wconf 87' lang='lat' dir='ltr'><strong>incomparabile</strong></span> <span class='ocrx_word' id='word_1_584' title='bbox 3300 4221 3522 4276; x_wconf 81' lang='lat' dir='ltr'><strong>malum</strong></span> <span class='ocrx_word' id='word_1_585' title='bbox 3554 4221 3699 4278; x_wconf 89' lang='lat' dir='ltr'><strong>dum</strong></span> 
     </span>
    </p>
   </div>
   <div class='ocr_carea' id='block_1_46' title="bbox 301 4309 3701 4395">
    <p class='ocr_par' dir='ltr' id='par_1_46' title="bbox 301 4309 3701 4395">
     <span class='ocr_line' id='line_1_46' title="bbox 301 4309 3701 4395; baseline -0.002 -22"><span class='ocrx_word' id='word_1_586' title='bbox 301 4334 363 4373; x_wconf 92' lang='lat' dir='ltr'><strong>es</strong></span> <span class='ocrx_word' id='word_1_587' title='bbox 395 4333 614 4387; x_wconf 89' lang='lat' dir='ltr'><strong>sponsa</strong></span> <span class='ocrx_word' id='word_1_588' title='bbox 644 4321 700 4371; x_wconf 89' lang='lat' dir='ltr'><strong>et</strong></span> <span class='ocrx_word' id='word_1_589' title='bbox 732 4317 1012 4386; x_wconf 83' lang='lat' dir='ltr'><strong>formosa,</strong></span> <span class='ocrx_word' id='word_1_590' title='bbox 1046 4322 1102 4372; x_wconf 88' lang='lat' dir='ltr'><strong>et</strong></span> <span class='ocrx_word' id='word_1_591' title='bbox 1134 4334 1167 4371; x_wconf 91' lang='lat' dir='ltr'><strong>a</strong></span> <span class='ocrx_word' id='word_1_592' title='bbox 1195 4334 1287 4371; x_wconf 89' lang='lat' dir='ltr'><strong>me</strong></span> <span class='ocrx_word' id='word_1_593' title='bbox 1350 4318 1499 4372; x_wconf 83' lang='lat' dir='ltr'><strong>facta</strong></span> <span class='ocrx_word' id='word_1_594' title='bbox 1558 4319 1834 4383; x_wconf 78' lang='lat' dir='ltr'><strong>formosa,</strong></span> <span class='ocrx_word' id='word_1_595' title='bbox 1867 4319 1946 4373; x_wconf 89' lang='lat' dir='ltr'><strong>si-</strong></span> <span class='ocrx_word' id='word_1_596' title='bbox 2056 4320 2364 4395; x_wconf 86' lang='lat' dir='ltr'><strong>vigilanter</strong></span> <span class='ocrx_word' id='word_1_597' title='bbox 2394 4336 2509 4374; x_wconf 91' lang='lat' dir='ltr'><strong>non</strong></span> <span class='ocrx_word' id='word_1_598' title='bbox 2541 4322 2792 4380; x_wconf 86' lang='lat' dir='ltr'><strong>cavetur,</strong></span> <span class='ocrx_word' id='word_1_599' title='bbox 2827 4318 3019 4369; x_wconf 89' lang='lat' dir='ltr'><strong>tantos</strong></span> <span class='ocrx_word' id='word_1_600' title='bbox 3076 4310 3201 4366; x_wconf 89' lang='lat' dir='ltr'><strong>sine</strong></span> <span class='ocrx_word' id='word_1_601' title='bbox 3263 4309 3701 4366; x_wconf 85' lang='lat' dir='ltr'><strong>intermissione</strong></span> 
     </span>
    </p>
   </div>
   <div class='ocr_carea' id='block_1_47' title="bbox 303 4397 3702 4478">
    <p class='ocr_par' dir='ltr' id='par_1_47' title="bbox 303 4397 3702 4478">
     <span class='ocr_line' id='line_1_47' title="bbox 303 4397 3702 4478; baseline -0.001 -18"><span class='ocrx_word' id='word_1_602' title='bbox 303 4405 540 4477; x_wconf 90' lang='lat' dir='ltr'><strong>quidem</strong></span> <span class='ocrx_word' id='word_1_603' title='bbox 591 4420 696 4476; x_wconf 90' lang='lat' dir='ltr'><strong>ego</strong></span> <span class='ocrx_word' id='word_1_604' title='bbox 754 4405 900 4459; x_wconf 92' lang='lat' dir='ltr'><strong>mihi</strong></span> <span class='ocrx_word' id='word_1_605' title='bbox 959 4404 1194 4461; x_wconf 84' lang='lat' dir='ltr'><strong>exhibui</strong></span> <span class='ocrx_word' id='word_1_606' title='bbox 1254 4405 1568 4478; x_wconf 88' lang='lat' dir='ltr'><strong>gloriosam</strong></span> <span class='ocrx_word' id='word_1_607' title='bbox 1629 4405 1942 4462; x_wconf 87' lang='lat' dir='ltr'><strong>Ecclesiam</strong></span> <span class='ocrx_word' id='word_1_608' title='bbox 2057 4411 2232 4466; x_wconf 81' lang='lat' dir='ltr'><strong>iufert</strong></span> <span class='ocrx_word' id='word_1_609' title='bbox 2261 4407 2526 4464; x_wconf 76' lang='lat' dir='ltr'><strong>Ecclesia:</strong></span> <span class='ocrx_word' id='word_1_610' title='bbox 2557 4406 2658 4462; x_wconf 90' lang='lat' dir='ltr'><strong>Dei</strong></span> <span class='ocrx_word' id='word_1_611' title='bbox 2689 4403 2970 4468; x_wconf 79' lang='lat' dir='ltr'><strong>defectus,</strong></span> <span class='ocrx_word' id='word_1_612' title='bbox 3006 4403 3071 4454; x_wconf 90' lang='lat' dir='ltr'><strong>ut</strong></span> <span class='ocrx_word' id='word_1_613' title='bbox 3097 4397 3256 4455; x_wconf 88' lang='lat' dir='ltr'><strong>velut</strong></span> <span class='ocrx_word' id='word_1_614' title='bbox 3283 4398 3428 4454; x_wconf 89' lang='lat' dir='ltr'><strong>luna</strong></span> <span class='ocrx_word' id='word_1_615' title='bbox 3458 4398 3519 4454; x_wconf 93' lang='lat' dir='ltr'><strong>in</strong></span> <span class='ocrx_word' id='word_1_616' title='bbox 3543 4415 3702 4455; x_wconf 88' lang='lat' dir='ltr'><strong>men-</strong></span> 
     </span>
    </p>
   </div>
   <div class='ocr_carea' id='block_1_48' title="bbox 303 4487 3701 4567">
    <p class='ocr_par' dir='ltr' id='par_1_48' title="bbox 303 4487 3701 4567">
     <span class='ocr_line' id='line_1_48' title="bbox 303 4487 3701 4567; baseline -0.002 -17"><span class='ocrx_word' id='word_1_617' title='bbox 303 4511 418 4550; x_wconf 89' lang='lat' dir='ltr'><strong>non</strong></span> <span class='ocrx_word' id='word_1_618' title='bbox 450 4493 762 4549; x_wconf 87' lang='lat' dir='ltr'><strong>habentem</strong></span> <span class='ocrx_word' id='word_1_619' title='bbox 797 4493 1108 4562; x_wconf 87' lang='lat' dir='ltr'><strong>maculam,</strong></span> <span class='ocrx_word' id='word_1_620' title='bbox 1136 4512 1324 4566; x_wconf 89' lang='lat' dir='ltr'><strong>neque</strong></span> <span class='ocrx_word' id='word_1_621' title='bbox 1358 4512 1563 4567; x_wconf 90' lang='lat' dir='ltr'><strong>rugam</strong></span> <span class='ocrx_word' id='word_1_622' title='bbox 1600 4513 1612 4562; x_wconf 94' lang='lat'><strong>;</strong></span> <span class='ocrx_word' id='word_1_623' title='bbox 1647 4501 1747 4550; x_wconf 91' lang='lat' dir='ltr'><strong>aut</strong></span> <span class='ocrx_word' id='word_1_624' title='bbox 1777 4495 1944 4562; x_wconf 91' lang='lat' dir='ltr'><strong>scito,</strong></span> <span class='ocrx_word' id='word_1_625' title='bbox 2058 4503 2220 4555; x_wconf 88' lang='lat' dir='ltr'><strong>struo</strong></span> <span class='ocrx_word' id='word_1_626' title='bbox 2244 4515 2348 4554; x_wconf 90' lang='lat' dir='ltr'><strong>seu</strong></span> <span class='ocrx_word' id='word_1_627' title='bbox 2380 4493 2714 4558; x_wconf 88' lang='lat' dir='ltr'><strong>interlunio,</strong></span> <span class='ocrx_word' id='word_1_628' title='bbox 2747 4487 3013 4561; x_wconf 87' lang='lat' dir='ltr'><strong>quamvis</strong></span> <span class='ocrx_word' id='word_1_629' title='bbox 3044 4488 3269 4560; x_wconf 89' lang='lat' dir='ltr'><strong>integra</strong></span> <span class='ocrx_word' id='word_1_630' title='bbox 3299 4487 3394 4555; x_wconf 90' lang='lat' dir='ltr'><strong>sit,</strong></span> <span class='ocrx_word' id='word_1_631' title='bbox 3428 4491 3532 4542; x_wconf 91' lang='lat' dir='ltr'><strong>aut</strong></span> <span class='ocrx_word' id='word_1_632' title='bbox 3590 4487 3701 4543; x_wconf 83' lang='lat' dir='ltr'><strong>mi-</strong></span> 
     </span>
    </p>
   </div>
   <div class='ocr_carea' id='block_1_49' title="bbox 306 4575 3699 4668">
    <p class='ocr_par' dir='ltr' id='par_1_49' title="bbox 306 4575 3699 4668">
     <span class='ocr_line' id='line_1_49' title="bbox 306 4575 3699 4668; baseline -0.003 -29"><span class='ocrx_word' id='word_1_633' title='bbox 306 4582 444 4655; x_wconf 83' lang='lat' dir='ltr'><strong>quia</strong></span> <span class='ocrx_word' id='word_1_634' title='bbox 476 4582 522 4638; x_wconf 90' lang='lat' dir='ltr'><strong>si</strong></span> <span class='ocrx_word' id='word_1_635' title='bbox 557 4587 612 4637; x_wconf 90' lang='lat' dir='ltr'><strong>te</strong></span> <span class='ocrx_word' id='word_1_636' title='bbox 643 4599 758 4637; x_wconf 90' lang='lat' dir='ltr'><strong>non</strong></span> <span class='ocrx_word' id='word_1_637' title='bbox 791 4585 1151 4656; x_wconf 88' lang='lat' dir='ltr'><strong>cognoveris,</strong></span> <span class='ocrx_word' id='word_1_638' title='bbox 1185 4590 1240 4640; x_wconf 91' lang='lat' dir='ltr'><strong>et</strong></span> <span class='ocrx_word' id='word_1_639' title='bbox 1274 4590 1437 4639; x_wconf 88' lang='lat' dir='ltr'><strong>tuam</strong></span> <span class='ocrx_word' id='word_1_640' title='bbox 1487 4584 1802 4640; x_wconf 89' lang='lat' dir='ltr'><strong>nesciveris</strong></span> <span class='ocrx_word' id='word_1_641' title='bbox 1859 4585 1946 4640; x_wconf 93' lang='lat' dir='ltr'><strong>di-</strong></span> <span class='ocrx_word' id='word_1_642' title='bbox 1981 4603 2028 4668; x_wconf 69' lang='grc' dir='ltr'>Β</span> <span class='ocrx_word' id='word_1_643' title='bbox 2061 4589 2240 4656; x_wconf 86' lang='lat' dir='ltr'><strong>nima,</strong></span> <span class='ocrx_word' id='word_1_644' title='bbox 2275 4592 2375 4643; x_wconf 87' lang='lat' dir='ltr'><strong>aut</strong></span> <span class='ocrx_word' id='word_1_645' title='bbox 2406 4583 2564 4640; x_wconf 91' lang='lat' dir='ltr'><strong>nulla</strong></span> <span class='ocrx_word' id='word_1_646' title='bbox 2593 4581 2874 4635; x_wconf 89' lang='lat' dir='ltr'><strong>videatur.</strong></span> <span class='ocrx_word' id='word_1_647' title='bbox 2909 4577 3071 4642; x_wconf 90' lang='lat' dir='ltr'><strong>Quod</strong></span> <span class='ocrx_word' id='word_1_648' title='bbox 3104 4577 3157 4633; x_wconf 91' lang='lat' dir='ltr'><strong>ei</strong></span> <span class='ocrx_word' id='word_1_649' title='bbox 3198 4576 3415 4632; x_wconf 88' lang='lat' dir='ltr'><strong>idcirco</strong></span> <span class='ocrx_word' id='word_1_650' title='bbox 3468 4575 3699 4642; x_wconf 88' lang='lat' dir='ltr'><strong>accidit,</strong></span> 
     </span>
    </p>
   </div>
   <div class='ocr_carea' id='block_1_50' title="bbox 306 4666 3700 4750">
    <p class='ocr_par' dir='ltr' id='par_1_50' title="bbox 306 4666 3700 4750">
     <span class='ocr_line' id='line_1_50' title="bbox 306 4666 3700 4750; baseline -0.006 -9"><span class='ocrx_word' id='word_1_651' title='bbox 306 4673 615 4746; x_wconf 69' lang='lat' dir='ltr'><strong>anitatem,</strong></span> <span class='ocrx_word' id='word_1_652' title='bbox 650 4672 887 4743; x_wconf 62' lang='lat' dir='ltr'><strong>Patieris</strong></span> <span class='ocrx_word' id='word_1_653' title='bbox 927 4672 1048 4729; x_wconf 64' lang='lat' dir='ltr'><strong>ham</strong></span> <span class='ocrx_word' id='word_1_654' title='bbox 1079 4691 1208 4746; x_wconf 67' lang='lat' dir='ltr'><strong>qum</strong></span> <span class='ocrx_word' id='word_1_655' title='bbox 1268 4677 1614 4745; x_wconf 70' lang='lat' dir='ltr'><strong>sequuntur.</strong></span> <span class='ocrx_word' id='word_1_656' title='bbox 1677 4673 1950 4737; x_wconf 53' lang='lat' dir='ltr'><strong>Quanam</strong></span> <span class='ocrx_word' id='word_1_657' title='bbox 1982 4666 2016 4668; x_wconf 63' lang='lat'>_</span> <span class='ocrx_word' id='word_1_658' title='bbox 2064 4678 2202 4750; x_wconf 91' lang='lat' dir='ltr'><strong>quia</strong></span> <span class='ocrx_word' id='word_1_659' title='bbox 2231 4693 2292 4733; x_wconf 91' lang='lat' dir='ltr'><strong>se</strong></span> <span class='ocrx_word' id='word_1_660' title='bbox 2325 4676 2590 4747; x_wconf 87' lang='lat' dir='ltr'><strong>ignorare</strong></span> <span class='ocrx_word' id='word_1_661' title='bbox 2620 4668 2796 4724; x_wconf 89' lang='lat' dir='ltr'><strong>etiam</strong></span> <span class='ocrx_word' id='word_1_662' title='bbox 2827 4671 3093 4739; x_wconf 90' lang='lat' dir='ltr'><strong>correpta</strong></span> <span class='ocrx_word' id='word_1_663' title='bbox 3122 4671 3180 4722; x_wconf 91' lang='lat' dir='ltr'><strong>et</strong></span> <span class='ocrx_word' id='word_1_664' title='bbox 3208 4666 3570 4722; x_wconf 90' lang='lat' dir='ltr'><strong>commonita</strong></span> <span class='ocrx_word' id='word_1_665' title='bbox 3586 4682 3700 4722; x_wconf 90' lang='lat' dir='ltr'><strong>non</strong></span> 
     </span>
    </p>
   </div>
   <div class='ocr_carea' id='block_1_51' title="bbox 303 4755 3700 4835">
    <p class='ocr_par' dir='ltr' id='par_1_51' title="bbox 303 4755 3700 4835">
     <span class='ocr_line' id='line_1_51' title="bbox 303 4755 3700 4835; baseline -0.002 -18"><span class='ocrx_word' id='word_1_666' title='bbox 303 4763 418 4819; x_wconf 88' lang='lat' dir='ltr'><strong>ista</strong></span> <span class='ocrx_word' id='word_1_667' title='bbox 445 4767 585 4818; x_wconf 91' lang='lat' dir='ltr'><strong>sunt</strong></span> <span class='ocrx_word' id='word_1_668' title='bbox 613 4762 640 4817; x_wconf 80' lang='lat' dir='ltr'><strong>‘l</strong></span> <span class='ocrx_word' id='word_1_669' title='bbox 671 4761 729 4817; x_wconf 91' lang='lat' dir='ltr'><strong>Si</strong></span> <span class='ocrx_word' id='word_1_670' title='bbox 763 4779 877 4817; x_wconf 90' lang='lat' dir='ltr'><strong>non</strong></span> <span class='ocrx_word' id='word_1_671' title='bbox 913 4763 1252 4835; x_wconf 91' lang='lat' dir='ltr'><strong>cognoveris</strong></span> <span class='ocrx_word' id='word_1_672' title='bbox 1310 4761 1704 4834; x_wconf 81' lang='lat' dir='ltr'><strong>temetipsam,</strong></span> <span class='ocrx_word' id='word_1_673' title='bbox 1739 4780 1770 4818; x_wconf 91' lang='grc' dir='ltr'>ο</span> <span class='ocrx_word' id='word_1_674' title='bbox 1820 4762 1951 4834; x_wconf 76' lang='lat' dir='ltr'><strong>pul-</strong></span> <span class='ocrx_word' id='word_1_675' title='bbox 2061 4765 2374 4823; x_wconf 89' lang='lat' dir='ltr'><strong>erubescit.</strong></span> <span class='ocrx_word' id='word_1_676' title='bbox 2408 4760 2569 4816; x_wconf 90' lang='lat' dir='ltr'><strong>Unde</strong></span> <span class='ocrx_word' id='word_1_677' title='bbox 2602 4759 2755 4828; x_wconf 83' lang='lat' dir='ltr'><strong>iusto</strong></span> <span class='ocrx_word' id='word_1_678' title='bbox 2787 4755 2884 4812; x_wconf 83' lang='lat' dir='ltr'><strong>Dei</strong></span> <span class='ocrx_word' id='word_1_679' title='bbox 2905 4755 3152 4827; x_wconf 88' lang='lat' dir='ltr'><strong>judicio,</strong></span> <span class='ocrx_word' id='word_1_680' title='bbox 3184 4771 3310 4826; x_wconf 76' lang='lat' dir='ltr'><strong>quae</strong></span> <span class='ocrx_word' id='word_1_681' title='bbox 3341 4771 3403 4810; x_wconf 90' lang='lat' dir='ltr'><strong>se</strong></span> <span class='ocrx_word' id='word_1_682' title='bbox 3452 4756 3700 4827; x_wconf 84' lang='lat' dir='ltr'><strong>ignorat,</strong></span> 
     </span>
    </p>
   </div>
   <div class='ocr_carea' id='block_1_52' title="bbox 301 4842 3708 4924">
    <p class='ocr_par' dir='ltr' id='par_1_52' title="bbox 301 4842 3708 4924">
     <span class='ocr_line' id='line_1_52' title="bbox 301 4842 3708 4924; baseline -0.003 -16"><span class='ocrx_word' id='word_1_683' title='bbox 301 4852 442 4908; x_wconf 89' lang='lat' dir='ltr'><strong>chra</strong></span> <span class='ocrx_word' id='word_1_684' title='bbox 473 4852 530 4906; x_wconf 91' lang='lat' dir='ltr'><strong>in</strong></span> <span class='ocrx_word' id='word_1_685' title='bbox 566 4850 936 4919; x_wconf 89' lang='lat' dir='ltr'><strong>mulieribus,</strong></span> <span class='ocrx_word' id='word_1_686' title='bbox 990 4852 1261 4924; x_wconf 87' lang='lat' dir='ltr'><strong>egredere</strong></span> <span class='ocrx_word' id='word_1_687' title='bbox 1292 4855 1353 4905; x_wconf 92' lang='lat' dir='ltr'><strong>tu</strong></span> <span class='ocrx_word' id='word_1_688' title='bbox 1387 4850 1447 4905; x_wconf 90' lang='lat' dir='ltr'><strong>in</strong></span> <span class='ocrx_word' id='word_1_689' title='bbox 1507 4851 1768 4922; x_wconf 86' lang='lat' dir='ltr'><strong>vestigiis</strong></span> <span class='ocrx_word' id='word_1_690' title='bbox 1825 4867 1950 4923; x_wconf 88' lang='lat' dir='ltr'><strong>gre-</strong></span> <span class='ocrx_word' id='word_1_691' title='bbox 2063 4856 2205 4912; x_wconf 90' lang='lat' dir='ltr'><strong>adeo</strong></span> <span class='ocrx_word' id='word_1_692' title='bbox 2228 4850 2441 4908; x_wconf 90' lang='lat' dir='ltr'><strong>etsuis</strong></span> <span class='ocrx_word' id='word_1_693' title='bbox 2473 4848 2796 4919; x_wconf 85' lang='lat' dir='ltr'><strong>ignoratur,</strong></span> <span class='ocrx_word' id='word_1_694' title='bbox 2829 4849 2892 4900; x_wconf 89' lang='lat' dir='ltr'><strong>ut</strong></span> <span class='ocrx_word' id='word_1_695' title='bbox 2931 4845 3057 4916; x_wconf 90' lang='lat' dir='ltr'><strong>jam</strong></span> <span class='ocrx_word' id='word_1_696' title='bbox 3109 4862 3143 4901; x_wconf 89' lang='lat' dir='ltr'><strong>a</strong></span> <span class='ocrx_word' id='word_1_697' title='bbox 3195 4843 3468 4917; x_wconf 88' lang='lat' dir='ltr'><strong>pluribus</strong></span> <span class='ocrx_word' id='word_1_698' title='bbox 3521 4859 3595 4899; x_wconf 89' lang='lat' dir='ltr'><strong>an</strong></span> <span class='ocrx_word' id='word_1_699' title='bbox 3628 4842 3708 4899; x_wconf 92' lang='lat' dir='ltr'><strong>sit</strong></span> 
     </span>
    </p>
   </div>
   <div class='ocr_carea' id='block_1_53' title="bbox 306 4937 2611 5016">
    <p class='ocr_par' dir='ltr' id='par_1_53' title="bbox 306 4937 2611 5016">
     <span class='ocr_line' id='line_1_53' title="bbox 306 4937 2611 5016; baseline -0.003 -20"><span class='ocrx_word' id='word_1_700' title='bbox 306 4957 472 5014; x_wconf 90' lang='lat' dir='ltr'><strong>gum,</strong></span> <span class='ocrx_word' id='word_1_701' title='bbox 507 4945 564 4996; x_wconf 90' lang='lat' dir='ltr'><strong>et</strong></span> <span class='ocrx_word' id='word_1_702' title='bbox 593 4957 766 5013; x_wconf 88' lang='lat' dir='ltr'><strong>pasce</strong></span> <span class='ocrx_word' id='word_1_703' title='bbox 797 4940 995 4996; x_wconf 62' lang='lat' dir='ltr'><strong>haedos</strong></span> <span class='ocrx_word' id='word_1_704' title='bbox 1027 4946 1158 4996; x_wconf 91' lang='lat' dir='ltr'><strong>tuos</strong></span> <span class='ocrx_word' id='word_1_705' title='bbox 1200 4939 1597 4996; x_wconf 88' lang='lat' dir='ltr'><strong>tabernaculis</strong></span> <span class='ocrx_word' id='word_1_706' title='bbox 1628 4943 1951 5012; x_wconf 90' lang='lat' dir='ltr'><strong>pastorum,</strong></span> <span class='ocrx_word' id='word_1_707' title='bbox 2064 4944 2262 5016; x_wconf 86' lang='lat' dir='ltr'><strong>aliqua</strong></span> <span class='ocrx_word' id='word_1_708' title='bbox 2293 4937 2611 4996; x_wconf 88' lang='lat' dir='ltr'><strong>dubitetur.</strong></span> 
     </span>
    </p>
   </div>
   <div class='ocr_carea' id='block_1_54' title="bbox 302 5029 3145 5102">
    <p class='ocr_par' dir='ltr' id='par_1_54' title="bbox 302 5029 3145 5102">
     <span class='ocr_line' id='line_1_54' title="bbox 302 5029 3145 5102; baseline 0.001 -17"><span class='ocrx_word' id='word_1_709' title='bbox 302 5035 360 5086; x_wconf 89' lang='lat' dir='ltr'><strong>et</strong></span> <span class='ocrx_word' id='word_1_710' title='bbox 392 5046 596 5102; x_wconf 89' lang='lat' dir='ltr'><strong>pasces</strong></span> <span class='ocrx_word' id='word_1_711' title='bbox 626 5045 742 5084; x_wconf 92' lang='lat' dir='ltr'><strong>non</strong></span> <span class='ocrx_word' id='word_1_712' title='bbox 776 5045 982 5101; x_wconf 87' lang='lat' dir='ltr'><strong>greges</strong></span> <span class='ocrx_word' id='word_1_713' title='bbox 1013 5029 1231 5096; x_wconf 90' lang='lat' dir='ltr'><strong>ovium,</strong></span> <span class='ocrx_word' id='word_1_714' title='bbox 1258 5045 1374 5085; x_wconf 91' lang='lat' dir='ltr'><strong>non</strong></span> <span class='ocrx_word' id='word_1_715' title='bbox 1399 5029 1813 5102; x_wconf 91' lang='lat' dir='ltr'><strong>agnorum,sed</strong></span> <span class='ocrx_word' id='word_1_716' title='bbox 1837 5029 1952 5084; x_wconf 73' lang='lat' dir='ltr'><strong>haz-</strong></span> <span class='ocrx_word' id='word_1_717' title='bbox 2620 5041 2856 5098; x_wconf 76' lang='lat' dir='ltr'><strong>CAPUT</strong></span> <span class='ocrx_word' id='word_1_718' title='bbox 2897 5041 3145 5097; x_wconf 80' lang='lat' dir='ltr'><strong>xxxm.</strong></span> 
     </span>
    </p>
   </div>
   <div class='ocr_carea' id='block_1_55' title="bbox 303 5115 1884 5196">
    <p class='ocr_par' dir='ltr' id='par_1_55' title="bbox 303 5117 1878 5190">
     <span class='ocr_line' id='line_1_55' title="bbox 303 5117 1878 5190; baseline 0 -16"><span class='ocrx_word' id='word_1_719' title='bbox 303 5119 409 5174; x_wconf 91' lang='lat' dir='ltr'><strong>dos</strong></span> <span class='ocrx_word' id='word_1_720' title='bbox 431 5122 564 5173; x_wconf 85' lang='lat' dir='ltr'><strong>tuos</strong></span> <span class='ocrx_word' id='word_1_721' title='bbox 584 5119 768 5188; x_wconf 82' lang='lat' dir='ltr'><strong>(Ibid.,</strong></span> <span class='ocrx_word' id='word_1_722' title='bbox 791 5120 865 5189; x_wconf 90' lang='lat'><strong>7).</strong></span> <span class='ocrx_word' id='word_1_723' title='bbox 891 5119 1105 5174; x_wconf 89' lang='lat' dir='ltr'><strong>Statuit</strong></span> <span class='ocrx_word' id='word_1_724' title='bbox 1130 5119 1346 5190; x_wconf 88' lang='lat' dir='ltr'><strong>quippe</strong></span> <span class='ocrx_word' id='word_1_725' title='bbox 1363 5133 1499 5173; x_wconf 89' lang='lat' dir='ltr'><strong>oves</strong></span> <span class='ocrx_word' id='word_1_726' title='bbox 1521 5135 1555 5173; x_wconf 89' lang='lat' dir='ltr'><strong>a</strong></span> <span class='ocrx_word' id='word_1_727' title='bbox 1585 5117 1822 5186; x_wconf 87' lang='lat' dir='ltr'><strong>dextris,</strong></span> <span class='ocrx_word' id='word_1_728' title='bbox 1849 5135 1878 5174; x_wconf 86' lang='lat' dir='ltr'><strong>e</strong></span> 
     </span>
    </p>
   </div>
   <div class='ocr_carea' id='block_1_56' title="bbox 1932 5115 3513 5196">
    <p class='ocr_par' dir='ltr' id='par_1_56' title="bbox 1932 5115 3513 5196">
     <span class='ocr_line' id='line_1_56' title="bbox 1932 5115 3513 5196; baseline -0.006 -3"><span class='ocrx_word' id='word_1_729' title='bbox 1932 5136 1955 5173; x_wconf 62' lang='grc'><strong>⁵</strong></span> <span class='ocrx_word' id='word_1_730' title='bbox 2259 5137 2332 5191; x_wconf 88' lang='lat' dir='ltr'><strong>De</strong></span> <span class='ocrx_word' id='word_1_731' title='bbox 2360 5133 2728 5189; x_wconf 82' lang='lat' dir='ltr'><strong>diminutione</strong></span> <span class='ocrx_word' id='word_1_732' title='bbox 2756 5131 3028 5196; x_wconf 67' lang='lat' dir='ltr'><strong>Ecclesiae,</strong></span> <span class='ocrx_word' id='word_1_733' title='bbox 3060 5139 3111 5187; x_wconf 81' lang='lat' dir='ltr'><strong>et</strong></span> <span class='ocrx_word' id='word_1_734' title='bbox 3139 5115 3513 5186; x_wconf 60' lang='lat' dir='ltr'><strong>hxfeticorum</strong></span> 
     </span>
    </p>
   </div>
   <div class='ocr_carea' id='block_1_57' title="bbox 304 5203 3137 5281">
    <p class='ocr_par' dir='ltr' id='par_1_57' title="bbox 304 5203 3137 5281">
     <span class='ocr_line' id='line_1_57' title="bbox 304 5203 3137 5281; baseline -0.002 -18"><span class='ocrx_word' id='word_1_735' title='bbox 304 5207 570 5264; x_wconf 90' lang='lat' dir='ltr'><strong>sinistris</strong></span> <span class='ocrx_word' id='word_1_736' title='bbox 597 5207 814 5263; x_wconf 70' lang='lat' dir='ltr'><strong>haedos.</strong></span> <span class='ocrx_word' id='word_1_737' title='bbox 843 5209 904 5262; x_wconf 93' lang='lat' dir='ltr'><strong>In</strong></span> <span class='ocrx_word' id='word_1_738' title='bbox 937 5207 1751 5281; x_wconf 88' lang='lat' dir='ltr'><strong>vestigiis,inquit,pastorum</strong></span> <span class='ocrx_word' id='word_1_739' title='bbox 1772 5207 1957 5262; x_wconf 86' lang='lat' dir='ltr'><strong>novis-</strong></span> <span class='ocrx_word' id='word_1_740' title='bbox 2655 5203 3137 5275; x_wconf 66' lang='lat' dir='ltr'><strong>multiplicatione.</strong></span> 
     </span>
    </p>
   </div>
   <div class='ocr_carea' id='block_1_58' title="bbox 307 5286 3710 5362">
    <p class='ocr_par' dir='ltr' id='par_1_58' title="bbox 307 5286 3710 5362">
     <span class='ocr_line' id='line_1_58' title="bbox 307 5286 3710 5362; baseline -0.003 -10"><span class='ocrx_word' id='word_1_741' title='bbox 307 5296 460 5352; x_wconf 89' lang='lat' dir='ltr'><strong>sima</strong></span> <span class='ocrx_word' id='word_1_742' title='bbox 481 5295 606 5362; x_wconf 87' lang='lat' dir='ltr'><strong>fies,</strong></span> <span class='ocrx_word' id='word_1_743' title='bbox 627 5313 740 5350; x_wconf 93' lang='lat' dir='ltr'><strong>non</strong></span> <span class='ocrx_word' id='word_1_744' title='bbox 776 5295 927 5351; x_wconf 88' lang='lat' dir='ltr'><strong>inter</strong></span> <span class='ocrx_word' id='word_1_745' title='bbox 977 5313 1133 5362; x_wconf 89' lang='lat' dir='ltr'><strong>oves,</strong></span> <span class='ocrx_word' id='word_1_746' title='bbox 1197 5297 1297 5352; x_wconf 90' lang='lat' dir='ltr'><strong>scd</strong></span> <span class='ocrx_word' id='word_1_747' title='bbox 1348 5295 1502 5351; x_wconf 90' lang='lat' dir='ltr'><strong>inter</strong></span> <span class='ocrx_word' id='word_1_748' title='bbox 1557 5295 1752 5350; x_wconf 81' lang='lat' dir='ltr'><strong>haedos</strong></span> <span class='ocrx_word' id='word_1_749' title='bbox 1799 5301 1954 5362; x_wconf 91' lang='lat' dir='ltr'><strong>tuos,</strong></span> <span class='ocrx_word' id='word_1_750' title='bbox 2134 5297 2226 5352; x_wconf 83' lang='lat' dir='ltr'><strong>Sic</strong></span> <span class='ocrx_word' id='word_1_751' title='bbox 2251 5292 2613 5350; x_wconf 89' lang='lat' dir='ltr'><strong>invisceratis</strong></span> <span class='ocrx_word' id='word_1_752' title='bbox 2645 5291 2756 5348; x_wconf 90' lang='lat' dir='ltr'><strong>sibi</strong></span> <span class='ocrx_word' id='word_1_753' title='bbox 2785 5291 3104 5348; x_wconf 87' lang='lat' dir='ltr'><strong>mortiferis</strong></span> <span class='ocrx_word' id='word_1_754' title='bbox 3135 5288 3588 5346; x_wconf 88' lang='lat' dir='ltr'><strong>humanioribus</strong></span> <span class='ocrx_word' id='word_1_755' title='bbox 3618 5286 3710 5343; x_wconf 92' lang='lat' dir='ltr'><strong>Si-</strong></span> 
     </span>
    </p>
   </div>
   <div class='ocr_carea' id='block_1_59' title="bbox 307 5376 3711 5458">
    <p class='ocr_par' dir='ltr' id='par_1_59' title="bbox 307 5376 3711 5458">
     <span class='ocr_line' id='line_1_59' title="bbox 307 5376 3711 5458; baseline -0.002 -18"><span class='ocrx_word' id='word_1_756' title='bbox 307 5400 441 5440; x_wconf 90' lang='lat' dir='ltr'><strong>cum</strong></span> <span class='ocrx_word' id='word_1_757' title='bbox 478 5385 693 5454; x_wconf 86' lang='lat' dir='ltr'><strong>quibus</strong></span> <span class='ocrx_word' id='word_1_758' title='bbox 725 5383 1019 5454; x_wconf 86' lang='lat' dir='ltr'><strong>habitans,</strong></span> <span class='ocrx_word' id='word_1_759' title='bbox 1055 5404 1169 5441; x_wconf 90' lang='lat' dir='ltr'><strong>non</strong></span> <span class='ocrx_word' id='word_1_760' title='bbox 1203 5385 1418 5458; x_wconf 89' lang='lat' dir='ltr'><strong>poteris</strong></span> <span class='ocrx_word' id='word_1_761' title='bbox 1463 5401 1720 5453; x_wconf 89' lang='lat' dir='ltr'><strong>mecum,</strong></span> <span class='ocrx_word' id='word_1_762' title='bbox 1752 5383 1810 5438; x_wconf 91' lang='lat' dir='ltr'><strong>id</strong></span> <span class='ocrx_word' id='word_1_763' title='bbox 1868 5391 1958 5440; x_wconf 92' lang='lat' dir='ltr'><strong>est</strong></span> <span class='ocrx_word' id='word_1_764' title='bbox 2067 5386 2344 5444; x_wconf 75' lang='lat' dir='ltr'><strong>moniacze</strong></span> <span class='ocrx_word' id='word_1_765' title='bbox 2372 5384 2681 5449; x_wconf 60' lang='lat' dir='ltr'><strong>hereseos,</strong></span> <span class='ocrx_word' id='word_1_766' title='bbox 2716 5377 2918 5453; x_wconf 85' lang='lat' dir='ltr'><strong>pectus</strong></span> <span class='ocrx_word' id='word_1_767' title='bbox 2941 5379 3244 5436; x_wconf 63' lang='lat' dir='ltr'><strong>catholica</strong></span> <span class='ocrx_word' id='word_1_768' title='bbox 3284 5377 3594 5451; x_wconf 90' lang='lat' dir='ltr'><strong>premitur,</strong></span> <span class='ocrx_word' id='word_1_769' title='bbox 3628 5376 3711 5434; x_wconf 91' lang='lat' dir='ltr'><strong>sic</strong></span> 
     </span>
    </p>
   </div>
   <div class='ocr_carea' id='block_1_60' title="bbox 306 5464 3711 5548">
    <p class='ocr_par' dir='ltr' id='par_1_60' title="bbox 306 5464 3711 5548">
     <span class='ocr_line' id='line_1_60' title="bbox 306 5464 3711 5548; baseline -0.002 -21"><span class='ocrx_word' id='word_1_770' title='bbox 306 5488 440 5527; x_wconf 91' lang='lat' dir='ltr'><strong>cum</strong></span> <span class='ocrx_word' id='word_1_771' title='bbox 474 5471 626 5526; x_wconf 92' lang='lat' dir='ltr'><strong>bono</strong></span> <span class='ocrx_word' id='word_1_772' title='bbox 648 5489 778 5526; x_wconf 88' lang='lat' dir='ltr'><strong>esse</strong></span> <span class='ocrx_word' id='word_1_773' title='bbox 803 5477 1062 5531; x_wconf 88' lang='lat' dir='ltr'><strong>Pastoro.</strong></span> <span class='ocrx_word' id='word_1_774' title='bbox 1085 5475 1426 5548; x_wconf 78' lang='lat' dir='ltr'><strong>«Equitatui</strong></span> <span class='ocrx_word' id='word_1_775' title='bbox 1455 5491 1582 5529; x_wconf 88' lang='lat' dir='ltr'><strong>meo</strong></span> <span class='ocrx_word' id='word_1_776' title='bbox 1605 5473 1660 5527; x_wconf 91' lang='lat' dir='ltr'><strong>in</strong></span> <span class='ocrx_word' id='word_1_777' title='bbox 1689 5475 1957 5530; x_wconf 89' lang='lat' dir='ltr'><strong>curribus</strong></span> <span class='ocrx_word' id='word_1_778' title='bbox 2068 5471 2355 5532; x_wconf 88' lang='lat' dir='ltr'><strong>sententia</strong></span> <span class='ocrx_word' id='word_1_779' title='bbox 2383 5470 2544 5526; x_wconf 90' lang='lat' dir='ltr'><strong>illius</strong></span> <span class='ocrx_word' id='word_1_780' title='bbox 2573 5472 2867 5541; x_wconf 90' lang='lat' dir='ltr'><strong>gravatur,</strong></span> <span class='ocrx_word' id='word_1_781' title='bbox 2901 5466 2985 5522; x_wconf 90' lang='lat' dir='ltr'><strong>sic</strong></span> <span class='ocrx_word' id='word_1_782' title='bbox 3016 5467 3294 5523; x_wconf 90' lang='lat' dir='ltr'><strong>intestino</strong></span> <span class='ocrx_word' id='word_1_783' title='bbox 3325 5464 3711 5522; x_wconf 90' lang='lat' dir='ltr'><strong>etdomestico</strong></span> 
     </span>
    </p>
   </div>
   <div class='ocr_carea' id='block_1_61' title="bbox 307 5553 3714 5635">
    <p class='ocr_par' dir='ltr' id='par_1_61' title="bbox 307 5553 3714 5635">
     <span class='ocr_line' id='line_1_61' title="bbox 307 5553 3714 5635; baseline -0.001 -23"><span class='ocrx_word' id='word_1_784' title='bbox 307 5560 632 5614; x_wconf 78' lang='lat' dir='ltr'><strong>Pharaonis</strong></span> <span class='ocrx_word' id='word_1_785' title='bbox 665 5560 983 5616; x_wconf 84' lang='lat' dir='ltr'><strong>assimilavi</strong></span> <span class='ocrx_word' id='word_1_786' title='bbox 1005 5569 1057 5618; x_wconf 89' lang='lat' dir='ltr'><strong>te</strong></span> <span class='ocrx_word' id='word_1_787' title='bbox 1079 5565 1262 5635; x_wconf 75' lang='lat' dir='ltr'><strong>(Ibid.,</strong></span> <span class='ocrx_word' id='word_1_788' title='bbox 1286 5563 1339 5634; x_wconf 86' lang='lat'>8)</span> <span class='ocrx_word' id='word_1_789' title='bbox 1361 5587 1386 5614; x_wconf 77' lang='grc' dir='ltr'><strong>ι)</strong></span> <span class='ocrx_word' id='word_1_790' title='bbox 1413 5564 1469 5618; x_wconf 92' lang='lat' dir='ltr'><strong>Si</strong></span> <span class='ocrx_word' id='word_1_791' title='bbox 1495 5563 1582 5617; x_wconf 84' lang='lat' dir='ltr'><strong>vis</strong></span> <span class='ocrx_word' id='word_1_792' title='bbox 1615 5561 1956 5634; x_wconf 88' lang='lat' dir='ltr'><strong>intelligere,</strong></span> <span class='ocrx_word' id='word_1_793' title='bbox 2069 5563 2228 5620; x_wconf 91' lang='lat' dir='ltr'><strong>illius</strong></span> <span class='ocrx_word' id='word_1_794' title='bbox 2260 5561 2410 5619; x_wconf 90' lang='lat' dir='ltr'><strong>bello</strong></span> <span class='ocrx_word' id='word_1_795' title='bbox 2441 5555 2820 5614; x_wconf 84' lang='lat' dir='ltr'><strong>confunditur</strong></span> <span class='ocrx_word' id='word_1_796' title='bbox 2847 5560 2902 5612; x_wconf 89' lang='lat' dir='ltr'><strong>et</strong></span> <span class='ocrx_word' id='word_1_797' title='bbox 2932 5557 3208 5613; x_wconf 88' lang='lat' dir='ltr'><strong>atteritur</strong></span> <span class='ocrx_word' id='word_1_798' title='bbox 3242 5561 3307 5612; x_wconf 91' lang='lat' dir='ltr'><strong>ut</strong></span> <span class='ocrx_word' id='word_1_799' title='bbox 3339 5572 3560 5628; x_wconf 89' lang='lat' dir='ltr'><strong>sponsa</strong></span> <span class='ocrx_word' id='word_1_800' title='bbox 3615 5553 3714 5610; x_wconf 88' lang='lat' dir='ltr'><strong>illa</strong></span> 
     </span>
    </p>
   </div>
   <div class='ocr_carea' id='block_1_62' title="bbox 303 5642 3712 5722">
    <p class='ocr_par' dir='ltr' id='par_1_62' title="bbox 303 5642 3712 5722">
     <span class='ocr_line' id='line_1_62' title="bbox 303 5642 3712 5722; baseline 0 -21"><span class='ocrx_word' id='word_1_801' title='bbox 303 5663 335 5701; x_wconf 95' lang='lat' dir='ltr'><strong>o</strong></span> <span class='ocrx_word' id='word_1_802' title='bbox 367 5661 603 5715; x_wconf 87' lang='lat' dir='ltr'><strong>sponsa,</strong></span> <span class='ocrx_word' id='word_1_803' title='bbox 637 5649 929 5718; x_wconf 90' lang='lat' dir='ltr'><strong>quomodo</strong></span> <span class='ocrx_word' id='word_1_804' title='bbox 961 5652 1110 5707; x_wconf 89' lang='lat' dir='ltr'><strong>scire</strong></span> <span class='ocrx_word' id='word_1_805' title='bbox 1141 5658 1196 5708; x_wconf 91' lang='lat' dir='ltr'><strong>te</strong></span> <span class='ocrx_word' id='word_1_806' title='bbox 1249 5653 1481 5720; x_wconf 89' lang='lat' dir='ltr'><strong>debeas,</strong></span> <span class='ocrx_word' id='word_1_807' title='bbox 1516 5667 1802 5722; x_wconf 83' lang='lat' dir='ltr'><strong>cognosce</strong></span> <span class='ocrx_word' id='word_1_808' title='bbox 1860 5654 1955 5708; x_wconf 90' lang='lat' dir='ltr'><strong>cui</strong></span> <span class='ocrx_word' id='word_1_809' title='bbox 2070 5653 2165 5712; x_wconf 86' lang='lat' dir='ltr'><strong>vix</strong></span> <span class='ocrx_word' id='word_1_810' title='bbox 2193 5651 2436 5711; x_wconf 87' lang='lat' dir='ltr'><strong>semivia</strong></span> <span class='ocrx_word' id='word_1_811' title='bbox 2457 5651 2583 5721; x_wconf 84' lang='lat' dir='ltr'><strong>jam</strong></span> <span class='ocrx_word' id='word_1_812' title='bbox 2614 5650 2941 5705; x_wconf 85' lang='lat' dir='ltr'><strong>extremum</strong></span> <span class='ocrx_word' id='word_1_813' title='bbox 2998 5645 3240 5719; x_wconf 89' lang='lat' dir='ltr'><strong>palpitet</strong></span> <span class='ocrx_word' id='word_1_814' title='bbox 3295 5661 3384 5716; x_wconf 90' lang='lat' dir='ltr'><strong>ac,</strong></span> <span class='ocrx_word' id='word_1_815' title='bbox 3436 5642 3594 5703; x_wconf 89' lang='lat' dir='ltr'><strong>velut</strong></span> <span class='ocrx_word' id='word_1_816' title='bbox 3619 5659 3712 5702; x_wconf 87' lang='lat' dir='ltr'><strong>ca-</strong></span> 
     </span>
    </p>
   </div>
  </div>
