4004 6210
221 372 380 442 111⁵1

756 373 1176 440 ADVERSUS
1221 371 1695 438 SIMONIACOS
1739 367 1946 436 LIBRI
1988 366 2215 432 TRES.
2248 397 2328 412 —
2355 365 2580 428 LIBER
2632 362 3061 428 SECUNDUS.

3462 360 3625 430 1118

221 508 539 585 pacissima
564 505 729 567 navis
759 527 893 567 mox
921 509 1330 581 domergenda,
1360 506 1592 564 tabulas
1616 507 1739 578 jam
1773 523 1866 562 so-
1898 503 1953 570 Α
1979 499 2256 574 gotiando
2287 515 2414 555 eam
2447 502 2503 555 et
2534 497 2817 571 quidquid
2853 496 3014 554 illius
3041 500 3127 554 est
3154 513 3300 570 pene
3349 499 3416 554 ad
3467 499 3624 556 nihi-

222 604 430 656 nantes
463 599 638 665 laxet,
669 599 777 668 vel,
813 601 966 656 sicut
997 598 1282 671 populosa
1320 597 1614 669 quondam
1665 595 1868 650 civitas

223 705 258 745 a
287 705 412 745 sese
437 688 780 762 impugnata
805 692 860 743 et
890 687 1483 758 expugnata,tandem
1516 685 1743 740 laboret
1759 684 1871 737 vix-

223 794 338 850 que
369 776 615 847 alicujus
644 793 884 831 suorum
909 775 1159 831 salutem
1194 775 1714 845 speret.Qum,quia
1745 789 1866 826 mo-

223 867 353 921 dica
400 866 644 936 spernit,
693 865 972 937 paulatim
1024 863 1237 918 decidit
1285 864 1472 930 (Ecrli.
1516 880 1633 927 xxx,
1671 862 1768 929 1.),
1801 861 1869 915 ad

222 953 332 1022 hoc
363 954 571 1024 utjam
607 971 751 1024 pene
781 954 1006 1024 ignoret
1056 951 1152 1006 ubi
1205 950 1280 1005 sit
1329 956 1384 1004 et
1417 953 1587 1021 cujus
1619 951 1713 1018 sit,
1750 948 1872 1004 solo

223 1042 340 1098 Deo
369 1041 520 1096 inter
543 1046 627 1096 tot
651 1041 833 1096 millia
853 1041 1219 1095 venditorum
1253 1044 1307 1093 et
1338 1044 1669 1110 emptorum
1694 1038 1876 1110 pessi-

224 1146 459 1185 morum
493 1133 873 1200 cognoscente
905 1129 1004 1200 qui
1039 1128 1165 1198 ejus
1198 1128 1336 1196 sint,
1371 1128 1584 1198 quibus
1617 1125 1874 1198 quotidie

225 1216 438 1272 blande
460 1220 516 1270 et
545 1216 912 1272 familiariter
943 1217 999 1270 in
1033 1232 1172 1271 aure
1205 1217 1396 1270 cordis
1426 1215 1617 1286 inquit
1649 1233 1660 1270 :
1698 1237 1724 1264 ‹‹
1759 1215 1872 1269 No-

225 1304 325 1360 lite
356 1305 583 1370 timere,
634 1304 881 1376 pusillus
931 1321 1090 1377 grex,
1143 1304 1280 1374 quia
1328 1304 1682 1376 complacuit
1721 1301 1874 1358 Patri

226 1397 420 1448 vestro
451 1393 588 1448 dare
617 1393 782 1448 vobis
805 1409 1082 1466 regnum;
1116 1393 1341 1448 vendite
1374 1411 1500 1464 quae
1543 1391 1874 1464 possidetis,

229 1483 287 1536 et
335 1481 466 1536 date
511 1480 960 1553 eleenosynam.
1019 1482 1207 1535 Facite
1253 1482 1418 1535 vobis
1453 1481 1735 1543 sacculos,
1778 1478 1878 1550 qui

229 1586 347 1625 non
378 1571 1112 1640 veterascunt,thesaurum
1145 1585 1258 1622 non
1285 1569 1648 1623 deﬁcientem
1677 1569 1734 1622 in
1768 1585 1878 1622 cae-

231 1656 326 1722 lis,
361 1674 474 1728 quo
503 1658 597 1712 fur
622 1675 736 1712 non
772 1657 1096 1729 apprOpiat,
1131 1672 1318 1727 neque
1348 1657 1504 1710 tinea
1537 1657 1877 1726 corrumpit.

230 1745 339 1801 Ubi
370 1745 528 1799 enim
558 1745 873 1800 thesaurus
902 1748 1091 1800 vester
1121 1749 1227 1810 est,
1262 1744 1342 1799 ibi
1392 1750 1443 1799 et
1497 1761 1594 1800 cor
1623 1749 1879 1800 vestrum

231 1834 340 1889 erit
369 1834 521 1904 (Luc.
557 1851 658 1901 x11,
691 1836 780 1900 32,
813 1833 925 1904 34).
979 1834 1108 1898 Sed,
1163 1850 1195 1887 ο
1243 1833 1404 1897 Jesu,
1457 1837 1662 1888 Pastor
1711 1835 1879 1904 bone,
1919 1867 1966 1932 B

233 1938 411 1993 quam
437 1921 724 1992 pauculus
739 1925 978 1993 apparet
1001 1938 1156 1976 nunc
1179 1921 1425 1977 istorum
1455 1939 1740 1994 agnorum
1761 1926 1888 1977 tuo-

231 2026 363 2064 rum
395 2026 679 2064 numerus
712 2010 864 2064 inter
892 2009 1191 2064 haedorum
1225 2009 1619 2065 innumerales
1665 2011 1889 2066 coetus?

235 2100 314 2153 Ita
341 2097 465 2167 jam
500 2101 810 2167 superatus
843 2096 1182 2152 lenissimus
1201 2102 1338 2152 tuus
1360 2099 1538 2153 Jacob
1565 2100 1634 2153 ab
1656 2099 1886 2170 hispido

235 2189 292 2242 et
320 2185 549 2240 hirsuto
566 2186 740 2240 fratre
759 2184 1100 2249 ulterino,ut
1122 2187 1446 2240 secundum
1470 2187 1678 2241 Isaiam
1703 2187 1886 2242 haedis

235 2272 545 2347 pascendis
573 2289 778 2345 vepres
809 2277 867 2328 et
905 2274 1087 2345 spinae
1138 2274 1257 2328 sint
1304 2274 1361 2327 in
1417 2275 1576 2328 omni
1625 2280 1798 2339 terra,
1832 2279 1885 2330 et

237 2360 506 2434 pauculis
536 2361 780 2434 agnellis
809 2361 902 2416 vix
932 2362 1129 2433 aliqua
1158 2362 1456 2433 supersint
1486 2379 1722 2433 pascua.
1743 2363 1886 2418 Vere

239 2450 594 2506 adestnobis
633 2449 755 2504 dies
807 2449 906 2504 illa
937 2450 1010 2505 ab
1061 2451 1264 2505 eodem
1295 2455 1421 2506 vate
1451 2450 1534 2506 sic
1566 2451 1839 2523 praedicta
1872 2468 1885 2506 :

238 2560 267 2588 «
301 2539 368 2592 Et
400 2538 508 2593 erit
554 2538 614 2592 in
662 2537 754 2592 die
802 2537 922 2604 illa,
955 2539 1352 2593 attenuabitur
1383 2538 1567 2611 gloria
1595 2537 1796 2608 Jacob,
1832 2545 1884 2594 et

236 2626 488 2699 pingues
517 2641 722 2681 carnes
751 2627 878 2696 ejus
911 2631 1303 2694 marcescent;
1337 2632 1392 2682 et
1424 2627 1533 2682 erit
1563 2627 1714 2682 sicut
1745 2645 1884 2682 con-

236 2731 486 2788 gregans
517 2715 576 2768 in
610 2731 800 2770 messe
842 2713 940 2786 qui
998 2715 1272 2770 restiterit
1322 2719 1377 2769 et
1419 2715 1722 2770 brachium
1759 2718 1886 2786 ejus

237 2803 433 2874 spicas
462 2801 633 2875 leget.
670 2805 738 2857 Et
765 2803 875 2858 erit
904 2803 1059 2858 sicut
1085 2820 1352 2874 quaerens
1392 2804 1584 2875 spicas
1632 2805 1690 2857 in
1740 2803 1886 2858 valle

237 2890 550 2963 Rapbaim,
581 2894 637 2946 et
665 2890 1026 2963 relinquetur
1074 2890 1134 2944 in
1189 2908 1254 2947 eo
1305 2892 1457 2946 sicut
1497 2909 1784 2960 racemus,
1831 2897 1889 2948 et

235 2978 389 3034 sicut
417 2979 685 3034 excussio
717 2979 854 3035 oleae
887 2980 1135 3034 duarum
1170 2985 1271 3034 aut
1300 2981 1478 3034 trium
1511 2980 1793 3035 olivarum
1826 2979 1885 3036 in

237 3068 577 3123 summitate
608 3068 777 3136 rami,
813 3069 930 3123 sive
962 3072 1214 3139 quatuor
1245 3073 1346 3123 aut
1375 3069 1637 3140 quinque
1685 3070 1744 3123 in
1793 3086 1883 3124 ca-

237 3155 578 3214 cuminibus
625 3156 772 3226 ejus,
825 3156 965 3211 dicit
1006 3156 1292 3212 Dominus
1343 3157 1516 3212 Israel
1577 3158 1701 3226 (Isa.
1747 3175 1882 3226 xvn,

241 3249 296 3313 4,
326 3245 402 3315 6).
438 3266 466 3293 ››
497 3243 716 3299 Deinde
745 3245 804 3298 in
837 3244 962 3316 ipsa
990 3245 1280 3316 paucitate
1308 3263 1415 3301 sua
1455 3246 1592 3316 quid
1628 3246 1883 3301 diminu-

240 3331 418 3388 tionis
437 3332 626 3388 adhuc
647 3333 908 3388 incurrat
930 3333 1546 3406 eatholica,subjungit
1574 3334 1726 3389 idem
1751 3351 1882 3405 pro-

243 3420 423 3492 pheta
455 3437 504 3476 :«
527 3421 837 3492 Propterea
866 3420 1214 3492 plantabunt
1243 3422 1658 3492 plantationem
1682 3423 1885 3477 infide-

240 3508 478 3578 lium,et
505 3524 741 3579 germen
774 3507 1032 3563 alienum
1065 3508 1741 3580 seminabunt(lbz‘d.,10).
1770 3531 1797 3557 ››
1820 3539 1889 3550 —-

243 3619 272 3646 «
306 3595 450 3662 Heu,
483 3595 618 3660 heu,
652 3595 786 3660 heu,
810 3595 1048 3650 Domine
1072 3596 1442 3668 Deus,parce,
1481 3613 1649 3668 parce
1674 3597 1888 3669 populo

239 3687 366 3747 tuo,
398 3686 454 3736 et
485 3697 556 3736 ne
585 3681 686 3735 des
735 3681 1129 3736 haereditatem
1180 3687 1341 3736 tuam
1393 3684 1451 3736 in
1505 3685 1886 3754 perditionem

241 3771 397 3840 (Joel.
430 3787 490 3838 Il,
524 3769 612 3838 l7)
635 3769 687 3822 ξ»
716 3799 783 3809 -
814 3791 841 3818 ‹‹
875 3769 1165 3840 PrOpitius
1188 3771 1604 3837 esto,obsecro,
1635 3772 1884 3842 quiesce.

241 3859 386 3924 Quis
417 3857 726 3913 suscitabit
753 3858 956 3925 Jacob,
989 3856 1126 3928 quia
1155 3858 1430 3930 parvulus
1452 3859 1886 3928 est‘l(Amos.vn,

241 3947 663 4014 2.)»Imminuti
683 3946 839 4001 enim
870 3963 1078 4001 sumus
1091 3945 1222 4018 plus
1245 3963 1420 4018 quam
1441 3964 1643 4002 omnes
1663 3954 1886 4020 gentes,

239 4040 298 4092 et
317 4036 560 4107 insuper
581 4050 726 4107 quos
748 4034 852 4089 tibi
878 4033 1214 4106 plantamus
1237 4035 1387 4089 ﬁunt
1408 4034 1755 4103 inﬁdeles,et
1767 4055 1889 4110 ger-

239 4140 376 4180 men
406 4123 663 4179 alienum
686 4123 1401 4194 seminamus,quiajuxta
1421 4122 1745 4179 lamentum
1792 4126 1887 4180 Je-

238 4212 456 4279 remiae,
491 4229 638 4284 quos
671 4213 989 4268 educamus
1034 4217 1091 4267 et
1134 4212 1751 4281 nutrimus,inimicus
1795 4231 1890 4270 no-

240 4304 362 4358 ster
406 4301 702 4356 consumit
743 4317 842 4356 eos
891 4303 1111 4373 (Thren.
1163 4319 1226 4368 11,
1276 4304 1390 4369 22).
1425 4302 1514 4365 Et,
1566 4318 1618 4367 ο,
1660 4301 1746 4356 vel
1779 4303 1888 4358 soli

239 4392 768 4448 consumerentur?
819 4392 931 4448 Sed
989 4392 1143 4463 quod
1195 4391 1429 4464 gravius
1477 4397 1566 4446 est
1625 4392 1888 4447 Ecclesiae

239 4482 407 4534 utero
437 4477 615 4549 geniti
647 4482 704 4533 et
732 4478 880 4534 lacte
910 4480 1036 4550 ejus
1070 4480 1273 4534 nutriti
1309 4483 1464 4547 sunt,
1483 4479 1581 4551 qui
1623 4485 1886 4552 postmo-

1979 591 2123 655 lum,
2159 592 2442 660 quantum
2477 588 2535 642 in
2568 588 2651 642 eis
2683 591 2792 654 est,
2828 585 3194 658 redigunt.Et
3221 593 3372 642 certe
3401 587 3622 655 Ariani,

1980 678 2246 750 quamvis
2269 676 2478 752 Filium
2513 681 2568 730 et
2600 676 2881 747 Spiritum
2907 679 3172 730 sanctum
3203 675 3485 730 minorem
3511 677 3625 733 Deo

1981 754 2165 831 Patre,
2202 770 2258 820 et
2305 769 2628 819 creaturam
2684 779 2948 836 perverse
3004 763 3219 831 dicant,
3268 780 3380 818 non
3431 769 3626 819 tamen

1982 853 2324 910 utrumlibet
2355 853 2598 907 vendere
2632 868 2692 905 se
2725 868 2894 923 porro
2928 851 3354 922 aestimant,qui
3389 868 3492 906 nec
3516 852 3627 923 ipsi

1981 942 2398 1004 Macedoniani,
2423 940 2689 1012 quamvis
2720 939 3001 1012 Spiritum
3035 943 3303 994 sanctum
3337 940 3620 995 minorem

1981 1033 2150 1087 Patre
2198 1035 2253 1084 et
2303 1029 2464 1096 Filio,
2519 1034 2690 1100 atque
2741 1032 3064 1083 creaturam
3119 1029 3372 1099 maligne
3411 1029 3626 1083 dicant.

1984 1121 2091 1176 Sed
2128 1136 2231 1174 nec
2264 1118 2639 1189 Catapbrygae
2689 1117 2821 1172 licet
2871 1121 3138 1171 asserant
3179 1117 3460 1188 Spiritum
3495 1133 3628 1172 san-

1987 1213 2142 1264 ctum
2175 1207 2232 1261 in
2268 1207 2630 1271 Montanum,
2666 1223 2783 1260 suae
2819 1215 2981 1260 sectae
3030 1210 3321 1260 auctorem
3352 1207 3628 1260 substan-

1985 1297 2219 1360 tialiter,
2268 1295 2515 1350 venisse.
2551 1295 2676 1357 Qua
2722 1295 2792 1349 de
2842 1312 2899 1349 re
2959 1294 3083 1349 sola
3136 1293 3348 1349 clarius
3406 1299 3634 1350 constat

1988 1386 2350 1440 Simoniacos
2384 1383 2515 1455 plus
2546 1384 2820 1438 omnibus
2850 1382 2940 1438 his
2975 1399 3185 1455 negare
3235 1383 3530 1437 Christum
3573 1385 3631 1438 in

1989 1491 2160 1528 carne
2185 1474 2431 1540 venisse,
2465 1472 2562 1542 qui
2597 1488 2692 1526 ore
2740 1472 2973 1542 quidem
3025 1472 3305 1542 Spiritum
3360 1476 3629 1526 sanctum

1990 1562 2142 1617 Patri
2175 1567 2229 1616 et
2265 1561 2401 1616 Filio
2435 1578 2536 1632 per
2565 1560 2764 1614 omnia
2791 1559 3144 1632 coaequalem
3183 1561 3404 1626 dicunt,
3461 1577 3632 1632 quem

1988 1653 2182 1706 tamen
2205 1650 2464 1721 quotidie
2497 1650 2739 1703 vendere
2755 1665 2816 1703 se
2831 1665 3002 1720 posse
3033 1649 3278 1703 credunt
3308 1648 3366 1702 in
3391 1664 3456 1703 eo
3480 1649 3634 1720 quod

1989 1739 2243 1795 visibilia
2272 1737 2461 1810 ipsius
2495 1742 2860 1793 sacramenta
2890 1737 3258 1808 impudenter
3285 1737 3562 1792 vendunt.

2563 1842 2792 1897 CAPUT
2832 1842 3068 1896 XXXIV.

2124 1934 2337 2000 Quanto
2362 1933 2780 2058 pemiciosz'gres
2810 1932 3062 2013 omnibus
3095 1931 3363 1986 haereticis
3392 1940 3521 1988 sunt

2696 2019 2976 2056 unomacz.

2696 2019 2767 2056 2m
2776 2019 2953 2056 οηῖιιεῖ
2965 2046 2976 2056 .

2067 2092 2356 2155 Quantum
2417 2090 2809 2146 excusabilius
2870 2090 2978 2144 hoc
3045 2089 3343 2160 negotium
3403 2094 3640 2162 agerent

1995 2180 2193 2235 Ariani
2243 2184 2299 2234 et
2346 2178 2764 2243 Macedoniani,
2805 2183 2862 2232 et
2918 2178 3102 2249 pretio
3160 2178 3442 2251 Spiritum
3504 2197 3638 2233 san-

1995 2275 2149 2324 ctum
2173 2268 2341 2323 vendi
2377 2283 2549 2339 posse
2579 2268 2900 2331 crederent,
2933 2283 3106 2338 quem
3138 2272 3464 2322 creaturam
3497 2285 3639 2340 prae-

1995 2357 2300 2412 dicarunt?
2334 2357 2518 2428 Magis
2551 2355 2705 2410 enim
2759 2370 3124 2426 consequens
3181 2359 3269 2410 est
3313 2359 3637 2410 creaturam

1995 2463 2165 2518 posse
2205 2445 2370 2500 vendi
2418 2460 2595 2516 quam
2655 2444 2982 2498 Creatorem
3041 2448 3097 2497 et
3145 2443 3638 2499 Sanctiﬁcatorem

1995 2535 2219 2589 mundi.
2271 2534 2356 2588 Ad
2407 2533 2527 2586 haec
2578 2531 2763 2586 multo
2812 2529 3171 2586 tolerabilior
3214 2548 3414 2586 eorum
3459 2532 3638 2599 furor,

1995 2639 2140 2694 quos
2175 2622 2360 2694 magis
2382 2626 2584 2676 contra
2625 2618 2971 2686 catholicam
3001 2620 3268 2674 armabat
3294 2620 3641 2675 manifestus

1939 2737 1945 2741 -
1993 2715 2177 2765 terror
2206 2727 2380 2781 quam
2412 2711 2584 2763 ﬁctus
2613 2725 2798 2772 amor,
2831 2723 3063 2779 quoque
3091 2707 3323 2779 publica
3354 2709 3640 2764 confessio

1994 2799 2286 2853 clamabat
2332 2798 2638 2866 cavendas,
2674 2797 2892 2867 quibus
2941 2800 3104 2850 tanto
3161 2796 3642 2854 intolerabiliores

1996 2887 2312 2943 Simoniaci
2364 2891 2502 2940 sunt
2534 2891 2752 2957 quanto
2803 2884 3140 2940 blandiores
3186 2889 3243 2940 et
3279 2885 3640 2954 occultiores,

1995 2992 2142 3047 quos
2175 2981 2231 3030 et
2261 2974 2579 3031 catholicos
2609 2978 2888 3045 putamus
2920 2990 2989 3028 ex
3019 2974 3404 3040 confessione,
3439 2979 3495 3029 et
3542 2991 3642 3046 pa-

1994 3069 2111 3119 tres
2138 3063 2221 3118 vel
2255 3062 2474 3118 amicos
2506 3080 2570 3116 ex
2605 3062 2818 3117 blanda
2846 3061 2932 3116 vel
2966 3062 3205 3133 paciﬁca
3249 3062 3644 3118 admonitione

1995 3154 2081 3208 vel
2115 3152 2482 3215 salutatione,
2518 3168 2694 3222 quam
2727 3151 2810 3205 sic
2845 3151 3082 3206 student
3112 3168 3229 3205 suae
3281 3152 3642 3222 perversitati

1917 3228 1959 3293 C
1999 3242 2330 3305 obtendere,
2365 3246 2428 3295 ut
2457 3241 2772 3295 credantur
2801 3238 3137 3294 blandiores
3163 3256 3290 3295 esse
3328 3238 3643 3294 blandissi-

2000 3331 2136 3396 mis,
2169 3347 2299 3385 cum
2331 3329 2665 3384 nullatenus
2697 3328 3001 3400 quiescant
3033 3328 3314 3399 populum
3350 3328 3444 3384 Dei
3484 3333 3647 3385 tanta

1997 3419 2154 3475 mala
2182 3436 2298 3473 non
2333 3417 2860 3487 sentientem,quin
2895 3417 3090 3487 potius
3119 3417 3234 3472 illis
3265 3416 3642 3485 arridentem,

1996 3513 2052 3563 et
2083 3507 2533 3579 applaudentem
2561 3505 3080 3574 interimere,quos
3113 3505 3338 3575 pejores
3370 3505 3644 3574 pessimis

1995 3596 2287 3660 Adrianis,
2323 3594 2477 3648 sicut
2508 3592 2779 3663 superius
2811 3597 3006 3662 aperte
3039 3596 3418 3661 monstratur,
3443 3601 3647 3650 sancta

1998 3684 2246 3755 septima
2281 3682 2540 3752 synodus
2572 3678 3068 3750 irreprehcnsibili
3088 3684 3144 3734 et
3164 3679 3500 3735 authentica
3519 3697 3647 3738 seno

1997 3771 2180 3828 tentia
2208 3768 2490 3824 definivit.
2513 3769 2573 3821 In
2607 3783 2856 3837 quorum
2889 3767 3320 3838 comparatione
3354 3768 3486 3822 boni
3521 3786 3647 3840 pos-

1998 3865 2138 3916 sunt
2170 3857 2354 3930 putari
2383 3857 2558 3911 etiam
2590 3853 2914 3918 Novatiani,
2947 3853 3044 3924 qui
3077 3854 3240 3909 mirae
3277 3858 3644 3914 continentiae

1997 3954 2055 4004 et
2085 3945 2474 4004 acerbissimae
2524 3942 2843 4012 disciplinae
2897 3947 3054 3997 secta
3100 3942 3254 4009 elati,
3303 3945 3569 4016 bigamos
3591 3950 3649 4001 et

1998 4057 2101 4112 pro
2134 4033 2479 4093 criminibus
2502 4032 2847 4104 poenitentes
2871 4031 3265 4103 dogmatizant
3294 4033 3366 4088 ab
3390 4033 3648 4091 Ecclesia

1999 4145 2113 4182 non
2143 4125 2349 4180 debere
2381 4121 2720 4193 recipi,cum
2743 4119 2800 4172 in
2823 4120 3097 4174 omnibus
3128 4119 3259 4176 aliis
3291 4120 3450 4176 nullo
3475 4123 3645 4180 modo

1997 4213 2398 4272 contradicant
2430 4210 2727 4266 catholicae
2760 4209 3032 4264 ﬁdei.Sed
3066 4209 3205 4281 quia
3235 4227 3339 4265 suo
3371 4211 3646 4284 seandalo

1996 4303 2312 4362 Ecclesiam
2345 4299 2762 4365 scandalizent,
2797 4303 2853 4353 et
2883 4298 3170 4365 dividunt,
3203 4305 3419 4372 negant
3447 4301 3504 4354 et
3534 4299 3646 4370 ipsi

1996 4395 2054 4450 in
2097 4408 2270 4449 carne
2322 4389 2551 4445 venisse
2600 4388 2800 4442 Jesum
2850 4387 3166 4456 Christum,
3201 4406 3314 4443 non
3367 4405 3485 4457 ore,
3519 4390 3646 4462 sed,

1997 4483 2150 4538 sicut
2179 4496 2324 4551 pene
2357 4493 2560 4533 omnes
2611 4474 2707 4528 alii
2751 4474 3026 4541 haeretici,
3073 4477 3314 4533 actione.
3349 4477 3551 4548 Itaque
3595 4479 3641 4534 si

241 4567 386 4622 dum
420 4565 491 4620 ab
523 4582 592 4620 ea
619 4567 690 4622 ad
736 4568 1024 4639 perﬁdum
1073 4569 1370 4623 Simonem
1423 4585 1555 4623 cum
1609 4571 1888 4627 maternis
1919 4593 1965 4657 Β
1999 4567 2401 4636 Novatiani,ex
2432 4562 3090 4657 nimiajusti-tianotati,
3115 4569 3330 4637 negant
3350 4565 3644 4622 Christum

242 4653 426 4711 armis
455 4658 782 4723 transeunt,
817 4661 873 4711 et
909 4657 1188 4712 adversus
1235 4657 1393 4711 illam
1443 4656 1751 4714 crudeliter
1798 4660 1886 4713 in-

240 4746 511 4815 eurguut,
545 4746 601 4798 et
647 4743 854 4799 fratres
901 4745 1198 4816 quondam
1248 4763 1386 4801 suos
1437 4746 1708 4817 deceptos
1753 4763 1884 4801 cum

238 4830 496 4904 periculo
508 4831 713 4886 matris
735 4833 843 4887 sub
867 4849 1006 4903 pace
1028 4833 1548 4901 interimunt.Quid
1567 4851 1701 4906 ergo
1722 4839 1884 4891 tanto

239 4919 394 4985 odio,
428 4923 706 4992 tantaque
745 4921 1064 4992 pertinacia
1110 4922 1463 4978 Eecclesiam
1514 4922 1745 4992 Christi,
1784 4941 1886 4995 pro

239 5023 358 5078 qua
389 5007 514 5063 sola
551 5008 709 5063 venit
752 5008 814 5063 in
862 5025 1055 5079 carne,
1089 5010 1215 5066 sine
1261 5011 1696 5067 intermissione
1739 5012 1886 5068 dila-

238 5094 385 5165 niat,
409 5095 706 5152 Christum
735 5096 963 5153 venisse
993 5097 1051 5152 in
1084 5115 1253 5154 carne
1284 5117 1397 5155 non
1429 5104 1644 5173 negant
1668 5101 1695 5154 ?
1737 5105 1886 5156 Nam

238 5183 290 5240 si
321 5185 528 5240 beatus
572 5184 743 5240 Pater
770 5185 1136 5258 Augustinus
1186 5187 1437 5243 asseruit
1480 5188 1740 5257 Arianos,
1767 5191 1884 5246 Ma-

239 5272 617 5340 cedonianos,
648 5274 1065 5347 Cataphrygas,
1099 5275 1446 5330 Novatianos
1479 5293 1691 5349 negare
1722 5279 1885 5335 Chri-

238 5365 398 5417 stum
431 5361 492 5416 in
523 5378 696 5417 carne
726 5363 971 5430 venisse,
1005 5381 1070 5418 eo
1103 5365 1278 5435 quod,
1316 5364 1384 5418 de
1415 5364 1717 5422 divinitate
1753 5385 1885 5424 sen-

237 5449 436 5506 tiendo
468 5467 663 5523 prava,
683 5451 998 5507 Ecclesiam
1031 5453 1159 5523 ejus
1193 5469 1300 5506 sua
1329 5453 1639 5509 insolentia
1671 5456 1886 5512 discin-

240 5540 408 5608 dunt,
443 5539 628 5594 multo
661 5540 848 5613 magis
879 5540 1213 5607 Simoniaci,
1265 5539 1364 5611 qui
1409 5557 1524 5595 non
1576 5541 1764 5597 solum
1818 5547 1887 5600 de

239 5629 357 5696 Deo
389 5645 568 5701 prava
595 5629 916 5699 sentiendo,
950 5631 1050 5686 sed
1079 5629 1254 5686 etiam
1287 5628 1601 5686 Ecclesiam
1633 5631 1762 5702 ejus
1795 5651 1888 5690 ne-

1998 4661 2056 4714 in
2088 4673 2260 4713 carne
2286 4654 2533 4720 venisse,
2565 4650 2651 4705 vcl
2682 4649 2882 4705 leviter
2912 4651 3298 4708 dubitandum
3333 4659 3421 4707 est
3459 4653 3644 4709 Simo-

1997 4748 2194 4803 niacos
2226 4758 2437 4814 negare
2467 4740 2762 4796 Christum
2794 4739 2850 4792 in
2881 4755 3054 4794 carne
3086 4741 3334 4808 venisse,
3370 4740 3468 4810 qui
3515 4741 3648 4812 plus

1998 4853 2174 4908 quam
2199 4830 2484 4888 diabolica
2509 4827 2756 4882 elatione
2781 4827 3004 4898 repleti,
3022 4845 3134 4883 non
3160 4831 3284 4898 jam
3309 4845 3371 4883 se
3393 4829 3648 4899 aequales

1997 4927 2114 4982 Deo
2150 4920 2536 4993 rapina,sieut
2567 4915 2965 4984 diabolus,sed
2999 4918 3326 4988 superiores
3356 4917 3646 4973 arbitran-

1996 5019 2300 5083 tur,quem
2334 5026 2366 5063 a
2399 5023 2459 5061 se
2492 5021 2662 5077 posse
2693 5004 2940 5058 distrahi
2975 5005 3157 5076 pretio
3189 5005 3272 5059 sic
3304 5006 3644 5076 opinantur,

1997 5108 2062 5158 ut
2094 5101 2270 5157 etiam
2304 5090 2726 5168 proﬁteantur?
2752 5093 2875 5156 Qua
2905 5092 3108 5162 utique
3138 5092 3375 5148 vesania
3404 5109 3518 5147 non
3553 5109 3646 5148 so-

1998 5191 2121 5246 lum
2155 5185 2469 5243 Ecclesiam
2502 5181 2596 5236 Dei
2625 5179 3041 5247 scandalizent,
3076 5181 3176 5236 sed
3211 5181 3362 5253 quod
3398 5180 3645 5237 nullate-

1997 5297 2109 5335 nus
2141 5281 2229 5332 est
2259 5273 2584 5337 ferendum,
2619 5268 2701 5323 sic
2733 5267 3133 5339 supplantant,
3156 5275 3219 5323 ut
3249 5270 3462 5342 pignus
3493 5270 3643 5341 ejus,

1997 5367 2215 5425 scilicet
2243 5362 2526 5434 Spiritum
2551 5362 2816 5414 sanctum
2842 5374 2955 5428 quo
2978 5358 3206 5430 signata
3227 5364 3315 5414 est
3347 5359 3405 5413 in
3442 5359 3536 5414 die
3565 5377 3648 5416 re-

1997 5452 2353 5526 demptionis
2386 5457 2440 5504 et
2471 5466 2504 5503 a
2533 5463 2648 5518 quo
2693 5446 3092 5502 sanctiﬁcatur
3135 5453 3192 5503 et
3239 5447 3563 5503 viviﬁcatur
3593 5449 3644 5505 ei

1996 5546 2228 5620 penitus
2257 5541 2662 5610 extorqueant,
2695 5535 2836 5588 dum
2870 5552 2930 5590 se
2961 5536 3018 5590 in
3053 5538 3353 5592 ministros
3395 5537 3642 5608 justitiae

1996 5633 2439 5692 transformaut.
2474 5627 2630 5690 Quos
2651 5623 2782 5696 quis
2804 5625 2978 5680 audet
2994 5626 3079 5684 vel
3101 5627 3392 5684 somniare
3420 5627 3479 5683 in
3517 5628 3644 5700 Spi-
