  <div class='ocr_page' id='page_1' title='image "/cluster/home/n/w/nwhite01/storage/ocr_20150623/143/uva.x000829790/584.png"; bbox 0 0 4004 6210; ppageno 0'>
   <div class='ocr_carea' id='block_1_1' title="bbox 215 369 368 430">
    <p class='ocr_par' dir='ltr' id='par_1_1' title="bbox 215 369 368 430">
     <span class='ocr_line' id='line_1_1' title="bbox 215 369 368 430; baseline -0.007 -1"><span class='ocrx_word' id='word_1_1' title='bbox 215 369 368 430; x_wconf 65' lang='lat' dir='ltr'>“Si</span> 
     </span>
    </p>
   </div>
   <div class='ocr_carea' id='block_1_2' title="bbox 774 355 3055 430">
    <p class='ocr_par' dir='ltr' id='par_1_2' title="bbox 774 355 3055 430">
     <span class='ocr_line' id='line_1_2' title="bbox 774 355 3055 430; baseline -0.004 -1"><span class='ocrx_word' id='word_1_2' title='bbox 774 365 1186 430; x_wconf 79' lang='lat' dir='ltr'>ADVERSUS</span> <span class='ocrx_word' id='word_1_3' title='bbox 1233 365 1703 429; x_wconf 82' lang='lat' dir='ltr'>SIMONIACOS</span> <span class='ocrx_word' id='word_1_4' title='bbox 1748 355 1955 424; x_wconf 77' lang='lat' dir='ltr'><strong>LIBRI</strong></span> <span class='ocrx_word' id='word_1_5' title='bbox 1998 361 2578 422; x_wconf 76' lang='lat' dir='ltr'>TRES.—LIBER</span> <span class='ocrx_word' id='word_1_6' title='bbox 2619 361 3055 422; x_wconf 89' lang='lat' dir='ltr'>SECUNDUS.</span> 
     </span>
    </p>
   </div>
   <div class='ocr_carea' id='block_1_3' title="bbox 3464 361 3624 426">
    <p class='ocr_par' dir='ltr' id='par_1_3' title="bbox 3464 361 3624 426">
     <span class='ocr_line' id='line_1_3' title="bbox 3464 361 3624 426; baseline 0.013 -2"><span class='ocrx_word' id='word_1_7' title='bbox 3464 361 3496 424; x_wconf 62' lang='grc'><strong>1</strong></span> <span class='ocrx_word' id='word_1_8' title='bbox 3509 367 3624 426; x_wconf 70' lang='grc'><strong>122</strong></span> 
     </span>
    </p>
   </div>
   <div class='ocr_carea' id='block_1_4' title="bbox 214 492 3623 573">
    <p class='ocr_par' dir='ltr' id='par_1_4' title="bbox 214 492 3623 573">
     <span class='ocr_line' id='line_1_4' title="bbox 214 492 3623 573; baseline -0.001 -17"><span class='ocrx_word' id='word_1_9' title='bbox 214 502 331 569; x_wconf 82' lang='lat' dir='ltr'>lus,</span> <span class='ocrx_word' id='word_1_10' title='bbox 367 501 609 569; x_wconf 87' lang='lat' dir='ltr'>Gothus,</span> <span class='ocrx_word' id='word_1_11' title='bbox 641 502 910 569; x_wconf 77' lang='lat' dir='ltr'>Hunnus,</span> <span class='ocrx_word' id='word_1_12' title='bbox 947 499 1380 573; x_wconf 88' lang='lat' dir='ltr'>Longobardus,</span> <span class='ocrx_word' id='word_1_13' title='bbox 1414 503 1515 554; x_wconf 88' lang='lat' dir='ltr'>aut</span> <span class='ocrx_word' id='word_1_14' title='bbox 1549 497 1862 568; x_wconf 84' lang='lat' dir='ltr'>Hungarus</span> <span class='ocrx_word' id='word_1_15' title='bbox 1889 495 1944 562; x_wconf 77' lang='grc' dir='ltr'><strong>Α</strong></span> <span class='ocrx_word' id='word_1_16' title='bbox 1975 493 2050 548; x_wconf 85' lang='lat' dir='ltr'>sit</span> <span class='ocrx_word' id='word_1_17' title='bbox 2097 493 2240 548; x_wconf 92' lang='lat' dir='ltr'>illud</span> <span class='ocrx_word' id='word_1_18' title='bbox 2291 492 2626 564; x_wconf 91' lang='lat' dir='ltr'>imperium,</span> <span class='ocrx_word' id='word_1_19' title='bbox 2665 494 2819 564; x_wconf 89' lang='lat' dir='ltr'>quod</span> <span class='ocrx_word' id='word_1_20' title='bbox 2869 509 3002 548; x_wconf 91' lang='lat' dir='ltr'>cum</span> <span class='ocrx_word' id='word_1_21' title='bbox 3054 499 3286 565; x_wconf 91' lang='lat' dir='ltr'>repente</span> <span class='ocrx_word' id='word_1_22' title='bbox 3332 497 3510 551; x_wconf 83' lang='lat' dir='ltr'>efficit</span> <span class='ocrx_word' id='word_1_23' title='bbox 3553 518 3623 558; x_wconf 78' lang='lat' dir='ltr'>ex</span> 
     </span>
    </p>
   </div>
   <div class='ocr_carea' id='block_1_5' title="bbox 216 585 1864 662">
    <p class='ocr_par' dir='ltr' id='par_1_5' title="bbox 216 585 1864 662">
     <span class='ocr_line' id='line_1_5' title="bbox 216 585 1864 662; baseline -0.004 -16"><span class='ocrx_word' id='word_1_24' title='bbox 216 596 307 646; x_wconf 87' lang='lat' dir='ltr'>est</span> <span class='ocrx_word' id='word_1_25' title='bbox 327 595 545 656; x_wconf 84' lang='lat' dir='ltr'>auctor,</span> <span class='ocrx_word' id='word_1_26' title='bbox 562 597 849 662; x_wconf 86' lang='lat' dir='ltr'>quantum</span> <span class='ocrx_word' id='word_1_27' title='bbox 872 589 1241 646; x_wconf 90' lang='lat' dir='ltr'>Simoniacus</span> <span class='ocrx_word' id='word_1_28' title='bbox 1261 587 1469 658; x_wconf 89' lang='lat' dir='ltr'>hostis,</span> <span class='ocrx_word' id='word_1_29' title='bbox 1485 587 1583 658; x_wconf 87' lang='lat' dir='ltr'>qui</span> <span class='ocrx_word' id='word_1_30' title='bbox 1618 585 1864 641; x_wconf 84' lang='lat' dir='ltr'>mobiles</span> 
     </span>
    </p>
   </div>
   <div class='ocr_carea' id='block_1_6' title="bbox 216 673 1868 751">
    <p class='ocr_par' dir='ltr' id='par_1_6' title="bbox 216 673 1868 751">
     <span class='ocr_line' id='line_1_6' title="bbox 216 673 1868 751; baseline -0.005 -17"><span class='ocrx_word' id='word_1_31' title='bbox 216 684 274 734; x_wconf 88' lang='lat' dir='ltr'>et</span> <span class='ocrx_word' id='word_1_32' title='bbox 303 677 650 744; x_wconf 87' lang='lat' dir='ltr'>immobiles,</span> <span class='ocrx_word' id='word_1_33' title='bbox 686 695 932 751; x_wconf 85' lang='lat' dir='ltr'>seseque</span> <span class='ocrx_word' id='word_1_34' title='bbox 981 680 1276 733; x_wconf 85' lang='lat' dir='ltr'>moventes</span> <span class='ocrx_word' id='word_1_35' title='bbox 1314 694 1407 732; x_wconf 90' lang='lat' dir='ltr'>res</span> <span class='ocrx_word' id='word_1_36' title='bbox 1444 673 1868 730; x_wconf 87' lang='lat' dir='ltr'>venerabilium</span> 
     </span>
    </p>
   </div>
   <div class='ocr_carea' id='block_1_7' title="bbox 217 762 1862 838">
    <p class='ocr_par' dir='ltr' id='par_1_7' title="bbox 217 762 1862 838">
     <span class='ocr_line' id='line_1_7' title="bbox 217 762 1862 838; baseline -0.002 -18"><span class='ocrx_word' id='word_1_37' title='bbox 217 765 474 823; x_wconf 91' lang='lat' dir='ltr'>locorum</span> <span class='ocrx_word' id='word_1_38' title='bbox 500 767 583 822; x_wconf 88' lang='lat' dir='ltr'>sic</span> <span class='ocrx_word' id='word_1_39' title='bbox 605 767 902 822; x_wconf 89' lang='lat' dir='ltr'>vendendo</span> <span class='ocrx_word' id='word_1_40' title='bbox 925 770 982 822; x_wconf 92' lang='lat' dir='ltr'>et</span> <span class='ocrx_word' id='word_1_41' title='bbox 1003 765 1349 838; x_wconf 84' lang='lat' dir='ltr'>propinquis</span> <span class='ocrx_word' id='word_1_42' title='bbox 1369 768 1426 820; x_wconf 92' lang='lat' dir='ltr'>et</span> <span class='ocrx_word' id='word_1_43' title='bbox 1450 763 1739 820; x_wconf 81' lang='lat' dir='ltr'>extraneis</span> <span class='ocrx_word' id='word_1_44' title='bbox 1762 762 1862 817; x_wconf 85' lang='lat' dir='ltr'>do-</span> 
     </span>
    </p>
   </div>
   <div class='ocr_carea' id='block_1_8' title="bbox 216 849 1866 928">
    <p class='ocr_par' dir='ltr' id='par_1_8' title="bbox 216 849 1866 928">
     <span class='ocr_line' id='line_1_8' title="bbox 216 849 1866 928; baseline -0.005 -14"><span class='ocrx_word' id='word_1_45' title='bbox 216 855 430 923; x_wconf 84' lang='lat' dir='ltr'>nando,</span> <span class='ocrx_word' id='word_1_46' title='bbox 451 856 734 928; x_wconf 77' lang='lat' dir='ltr'>dilapidet</span> <span class='ocrx_word' id='word_1_47' title='bbox 757 861 812 911; x_wconf 90' lang='lat' dir='ltr'>et</span> <span class='ocrx_word' id='word_1_48' title='bbox 840 855 1106 928; x_wconf 85' lang='lat' dir='ltr'>dissipat,</span> <span class='ocrx_word' id='word_1_49' title='bbox 1133 858 1198 909; x_wconf 91' lang='lat' dir='ltr'>ut</span> <span class='ocrx_word' id='word_1_50' title='bbox 1227 853 1308 908; x_wconf 90' lang='lat' dir='ltr'>nil</span> <span class='ocrx_word' id='word_1_51' title='bbox 1339 853 1450 909; x_wconf 89' lang='lat' dir='ltr'>sibi</span> <span class='ocrx_word' id='word_1_52' title='bbox 1483 869 1586 908; x_wconf 91' lang='lat' dir='ltr'>nec</span> <span class='ocrx_word' id='word_1_53' title='bbox 1617 849 1866 925; x_wconf 82' lang='lat' dir='ltr'>posteris</span> 
     </span>
    </p>
   </div>
   <div class='ocr_carea' id='block_1_9' title="bbox 215 936 1868 1016">
    <p class='ocr_par' dir='ltr' id='par_1_9' title="bbox 215 936 1868 1016">
     <span class='ocr_line' id='line_1_9' title="bbox 215 936 1868 1016; baseline -0.004 -18"><span class='ocrx_word' id='word_1_54' title='bbox 215 943 344 998; x_wconf 87' lang='lat' dir='ltr'>suis</span> <span class='ocrx_word' id='word_1_55' title='bbox 364 948 570 1015; x_wconf 70' lang='lat' dir='ltr'>praster</span> <span class='ocrx_word' id='word_1_56' title='bbox 588 944 876 1016; x_wconf 81' lang='lat' dir='ltr'>lacrymas</span> <span class='ocrx_word' id='word_1_57' title='bbox 899 942 1210 1015; x_wconf 82' lang='lat' dir='ltr'>relinquat.</span> <span class='ocrx_word' id='word_1_58' title='bbox 1235 941 1364 1010; x_wconf 86' lang='lat' dir='ltr'>Qui,</span> <span class='ocrx_word' id='word_1_59' title='bbox 1383 941 1632 1007; x_wconf 89' lang='lat' dir='ltr'>utinam,</span> <span class='ocrx_word' id='word_1_60' title='bbox 1649 939 1733 994; x_wconf 86' lang='lat' dir='ltr'>vel</span> <span class='ocrx_word' id='word_1_61' title='bbox 1766 936 1868 992; x_wconf 89' lang='lat' dir='ltr'>illa</span> 
     </span>
    </p>
   </div>
   <div class='ocr_carea' id='block_1_10' title="bbox 217 1026 1868 1104">
    <p class='ocr_par' dir='ltr' id='par_1_10' title="bbox 217 1026 1868 1104">
     <span class='ocr_line' id='line_1_10' title="bbox 217 1026 1868 1104; baseline -0.005 -16"><span class='ocrx_word' id='word_1_62' title='bbox 217 1035 474 1100; x_wconf 80' lang='lat' dir='ltr'>tantum,</span> <span class='ocrx_word' id='word_1_63' title='bbox 497 1049 623 1104; x_wconf 67' lang='lat' dir='ltr'>quae</span> <span class='ocrx_word' id='word_1_64' title='bbox 665 1034 736 1088; x_wconf 89' lang='lat' dir='ltr'>ab</span> <span class='ocrx_word' id='word_1_65' title='bbox 768 1031 1235 1089; x_wconf 81' lang='lat' dir='ltr'>antecessoribus</span> <span class='ocrx_word' id='word_1_66' title='bbox 1265 1031 1389 1086; x_wconf 91' lang='lat' dir='ltr'>suis</span> <span class='ocrx_word' id='word_1_67' title='bbox 1420 1033 1623 1102; x_wconf 88' lang='lat' dir='ltr'>parata</span> <span class='ocrx_word' id='word_1_68' title='bbox 1650 1026 1868 1083; x_wconf 86' lang='lat' dir='ltr'>invenit</span> 
     </span>
    </p>
   </div>
   <div class='ocr_carea' id='block_1_11' title="bbox 216 1118 1866 1194">
    <p class='ocr_par' dir='ltr' id='par_1_11' title="bbox 216 1118 1866 1194">
     <span class='ocr_line' id='line_1_11' title="bbox 216 1118 1866 1194; baseline -0.004 -18"><span class='ocrx_word' id='word_1_69' title='bbox 216 1125 274 1176; x_wconf 87' lang='lat' dir='ltr'>et</span> <span class='ocrx_word' id='word_1_70' title='bbox 305 1138 419 1194; x_wconf 71' lang='lat' dir='ltr'>prie</span> <span class='ocrx_word' id='word_1_71' title='bbox 444 1121 720 1177; x_wconf 87' lang='lat' dir='ltr'>manibus</span> <span class='ocrx_word' id='word_1_72' title='bbox 741 1138 845 1177; x_wconf 91' lang='lat' dir='ltr'>suo</span> <span class='ocrx_word' id='word_1_73' title='bbox 871 1126 1133 1193; x_wconf 89' lang='lat' dir='ltr'>tempore</span> <span class='ocrx_word' id='word_1_74' title='bbox 1155 1120 1346 1185; x_wconf 84' lang='lat' dir='ltr'>habet,</span> <span class='ocrx_word' id='word_1_75' title='bbox 1373 1118 1730 1190; x_wconf 90' lang='lat' dir='ltr'>diriperet,et</span> <span class='ocrx_word' id='word_1_76' title='bbox 1751 1131 1866 1170; x_wconf 93' lang='lat' dir='ltr'>non</span> 
     </span>
    </p>
   </div>
   <div class='ocr_carea' id='block_1_12' title="bbox 218 1205 1870 1281">
    <p class='ocr_par' dir='ltr' id='par_1_12' title="bbox 218 1205 1870 1281">
     <span class='ocr_line' id='line_1_12' title="bbox 218 1205 1870 1281; baseline -0.004 -17"><span class='ocrx_word' id='word_1_77' title='bbox 218 1209 393 1264; x_wconf 87' lang='lat' dir='ltr'>etiam</span> <span class='ocrx_word' id='word_1_78' title='bbox 429 1208 547 1277; x_wconf 88' lang='lat' dir='ltr'>illa,</span> <span class='ocrx_word' id='word_1_79' title='bbox 572 1225 698 1281; x_wconf 80' lang='lat' dir='ltr'>quae</span> <span class='ocrx_word' id='word_1_80' title='bbox 730 1209 977 1264; x_wconf 88' lang='lat' dir='ltr'>necdum</span> <span class='ocrx_word' id='word_1_81' title='bbox 1021 1207 1236 1263; x_wconf 83' lang='lat' dir='ltr'>habet!</span> <span class='ocrx_word' id='word_1_82' title='bbox 1288 1206 1559 1262; x_wconf 82' lang='lat' dir='ltr'>Decimae</span> <span class='ocrx_word' id='word_1_83' title='bbox 1607 1205 1763 1260; x_wconf 91' lang='lat' dir='ltr'>enim</span> <span class='ocrx_word' id='word_1_84' title='bbox 1811 1206 1870 1259; x_wconf 89' lang='lat' dir='ltr'>et</span> 
     </span>
    </p>
   </div>
   <div class='ocr_carea' id='block_1_13' title="bbox 219 1296 1869 1365">
    <p class='ocr_par' dir='ltr' id='par_1_13' title="bbox 219 1296 1869 1365">
     <span class='ocr_line' id='line_1_13' title="bbox 219 1296 1869 1365; baseline -0.003 -13"><span class='ocrx_word' id='word_1_85' title='bbox 219 1296 546 1352; x_wconf 81' lang='lat' dir='ltr'>oblationes</span> <span class='ocrx_word' id='word_1_86' title='bbox 573 1296 834 1352; x_wconf 89' lang='lat' dir='ltr'>vivorum</span> <span class='ocrx_word' id='word_1_87' title='bbox 866 1301 924 1352; x_wconf 89' lang='lat' dir='ltr'>et</span> <span class='ocrx_word' id='word_1_88' title='bbox 959 1297 1390 1362; x_wconf 76' lang='lat' dir='ltr'>defunctorum,</span> <span class='ocrx_word' id='word_1_89' title='bbox 1420 1299 1598 1365; x_wconf 87' lang='lat' dir='ltr'>atque</span> <span class='ocrx_word' id='word_1_90' title='bbox 1630 1297 1869 1349; x_wconf 86' lang='lat' dir='ltr'>cunctos</span> 
     </span>
    </p>
   </div>
   <div class='ocr_carea' id='block_1_14' title="bbox 220 1381 1872 1459">
    <p class='ocr_par' dir='ltr' id='par_1_14' title="bbox 220 1381 1872 1459">
     <span class='ocr_line' id='line_1_14' title="bbox 220 1381 1872 1459; baseline -0.003 -18"><span class='ocrx_word' id='word_1_91' title='bbox 220 1386 502 1454; x_wconf 85' lang='lat' dir='ltr'>redditus,</span> <span class='ocrx_word' id='word_1_92' title='bbox 519 1403 668 1457; x_wconf 90' lang='lat' dir='ltr'>quos</span> <span class='ocrx_word' id='word_1_93' title='bbox 689 1391 821 1459; x_wconf 90' lang='lat' dir='ltr'>post</span> <span class='ocrx_word' id='word_1_94' title='bbox 837 1403 902 1442; x_wconf 86' lang='lat' dir='ltr'>se</span> <span class='ocrx_word' id='word_1_95' title='bbox 915 1403 1104 1458; x_wconf 85' lang='lat' dir='ltr'>usque</span> <span class='ocrx_word' id='word_1_96' title='bbox 1127 1386 1184 1440; x_wconf 91' lang='lat' dir='ltr'>in</span> <span class='ocrx_word' id='word_1_97' title='bbox 1206 1385 1380 1440; x_wconf 79' lang='lat' dir='ltr'>finem</span> <span class='ocrx_word' id='word_1_98' title='bbox 1400 1383 1594 1440; x_wconf 69' lang='lat' dir='ltr'>saeculi</span> <span class='ocrx_word' id='word_1_99' title='bbox 1613 1381 1872 1440; x_wconf 90' lang='lat' dir='ltr'>Ecclesia</span> 
     </span>
    </p>
   </div>
   <div class='ocr_carea' id='block_1_15' title="bbox 219 1470 1871 1547">
    <p class='ocr_par' dir='ltr' id='par_1_15' title="bbox 219 1470 1871 1547">
     <span class='ocr_line' id='line_1_15' title="bbox 219 1470 1871 1547; baseline -0.002 -18"><span class='ocrx_word' id='word_1_100' title='bbox 219 1478 345 1529; x_wconf 82' lang='lat' dir='ltr'>erat</span> <span class='ocrx_word' id='word_1_101' title='bbox 364 1474 659 1544; x_wconf 85' lang='lat' dir='ltr'>habitura,</span> <span class='ocrx_word' id='word_1_102' title='bbox 679 1492 780 1547; x_wconf 89' lang='lat' dir='ltr'>per</span> <span class='ocrx_word' id='word_1_103' title='bbox 795 1475 1113 1532; x_wconf 89' lang='lat' dir='ltr'>d-iabolicos</span> <span class='ocrx_word' id='word_1_104' title='bbox 1135 1477 1469 1530; x_wconf 89' lang='lat' dir='ltr'>contractus</span> <span class='ocrx_word' id='word_1_105' title='bbox 1491 1470 1752 1528; x_wconf 71' lang='lat' dir='ltr'>saeculari</span> <span class='ocrx_word' id='word_1_106' title='bbox 1763 1470 1871 1525; x_wconf 89' lang='lat' dir='ltr'>bus</span> 
     </span>
    </p>
   </div>
   <div class='ocr_carea' id='block_1_16' title="bbox 219 1561 1870 1634">
    <p class='ocr_par' dir='ltr' id='par_1_16' title="bbox 219 1561 1870 1634">
     <span class='ocr_line' id='line_1_16' title="bbox 219 1561 1870 1634; baseline -0.002 -18"><span class='ocrx_word' id='word_1_107' title='bbox 219 1561 560 1618; x_wconf 88' lang='lat' dir='ltr'>hominibus</span> <span class='ocrx_word' id='word_1_108' title='bbox 589 1563 806 1631; x_wconf 85' lang='lat' dir='ltr'>vendit,</span> <span class='ocrx_word' id='word_1_109' title='bbox 827 1567 924 1618; x_wconf 87' lang='lat' dir='ltr'>aut</span> <span class='ocrx_word' id='word_1_110' title='bbox 958 1565 1155 1632; x_wconf 88' lang='lat' dir='ltr'>donat,</span> <span class='ocrx_word' id='word_1_111' title='bbox 1181 1567 1237 1617; x_wconf 90' lang='lat' dir='ltr'>et</span> <span class='ocrx_word' id='word_1_112' title='bbox 1268 1561 1716 1634; x_wconf 86' lang='lat' dir='ltr'>quibuscunque</span> <span class='ocrx_word' id='word_1_113' title='bbox 1747 1575 1870 1613; x_wconf 91' lang='lat' dir='ltr'>mo-</span> 
     </span>
    </p>
   </div>
   <div class='ocr_carea' id='block_1_17' title="bbox 220 1648 1872 1722">
    <p class='ocr_par' dir='ltr' id='par_1_17' title="bbox 220 1648 1872 1722">
     <span class='ocr_line' id='line_1_17' title="bbox 220 1648 1872 1722; baseline -0.001 -18"><span class='ocrx_word' id='word_1_114' title='bbox 220 1649 310 1704; x_wconf 88' lang='lat' dir='ltr'>dis</span> <span class='ocrx_word' id='word_1_115' title='bbox 341 1654 396 1705; x_wconf 88' lang='lat' dir='ltr'>et</span> <span class='ocrx_word' id='word_1_116' title='bbox 419 1651 852 1706; x_wconf 88' lang='lat' dir='ltr'>conditionibus</span> <span class='ocrx_word' id='word_1_117' title='bbox 877 1654 1083 1722; x_wconf 82' lang='lat' dir='ltr'>potest,</span> <span class='ocrx_word' id='word_1_118' title='bbox 1109 1655 1386 1722; x_wconf 91' lang='lat' dir='ltr'>perpetuo</span> <span class='ocrx_word' id='word_1_119' title='bbox 1417 1648 1649 1714; x_wconf 86' lang='lat' dir='ltr'>alienat,</span> <span class='ocrx_word' id='word_1_120' title='bbox 1672 1651 1734 1702; x_wconf 91' lang='lat' dir='ltr'>ut</span> <span class='ocrx_word' id='word_1_121' title='bbox 1756 1648 1872 1702; x_wconf 91' lang='lat' dir='ltr'>Deo</span> 
     </span>
    </p>
   </div>
   <div class='ocr_carea' id='block_1_18' title="bbox 220 1738 1873 1811">
    <p class='ocr_par' dir='ltr' id='par_1_18' title="bbox 220 1738 1873 1811">
     <span class='ocr_line' id='line_1_18' title="bbox 220 1738 1873 1811; baseline -0.002 -17"><span class='ocrx_word' id='word_1_122' title='bbox 220 1742 353 1809; x_wconf 85' lang='lat' dir='ltr'>post</span> <span class='ocrx_word' id='word_1_123' title='bbox 373 1738 432 1792; x_wconf 92' lang='lat' dir='ltr'>in</span> <span class='ocrx_word' id='word_1_124' title='bbox 459 1739 671 1794; x_wconf 86' lang='lat' dir='ltr'>futuris</span> <span class='ocrx_word' id='word_1_125' title='bbox 691 1738 1164 1811; x_wconf 84' lang='lat' dir='ltr'>generationibus</span> <span class='ocrx_word' id='word_1_126' title='bbox 1191 1738 1479 1801; x_wconf 88' lang='lat' dir='ltr'>servituri,</span> <span class='ocrx_word' id='word_1_127' title='bbox 1507 1752 1793 1808; x_wconf 90' lang='lat' dir='ltr'>suamque</span> <span class='ocrx_word' id='word_1_128' title='bbox 1816 1739 1873 1790; x_wconf 93' lang='lat' dir='ltr'>et</span> 
     </span>
    </p>
   </div>
   <div class='ocr_carea' id='block_1_19' title="bbox 219 1823 1871 1899">
    <p class='ocr_par' dir='ltr' id='par_1_19' title="bbox 219 1823 1871 1899">
     <span class='ocr_line' id='line_1_19' title="bbox 219 1823 1871 1899; baseline -0.001 -20"><span class='ocrx_word' id='word_1_129' title='bbox 219 1824 466 1880; x_wconf 87' lang='lat' dir='ltr'>aliorum</span> <span class='ocrx_word' id='word_1_130' title='bbox 503 1826 752 1882; x_wconf 82' lang='lat' dir='ltr'>salutem</span> <span class='ocrx_word' id='word_1_131' title='bbox 785 1827 1101 1899; x_wconf 89' lang='lat' dir='ltr'>operaturi,</span> <span class='ocrx_word' id='word_1_132' title='bbox 1136 1825 1277 1881; x_wconf 90' lang='lat' dir='ltr'>nihil</span> <span class='ocrx_word' id='word_1_133' title='bbox 1313 1826 1552 1881; x_wconf 89' lang='lat' dir='ltr'>omnino</span> <span class='ocrx_word' id='word_1_134' title='bbox 1586 1825 1697 1881; x_wconf 89' lang='lat' dir='ltr'>sibi</span> <span class='ocrx_word' id='word_1_135' title='bbox 1733 1823 1871 1879; x_wconf 89' lang='lat' dir='ltr'>reli-</span> 
     </span>
    </p>
   </div>
   <div class='ocr_carea' id='block_1_20' title="bbox 218 1915 1868 1982">
    <p class='ocr_par' dir='ltr' id='par_1_20' title="bbox 218 1915 1868 1982">
     <span class='ocr_line' id='line_1_20' title="bbox 218 1915 1868 1982; baseline 0.001 -15"><span class='ocrx_word' id='word_1_136' title='bbox 218 1917 510 1982; x_wconf 89' lang='lat' dir='ltr'>ctum,nec</span> <span class='ocrx_word' id='word_1_137' title='bbox 533 1917 602 1970; x_wconf 89' lang='lat' dir='ltr'>ad</span> <span class='ocrx_word' id='word_1_138' title='bbox 627 1916 844 1971; x_wconf 87' lang='lat' dir='ltr'>victum</span> <span class='ocrx_word' id='word_1_139' title='bbox 865 1916 1044 1971; x_wconf 90' lang='lat' dir='ltr'>unius</span> <span class='ocrx_word' id='word_1_140' title='bbox 1066 1916 1352 1981; x_wconf 66' lang='lat' dir='ltr'>hortemee</span> <span class='ocrx_word' id='word_1_141' title='bbox 1373 1916 1443 1970; x_wconf 90' lang='lat' dir='ltr'>ad</span> <span class='ocrx_word' id='word_1_142' title='bbox 1460 1915 1868 1982; x_wconf 89' lang='lat' dir='ltr'>vestitum,nec</span> 
     </span>
    </p>
   </div>
   <div class='ocr_carea' id='block_1_21' title="bbox 219 2000 1866 2058">
    <p class='ocr_par' dir='ltr' id='par_1_21' title="bbox 219 2000 1866 2058">
     <span class='ocr_line' id='line_1_21' title="bbox 219 2000 1866 2058; baseline -0.002 -2"><span class='ocrx_word' id='word_1_143' title='bbox 219 2001 288 2056; x_wconf 86' lang='lat' dir='ltr'>ad</span> <span class='ocrx_word' id='word_1_144' title='bbox 321 2001 705 2056; x_wconf 85' lang='lat' dir='ltr'>diversorium</span> <span class='ocrx_word' id='word_1_145' title='bbox 737 2003 846 2058; x_wconf 88' lang='lat' dir='ltr'>sub</span> <span class='ocrx_word' id='word_1_146' title='bbox 877 2007 1046 2058; x_wconf 89' lang='lat' dir='ltr'>nocte</span> <span class='ocrx_word' id='word_1_147' title='bbox 1075 2003 1387 2058; x_wconf 86' lang='lat' dir='ltr'>inveniant.</span> <span class='ocrx_word' id='word_1_148' title='bbox 1425 2003 1560 2058; x_wconf 91' lang='lat' dir='ltr'>Inde</span> <span class='ocrx_word' id='word_1_149' title='bbox 1589 2000 1772 2056; x_wconf 91' lang='lat' dir='ltr'>libelli</span> <span class='ocrx_word' id='word_1_150' title='bbox 1808 2000 1866 2054; x_wconf 92' lang='lat' dir='ltr'>in</span> 
     </span>
    </p>
   </div>
   <div class='ocr_carea' id='block_1_22' title="bbox 219 2089 1867 2156">
    <p class='ocr_par' dir='ltr' id='par_1_22' title="bbox 219 2089 1867 2156">
     <span class='ocr_line' id='line_1_22' title="bbox 219 2089 1867 2156; baseline -0.001 -11"><span class='ocrx_word' id='word_1_151' title='bbox 219 2089 599 2145; x_wconf 67' lang='lat' dir='ltr'>saecularibus</span> <span class='ocrx_word' id='word_1_152' title='bbox 631 2091 925 2156; x_wconf 88' lang='lat' dir='ltr'>manibus,</span> <span class='ocrx_word' id='word_1_153' title='bbox 949 2091 1083 2146; x_wconf 90' lang='lat' dir='ltr'>inde</span> <span class='ocrx_word' id='word_1_154' title='bbox 1104 2091 1436 2146; x_wconf 85' lang='lat' dir='ltr'>chartarum</span> <span class='ocrx_word' id='word_1_155' title='bbox 1467 2093 1867 2155; x_wconf 91' lang='lat' dir='ltr'>monumenta,</span> 
     </span>
    </p>
   </div>
   <div class='ocr_carea' id='block_1_23' title="bbox 219 2178 1865 2251">
    <p class='ocr_par' dir='ltr' id='par_1_23' title="bbox 219 2178 1865 2251">
     <span class='ocr_line' id='line_1_23' title="bbox 219 2178 1865 2251; baseline -0.001 -18"><span class='ocrx_word' id='word_1_156' title='bbox 219 2183 277 2233; x_wconf 90' lang='lat' dir='ltr'>et</span> <span class='ocrx_word' id='word_1_157' title='bbox 306 2178 695 2234; x_wconf 86' lang='lat' dir='ltr'>instrumenta</span> <span class='ocrx_word' id='word_1_158' title='bbox 716 2179 1247 2251; x_wconf 88' lang='lat' dir='ltr'>subscriptionibus</span> <span class='ocrx_word' id='word_1_159' title='bbox 1272 2179 1480 2234; x_wconf 88' lang='lat' dir='ltr'>talium</span> <span class='ocrx_word' id='word_1_160' title='bbox 1505 2178 1654 2234; x_wconf 91' lang='lat' dir='ltr'>male</span> <span class='ocrx_word' id='word_1_161' title='bbox 1677 2181 1865 2244; x_wconf 88' lang='lat' dir='ltr'>cauta,</span> 
     </span>
    </p>
   </div>
   <div class='ocr_carea' id='block_1_24' title="bbox 221 2266 1867 2339">
    <p class='ocr_par' dir='ltr' id='par_1_24' title="bbox 221 2266 1867 2339">
     <span class='ocr_line' id='line_1_24' title="bbox 221 2266 1867 2339; baseline -0.001 -18"><span class='ocrx_word' id='word_1_162' title='bbox 221 2268 436 2338; x_wconf 88' lang='lat' dir='ltr'>quibus</span> <span class='ocrx_word' id='word_1_163' title='bbox 468 2272 822 2323; x_wconf 87' lang='lat' dir='ltr'>evacuantur</span> <span class='ocrx_word' id='word_1_164' title='bbox 863 2267 1240 2323; x_wconf 89' lang='lat' dir='ltr'>ecclesiarum</span> <span class='ocrx_word' id='word_1_165' title='bbox 1273 2267 1373 2323; x_wconf 90' lang='lat' dir='ltr'>Dei</span> <span class='ocrx_word' id='word_1_166' title='bbox 1406 2268 1648 2339; x_wconf 90' lang='lat' dir='ltr'>antiqua</span> <span class='ocrx_word' id='word_1_167' title='bbox 1679 2266 1867 2322; x_wconf 90' lang='lat' dir='ltr'>chiro-</span> 
     </span>
    </p>
   </div>
   <div class='ocr_carea' id='block_1_25' title="bbox 221 2355 1870 2428">
    <p class='ocr_par' dir='ltr' id='par_1_25' title="bbox 221 2355 1870 2428">
     <span class='ocr_line' id='line_1_25' title="bbox 221 2355 1870 2428; baseline 0 -19"><span class='ocrx_word' id='word_1_168' title='bbox 221 2355 444 2427; x_wconf 84' lang='lat' dir='ltr'>grapha</span> <span class='ocrx_word' id='word_1_169' title='bbox 458 2361 514 2411; x_wconf 90' lang='lat' dir='ltr'>et</span> <span class='ocrx_word' id='word_1_170' title='bbox 532 2355 809 2412; x_wconf 90' lang='lat' dir='ltr'>canonica</span> <span class='ocrx_word' id='word_1_171' title='bbox 831 2355 1356 2428; x_wconf 87' lang='lat' dir='ltr'>privilegia,etjuri</span> <span class='ocrx_word' id='word_1_172' title='bbox 1375 2356 1653 2411; x_wconf 89' lang='lat' dir='ltr'>laicorum</span> <span class='ocrx_word' id='word_1_173' title='bbox 1683 2369 1870 2426; x_wconf 90' lang='lat' dir='ltr'>usque</span> 
     </span>
    </p>
   </div>
   <div class='ocr_carea' id='block_1_26' title="bbox 221 2443 1867 2515">
    <p class='ocr_par' dir='ltr' id='par_1_26' title="bbox 221 2443 1867 2515">
     <span class='ocr_line' id='line_1_26' title="bbox 221 2443 1867 2515; baseline -0.001 -17"><span class='ocrx_word' id='word_1_174' title='bbox 221 2444 294 2498; x_wconf 73' lang='lat' dir='ltr'>ad</span> <span class='ocrx_word' id='word_1_175' title='bbox 319 2445 494 2499; x_wconf 81' lang='lat' dir='ltr'>ﬁnem</span> <span class='ocrx_word' id='word_1_176' title='bbox 519 2443 712 2500; x_wconf 72' lang='lat' dir='ltr'>seaculi</span> <span class='ocrx_word' id='word_1_177' title='bbox 737 2444 1028 2500; x_wconf 85' lang='lat' dir='ltr'>addicitur</span> <span class='ocrx_word' id='word_1_178' title='bbox 1046 2448 1101 2500; x_wconf 92' lang='lat' dir='ltr'>et</span> <span class='ocrx_word' id='word_1_179' title='bbox 1123 2445 1506 2500; x_wconf 85' lang='lat' dir='ltr'>confirmatur</span> <span class='ocrx_word' id='word_1_180' title='bbox 1525 2443 1716 2500; x_wconf 90' lang='lat' dir='ltr'>omnis</span> <span class='ocrx_word' id='word_1_181' title='bbox 1741 2459 1867 2515; x_wconf 91' lang='lat' dir='ltr'>pos-</span> 
     </span>
    </p>
   </div>
   <div class='ocr_carea' id='block_1_27' title="bbox 220 2531 1868 2605">
    <p class='ocr_par' dir='ltr' id='par_1_27' title="bbox 220 2531 1868 2605">
     <span class='ocr_line' id='line_1_27' title="bbox 220 2531 1868 2605; baseline -0.001 -17"><span class='ocrx_word' id='word_1_182' title='bbox 220 2531 408 2588; x_wconf 78' lang='lat' dir='ltr'>sessio</span> <span class='ocrx_word' id='word_1_183' title='bbox 465 2531 873 2588; x_wconf 88' lang='lat' dir='ltr'>ecclesiastica.</span> <span class='ocrx_word' id='word_1_184' title='bbox 926 2533 1235 2605; x_wconf 89' lang='lat' dir='ltr'>Nequeunt</span> <span class='ocrx_word' id='word_1_185' title='bbox 1279 2533 1406 2604; x_wconf 91' lang='lat' dir='ltr'>jam</span> <span class='ocrx_word' id='word_1_186' title='bbox 1453 2531 1868 2588; x_wconf 89' lang='lat' dir='ltr'>catholicorum</span> 
     </span>
    </p>
   </div>
   <div class='ocr_carea' id='block_1_28' title="bbox 219 2619 1868 2694">
    <p class='ocr_par' dir='ltr' id='par_1_28' title="bbox 219 2619 1868 2694">
     <span class='ocr_line' id='line_1_28' title="bbox 219 2619 1868 2694; baseline 0.002 -20"><span class='ocrx_word' id='word_1_187' title='bbox 219 2620 562 2692; x_wconf 81' lang='lat' dir='ltr'>pontiﬁcum</span> <span class='ocrx_word' id='word_1_188' title='bbox 595 2621 827 2676; x_wconf 88' lang='lat' dir='ltr'>decreta</span> <span class='ocrx_word' id='word_1_189' title='bbox 855 2619 943 2676; x_wconf 88' lang='lat' dir='ltr'>vel</span> <span class='ocrx_word' id='word_1_190' title='bbox 992 2620 1294 2694; x_wconf 87' lang='lat' dir='ltr'>privilegia</span> <span class='ocrx_word' id='word_1_191' title='bbox 1341 2621 1868 2693; x_wconf 84' lang='lat' dir='ltr'>conscriptionibus</span> 
     </span>
    </p>
   </div>
   <div class='ocr_carea' id='block_1_29' title="bbox 225 2707 1870 2782">
    <p class='ocr_par' dir='ltr' id='par_1_29' title="bbox 225 2707 1870 2782">
     <span class='ocr_line' id='line_1_29' title="bbox 225 2707 1870 2782; baseline 0.002 -20"><span class='ocrx_word' id='word_1_192' title='bbox 225 2707 438 2764; x_wconf 89' lang='lat' dir='ltr'>horum</span> <span class='ocrx_word' id='word_1_193' title='bbox 461 2708 861 2764; x_wconf 67' lang='lat' dir='ltr'>haereticorum</span> <span class='ocrx_word' id='word_1_194' title='bbox 885 2709 1135 2779; x_wconf 87' lang='lat' dir='ltr'>obviare,</span> <span class='ocrx_word' id='word_1_195' title='bbox 1155 2713 1453 2782; x_wconf 89' lang='lat' dir='ltr'>nequeunt</span> <span class='ocrx_word' id='word_1_196' title='bbox 1472 2708 1574 2764; x_wconf 91' lang='lat' dir='ltr'>ulli</span> <span class='ocrx_word' id='word_1_197' title='bbox 1598 2725 1870 2780; x_wconf 88' lang='lat' dir='ltr'>canones,</span> 
     </span>
    </p>
   </div>
   <div class='ocr_carea' id='block_1_30' title="bbox 223 2795 1868 2870">
    <p class='ocr_par' dir='ltr' id='par_1_30' title="bbox 223 2795 1868 2870">
     <span class='ocr_line' id='line_1_30' title="bbox 223 2795 1868 2870; baseline 0.001 -18"><span class='ocrx_word' id='word_1_198' title='bbox 223 2801 326 2852; x_wconf 83' lang='lat' dir='ltr'>aut</span> <span class='ocrx_word' id='word_1_199' title='bbox 357 2795 486 2852; x_wconf 60' lang='lat' dir='ltr'>ullas</span> <span class='ocrx_word' id='word_1_200' title='bbox 517 2796 722 2869; x_wconf 84' lang='lat' dir='ltr'>synodi</span> <span class='ocrx_word' id='word_1_201' title='bbox 755 2801 1088 2853; x_wconf 88' lang='lat' dir='ltr'>sanctorum</span> <span class='ocrx_word' id='word_1_202' title='bbox 1123 2798 1360 2853; x_wconf 79' lang='lat' dir='ltr'>Patrum</span> <span class='ocrx_word' id='word_1_203' title='bbox 1385 2800 1508 2869; x_wconf 88' lang='lat' dir='ltr'>jam</span> <span class='ocrx_word' id='word_1_204' title='bbox 1542 2798 1868 2870; x_wconf 61' lang='lat' dir='ltr'>praevalere,</span> 
     </span>
    </p>
   </div>
   <div class='ocr_carea' id='block_1_31' title="bbox 219 2885 1869 2959">
    <p class='ocr_par' dir='ltr' id='par_1_31' title="bbox 219 2885 1869 2959">
     <span class='ocr_line' id='line_1_31' title="bbox 219 2885 1869 2959; baseline 0.001 -19"><span class='ocrx_word' id='word_1_205' title='bbox 219 2889 521 2956; x_wconf 88' lang='lat' dir='ltr'>nequeunt</span> <span class='ocrx_word' id='word_1_206' title='bbox 551 2885 673 2941; x_wconf 90' lang='lat' dir='ltr'>ulla</span> <span class='ocrx_word' id='word_1_207' title='bbox 702 2885 890 2941; x_wconf 90' lang='lat' dir='ltr'>edicta</span> <span class='ocrx_word' id='word_1_208' title='bbox 919 2891 976 2942; x_wconf 92' lang='lat' dir='ltr'>et</span> <span class='ocrx_word' id='word_1_209' title='bbox 1006 2891 1289 2959; x_wconf 76' lang='lat' dir='ltr'>praecepta</span> <span class='ocrx_word' id='word_1_210' title='bbox 1318 2887 1760 2958; x_wconf 89' lang='lat' dir='ltr'>imperatorum,</span> <span class='ocrx_word' id='word_1_211' title='bbox 1781 2887 1869 2942; x_wconf 90' lang='lat' dir='ltr'>vel</span> 
     </span>
    </p>
   </div>
   <div class='ocr_carea' id='block_1_32' title="bbox 220 2972 1663 3047">
    <p class='ocr_par' dir='ltr' id='par_1_32' title="bbox 220 2972 1663 3047">
     <span class='ocr_line' id='line_1_32' title="bbox 220 2972 1663 3047; baseline 0 -18"><span class='ocrx_word' id='word_1_212' title='bbox 220 2972 382 3047; x_wconf 83' lang='lat' dir='ltr'>leges</span> <span class='ocrx_word' id='word_1_213' title='bbox 412 2973 818 3047; x_wconf 81' lang='lat' dir='ltr'>religiosorum</span> <span class='ocrx_word' id='word_1_214' title='bbox 851 2974 1181 3047; x_wconf 89' lang='lat' dir='ltr'>principum</span> <span class='ocrx_word' id='word_1_215' title='bbox 1207 2975 1329 3046; x_wconf 89' lang='lat' dir='ltr'>jam</span> <span class='ocrx_word' id='word_1_216' title='bbox 1361 2975 1663 3031; x_wconf 90' lang='lat' dir='ltr'>obsistere.</span> 
     </span>
    </p>
   </div>
   <div class='ocr_carea' id='block_1_33' title="bbox 294 3062 1870 3134">
    <p class='ocr_par' dir='ltr' id='par_1_33' title="bbox 294 3062 1870 3134">
     <span class='ocr_line' id='line_1_33' title="bbox 294 3062 1870 3134; baseline 0.002 -17"><span class='ocrx_word' id='word_1_217' title='bbox 294 3063 379 3118; x_wconf 87' lang='lat' dir='ltr'>Ita</span> <span class='ocrx_word' id='word_1_218' title='bbox 407 3062 709 3134; x_wconf 67' lang='lat' dir='ltr'>praevaluit</span> <span class='ocrx_word' id='word_1_219' title='bbox 737 3063 1104 3119; x_wconf 88' lang='lat' dir='ltr'>adversarius</span> <span class='ocrx_word' id='word_1_220' title='bbox 1132 3067 1199 3118; x_wconf 92' lang='lat' dir='ltr'>ut</span> <span class='ocrx_word' id='word_1_221' title='bbox 1234 3064 1360 3134; x_wconf 90' lang='lat' dir='ltr'>jam</span> <span class='ocrx_word' id='word_1_222' title='bbox 1393 3067 1528 3119; x_wconf 89' lang='lat' dir='ltr'>ante</span> <span class='ocrx_word' id='word_1_223' title='bbox 1559 3079 1692 3119; x_wconf 90' lang='lat' dir='ltr'>eum</span> <span class='ocrx_word' id='word_1_224' title='bbox 1725 3064 1870 3120; x_wconf 89' lang='lat' dir='ltr'>sub-</span> 
     </span>
    </p>
   </div>
   <div class='ocr_carea' id='block_1_34' title="bbox 225 3151 1864 3225">
    <p class='ocr_par' dir='ltr' id='par_1_34' title="bbox 225 3151 1864 3225">
     <span class='ocr_line' id='line_1_34' title="bbox 225 3151 1864 3225; baseline 0 -18"><span class='ocrx_word' id='word_1_225' title='bbox 225 3152 429 3208; x_wconf 88' lang='lat' dir='ltr'>sistere</span> <span class='ocrx_word' id='word_1_226' title='bbox 460 3169 574 3207; x_wconf 92' lang='lat' dir='ltr'>non</span> <span class='ocrx_word' id='word_1_227' title='bbox 606 3151 789 3224; x_wconf 86' lang='lat' dir='ltr'>possit</span> <span class='ocrx_word' id='word_1_228' title='bbox 828 3151 1086 3225; x_wconf 77' lang='lat' dir='ltr'>clypeus,</span> <span class='ocrx_word' id='word_1_229' title='bbox 1117 3169 1230 3207; x_wconf 91' lang='lat' dir='ltr'>non</span> <span class='ocrx_word' id='word_1_230' title='bbox 1269 3151 1499 3220; x_wconf 83' lang='lat' dir='ltr'>thorax,</span> <span class='ocrx_word' id='word_1_231' title='bbox 1530 3169 1644 3208; x_wconf 88' lang='lat' dir='ltr'>non</span> <span class='ocrx_word' id='word_1_232' title='bbox 1676 3151 1864 3221; x_wconf 89' lang='lat' dir='ltr'>hasta,</span> 
     </span>
    </p>
   </div>
   <div class='ocr_carea' id='block_1_35' title="bbox 1972 580 3622 659">
    <p class='ocr_par' dir='ltr' id='par_1_35' title="bbox 1972 580 3622 659">
     <span class='ocr_line' id='line_1_35' title="bbox 1972 580 3622 659; baseline 0.005 -21"><span class='ocrx_word' id='word_1_233' title='bbox 1972 581 2303 638; x_wconf 87' lang='lat' dir='ltr'>Christiano</span> <span class='ocrx_word' id='word_1_234' title='bbox 2353 598 2678 653; x_wconf 83' lang='lat' dir='ltr'>paganum;</span> <span class='ocrx_word' id='word_1_235' title='bbox 2731 580 2848 637; x_wconf 90' lang='lat' dir='ltr'>imo</span> <span class='ocrx_word' id='word_1_236' title='bbox 2898 582 3152 652; x_wconf 89' lang='lat' dir='ltr'>pejorem</span> <span class='ocrx_word' id='word_1_237' title='bbox 3202 600 3449 654; x_wconf 84' lang='lat' dir='ltr'>pagano,</span> <span class='ocrx_word' id='word_1_238' title='bbox 3483 591 3622 659; x_wconf 88' lang='lat' dir='ltr'>quia</span> 
     </span>
    </p>
   </div>
   <div class='ocr_carea' id='block_1_36' title="bbox 1975 671 3618 747">
    <p class='ocr_par' dir='ltr' id='par_1_36' title="bbox 1975 671 3618 747">
     <span class='ocr_line' id='line_1_36' title="bbox 1975 671 3618 747; baseline 0.004 -21"><span class='ocrx_word' id='word_1_239' title='bbox 1975 675 2263 743; x_wconf 88' lang='lat' dir='ltr'>apostatat</span> <span class='ocrx_word' id='word_1_240' title='bbox 2294 688 2327 725; x_wconf 87' lang='lat' dir='ltr'>a</span> <span class='ocrx_word' id='word_1_241' title='bbox 2359 676 2505 738; x_wconf 88' lang='lat' dir='ltr'>Deo;</span> <span class='ocrx_word' id='word_1_242' title='bbox 2542 687 2673 725; x_wconf 91' lang='lat' dir='ltr'>cum</span> <span class='ocrx_word' id='word_1_243' title='bbox 2710 671 2994 741; x_wconf 88' lang='lat' dir='ltr'>perversis</span> <span class='ocrx_word' id='word_1_244' title='bbox 3026 671 3181 725; x_wconf 82' lang='lat' dir='ltr'>enim</span> <span class='ocrx_word' id='word_1_245' title='bbox 3213 671 3463 728; x_wconf 75' lang='lat' dir='ltr'>efficitur</span> <span class='ocrx_word' id='word_1_246' title='bbox 3494 693 3618 747; x_wconf 90' lang='lat' dir='ltr'>per-</span> 
     </span>
    </p>
   </div>
   <div class='ocr_carea' id='block_1_37' title="bbox 1972 757 3686 830">
    <p class='ocr_par' dir='ltr' id='par_1_37' title="bbox 1972 757 3686 830">
     <span class='ocr_line' id='line_1_37' title="bbox 1972 757 3686 830; baseline 0.004 -16"><span class='ocrx_word' id='word_1_247' title='bbox 1972 777 2196 823; x_wconf 88' lang='lat' dir='ltr'>vorsus,</span> <span class='ocrx_word' id='word_1_248' title='bbox 2223 764 2278 814; x_wconf 89' lang='lat' dir='ltr'>et</span> <span class='ocrx_word' id='word_1_249' title='bbox 2307 777 2440 814; x_wconf 88' lang='lat' dir='ltr'>eum</span> <span class='ocrx_word' id='word_1_250' title='bbox 2474 758 2771 830; x_wconf 81' lang='lat' dir='ltr'>sacrilegis</span> <span class='ocrx_word' id='word_1_251' title='bbox 2817 757 3157 830; x_wconf 83' lang='lat' dir='ltr'>sacrilegus,</span> <span class='ocrx_word' id='word_1_252' title='bbox 3191 765 3246 813; x_wconf 88' lang='lat' dir='ltr'>et</span> <span class='ocrx_word' id='word_1_253' title='bbox 3279 761 3404 815; x_wconf 86' lang='lat' dir='ltr'>ideo</span> <span class='ocrx_word' id='word_1_254' title='bbox 3440 769 3622 820; x_wconf 91' lang='lat' dir='ltr'>morte</span> <span class='ocrx_word' id='word_1_255' title='bbox 3677 810 3686 819; x_wconf 89' lang='lat'>.</span> 
     </span>
    </p>
   </div>
   <div class='ocr_carea' id='block_1_38' title="bbox 1973 847 3624 921">
    <p class='ocr_par' dir='ltr' id='par_1_38' title="bbox 1973 847 3624 921">
     <span class='ocr_line' id='line_1_38' title="bbox 1973 847 3624 921; baseline 0.004 -19"><span class='ocrx_word' id='word_1_256' title='bbox 1973 849 2210 920; x_wconf 88' lang='lat' dir='ltr'>dignus,</span> <span class='ocrx_word' id='word_1_257' title='bbox 2232 847 2368 919; x_wconf 87' lang='lat' dir='ltr'>quia</span> <span class='ocrx_word' id='word_1_258' title='bbox 2391 848 2678 904; x_wconf 87' lang='lat' dir='ltr'>consentit</span> <span class='ocrx_word' id='word_1_259' title='bbox 2709 847 2844 901; x_wconf 89' lang='lat' dir='ltr'>talia</span> <span class='ocrx_word' id='word_1_260' title='bbox 2881 848 3500 921; x_wconf 84' lang='lat' dir='ltr'>facientibus,quijam</span> <span class='ocrx_word' id='word_1_261' title='bbox 3535 859 3624 909; x_wconf 89' lang='lat' dir='ltr'>est</span> 
     </span>
    </p>
   </div>
   <div class='ocr_carea' id='block_1_39' title="bbox 1975 936 3624 1012">
    <p class='ocr_par' dir='ltr' id='par_1_39' title="bbox 1975 936 3624 1012">
     <span class='ocr_line' id='line_1_39' title="bbox 1975 936 3624 1012; baseline 0.003 -21"><span class='ocrx_word' id='word_1_262' title='bbox 1975 937 2259 992; x_wconf 85' lang='lat' dir='ltr'>dicendus</span> <span class='ocrx_word' id='word_1_263' title='bbox 2291 936 2576 1007; x_wconf 85' lang='lat' dir='ltr'>perversis</span> <span class='ocrx_word' id='word_1_264' title='bbox 2599 936 2947 1002; x_wconf 87' lang='lat' dir='ltr'>consentire,</span> <span class='ocrx_word' id='word_1_265' title='bbox 2975 936 3071 990; x_wconf 86' lang='lat' dir='ltr'>sed</span> <span class='ocrx_word' id='word_1_266' title='bbox 3109 953 3302 992; x_wconf 79' lang='lat' dir='ltr'>revera</span> <span class='ocrx_word' id='word_1_267' title='bbox 3333 943 3396 992; x_wconf 91' lang='lat' dir='ltr'>ut</span> <span class='ocrx_word' id='word_1_268' title='bbox 3425 941 3624 1012; x_wconf 86' lang='lat' dir='ltr'>pejora</span> 
     </span>
    </p>
   </div>
   <div class='ocr_carea' id='block_1_40' title="bbox 1979 1023 3622 1097">
    <p class='ocr_par' dir='ltr' id='par_1_40' title="bbox 1979 1023 3622 1097">
     <span class='ocr_line' id='line_1_40' title="bbox 1979 1023 3622 1097; baseline 0.004 -19"><span class='ocrx_word' id='word_1_269' title='bbox 1979 1025 2189 1080; x_wconf 77' lang='lat' dir='ltr'>faciant</span> <span class='ocrx_word' id='word_1_270' title='bbox 2221 1025 2526 1097; x_wconf 86' lang='lat' dir='ltr'>imperare,</span> <span class='ocrx_word' id='word_1_271' title='bbox 2558 1024 2770 1095; x_wconf 89' lang='lat' dir='ltr'>quibus</span> <span class='ocrx_word' id='word_1_272' title='bbox 2812 1023 3104 1078; x_wconf 87' lang='lat' dir='ltr'>licentiam</span> <span class='ocrx_word' id='word_1_273' title='bbox 3139 1042 3244 1079; x_wconf 88' lang='lat' dir='ltr'>suo</span> <span class='ocrx_word' id='word_1_274' title='bbox 3286 1028 3622 1096; x_wconf 87' lang='lat' dir='ltr'>juramento</span> 
     </span>
    </p>
   </div>
   <div class='ocr_carea' id='block_1_41' title="bbox 1977 1112 3626 1184">
    <p class='ocr_par' dir='ltr' id='par_1_41' title="bbox 1977 1112 3626 1184">
     <span class='ocr_line' id='line_1_41' title="bbox 1977 1112 3626 1184; baseline 0.002 -15"><span class='ocrx_word' id='word_1_275' title='bbox 1977 1115 2044 1169; x_wconf 91' lang='lat' dir='ltr'>ad</span> <span class='ocrx_word' id='word_1_276' title='bbox 2057 1114 2348 1168; x_wconf 86' lang='lat' dir='ltr'>ministrat</span> <span class='ocrx_word' id='word_1_277' title='bbox 2369 1113 2607 1184; x_wconf 86' lang='lat' dir='ltr'>impune</span> <span class='ocrx_word' id='word_1_278' title='bbox 2629 1112 2910 1168; x_wconf 85' lang='lat' dir='ltr'>retinendi</span> <span class='ocrx_word' id='word_1_279' title='bbox 2931 1130 3056 1184; x_wconf 68' lang='lat' dir='ltr'>quae</span> <span class='ocrx_word' id='word_1_280' title='bbox 3080 1113 3430 1180; x_wconf 84' lang='lat' dir='ltr'>invaserant,</span> <span class='ocrx_word' id='word_1_281' title='bbox 3453 1122 3506 1170; x_wconf 89' lang='lat' dir='ltr'>et</span> <span class='ocrx_word' id='word_1_282' title='bbox 3530 1135 3626 1173; x_wconf 86' lang='lat' dir='ltr'>au-</span> 
     </span>
    </p>
   </div>
   <div class='ocr_carea' id='block_1_42' title="bbox 1978 1201 3621 1273">
    <p class='ocr_par' dir='ltr' id='par_1_42' title="bbox 1978 1201 3621 1273">
     <span class='ocr_line' id='line_1_42' title="bbox 1978 1201 3621 1273; baseline 0.002 -16"><span class='ocrx_word' id='word_1_283' title='bbox 1978 1203 2204 1257; x_wconf 90' lang='lat' dir='ltr'>daciam</span> <span class='ocrx_word' id='word_1_284' title='bbox 2238 1203 2475 1273; x_wconf 86' lang='lat' dir='ltr'>impune</span> <span class='ocrx_word' id='word_1_285' title='bbox 2509 1202 2838 1268; x_wconf 83' lang='lat' dir='ltr'>invadendi,</span> <span class='ocrx_word' id='word_1_286' title='bbox 2865 1201 2914 1255; x_wconf 91' lang='lat' dir='ltr'>si</span> <span class='ocrx_word' id='word_1_287' title='bbox 2942 1219 3058 1272; x_wconf 88' lang='lat' dir='ltr'>qua</span> <span class='ocrx_word' id='word_1_288' title='bbox 3089 1206 3328 1258; x_wconf 84' lang='lat' dir='ltr'>restant.</span> <span class='ocrx_word' id='word_1_289' title='bbox 3354 1205 3411 1259; x_wconf 92' lang='lat' dir='ltr'>Si</span> <span class='ocrx_word' id='word_1_290' title='bbox 3444 1206 3621 1272; x_wconf 87' lang='lat' dir='ltr'>enim,</span> 
     </span>
    </p>
   </div>
   <div class='ocr_carea' id='block_1_43' title="bbox 1979 1288 3624 1364">
    <p class='ocr_par' dir='ltr' id='par_1_43' title="bbox 1979 1288 3624 1364">
     <span class='ocr_line' id='line_1_43' title="bbox 1979 1288 3624 1364; baseline 0.002 -18"><span class='ocrx_word' id='word_1_291' title='bbox 1979 1294 2042 1346; x_wconf 92' lang='lat' dir='ltr'>ut</span> <span class='ocrx_word' id='word_1_292' title='bbox 2072 1290 2454 1362; x_wconf 90' lang='lat' dir='ltr'>philosophus</span> <span class='ocrx_word' id='word_1_293' title='bbox 2499 1289 2730 1361; x_wconf 80' lang='lat' dir='ltr'>allegat,</span> <span class='ocrx_word' id='word_1_294' title='bbox 2763 1288 2862 1360; x_wconf 82' lang='lat' dir='ltr'>qui</span> <span class='ocrx_word' id='word_1_295' title='bbox 2913 1307 3024 1345; x_wconf 91' lang='lat' dir='ltr'>non</span> <span class='ocrx_word' id='word_1_296' title='bbox 3075 1291 3341 1362; x_wconf 85' lang='lat' dir='ltr'>prohibet</span> <span class='ocrx_word' id='word_1_297' title='bbox 3388 1310 3624 1364; x_wconf 88' lang='lat' dir='ltr'>peccare</span> 
     </span>
    </p>
   </div>
   <div class='ocr_carea' id='block_1_44' title="bbox 1979 1379 3625 1453">
    <p class='ocr_par' dir='ltr' id='par_1_44' title="bbox 1979 1379 3625 1453">
     <span class='ocr_line' id='line_1_44' title="bbox 1979 1379 3625 1453; baseline 0.003 -19"><span class='ocrx_word' id='word_1_298' title='bbox 1979 1395 2111 1434; x_wconf 90' lang='lat' dir='ltr'>cum</span> <span class='ocrx_word' id='word_1_299' title='bbox 2147 1379 2351 1451; x_wconf 88' lang='lat' dir='ltr'>possit,</span> <span class='ocrx_word' id='word_1_300' title='bbox 2387 1379 2654 1450; x_wconf 86' lang='lat' dir='ltr'>imperat,</span> <span class='ocrx_word' id='word_1_301' title='bbox 2684 1380 2865 1433; x_wconf 88' lang='lat' dir='ltr'>multo</span> <span class='ocrx_word' id='word_1_302' title='bbox 2900 1379 3084 1451; x_wconf 85' lang='lat' dir='ltr'>magis</span> <span class='ocrx_word' id='word_1_303' title='bbox 3119 1380 3230 1448; x_wconf 90' lang='lat' dir='ltr'>ille,</span> <span class='ocrx_word' id='word_1_304' title='bbox 3259 1381 3357 1453; x_wconf 90' lang='lat' dir='ltr'>qui</span> <span class='ocrx_word' id='word_1_305' title='bbox 3394 1400 3506 1437; x_wconf 88' lang='lat' dir='ltr'>non</span> <span class='ocrx_word' id='word_1_306' title='bbox 3537 1401 3625 1439; x_wconf 89' lang='lat' dir='ltr'>so-</span> 
     </span>
    </p>
   </div>
   <div class='ocr_carea' id='block_1_45' title="bbox 1978 1467 3625 1542">
    <p class='ocr_par' dir='ltr' id='par_1_45' title="bbox 1978 1467 3625 1542">
     <span class='ocr_line' id='line_1_45' title="bbox 1978 1467 3625 1542; baseline 0.004 -20"><span class='ocrx_word' id='word_1_307' title='bbox 1978 1467 2100 1523; x_wconf 90' lang='lat' dir='ltr'>lum</span> <span class='ocrx_word' id='word_1_308' title='bbox 2135 1481 2247 1522; x_wconf 89' lang='lat' dir='ltr'>non</span> <span class='ocrx_word' id='word_1_309' title='bbox 2283 1467 2549 1539; x_wconf 84' lang='lat' dir='ltr'>prohibet</span> <span class='ocrx_word' id='word_1_310' title='bbox 2578 1485 2710 1523; x_wconf 84' lang='lat' dir='ltr'>cum</span> <span class='ocrx_word' id='word_1_311' title='bbox 2740 1467 2943 1534; x_wconf 84' lang='lat' dir='ltr'>valeat,</span> <span class='ocrx_word' id='word_1_312' title='bbox 2970 1469 3066 1523; x_wconf 81' lang='lat' dir='ltr'>sed</span> <span class='ocrx_word' id='word_1_313' title='bbox 3103 1469 3524 1542; x_wconf 88' lang='lat' dir='ltr'>insuperjurat</span> <span class='ocrx_word' id='word_1_314' title='bbox 3555 1490 3625 1529; x_wconf 92' lang='lat' dir='ltr'>ne</span> 
     </span>
    </p>
   </div>
   <div class='ocr_carea' id='block_1_46' title="bbox 1981 1543 3626 1631">
    <p class='ocr_par' dir='ltr' id='par_1_46' title="bbox 1981 1543 3626 1631">
     <span class='ocr_line' id='line_1_46' title="bbox 1981 1543 3626 1631; baseline 0.004 -21"><span class='ocrx_word' id='word_1_315' title='bbox 1981 1543 2292 1627; x_wconf 86' lang='lat' dir='ltr'>aliquando</span> <span class='ocrx_word' id='word_1_316' title='bbox 2341 1557 2664 1627; x_wconf 71' lang='lat' dir='ltr'>prohibeat,</span> <span class='ocrx_word' id='word_1_317' title='bbox 2700 1557 2795 1628; x_wconf 91' lang='lat' dir='ltr'>qui</span> <span class='ocrx_word' id='word_1_318' title='bbox 2851 1557 2965 1612; x_wconf 83' lang='lat' dir='ltr'>Deo</span> <span class='ocrx_word' id='word_1_319' title='bbox 2997 1561 3053 1612; x_wconf 91' lang='lat' dir='ltr'>et</span> <span class='ocrx_word' id='word_1_320' title='bbox 3083 1559 3301 1613; x_wconf 80' lang='lat' dir='ltr'>sanctis</span> <span class='ocrx_word' id='word_1_321' title='bbox 3349 1561 3626 1631; x_wconf 86' lang='lat' dir='ltr'>apostolis</span> 
     </span>
    </p>
   </div>
   <div class='ocr_carea' id='block_1_47' title="bbox 1980 1644 3625 1721">
    <p class='ocr_par' dir='ltr' id='par_1_47' title="bbox 1980 1644 3625 1721">
     <span class='ocr_line' id='line_1_47' title="bbox 1980 1644 3625 1721; baseline 0.002 -20"><span class='ocrx_word' id='word_1_322' title='bbox 1980 1644 2498 1716; x_wconf 80' lang='lat' dir='ltr'>sacerdotibusque</span> <span class='ocrx_word' id='word_1_323' title='bbox 2529 1646 2654 1715; x_wconf 87' lang='lat' dir='ltr'>ejus</span> <span class='ocrx_word' id='word_1_324' title='bbox 2679 1645 3059 1701; x_wconf 80' lang='lat' dir='ltr'>nihilominus</span> <span class='ocrx_word' id='word_1_325' title='bbox 3083 1648 3245 1717; x_wconf 89' lang='lat' dir='ltr'>jurat</span> <span class='ocrx_word' id='word_1_326' title='bbox 3276 1664 3336 1702; x_wconf 90' lang='lat' dir='ltr'>se</span> <span class='ocrx_word' id='word_1_327' title='bbox 3369 1650 3625 1721; x_wconf 89' lang='lat' dir='ltr'>prohibi-</span> 
     </span>
    </p>
   </div>
   <div class='ocr_carea' id='block_1_48' title="bbox 1981 1733 3625 1806">
    <p class='ocr_par' dir='ltr' id='par_1_48' title="bbox 1981 1733 3625 1806">
     <span class='ocr_line' id='line_1_48' title="bbox 1981 1733 3625 1806; baseline 0.004 -19"><span class='ocrx_word' id='word_1_328' title='bbox 1981 1737 2178 1788; x_wconf 89' lang='lat' dir='ltr'>turum</span> <span class='ocrx_word' id='word_1_329' title='bbox 2211 1733 2346 1787; x_wconf 88' lang='lat' dir='ltr'>talia</span> <span class='ocrx_word' id='word_1_330' title='bbox 2377 1737 2548 1806; x_wconf 89' lang='lat' dir='ltr'>atque</span> <span class='ocrx_word' id='word_1_331' title='bbox 2597 1733 2971 1789; x_wconf 83' lang='lat' dir='ltr'>defensurum</span> <span class='ocrx_word' id='word_1_332' title='bbox 3023 1735 3414 1793; x_wconf 81' lang='lat' dir='ltr'>ecclesiastica</span> <span class='ocrx_word' id='word_1_333' title='bbox 3453 1739 3625 1803; x_wconf 88' lang='lat' dir='ltr'>bona,</span> 
     </span>
    </p>
   </div>
   <div class='ocr_carea' id='block_1_49' title="bbox 1982 1821 3626 1900">
    <p class='ocr_par' dir='ltr' id='par_1_49' title="bbox 1982 1821 3626 1900">
     <span class='ocr_line' id='line_1_49' title="bbox 1982 1821 3626 1900; baseline 0.004 -24"><span class='ocrx_word' id='word_1_334' title='bbox 1982 1821 2246 1894; x_wconf 79' lang='lat' dir='ltr'>Exploret</span> <span class='ocrx_word' id='word_1_335' title='bbox 2278 1822 2378 1893; x_wconf 90' lang='lat' dir='ltr'>qui</span> <span class='ocrx_word' id='word_1_336' title='bbox 2410 1827 2601 1893; x_wconf 88' lang='lat' dir='ltr'>potest</span> <span class='ocrx_word' id='word_1_337' title='bbox 2641 1822 2910 1894; x_wconf 87' lang='lat' dir='ltr'>qualiter,</span> <span class='ocrx_word' id='word_1_338' title='bbox 2943 1829 3000 1876; x_wconf 89' lang='lat' dir='ltr'>et</span> <span class='ocrx_word' id='word_1_339' title='bbox 3032 1841 3148 1894; x_wconf 89' lang='lat' dir='ltr'>qua</span> <span class='ocrx_word' id='word_1_340' title='bbox 3187 1824 3340 1880; x_wconf 89' lang='lat' dir='ltr'>hunc</span> <span class='ocrx_word' id='word_1_341' title='bbox 3372 1825 3626 1900; x_wconf 74' lang='lat' dir='ltr'>labyrin-</span> 
     </span>
    </p>
   </div>
   <div class='ocr_carea' id='block_1_50' title="bbox 1981 1910 3627 1983">
    <p class='ocr_par' dir='ltr' id='par_1_50' title="bbox 1981 1910 3627 1983">
     <span class='ocr_line' id='line_1_50' title="bbox 1981 1910 3627 1983; baseline 0.005 -19"><span class='ocrx_word' id='word_1_342' title='bbox 1981 1910 2146 1965; x_wconf 89' lang='lat' dir='ltr'>thum</span> <span class='ocrx_word' id='word_1_343' title='bbox 2179 1911 2400 1977; x_wconf 85' lang='lat' dir='ltr'>evadat,</span> <span class='ocrx_word' id='word_1_344' title='bbox 2430 1910 2646 1966; x_wconf 86' lang='lat' dir='ltr'>scilicet</span> <span class='ocrx_word' id='word_1_345' title='bbox 2669 1913 2869 1981; x_wconf 87' lang='lat' dir='ltr'>jurare</span> <span class='ocrx_word' id='word_1_346' title='bbox 2910 1916 2974 1966; x_wconf 91' lang='lat' dir='ltr'>ut</span> <span class='ocrx_word' id='word_1_347' title='bbox 3026 1911 3164 1966; x_wconf 89' lang='lat' dir='ltr'>talia</span> <span class='ocrx_word' id='word_1_348' title='bbox 3215 1915 3539 1983; x_wconf 85' lang='lat' dir='ltr'>prohibeat,</span> <span class='ocrx_word' id='word_1_349' title='bbox 3572 1922 3627 1972; x_wconf 89' lang='lat' dir='ltr'>et</span> 
     </span>
    </p>
   </div>
   <div class='ocr_carea' id='block_1_51' title="bbox 1972 1997 3624 2070">
    <p class='ocr_par' dir='ltr' id='par_1_51' title="bbox 1972 1997 3624 2070">
     <span class='ocr_line' id='line_1_51' title="bbox 1972 1997 3624 2070; baseline 0.004 -18"><span class='ocrx_word' id='word_1_350' title='bbox 1972 1999 2169 2068; x_wconf 88' lang='lat' dir='ltr'>jurare</span> <span class='ocrx_word' id='word_1_351' title='bbox 2201 2017 2268 2054; x_wconf 86' lang='lat' dir='ltr'>ne</span> <span class='ocrx_word' id='word_1_352' title='bbox 2299 1997 2621 2070; x_wconf 87' lang='lat' dir='ltr'>prohibeat.</span> <span class='ocrx_word' id='word_1_353' title='bbox 2643 1999 2745 2052; x_wconf 84' lang='lat' dir='ltr'>Hic</span> <span class='ocrx_word' id='word_1_354' title='bbox 2770 1999 2965 2068; x_wconf 87' lang='lat' dir='ltr'>jurare</span> <span class='ocrx_word' id='word_1_355' title='bbox 2989 2000 3224 2055; x_wconf 85' lang='lat' dir='ltr'>utbona</span> <span class='ocrx_word' id='word_1_356' title='bbox 3247 2002 3624 2059; x_wconf 87' lang='lat' dir='ltr'>ecclesiarum</span> 
     </span>
    </p>
   </div>
   <div class='ocr_carea' id='block_1_52' title="bbox 1980 2086 3043 2157">
    <p class='ocr_par' dir='ltr' id='par_1_52' title="bbox 1980 2086 3043 2157">
     <span class='ocr_line' id='line_1_52' title="bbox 1980 2086 3043 2157; baseline 0.002 -17"><span class='ocrx_word' id='word_1_357' title='bbox 1980 2087 2268 2154; x_wconf 82' lang='lat' dir='ltr'>defendat,</span> <span class='ocrx_word' id='word_1_358' title='bbox 2301 2086 2394 2142; x_wconf 88' lang='lat' dir='ltr'>ille</span> <span class='ocrx_word' id='word_1_359' title='bbox 2418 2088 2619 2157; x_wconf 88' lang='lat' dir='ltr'>jurare</span> <span class='ocrx_word' id='word_1_360' title='bbox 2648 2104 2719 2141; x_wconf 90' lang='lat' dir='ltr'>ne</span> <span class='ocrx_word' id='word_1_361' title='bbox 2752 2087 3043 2142; x_wconf 77' lang='lat' dir='ltr'>defendat.</span> 
     </span>
    </p>
   </div>
   <div class='ocr_carea' id='block_1_53' title="bbox 2539 2193 3069 2249">
    <p class='ocr_par' dir='ltr' id='par_1_53' title="bbox 2539 2193 3069 2249">
     <span class='ocr_line' id='line_1_53' title="bbox 2539 2193 3069 2249; baseline 0.006 -3"><span class='ocrx_word' id='word_1_362' title='bbox 2539 2193 2766 2248; x_wconf 82' lang='lat' dir='ltr'>CAPUT</span> <span class='ocrx_word' id='word_1_363' title='bbox 2809 2195 3069 2249; x_wconf 76' lang='lat' dir='ltr'>XXXVII.</span> 
     </span>
    </p>
   </div>
   <div class='ocr_carea' id='block_1_54' title="bbox 1978 2282 3622 2356">
    <p class='ocr_par' dir='ltr' id='par_1_54' title="bbox 1978 2282 3622 2356">
     <span class='ocr_line' id='line_1_54' title="bbox 1978 2282 3622 2356; baseline 0.005 -20"><span class='ocrx_word' id='word_1_364' title='bbox 1978 2283 2053 2336; x_wconf 82' lang='lat' dir='ltr'>De</span> <span class='ocrx_word' id='word_1_365' title='bbox 2083 2282 2706 2356; x_wconf 58' lang='lat' dir='ltr'>inaestimabilimalifia</span> <span class='ocrx_word' id='word_1_366' title='bbox 2737 2283 3018 2352; x_wconf 65' lang='lat' dir='ltr'>haereseos,</span> <span class='ocrx_word' id='word_1_367' title='bbox 3058 2289 3108 2338; x_wconf 84' lang='lat' dir='ltr'>et</span> <span class='ocrx_word' id='word_1_368' title='bbox 3150 2287 3307 2356; x_wconf 81' lang='lat' dir='ltr'>quali</span> <span class='ocrx_word' id='word_1_369' title='bbox 3349 2289 3536 2347; x_wconf 64' lang='lat' dir='ltr'>besliw</span> <span class='ocrx_word' id='word_1_370' title='bbox 3567 2293 3622 2345; x_wconf 76' lang='lat' dir='ltr'>in</span> 
     </span>
    </p>
   </div>
   <div class='ocr_carea' id='block_1_55' title="bbox 2439 2354 3159 2425">
    <p class='ocr_par' dir='ltr' id='par_1_55' title="bbox 2439 2354 3159 2425">
     <span class='ocr_line' id='line_1_55' title="bbox 2439 2354 3159 2425; baseline 0.001 -18"><span class='ocrx_word' id='word_1_371' title='bbox 2439 2354 2762 2425; x_wconf 28' lang='lat' dir='ltr'>.‘tpocalypsi</span> <span class='ocrx_word' id='word_1_372' title='bbox 2797 2359 3159 2425; x_wconf 75' lang='lat' dir='ltr'>comparetur.</span> 
     </span>
    </p>
   </div>
   <div class='ocr_carea' id='block_1_56' title="bbox 2053 2440 3624 2518">
    <p class='ocr_par' dir='ltr' id='par_1_56' title="bbox 2053 2440 3624 2518">
     <span class='ocr_line' id='line_1_56' title="bbox 2053 2440 3624 2518; baseline 0.005 -22"><span class='ocrx_word' id='word_1_373' title='bbox 2053 2441 2146 2496; x_wconf 87' lang='lat' dir='ltr'>Sic</span> <span class='ocrx_word' id='word_1_374' title='bbox 2180 2440 2378 2513; x_wconf 92' lang='lat' dir='ltr'>populi</span> <span class='ocrx_word' id='word_1_375' title='bbox 2410 2441 2630 2496; x_wconf 89' lang='lat' dir='ltr'>malitia</span> <span class='ocrx_word' id='word_1_376' title='bbox 2653 2460 2874 2514; x_wconf 87' lang='lat' dir='ltr'>suaque</span> <span class='ocrx_word' id='word_1_377' title='bbox 2906 2443 3134 2514; x_wconf 84' lang='lat' dir='ltr'>ignavia</span> <span class='ocrx_word' id='word_1_378' title='bbox 3162 2446 3377 2499; x_wconf 91' lang='lat' dir='ltr'>summi</span> <span class='ocrx_word' id='word_1_379' title='bbox 3410 2448 3624 2518; x_wconf 89' lang='lat' dir='ltr'>princi-</span> 
     </span>
    </p>
   </div>
   <div class='ocr_carea' id='block_1_57' title="bbox 1980 2530 3627 2602">
    <p class='ocr_par' dir='ltr' id='par_1_57' title="bbox 1980 2530 3627 2602">
     <span class='ocr_line' id='line_1_57' title="bbox 1980 2530 3627 2602; baseline 0.005 -18"><span class='ocrx_word' id='word_1_380' title='bbox 1980 2545 2080 2600; x_wconf 88' lang='lat' dir='ltr'>pes</span> <span class='ocrx_word' id='word_1_381' title='bbox 2111 2530 2393 2590; x_wconf 73' lang='lat' dir='ltr'>excazcati.</span> <span class='ocrx_word' id='word_1_382' title='bbox 2421 2547 2595 2602; x_wconf 85' lang='lat' dir='ltr'>opera</span> <span class='ocrx_word' id='word_1_383' title='bbox 2624 2530 2745 2595; x_wconf 92' lang='lat' dir='ltr'>Dei,</span> <span class='ocrx_word' id='word_1_384' title='bbox 2779 2547 2954 2602; x_wconf 89' lang='lat' dir='ltr'>quam</span> <span class='ocrx_word' id='word_1_385' title='bbox 2987 2531 3260 2587; x_wconf 89' lang='lat' dir='ltr'>terribilis</span> <span class='ocrx_word' id='word_1_386' title='bbox 3292 2533 3366 2589; x_wconf 90' lang='lat' dir='ltr'>sit</span> <span class='ocrx_word' id='word_1_387' title='bbox 3398 2535 3456 2590; x_wconf 91' lang='lat' dir='ltr'>in</span> <span class='ocrx_word' id='word_1_388' title='bbox 3489 2553 3627 2592; x_wconf 87' lang='lat' dir='ltr'>con-</span> 
     </span>
    </p>
   </div>
   <div class='ocr_carea' id='block_1_58' title="bbox 1979 2617 3628 2694">
    <p class='ocr_par' dir='ltr' id='par_1_58' title="bbox 1979 2617 3628 2694">
     <span class='ocr_line' id='line_1_58' title="bbox 1979 2617 3628 2694; baseline 0.005 -22"><span class='ocrx_word' id='word_1_389' title='bbox 1979 2617 2127 2674; x_wconf 91' lang='lat' dir='ltr'>siliis</span> <span class='ocrx_word' id='word_1_390' title='bbox 2179 2635 2356 2690; x_wconf 85' lang='lat' dir='ltr'>snper</span> <span class='ocrx_word' id='word_1_391' title='bbox 2411 2618 2562 2674; x_wconf 82' lang='lat' dir='ltr'>filios</span> <span class='ocrx_word' id='word_1_392' title='bbox 2619 2618 2925 2674; x_wconf 84' lang='lat' dir='ltr'>hominum</span> <span class='ocrx_word' id='word_1_393' title='bbox 2967 2620 3134 2691; x_wconf 83' lang='lat' dir='ltr'>(Psal.</span> <span class='ocrx_word' id='word_1_394' title='bbox 3171 2639 3297 2690; x_wconf 80' lang='lat' dir='ltr'>va,</span> <span class='ocrx_word' id='word_1_395' title='bbox 3325 2623 3401 2694; x_wconf 88' lang='lat'>5),</span> <span class='ocrx_word' id='word_1_396' title='bbox 3436 2623 3628 2681; x_wconf 86' lang='lat' dir='ltr'>videre</span> 
     </span>
    </p>
   </div>
   <div class='ocr_carea' id='block_1_59' title="bbox 1979 2707 3626 2781">
    <p class='ocr_par' dir='ltr' id='par_1_59' title="bbox 1979 2707 3626 2781">
     <span class='ocr_line' id='line_1_59' title="bbox 1979 2707 3626 2781; baseline 0.005 -20"><span class='ocrx_word' id='word_1_397' title='bbox 1979 2707 2306 2780; x_wconf 79' lang='lat' dir='ltr'>negligant,</span> <span class='ocrx_word' id='word_1_398' title='bbox 2337 2707 2580 2779; x_wconf 87' lang='lat' dir='ltr'>ideoque</span> <span class='ocrx_word' id='word_1_399' title='bbox 2612 2725 2743 2762; x_wconf 91' lang='lat' dir='ltr'>cum</span> <span class='ocrx_word' id='word_1_400' title='bbox 2775 2709 2858 2762; x_wconf 87' lang='lat' dir='ltr'>eis</span> <span class='ocrx_word' id='word_1_401' title='bbox 2890 2726 3035 2779; x_wconf 88' lang='lat' dir='ltr'>quos</span> <span class='ocrx_word' id='word_1_402' title='bbox 3067 2727 3280 2781; x_wconf 78' lang='lat' dir='ltr'>regere,</span> <span class='ocrx_word' id='word_1_403' title='bbox 3315 2716 3370 2766; x_wconf 90' lang='lat' dir='ltr'>et</span> <span class='ocrx_word' id='word_1_404' title='bbox 3400 2713 3508 2767; x_wconf 88' lang='lat' dir='ltr'>sub</span> <span class='ocrx_word' id='word_1_405' title='bbox 3541 2714 3626 2770; x_wconf 93' lang='lat' dir='ltr'>eis</span> 
     </span>
    </p>
   </div>
   <div class='ocr_carea' id='block_1_60' title="bbox 1980 2797 3626 2873">
    <p class='ocr_par' dir='ltr' id='par_1_60' title="bbox 1980 2797 3626 2873">
     <span class='ocr_line' id='line_1_60' title="bbox 1980 2797 3626 2873; baseline 0.005 -24"><span class='ocrx_word' id='word_1_406' title='bbox 1980 2798 2195 2867; x_wconf 89' lang='lat' dir='ltr'>quibus</span> <span class='ocrx_word' id='word_1_407' title='bbox 2228 2814 2472 2868; x_wconf 71' lang='lat' dir='ltr'>prmesse</span> <span class='ocrx_word' id='word_1_408' title='bbox 2521 2797 2869 2863; x_wconf 87' lang='lat' dir='ltr'>debuerunt,</span> <span class='ocrx_word' id='word_1_409' title='bbox 2899 2798 2957 2852; x_wconf 92' lang='lat' dir='ltr'>in</span> <span class='ocrx_word' id='word_1_410' title='bbox 2992 2798 3208 2854; x_wconf 81' lang='lat' dir='ltr'>foveam</span> <span class='ocrx_word' id='word_1_411' title='bbox 3261 2802 3626 2873; x_wconf 77' lang='lat' dir='ltr'>sempiternae</span> 
     </span>
    </p>
   </div>
   <div class='ocr_carea' id='block_1_61' title="bbox 1981 2885 3628 2962">
    <p class='ocr_par' dir='ltr' id='par_1_61' title="bbox 1981 2885 3628 2962">
     <span class='ocr_line' id='line_1_61' title="bbox 1981 2885 3628 2962; baseline 0.005 -23"><span class='ocrx_word' id='word_1_412' title='bbox 1981 2885 2185 2941; x_wconf 90' lang='lat' dir='ltr'>mortis</span> <span class='ocrx_word' id='word_1_413' title='bbox 2216 2886 2749 2951; x_wconf 88' lang='lat' dir='ltr'>corruunt.Quibus</span> <span class='ocrx_word' id='word_1_414' title='bbox 2773 2902 3132 2958; x_wconf 83' lang='lat' dir='ltr'>paganorum</span> <span class='ocrx_word' id='word_1_415' title='bbox 3154 2888 3446 2962; x_wconf 90' lang='lat' dir='ltr'>principes</span> <span class='ocrx_word' id='word_1_416' title='bbox 3469 2895 3628 2948; x_wconf 88' lang='lat' dir='ltr'>tanto</span> 
     </span>
    </p>
   </div>
   <div class='ocr_carea' id='block_1_62' title="bbox 1979 2973 3631 3049">
    <p class='ocr_par' dir='ltr' id='par_1_62' title="bbox 1979 2973 3631 3049">
     <span class='ocr_line' id='line_1_62' title="bbox 1979 2973 3631 3049; baseline 0.005 -21"><span class='ocrx_word' id='word_1_417' title='bbox 1979 2979 2118 3028; x_wconf 89' lang='lat' dir='ltr'>sunt</span> <span class='ocrx_word' id='word_1_418' title='bbox 2142 2973 2442 3029; x_wconf 90' lang='lat' dir='ltr'>liberiores</span> <span class='ocrx_word' id='word_1_419' title='bbox 2465 2979 2520 3028; x_wconf 91' lang='lat' dir='ltr'>et</span> <span class='ocrx_word' id='word_1_420' title='bbox 2538 2974 2868 3045; x_wconf 88' lang='lat' dir='ltr'>superiores</span> <span class='ocrx_word' id='word_1_421' title='bbox 2889 2974 2945 3029; x_wconf 91' lang='lat' dir='ltr'>in</span> <span class='ocrx_word' id='word_1_422' title='bbox 2971 2975 3114 3048; x_wconf 83' lang='lat' dir='ltr'>ipsis</span> <span class='ocrx_word' id='word_1_423' title='bbox 3132 2993 3364 3049; x_wconf 89' lang='lat' dir='ltr'>quoque</span> <span class='ocrx_word' id='word_1_424' title='bbox 3381 2983 3631 3036; x_wconf 89' lang='lat' dir='ltr'>tormen-</span> 
     </span>
    </p>
   </div>
   <div class='ocr_carea' id='block_1_63' title="bbox 1979 3061 3629 3141">
    <p class='ocr_par' dir='ltr' id='par_1_63' title="bbox 1979 3061 3629 3141">
     <span class='ocr_line' id='line_1_63' title="bbox 1979 3061 3629 3141; baseline 0.006 -26"><span class='ocrx_word' id='word_1_425' title='bbox 1979 3061 2076 3130; x_wconf 86' lang='lat' dir='ltr'>tis,</span> <span class='ocrx_word' id='word_1_426' title='bbox 2097 3067 2315 3134; x_wconf 88' lang='lat' dir='ltr'>quanto</span> <span class='ocrx_word' id='word_1_427' title='bbox 2347 3061 2704 3118; x_wconf 88' lang='lat' dir='ltr'>liberaliores</span> <span class='ocrx_word' id='word_1_428' title='bbox 2727 3067 2783 3118; x_wconf 88' lang='lat' dir='ltr'>et</span> <span class='ocrx_word' id='word_1_429' title='bbox 2807 3064 3195 3136; x_wconf 88' lang='lat' dir='ltr'>promptiores</span> <span class='ocrx_word' id='word_1_430' title='bbox 3219 3083 3393 3122; x_wconf 87' lang='lat' dir='ltr'>suum</span> <span class='ocrx_word' id='word_1_431' title='bbox 3417 3068 3629 3141; x_wconf 89' lang='lat' dir='ltr'>cuique</span> 
     </span>
    </p>
   </div>
   <div class='ocr_carea' id='block_1_64' title="bbox 1971 3150 3626 3220">
    <p class='ocr_par' dir='ltr' id='par_1_64' title="bbox 1971 3150 3626 3220">
     <span class='ocr_line' id='line_1_64' title="bbox 1971 3150 3626 3220; baseline 0.004 -15"><span class='ocrx_word' id='word_1_432' title='bbox 1971 3150 2073 3220; x_wconf 85' lang='lat' dir='ltr'>jus</span> <span class='ocrx_word' id='word_1_433' title='bbox 2104 3151 2484 3207; x_wconf 89' lang='lat' dir='ltr'>conservandi</span> <span class='ocrx_word' id='word_1_434' title='bbox 2516 3155 2570 3206; x_wconf 92' lang='lat' dir='ltr'>et</span> <span class='ocrx_word' id='word_1_435' title='bbox 2602 3152 2946 3207; x_wconf 84' lang='lat' dir='ltr'>restituendi</span> <span class='ocrx_word' id='word_1_436' title='bbox 2982 3153 3039 3209; x_wconf 92' lang='lat' dir='ltr'>in</span> <span class='ocrx_word' id='word_1_437' title='bbox 3083 3154 3255 3210; x_wconf 89' lang='lat' dir='ltr'>rebus</span> <span class='ocrx_word' id='word_1_438' title='bbox 3289 3157 3626 3214; x_wconf 88' lang='lat' dir='ltr'>mundanis.</span> 
     </span>
    </p>
   </div>
   <div class='ocr_carea' id='block_1_65' title="bbox 225 3229 3630 3313">
    <p class='ocr_par' dir='ltr' id='par_1_65' title="bbox 225 3229 3630 3313">
     <span class='ocr_line' id='line_1_65' title="bbox 225 3229 3630 3313; baseline 0.002 -17"><span class='ocrx_word' id='word_1_439' title='bbox 225 3257 342 3296; x_wconf 88' lang='lat' dir='ltr'>non</span> <span class='ocrx_word' id='word_1_440' title='bbox 365 3239 686 3312; x_wconf 89' lang='lat' dir='ltr'>gladius.[n</span> <span class='ocrx_word' id='word_1_441' title='bbox 712 3240 1054 3313; x_wconf 89' lang='lat' dir='ltr'>stipulamei</span> <span class='ocrx_word' id='word_1_442' title='bbox 1077 3241 1268 3296; x_wconf 91' lang='lat' dir='ltr'>omnis</span> <span class='ocrx_word' id='word_1_443' title='bbox 1290 3248 1585 3298; x_wconf 88' lang='lat' dir='ltr'>armatura</span> <span class='ocrx_word' id='word_1_444' title='bbox 1605 3242 1866 3310; x_wconf 89' lang='lat' dir='ltr'>vertitur,</span> <span class='ocrx_word' id='word_1_445' title='bbox 1902 3229 1944 3295; x_wconf 66' lang='grc' dir='ltr'><strong>(ἶ</strong></span> <span class='ocrx_word' id='word_1_446' title='bbox 1983 3240 2284 3312; x_wconf 90' lang='lat' dir='ltr'>Siquidem</span> <span class='ocrx_word' id='word_1_447' title='bbox 2318 3239 2402 3295; x_wconf 92' lang='lat' dir='ltr'>illi</span> <span class='ocrx_word' id='word_1_448' title='bbox 2435 3240 2734 3313; x_wconf 88' lang='lat' dir='ltr'>privilegia</span> <span class='ocrx_word' id='word_1_449' title='bbox 2766 3242 3139 3313; x_wconf 82' lang='lat' dir='ltr'>pontificibus</span> <span class='ocrx_word' id='word_1_450' title='bbox 3171 3261 3310 3311; x_wconf 80' lang='lat' dir='ltr'>suae,</span> <span class='ocrx_word' id='word_1_451' title='bbox 3345 3250 3408 3301; x_wconf 91' lang='lat' dir='ltr'>ut</span> <span class='ocrx_word' id='word_1_452' title='bbox 3434 3248 3630 3303; x_wconf 88' lang='lat' dir='ltr'>crede-</span> 
     </span>
    </p>
   </div>
   <div class='ocr_carea' id='block_1_66' title="bbox 227 3330 1875 3404">
    <p class='ocr_par' dir='ltr' id='par_1_66' title="bbox 227 3330 1875 3404">
     <span class='ocr_line' id='line_1_66' title="bbox 227 3330 1875 3404; baseline 0.002 -21"><span class='ocrx_word' id='word_1_453' title='bbox 227 3331 366 3403; x_wconf 89' lang='lat' dir='ltr'>quia</span> <span class='ocrx_word' id='word_1_454' title='bbox 397 3346 500 3385; x_wconf 89' lang='lat' dir='ltr'>nec</span> <span class='ocrx_word' id='word_1_455' title='bbox 532 3330 950 3396; x_wconf 85' lang='lat' dir='ltr'>defensionem,</span> <span class='ocrx_word' id='word_1_456' title='bbox 976 3347 1081 3386; x_wconf 90' lang='lat' dir='ltr'>nec</span> <span class='ocrx_word' id='word_1_457' title='bbox 1101 3331 1414 3386; x_wconf 88' lang='lat' dir='ltr'>vindictam</span> <span class='ocrx_word' id='word_1_458' title='bbox 1437 3330 1692 3404; x_wconf 87' lang='lat' dir='ltr'>aliquam</span> <span class='ocrx_word' id='word_1_459' title='bbox 1716 3347 1875 3387; x_wconf 89' lang='lat' dir='ltr'>vere-</span> 
     </span>
    </p>
   </div>
   <div class='ocr_carea' id='block_1_67' title="bbox 227 3418 1876 3491">
    <p class='ocr_par' dir='ltr' id='par_1_67' title="bbox 227 3418 1876 3491">
     <span class='ocr_line' id='line_1_67' title="bbox 227 3418 1876 3491; baseline 0.001 -18"><span class='ocrx_word' id='word_1_460' title='bbox 227 3422 342 3474; x_wconf 87' lang='lat' dir='ltr'>tur.</span> <span class='ocrx_word' id='word_1_461' title='bbox 372 3418 605 3474; x_wconf 90' lang='lat' dir='ltr'>Deridet</span> <span class='ocrx_word' id='word_1_462' title='bbox 633 3419 786 3474; x_wconf 88' lang='lat' dir='ltr'>enim</span> <span class='ocrx_word' id='word_1_463' title='bbox 835 3419 1155 3474; x_wconf 88' lang='lat' dir='ltr'>vibrantem</span> <span class='ocrx_word' id='word_1_464' title='bbox 1207 3418 1459 3484; x_wconf 89' lang='lat' dir='ltr'>hastam,</span> <span class='ocrx_word' id='word_1_465' title='bbox 1492 3435 1597 3474; x_wconf 89' lang='lat' dir='ltr'>nec</span> <span class='ocrx_word' id='word_1_466' title='bbox 1646 3423 1876 3491; x_wconf 90' lang='lat' dir='ltr'>reputat</span> 
     </span>
    </p>
   </div>
   <div class='ocr_carea' id='block_1_68' title="bbox 222 3507 1878 3579">
    <p class='ocr_par' dir='ltr' id='par_1_68' title="bbox 222 3507 1878 3579">
     <span class='ocr_line' id='line_1_68' title="bbox 222 3507 1878 3579; baseline -0.001 -17"><span class='ocrx_word' id='word_1_467' title='bbox 222 3509 376 3562; x_wconf 64' lang='lat' dir='ltr'>tubae</span> <span class='ocrx_word' id='word_1_468' title='bbox 407 3524 612 3562; x_wconf 89' lang='lat' dir='ltr'>sonare</span> <span class='ocrx_word' id='word_1_469' title='bbox 639 3507 927 3578; x_wconf 88' lang='lat' dir='ltr'>clangore,</span> <span class='ocrx_word' id='word_1_470' title='bbox 953 3507 1090 3578; x_wconf 88' lang='lat' dir='ltr'>quia</span> <span class='ocrx_word' id='word_1_471' title='bbox 1113 3524 1215 3578; x_wconf 93' lang='lat' dir='ltr'>pro</span> <span class='ocrx_word' id='word_1_472' title='bbox 1236 3507 1488 3562; x_wconf 86' lang='lat' dir='ltr'>ludibrio</span> <span class='ocrx_word' id='word_1_473' title='bbox 1510 3507 1687 3562; x_wconf 88' lang='lat' dir='ltr'>habet</span> <span class='ocrx_word' id='word_1_474' title='bbox 1707 3507 1878 3579; x_wconf 86' lang='lat' dir='ltr'>spiri-</span> 
     </span>
    </p>
   </div>
   <div class='ocr_carea' id='block_1_69' title="bbox 220 3595 1876 3666">
    <p class='ocr_par' dir='ltr' id='par_1_69' title="bbox 220 3595 1876 3666">
     <span class='ocr_line' id='line_1_69' title="bbox 220 3595 1876 3666; baseline -0.001 -14"><span class='ocrx_word' id='word_1_475' title='bbox 220 3595 366 3652; x_wconf 88' lang='lat' dir='ltr'>tuali</span> <span class='ocrx_word' id='word_1_476' title='bbox 415 3595 928 3650; x_wconf 88' lang='lat' dir='ltr'>comminationem</span> <span class='ocrx_word' id='word_1_477' title='bbox 978 3613 1081 3650; x_wconf 88' lang='lat' dir='ltr'>seu</span> <span class='ocrx_word' id='word_1_478' title='bbox 1130 3596 1501 3664; x_wconf 88' lang='lat' dir='ltr'>sententiam,</span> <span class='ocrx_word' id='word_1_479' title='bbox 1536 3613 1684 3666; x_wconf 68' lang='lat' dir='ltr'>qua},</span> <span class='ocrx_word' id='word_1_480' title='bbox 1718 3595 1876 3650; x_wconf 87' lang='lat' dir='ltr'>velut</span> 
     </span>
    </p>
   </div>
   <div class='ocr_carea' id='block_1_70' title="bbox 221 3682 1870 3750">
    <p class='ocr_par' dir='ltr' id='par_1_70' title="bbox 221 3682 1870 3750">
     <span class='ocr_line' id='line_1_70' title="bbox 221 3682 1870 3750; baseline -0.001 -10"><span class='ocrx_word' id='word_1_481' title='bbox 221 3689 400 3750; x_wconf 88' lang='lat' dir='ltr'>astra,</span> <span class='ocrx_word' id='word_1_482' title='bbox 434 3682 567 3738; x_wconf 91' lang='lat' dir='ltr'>ferit</span> <span class='ocrx_word' id='word_1_483' title='bbox 595 3683 846 3748; x_wconf 91' lang='lat' dir='ltr'>eminus,</span> <span class='ocrx_word' id='word_1_484' title='bbox 879 3687 936 3738; x_wconf 92' lang='lat' dir='ltr'>et</span> <span class='ocrx_word' id='word_1_485' title='bbox 983 3683 1276 3737; x_wconf 90' lang='lat' dir='ltr'>carnalem</span> <span class='ocrx_word' id='word_1_486' title='bbox 1325 3683 1870 3738; x_wconf 90' lang='lat' dir='ltr'>condemnationem</span> 
     </span>
    </p>
   </div>
   <div class='ocr_carea' id='block_1_71' title="bbox 220 3767 1872 3844">
    <p class='ocr_par' dir='ltr' id='par_1_71' title="bbox 220 3767 1872 3844">
     <span class='ocr_line' id='line_1_71' title="bbox 220 3767 1872 3844; baseline 0.001 -19"><span class='ocrx_word' id='word_1_487' title='bbox 220 3786 349 3844; x_wconf 63' lang='lat' dir='ltr'>qua:</span> <span class='ocrx_word' id='word_1_488' title='bbox 380 3767 646 3824; x_wconf 87' lang='lat' dir='ltr'>cominus</span> <span class='ocrx_word' id='word_1_489' title='bbox 679 3767 763 3823; x_wconf 88' lang='lat' dir='ltr'>sic</span> <span class='ocrx_word' id='word_1_490' title='bbox 809 3767 1114 3823; x_wconf 87' lang='lat' dir='ltr'>ﬂoccifacit</span> <span class='ocrx_word' id='word_1_491' title='bbox 1145 3769 1456 3824; x_wconf 89' lang='lat' dir='ltr'>anathema</span> <span class='ocrx_word' id='word_1_492' title='bbox 1486 3770 1743 3839; x_wconf 91' lang='lat' dir='ltr'>cujusvis</span> <span class='ocrx_word' id='word_1_493' title='bbox 1774 3787 1872 3826; x_wconf 88' lang='lat' dir='ltr'>sa-</span> 
     </span>
    </p>
   </div>
   <div class='ocr_carea' id='block_1_72' title="bbox 222 3855 1868 3930">
    <p class='ocr_par' dir='ltr' id='par_1_72' title="bbox 222 3855 1868 3930">
     <span class='ocr_line' id='line_1_72' title="bbox 222 3855 1868 3930; baseline -0.001 -14"><span class='ocrx_word' id='word_1_494' title='bbox 222 3858 495 3925; x_wconf 83' lang='lat' dir='ltr'>cerdotis,</span> <span class='ocrx_word' id='word_1_495' title='bbox 527 3857 611 3912; x_wconf 91' lang='lat' dir='ltr'>sic</span> <span class='ocrx_word' id='word_1_496' title='bbox 659 3855 815 3929; x_wconf 87' lang='lat' dir='ltr'>leges</span> <span class='ocrx_word' id='word_1_497' title='bbox 869 3856 1276 3929; x_wconf 85' lang='lat' dir='ltr'>cujuscunque</span> <span class='ocrx_word' id='word_1_498' title='bbox 1306 3858 1517 3913; x_wconf 90' lang='lat' dir='ltr'>terreni</span> <span class='ocrx_word' id='word_1_499' title='bbox 1567 3857 1868 3930; x_wconf 88' lang='lat' dir='ltr'>principis,</span> 
     </span>
    </p>
   </div>
   <div class='ocr_carea' id='block_1_73' title="bbox 218 3945 1874 4021">
    <p class='ocr_par' dir='ltr' id='par_1_73' title="bbox 218 3945 1874 4021">
     <span class='ocr_line' id='line_1_73' title="bbox 218 3945 1874 4021; baseline -0.001 -18"><span class='ocrx_word' id='word_1_500' title='bbox 218 3950 456 4021; x_wconf 90' lang='lat' dir='ltr'>propter</span> <span class='ocrx_word' id='word_1_501' title='bbox 485 3963 584 4002; x_wconf 90' lang='lat' dir='ltr'>eos</span> <span class='ocrx_word' id='word_1_502' title='bbox 617 3945 940 4018; x_wconf 91' lang='lat' dir='ltr'>quamlibet</span> <span class='ocrx_word' id='word_1_503' title='bbox 968 3945 1099 4001; x_wconf 91' lang='lat' dir='ltr'>vilis</span> <span class='ocrx_word' id='word_1_504' title='bbox 1130 3946 1305 4001; x_wconf 90' lang='lat' dir='ltr'>homo</span> <span class='ocrx_word' id='word_1_505' title='bbox 1334 3946 1681 4019; x_wconf 90' lang='lat' dir='ltr'>dedignetur</span> <span class='ocrx_word' id='word_1_506' title='bbox 1711 3947 1874 4002; x_wconf 91' lang='lat' dir='ltr'>resti-</span> 
     </span>
    </p>
   </div>
   <div class='ocr_carea' id='block_1_74' title="bbox 216 4035 1869 4109">
    <p class='ocr_par' dir='ltr' id='par_1_74' title="bbox 216 4035 1869 4109">
     <span class='ocr_line' id='line_1_74' title="bbox 216 4035 1869 4109; baseline -0.001 -17"><span class='ocrx_word' id='word_1_507' title='bbox 216 4041 382 4092; x_wconf 92' lang='lat' dir='ltr'>tuere</span> <span class='ocrx_word' id='word_1_508' title='bbox 414 4036 526 4109; x_wconf 89' lang='lat' dir='ltr'>piis</span> <span class='ocrx_word' id='word_1_509' title='bbox 557 4035 820 4103; x_wconf 90' lang='lat' dir='ltr'>locis,vel</span> <span class='ocrx_word' id='word_1_510' title='bbox 853 4051 1093 4107; x_wconf 90' lang='lat' dir='ltr'>passum</span> <span class='ocrx_word' id='word_1_511' title='bbox 1124 4035 1288 4108; x_wconf 90' lang='lat' dir='ltr'>pedis</span> <span class='ocrx_word' id='word_1_512' title='bbox 1321 4052 1387 4090; x_wconf 87' lang='lat' dir='ltr'>ex</span> <span class='ocrx_word' id='word_1_513' title='bbox 1418 4036 1714 4103; x_wconf 91' lang='lat' dir='ltr'>omnibus,</span> <span class='ocrx_word' id='word_1_514' title='bbox 1742 4053 1869 4108; x_wconf 68' lang='lat' dir='ltr'>quae</span> 
     </span>
    </p>
   </div>
   <div class='ocr_carea' id='block_1_75' title="bbox 221 4124 1870 4197">
    <p class='ocr_par' dir='ltr' id='par_1_75' title="bbox 221 4124 1870 4197">
     <span class='ocr_line' id='line_1_75' title="bbox 221 4124 1870 4197; baseline 0.001 -17"><span class='ocrx_word' id='word_1_515' title='bbox 221 4125 308 4181; x_wconf 90' lang='lat' dir='ltr'>illi</span> <span class='ocrx_word' id='word_1_516' title='bbox 346 4125 652 4180; x_wconf 62' lang='lat' dir='ltr'>haereticus</span> <span class='ocrx_word' id='word_1_517' title='bbox 690 4124 924 4197; x_wconf 90' lang='lat' dir='ltr'>propria</span> <span class='ocrx_word' id='word_1_518' title='bbox 955 4141 1130 4179; x_wconf 91' lang='lat' dir='ltr'>manu</span> <span class='ocrx_word' id='word_1_519' title='bbox 1173 4124 1557 4180; x_wconf 86' lang='lat' dir='ltr'>conﬁrmavit.</span> <span class='ocrx_word' id='word_1_520' title='bbox 1591 4125 1685 4180; x_wconf 90' lang='lat' dir='ltr'>Sic</span> <span class='ocrx_word' id='word_1_521' title='bbox 1717 4125 1870 4197; x_wconf 81' lang='lat' dir='ltr'>quod</span> 
     </span>
    </p>
   </div>
   <div class='ocr_carea' id='block_1_76' title="bbox 216 4213 1874 4288">
    <p class='ocr_par' dir='ltr' id='par_1_76' title="bbox 216 4213 1874 4288">
     <span class='ocr_line' id='line_1_76' title="bbox 216 4213 1874 4288; baseline 0.001 -19"><span class='ocrx_word' id='word_1_522' title='bbox 216 4214 384 4288; x_wconf 89' lang='lat' dir='ltr'>prius</span> <span class='ocrx_word' id='word_1_523' title='bbox 412 4215 599 4270; x_wconf 89' lang='lat' dir='ltr'>fuerat</span> <span class='ocrx_word' id='word_1_524' title='bbox 630 4215 872 4282; x_wconf 87' lang='lat' dir='ltr'>furtum,</span> <span class='ocrx_word' id='word_1_525' title='bbox 908 4214 1182 4286; x_wconf 87' lang='lat' dir='ltr'>quodque</span> <span class='ocrx_word' id='word_1_526' title='bbox 1211 4213 1499 4286; x_wconf 87' lang='lat' dir='ltr'>gradatim</span> <span class='ocrx_word' id='word_1_527' title='bbox 1534 4214 1750 4269; x_wconf 88' lang='lat' dir='ltr'>factum</span> <span class='ocrx_word' id='word_1_528' title='bbox 1785 4219 1874 4271; x_wconf 89' lang='lat' dir='ltr'>est</span> 
     </span>
    </p>
   </div>
   <div class='ocr_carea' id='block_1_77' title="bbox 215 4301 1874 4375">
    <p class='ocr_par' dir='ltr' id='par_1_77' title="bbox 215 4301 1874 4375">
     <span class='ocr_line' id='line_1_77' title="bbox 215 4301 1874 4375; baseline 0.001 -17"><span class='ocrx_word' id='word_1_529' title='bbox 215 4303 620 4370; x_wconf 87' lang='lat' dir='ltr'>latrocinium,</span> <span class='ocrx_word' id='word_1_530' title='bbox 646 4302 717 4358; x_wconf 86' lang='lat' dir='ltr'>ad</span> <span class='ocrx_word' id='word_1_531' title='bbox 741 4306 963 4358; x_wconf 88' lang='lat' dir='ltr'>tantam</span> <span class='ocrx_word' id='word_1_532' title='bbox 988 4303 1113 4374; x_wconf 91' lang='lat' dir='ltr'>jam</span> <span class='ocrx_word' id='word_1_533' title='bbox 1139 4301 1529 4375; x_wconf 83' lang='lat' dir='ltr'>tyrannidem,</span> <span class='ocrx_word' id='word_1_534' title='bbox 1553 4307 1617 4358; x_wconf 92' lang='lat' dir='ltr'>ut</span> <span class='ocrx_word' id='word_1_535' title='bbox 1639 4303 1874 4359; x_wconf 86' lang='lat' dir='ltr'>cuicun-</span> 
     </span>
    </p>
   </div>
   <div class='ocr_carea' id='block_1_78' title="bbox 219 4390 1874 4465">
    <p class='ocr_par' dir='ltr' id='par_1_78' title="bbox 219 4390 1874 4465">
     <span class='ocr_line' id='line_1_78' title="bbox 219 4390 1874 4465; baseline 0 -17"><span class='ocrx_word' id='word_1_536' title='bbox 219 4409 344 4464; x_wconf 85' lang='lat' dir='ltr'>que</span> <span class='ocrx_word' id='word_1_537' title='bbox 373 4407 475 4447; x_wconf 89' lang='lat' dir='ltr'>seu</span> <span class='ocrx_word' id='word_1_538' title='bbox 525 4391 808 4459; x_wconf 89' lang='lat' dir='ltr'>ecclesiis,</span> <span class='ocrx_word' id='word_1_539' title='bbox 833 4408 936 4446; x_wconf 85' lang='lat' dir='ltr'>seu</span> <span class='ocrx_word' id='word_1_540' title='bbox 982 4391 1314 4447; x_wconf 90' lang='lat' dir='ltr'>civitatibus</span> <span class='ocrx_word' id='word_1_541' title='bbox 1365 4390 1677 4465; x_wconf 88' lang='lat' dir='ltr'>principari</span> <span class='ocrx_word' id='word_1_542' title='bbox 1716 4409 1874 4464; x_wconf 66' lang='lat' dir='ltr'>quaa-</span> 
     </span>
    </p>
   </div>
   <div class='ocr_carea' id='block_1_79' title="bbox 218 4479 1876 4554">
    <p class='ocr_par' dir='ltr' id='par_1_79' title="bbox 218 4479 1876 4554">
     <span class='ocr_line' id='line_1_79' title="bbox 218 4479 1876 4554; baseline 0.001 -18"><span class='ocrx_word' id='word_1_543' title='bbox 218 4481 318 4548; x_wconf 81' lang='lat' dir='ltr'>rit,</span> <span class='ocrx_word' id='word_1_544' title='bbox 343 4497 455 4535; x_wconf 92' lang='lat' dir='ltr'>non</span> <span class='ocrx_word' id='word_1_545' title='bbox 488 4479 650 4552; x_wconf 90' lang='lat' dir='ltr'>prius</span> <span class='ocrx_word' id='word_1_546' title='bbox 680 4481 740 4535; x_wconf 90' lang='lat' dir='ltr'>id</span> <span class='ocrx_word' id='word_1_547' title='bbox 772 4480 1134 4552; x_wconf 83' lang='lat' dir='ltr'>adipiscatur</span> <span class='ocrx_word' id='word_1_548' title='bbox 1161 4497 1337 4553; x_wconf 90' lang='lat' dir='ltr'>quam</span> <span class='ocrx_word' id='word_1_549' title='bbox 1364 4480 1476 4553; x_wconf 89' lang='lat' dir='ltr'>ipsi</span> <span class='ocrx_word' id='word_1_550' title='bbox 1500 4498 1729 4553; x_wconf 90' lang='lat' dir='ltr'>quoque</span> <span class='ocrx_word' id='word_1_551' title='bbox 1761 4481 1876 4554; x_wconf 89' lang='lat' dir='ltr'>ple-</span> 
     </span>
    </p>
   </div>
   <div class='ocr_carea' id='block_1_80' title="bbox 220 4568 1951 4661">
    <p class='ocr_par' dir='ltr' id='par_1_80' title="bbox 220 4568 1951 4661">
     <span class='ocr_line' id='line_1_80' title="bbox 220 4568 1951 4661; baseline 0.003 -38"><span class='ocrx_word' id='word_1_552' title='bbox 220 4568 439 4661; x_wconf 73' lang='lat' dir='ltr'>beculaa</span> <span class='ocrx_word' id='word_1_553' title='bbox 478 4568 715 4661; x_wconf 89' lang='lat' dir='ltr'>libellos</span> <span class='ocrx_word' id='word_1_554' title='bbox 775 4570 1290 4661; x_wconf 10' lang='lat' dir='ltr'>h_zereticorum,iet</span> <span class='ocrx_word' id='word_1_555' title='bbox 1346 4570 1766 4661; x_wconf 84' lang='lat' dir='ltr'>sacrilegorum</span> <span class='ocrx_word' id='word_1_556' title='bbox 1811 4587 1874 4628; x_wconf 88' lang='lat' dir='ltr'>se</span> <span class='ocrx_word' id='word_1_557' title='bbox 1905 4597 1951 4661; x_wconf 83' lang='lat' dir='ltr'><strong>D</strong></span> 
     </span>
    </p>
   </div>
   <div class='ocr_carea' id='block_1_81' title="bbox 220 4656 1873 4732">
    <p class='ocr_par' dir='ltr' id='par_1_81' title="bbox 220 4656 1873 4732">
     <span class='ocr_line' id='line_1_81' title="bbox 220 4656 1873 4732; baseline 0.002 -20"><span class='ocrx_word' id='word_1_558' title='bbox 220 4656 668 4712; x_wconf 89' lang='lat' dir='ltr'>observaturum</span> <span class='ocrx_word' id='word_1_559' title='bbox 701 4662 758 4713; x_wconf 89' lang='lat' dir='ltr'>et</span> <span class='ocrx_word' id='word_1_560' title='bbox 788 4658 1167 4714; x_wconf 86' lang='lat' dir='ltr'>defensurum</span> <span class='ocrx_word' id='word_1_561' title='bbox 1203 4660 1540 4730; x_wconf 90' lang='lat' dir='ltr'>juramento</span> <span class='ocrx_word' id='word_1_562' title='bbox 1572 4663 1630 4714; x_wconf 91' lang='lat' dir='ltr'>et</span> <span class='ocrx_word' id='word_1_563' title='bbox 1659 4659 1873 4732; x_wconf 90' lang='lat' dir='ltr'>scripto</span> 
     </span>
    </p>
   </div>
   <div class='ocr_carea' id='block_1_82' title="bbox 220 4745 1872 4821">
    <p class='ocr_par' dir='ltr' id='par_1_82' title="bbox 220 4745 1872 4821">
     <span class='ocr_line' id='line_1_82' title="bbox 220 4745 1872 4821; baseline 0.002 -19"><span class='ocrx_word' id='word_1_564' title='bbox 220 4745 671 4802; x_wconf 84' lang='lat' dir='ltr'>confirmaverit.</span> <span class='ocrx_word' id='word_1_565' title='bbox 705 4747 915 4802; x_wconf 88' lang='lat' dir='ltr'>Parum</span> <span class='ocrx_word' id='word_1_566' title='bbox 946 4747 1177 4803; x_wconf 89' lang='lat' dir='ltr'>videtur</span> <span class='ocrx_word' id='word_1_567' title='bbox 1205 4747 1314 4803; x_wconf 92' lang='lat' dir='ltr'>hoc</span> <span class='ocrx_word' id='word_1_568' title='bbox 1354 4747 1503 4821; x_wconf 87' lang='lat' dir='ltr'>exigi</span> <span class='ocrx_word' id='word_1_569' title='bbox 1536 4749 1606 4803; x_wconf 92' lang='lat' dir='ltr'>ab</span> <span class='ocrx_word' id='word_1_570' title='bbox 1639 4747 1872 4805; x_wconf 89' lang='lat' dir='ltr'>inferio-</span> 
     </span>
    </p>
   </div>
   <div class='ocr_carea' id='block_1_83' title="bbox 220 4834 1873 4909">
    <p class='ocr_par' dir='ltr' id='par_1_83' title="bbox 220 4834 1873 4909">
     <span class='ocr_line' id='line_1_83' title="bbox 220 4834 1873 4909; baseline 0.001 -19"><span class='ocrx_word' id='word_1_571' title='bbox 220 4834 385 4890; x_wconf 89' lang='lat' dir='ltr'>ribus</span> <span class='ocrx_word' id='word_1_572' title='bbox 415 4835 821 4906; x_wconf 89' lang='lat' dir='ltr'>potestatibus,</span> <span class='ocrx_word' id='word_1_573' title='bbox 856 4835 929 4889; x_wconf 85' lang='lat' dir='ltr'>ab</span> <span class='ocrx_word' id='word_1_574' title='bbox 977 4835 1121 4907; x_wconf 88' lang='lat' dir='ltr'>ipsis</span> <span class='ocrx_word' id='word_1_575' title='bbox 1168 4836 1416 4892; x_wconf 88' lang='lat' dir='ltr'>summis</span> <span class='ocrx_word' id='word_1_576' title='bbox 1469 4836 1576 4891; x_wconf 90' lang='lat' dir='ltr'>hoc</span> <span class='ocrx_word' id='word_1_577' title='bbox 1622 4836 1873 4909; x_wconf 86' lang='lat' dir='ltr'>exigitur</span> 
     </span>
    </p>
   </div>
   <div class='ocr_carea' id='block_1_84' title="bbox 220 4923 1872 4997">
    <p class='ocr_par' dir='ltr' id='par_1_84' title="bbox 220 4923 1872 4997">
     <span class='ocr_line' id='line_1_84' title="bbox 220 4923 1872 4997; baseline 0.002 -19"><span class='ocrx_word' id='word_1_578' title='bbox 220 4924 692 4996; x_wconf 88' lang='lat' dir='ltr'>imperatoribus.</span> <span class='ocrx_word' id='word_1_579' title='bbox 732 4924 843 4980; x_wconf 88' lang='lat' dir='ltr'>Nec</span> <span class='ocrx_word' id='word_1_580' title='bbox 874 4923 1038 4995; x_wconf 84' lang='lat' dir='ltr'>prius</span> <span class='ocrx_word' id='word_1_581' title='bbox 1072 4924 1203 4980; x_wconf 92' lang='lat' dir='ltr'>licet</span> <span class='ocrx_word' id='word_1_582' title='bbox 1233 4925 1320 4980; x_wconf 90' lang='lat' dir='ltr'>eis</span> <span class='ocrx_word' id='word_1_583' title='bbox 1356 4924 1587 4997; x_wconf 87' lang='lat' dir='ltr'>imperii</span> <span class='ocrx_word' id='word_1_584' title='bbox 1614 4925 1872 4997; x_wconf 88' lang='lat' dir='ltr'>insignia</span> 
     </span>
    </p>
   </div>
   <div class='ocr_carea' id='block_1_85' title="bbox 221 5011 1873 5087">
    <p class='ocr_par' dir='ltr' id='par_1_85' title="bbox 221 5011 1873 5087">
     <span class='ocr_line' id='line_1_85' title="bbox 221 5011 1873 5087; baseline 0.002 -21"><span class='ocrx_word' id='word_1_585' title='bbox 221 5011 518 5083; x_wconf 90' lang='lat' dir='ltr'>suscipere</span> <span class='ocrx_word' id='word_1_586' title='bbox 540 5028 716 5083; x_wconf 86' lang='lat' dir='ltr'>quam</span> <span class='ocrx_word' id='word_1_587' title='bbox 735 5011 1057 5083; x_wconf 90' lang='lat' dir='ltr'>juraverint</span> <span class='ocrx_word' id='word_1_588' title='bbox 1085 5028 1147 5067; x_wconf 92' lang='lat' dir='ltr'>se</span> <span class='ocrx_word' id='word_1_589' title='bbox 1178 5030 1292 5068; x_wconf 92' lang='lat' dir='ltr'>non</span> <span class='ocrx_word' id='word_1_590' title='bbox 1320 5014 1510 5069; x_wconf 90' lang='lat' dir='ltr'>solum</span> <span class='ocrx_word' id='word_1_591' title='bbox 1535 5015 1750 5087; x_wconf 88' lang='lat' dir='ltr'>scripta</span> <span class='ocrx_word' id='word_1_592' title='bbox 1771 5015 1873 5071; x_wconf 91' lang='lat' dir='ltr'>illa</span> 
     </span>
    </p>
   </div>
   <div class='ocr_carea' id='block_1_86' title="bbox 221 5101 1874 5168">
    <p class='ocr_par' dir='ltr' id='par_1_86' title="bbox 221 5101 1874 5168">
     <span class='ocr_line' id='line_1_86' title="bbox 221 5101 1874 5168; baseline 0.002 -12"><span class='ocrx_word' id='word_1_593' title='bbox 221 5117 337 5156; x_wconf 92' lang='lat' dir='ltr'>non</span> <span class='ocrx_word' id='word_1_594' title='bbox 369 5107 688 5168; x_wconf 81' lang='lat' dir='ltr'>cessatum,</span> <span class='ocrx_word' id='word_1_595' title='bbox 712 5101 810 5156; x_wconf 91' lang='lat' dir='ltr'>sed</span> <span class='ocrx_word' id='word_1_596' title='bbox 835 5101 1008 5156; x_wconf 90' lang='lat' dir='ltr'>etiam</span> <span class='ocrx_word' id='word_1_597' title='bbox 1031 5101 1334 5157; x_wconf 87' lang='lat' dir='ltr'>defensum</span> <span class='ocrx_word' id='word_1_598' title='bbox 1367 5103 1457 5158; x_wconf 90' lang='lat' dir='ltr'>iri.</span> <span class='ocrx_word' id='word_1_599' title='bbox 1483 5103 1525 5159; x_wconf 95' lang='grc' dir='ltr'><strong>Ο</strong></span> <span class='ocrx_word' id='word_1_600' title='bbox 1547 5104 1785 5159; x_wconf 89' lang='lat' dir='ltr'>libertas</span> <span class='ocrx_word' id='word_1_601' title='bbox 1816 5108 1874 5160; x_wconf 92' lang='lat' dir='ltr'>et</span> 
     </span>
    </p>
   </div>
   <div class='ocr_carea' id='block_1_87' title="bbox 220 5187 1871 5264">
    <p class='ocr_par' dir='ltr' id='par_1_87' title="bbox 220 5187 1871 5264">
     <span class='ocr_line' id='line_1_87' title="bbox 220 5187 1871 5264; baseline 0.004 -21"><span class='ocrx_word' id='word_1_602' title='bbox 220 5189 406 5262; x_wconf 86' lang='lat' dir='ltr'>pietas</span> <span class='ocrx_word' id='word_1_603' title='bbox 435 5191 708 5245; x_wconf 63' lang='lat' dir='ltr'>Romanis</span> <span class='ocrx_word' id='word_1_604' title='bbox 741 5187 1103 5260; x_wconf 63' lang='lat' dir='ltr'>reipublicae!</span> <span class='ocrx_word' id='word_1_605' title='bbox 1129 5190 1172 5245; x_wconf 92' lang='grc' dir='ltr'>Ο</span> <span class='ocrx_word' id='word_1_606' title='bbox 1195 5189 1514 5247; x_wconf 83' lang='lat' dir='ltr'>liberalitas</span> <span class='ocrx_word' id='word_1_607' title='bbox 1537 5197 1593 5247; x_wconf 90' lang='lat' dir='ltr'>et</span> <span class='ocrx_word' id='word_1_608' title='bbox 1614 5197 1871 5264; x_wconf 85' lang='lat' dir='ltr'>potestas</span> 
     </span>
    </p>
   </div>
   <div class='ocr_carea' id='block_1_88' title="bbox 221 5277 1870 5354">
    <p class='ocr_par' dir='ltr' id='par_1_88' title="bbox 221 5277 1870 5354">
     <span class='ocr_line' id='line_1_88' title="bbox 221 5277 1870 5354; baseline 0.002 -20"><span class='ocrx_word' id='word_1_609' title='bbox 221 5279 550 5350; x_wconf 88' lang='lat' dir='ltr'>majestatis</span> <span class='ocrx_word' id='word_1_610' title='bbox 583 5277 998 5351; x_wconf 63' lang='lat' dir='ltr'>imperatorias!</span> <span class='ocrx_word' id='word_1_611' title='bbox 1033 5279 1274 5351; x_wconf 89' lang='lat' dir='ltr'>Cogitur</span> <span class='ocrx_word' id='word_1_612' title='bbox 1299 5296 1565 5337; x_wconf 90' lang='lat' dir='ltr'>summus</span> <span class='ocrx_word' id='word_1_613' title='bbox 1599 5282 1870 5354; x_wconf 89' lang='lat' dir='ltr'>princeps</span> 
     </span>
    </p>
   </div>
   <div class='ocr_carea' id='block_1_89' title="bbox 213 5366 1870 5442">
    <p class='ocr_par' dir='ltr' id='par_1_89' title="bbox 213 5366 1870 5442">
     <span class='ocr_line' id='line_1_89' title="bbox 213 5366 1870 5442; baseline 0.003 -20"><span class='ocrx_word' id='word_1_614' title='bbox 213 5368 518 5439; x_wconf 18' lang='lat' dir='ltr'>jurare‘ne</span> <span class='ocrx_word' id='word_1_615' title='bbox 549 5367 705 5442; x_wconf 88' lang='lat' dir='ltr'>leges</span> <span class='ocrx_word' id='word_1_616' title='bbox 731 5366 1139 5440; x_wconf 84' lang='lat' dir='ltr'>religiosorum</span> <span class='ocrx_word' id='word_1_617' title='bbox 1172 5367 1502 5440; x_wconf 90' lang='lat' dir='ltr'>principum</span> <span class='ocrx_word' id='word_1_618' title='bbox 1527 5375 1660 5426; x_wconf 90' lang='lat' dir='ltr'>ante</span> <span class='ocrx_word' id='word_1_619' title='bbox 1690 5388 1751 5426; x_wconf 91' lang='lat' dir='ltr'>se</span> <span class='ocrx_word' id='word_1_620' title='bbox 1779 5371 1870 5428; x_wconf 90' lang='lat' dir='ltr'>vel</span> 
     </span>
    </p>
   </div>
   <div class='ocr_carea' id='block_1_90' title="bbox 222 5456 1872 5530">
    <p class='ocr_par' dir='ltr' id='par_1_90' title="bbox 222 5456 1872 5530">
     <span class='ocr_line' id='line_1_90' title="bbox 222 5456 1872 5530; baseline 0.002 -18"><span class='ocrx_word' id='word_1_621' title='bbox 222 5471 361 5512; x_wconf 89' lang='lat' dir='ltr'>suas</span> <span class='ocrx_word' id='word_1_622' title='bbox 392 5457 601 5514; x_wconf 88' lang='lat' dir='ltr'>debeat</span> <span class='ocrx_word' id='word_1_623' title='bbox 647 5457 975 5524; x_wconf 88' lang='lat' dir='ltr'>observare,</span> <span class='ocrx_word' id='word_1_624' title='bbox 1011 5457 1109 5513; x_wconf 86' lang='lat' dir='ltr'>sed</span> <span class='ocrx_word' id='word_1_625' title='bbox 1161 5456 1355 5530; x_wconf 92' lang='lat' dir='ltr'>potius</span> <span class='ocrx_word' id='word_1_626' title='bbox 1403 5475 1700 5516; x_wconf 89' lang='lat' dir='ltr'>evacuare.</span> <span class='ocrx_word' id='word_1_627' title='bbox 1734 5459 1872 5515; x_wconf 90' lang='lat' dir='ltr'>Vult</span> 
     </span>
    </p>
   </div>
   <div class='ocr_carea' id='block_1_91' title="bbox 222 5545 1872 5621">
    <p class='ocr_par' dir='ltr' id='par_1_91' title="bbox 222 5545 1872 5621">
     <span class='ocr_line' id='line_1_91' title="bbox 222 5545 1872 5621; baseline 0.002 -20"><span class='ocrx_word' id='word_1_628' title='bbox 222 5545 333 5601; x_wconf 82' lang='lat' dir='ltr'>sibi</span> <span class='ocrx_word' id='word_1_629' title='bbox 367 5546 532 5602; x_wconf 83' lang='lat' dir='ltr'>reddi</span> <span class='ocrx_word' id='word_1_630' title='bbox 564 5563 689 5619; x_wconf 70' lang='lat' dir='ltr'>quae</span> <span class='ocrx_word' id='word_1_631' title='bbox 716 5551 855 5602; x_wconf 90' lang='lat' dir='ltr'>sunt</span> <span class='ocrx_word' id='word_1_632' title='bbox 874 5545 1114 5601; x_wconf 67' lang='lat' dir='ltr'>Caesaris</span> <span class='ocrx_word' id='word_1_633' title='bbox 1143 5545 1214 5601; x_wconf 90' lang='lat' dir='ltr'>ab</span> <span class='ocrx_word' id='word_1_634' title='bbox 1236 5545 1327 5602; x_wconf 90' lang='lat' dir='ltr'>his</span> <span class='ocrx_word' id='word_1_635' title='bbox 1349 5547 1447 5621; x_wconf 89' lang='lat' dir='ltr'>qui</span> <span class='ocrx_word' id='word_1_636' title='bbox 1471 5547 1872 5604; x_wconf 89' lang='lat' dir='ltr'>contradicunt</span> 
     </span>
    </p>
   </div>
   <div class='ocr_carea' id='block_1_92' title="bbox 221 5634 1869 5716">
    <p class='ocr_par' dir='ltr' id='par_1_92' title="bbox 221 5634 1869 5716">
     <span class='ocr_line' id='line_1_92' title="bbox 221 5634 1869 5716; baseline 0.001 -20"><span class='ocrx_word' id='word_1_637' title='bbox 221 5635 362 5708; x_wconf 72' lang='lat' dir='ltr'>Deo,</span> <span class='ocrx_word' id='word_1_638' title='bbox 379 5636 543 5696; x_wconf 84' lang='lat' dir='ltr'>reddi</span> <span class='ocrx_word' id='word_1_639' title='bbox 574 5653 703 5716; x_wconf 73' lang='lat' dir='ltr'>quis</span> <span class='ocrx_word' id='word_1_640' title='bbox 733 5640 874 5698; x_wconf 86' lang='lat' dir='ltr'>sunt</span> <span class='ocrx_word' id='word_1_641' title='bbox 899 5635 1019 5696; x_wconf 86' lang='lat' dir='ltr'>Dei.</span> <span class='ocrx_word' id='word_1_642' title='bbox 1053 5634 1281 5708; x_wconf 80' lang='lat' dir='ltr'>Videat,</span> <span class='ocrx_word' id='word_1_643' title='bbox 1303 5653 1521 5714; x_wconf 67' lang='lat' dir='ltr'>quisse,</span> <span class='ocrx_word' id='word_1_644' title='bbox 1554 5636 1726 5714; x_wconf 84' lang='lat' dir='ltr'>quale</span> <span class='ocrx_word' id='word_1_645' title='bbox 1755 5637 1869 5698; x_wconf 87' lang='lat' dir='ltr'>sibi</span> 
     </span>
    </p>
   </div>
   <div class='ocr_carea' id='block_1_93' title="bbox 1982 3327 3631 3404">
    <p class='ocr_par' dir='ltr' id='par_1_93' title="bbox 1982 3327 3631 3404">
     <span class='ocr_line' id='line_1_93' title="bbox 1982 3327 3631 3404; baseline 0.005 -21"><span class='ocrx_word' id='word_1_646' title='bbox 1982 3329 2173 3392; x_wconf 91' lang='lat' dir='ltr'>batur,</span> <span class='ocrx_word' id='word_1_647' title='bbox 2200 3327 2496 3401; x_wconf 87' lang='lat' dir='ltr'>religionis</span> <span class='ocrx_word' id='word_1_648' title='bbox 2527 3335 2581 3384; x_wconf 88' lang='lat' dir='ltr'>et</span> <span class='ocrx_word' id='word_1_649' title='bbox 2627 3329 2861 3400; x_wconf 89' lang='lat' dir='ltr'>templis</span> <span class='ocrx_word' id='word_1_650' title='bbox 2901 3331 3104 3385; x_wconf 87' lang='lat' dir='ltr'>devota</span> <span class='ocrx_word' id='word_1_651' title='bbox 3135 3330 3402 3404; x_wconf 86' lang='lat' dir='ltr'>largitate</span> <span class='ocrx_word' id='word_1_652' title='bbox 3437 3337 3631 3391; x_wconf 75' lang='lat' dir='ltr'>confe-</span> 
     </span>
    </p>
   </div>
   <div class='ocr_carea' id='block_1_94' title="bbox 1984 3417 3630 3491">
    <p class='ocr_par' dir='ltr' id='par_1_94' title="bbox 1984 3417 3630 3491">
     <span class='ocr_line' id='line_1_94' title="bbox 1984 3417 3630 3491; baseline 0.004 -19"><span class='ocrx_word' id='word_1_653' title='bbox 1984 3417 2210 3484; x_wconf 89' lang='lat' dir='ltr'>rebant,</span> <span class='ocrx_word' id='word_1_654' title='bbox 2241 3418 2577 3489; x_wconf 89' lang='lat' dir='ltr'>potentique</span> <span class='ocrx_word' id='word_1_655' title='bbox 2610 3435 2785 3472; x_wconf 91' lang='lat' dir='ltr'>manu</span> <span class='ocrx_word' id='word_1_656' title='bbox 2810 3435 2915 3473; x_wconf 93' lang='lat' dir='ltr'>suo</span> <span class='ocrx_word' id='word_1_657' title='bbox 2939 3423 3196 3491; x_wconf 90' lang='lat' dir='ltr'>tempore</span> <span class='ocrx_word' id='word_1_658' title='bbox 3221 3423 3630 3491; x_wconf 72' lang='lat' dir='ltr'>defendebant,</span> 
     </span>
    </p>
   </div>
   <div class='ocr_carea' id='block_1_95' title="bbox 1982 3505 3634 3580">
    <p class='ocr_par' dir='ltr' id='par_1_95' title="bbox 1982 3505 3634 3580">
     <span class='ocr_line' id='line_1_95' title="bbox 1982 3505 3634 3580; baseline 0.004 -20"><span class='ocrx_word' id='word_1_659' title='bbox 1982 3511 2038 3561; x_wconf 90' lang='lat' dir='ltr'>et</span> <span class='ocrx_word' id='word_1_660' title='bbox 2059 3505 2118 3560; x_wconf 91' lang='lat' dir='ltr'>in</span> <span class='ocrx_word' id='word_1_661' title='bbox 2144 3507 2337 3560; x_wconf 85' lang='lat' dir='ltr'>futuro</span> <span class='ocrx_word' id='word_1_662' title='bbox 2358 3505 2584 3576; x_wconf 87' lang='lat' dir='ltr'>legibus</span> <span class='ocrx_word' id='word_1_663' title='bbox 2603 3506 2727 3559; x_wconf 87' lang='lat' dir='ltr'>suis</span> <span class='ocrx_word' id='word_1_664' title='bbox 2751 3507 3114 3562; x_wconf 88' lang='lat' dir='ltr'>munimenta</span> <span class='ocrx_word' id='word_1_665' title='bbox 3138 3513 3338 3563; x_wconf 88' lang='lat' dir='ltr'>contra</span> <span class='ocrx_word' id='word_1_666' title='bbox 3360 3527 3634 3580; x_wconf 89' lang='lat' dir='ltr'>quarum-</span> 
     </span>
    </p>
   </div>
   <div class='ocr_carea' id='block_1_96' title="bbox 1982 3592 3632 3668">
    <p class='ocr_par' dir='ltr' id='par_1_96' title="bbox 1982 3592 3632 3668">
     <span class='ocr_line' id='line_1_96' title="bbox 1982 3592 3632 3668; baseline 0.004 -22"><span class='ocrx_word' id='word_1_667' title='bbox 1982 3592 2121 3650; x_wconf 91' lang='lat' dir='ltr'>libet</span> <span class='ocrx_word' id='word_1_668' title='bbox 2143 3593 2601 3647; x_wconf 89' lang='lat' dir='ltr'>diminutionum</span> <span class='ocrx_word' id='word_1_669' title='bbox 2627 3611 2726 3648; x_wconf 88' lang='lat' dir='ltr'>seu</span> <span class='ocrx_word' id='word_1_670' title='bbox 2751 3593 3165 3648; x_wconf 88' lang='lat' dir='ltr'>alienationum</span> <span class='ocrx_word' id='word_1_671' title='bbox 3200 3612 3369 3651; x_wconf 86' lang='lat' dir='ltr'>casus</span> <span class='ocrx_word' id='word_1_672' title='bbox 3389 3597 3474 3652; x_wconf 90' lang='lat' dir='ltr'>eis</span> <span class='ocrx_word' id='word_1_673' title='bbox 3495 3615 3632 3668; x_wconf 86' lang='lat' dir='ltr'>pro-</span> 
     </span>
    </p>
   </div>
   <div class='ocr_carea' id='block_1_97' title="bbox 1979 3681 3631 3754">
    <p class='ocr_par' dir='ltr' id='par_1_97' title="bbox 1979 3681 3631 3754">
     <span class='ocr_line' id='line_1_97' title="bbox 1979 3681 3631 3754; baseline 0.005 -19"><span class='ocrx_word' id='word_1_674' title='bbox 1979 3681 2275 3747; x_wconf 88' lang='lat' dir='ltr'>videbant,</span> <span class='ocrx_word' id='word_1_675' title='bbox 2299 3697 2548 3752; x_wconf 86' lang='lat' dir='ltr'>quorum</span> <span class='ocrx_word' id='word_1_676' title='bbox 2583 3681 2928 3736; x_wconf 88' lang='lat' dir='ltr'>industriam</span> <span class='ocrx_word' id='word_1_677' title='bbox 2956 3699 2988 3736; x_wconf 90' lang='lat' dir='ltr'>a</span> <span class='ocrx_word' id='word_1_678' title='bbox 3009 3683 3421 3754; x_wconf 87' lang='lat' dir='ltr'>superstitione</span> <span class='ocrx_word' id='word_1_679' title='bbox 3445 3686 3515 3741; x_wconf 89' lang='lat' dir='ltr'>ad</span> <span class='ocrx_word' id='word_1_680' title='bbox 3552 3705 3631 3743; x_wconf 90' lang='lat' dir='ltr'>re-</span> 
     </span>
    </p>
   </div>
   <div class='ocr_carea' id='block_1_98' title="bbox 1981 3769 3629 3846">
    <p class='ocr_par' dir='ltr' id='par_1_98' title="bbox 1981 3769 3629 3846">
     <span class='ocr_line' id='line_1_98' title="bbox 1981 3769 3629 3846; baseline 0.004 -22"><span class='ocrx_word' id='word_1_681' title='bbox 1981 3769 2255 3841; x_wconf 87' lang='lat' dir='ltr'>ligionem</span> <span class='ocrx_word' id='word_1_682' title='bbox 2290 3769 2583 3824; x_wconf 87' lang='lat' dir='ltr'>maximus</span> <span class='ocrx_word' id='word_1_683' title='bbox 2613 3769 3035 3825; x_wconf 88' lang='lat' dir='ltr'>Constantinus</span> <span class='ocrx_word' id='word_1_684' title='bbox 3068 3776 3427 3843; x_wconf 90' lang='lat' dir='ltr'>retorquens,</span> <span class='ocrx_word' id='word_1_685' title='bbox 3454 3776 3629 3846; x_wconf 92' lang='lat' dir='ltr'>privi-</span> 
     </span>
    </p>
   </div>
   <div class='ocr_carea' id='block_1_99' title="bbox 1979 3856 3630 3929">
    <p class='ocr_par' dir='ltr' id='par_1_99' title="bbox 1979 3856 3630 3929">
     <span class='ocr_line' id='line_1_99' title="bbox 1979 3856 3630 3929; baseline 0.005 -17"><span class='ocrx_word' id='word_1_686' title='bbox 1979 3857 2150 3929; x_wconf 88' lang='lat' dir='ltr'>legia,</span> <span class='ocrx_word' id='word_1_687' title='bbox 2177 3875 2302 3929; x_wconf 72' lang='lat' dir='ltr'>quae</span> <span class='ocrx_word' id='word_1_688' title='bbox 2333 3856 2416 3911; x_wconf 90' lang='lat' dir='ltr'>illi</span> <span class='ocrx_word' id='word_1_689' title='bbox 2449 3858 2571 3912; x_wconf 90' lang='lat' dir='ltr'>suis</span> <span class='ocrx_word' id='word_1_690' title='bbox 2603 3858 3002 3914; x_wconf 87' lang='lat' dir='ltr'>sacerdotibus</span> <span class='ocrx_word' id='word_1_691' title='bbox 3029 3863 3086 3913; x_wconf 89' lang='lat' dir='ltr'>et</span> <span class='ocrx_word' id='word_1_692' title='bbox 3110 3860 3388 3929; x_wconf 87' lang='lat' dir='ltr'>delubris,</span> <span class='ocrx_word' id='word_1_693' title='bbox 3415 3864 3630 3921; x_wconf 88' lang='lat' dir='ltr'>Christi</span> 
     </span>
    </p>
   </div>
   <div class='ocr_carea' id='block_1_100' title="bbox 1981 3944 3630 4018">
    <p class='ocr_par' dir='ltr' id='par_1_100' title="bbox 1981 3944 3630 4018">
     <span class='ocr_line' id='line_1_100' title="bbox 1981 3944 3630 4018; baseline 0.002 -16"><span class='ocrx_word' id='word_1_694' title='bbox 1981 3945 2240 4002; x_wconf 90' lang='lat' dir='ltr'>ecclesiis</span> <span class='ocrx_word' id='word_1_695' title='bbox 2271 3944 2559 4000; x_wconf 90' lang='lat' dir='ltr'>concessit</span> <span class='ocrx_word' id='word_1_696' title='bbox 2590 3961 2907 4016; x_wconf 90' lang='lat' dir='ltr'>eorumque</span> <span class='ocrx_word' id='word_1_697' title='bbox 2948 3945 3234 4002; x_wconf 90' lang='lat' dir='ltr'>ministris</span> <span class='ocrx_word' id='word_1_698' title='bbox 3265 3950 3418 4018; x_wconf 91' lang='lat' dir='ltr'>quod</span> <span class='ocrx_word' id='word_1_699' title='bbox 3451 3957 3506 4005; x_wconf 91' lang='lat' dir='ltr'>et</span> <span class='ocrx_word' id='word_1_700' title='bbox 3535 3951 3630 4006; x_wconf 89' lang='lat' dir='ltr'>sui</span> 
     </span>
    </p>
   </div>
   <div class='ocr_carea' id='block_1_101' title="bbox 1980 4033 3632 4110">
    <p class='ocr_par' dir='ltr' id='par_1_101' title="bbox 1980 4033 3632 4110">
     <span class='ocr_line' id='line_1_101' title="bbox 1980 4033 3632 4110; baseline 0.004 -21"><span class='ocrx_word' id='word_1_701' title='bbox 1980 4034 2218 4108; x_wconf 88' lang='lat' dir='ltr'>posteri,</span> <span class='ocrx_word' id='word_1_702' title='bbox 2239 4037 2525 4106; x_wconf 87' lang='lat' dir='ltr'>quotquot</span> <span class='ocrx_word' id='word_1_703' title='bbox 2544 4033 2847 4088; x_wconf 87' lang='lat' dir='ltr'>orthodoxi</span> <span class='ocrx_word' id='word_1_704' title='bbox 2870 4034 3234 4101; x_wconf 76' lang='lat' dir='ltr'>exstiterunt,</span> <span class='ocrx_word' id='word_1_705' title='bbox 3252 4053 3420 4108; x_wconf 89' lang='lat' dir='ltr'>agere</span> <span class='ocrx_word' id='word_1_706' title='bbox 3444 4055 3632 4110; x_wconf 90' lang='lat' dir='ltr'>usque</span> 
     </span>
    </p>
   </div>
   <div class='ocr_carea' id='block_1_102' title="bbox 1981 4123 3630 4200">
    <p class='ocr_par' dir='ltr' id='par_1_102' title="bbox 1981 4123 3630 4200">
     <span class='ocr_line' id='line_1_102' title="bbox 1981 4123 3630 4200; baseline 0.002 -19"><span class='ocrx_word' id='word_1_707' title='bbox 1981 4126 2050 4182; x_wconf 92' lang='lat' dir='ltr'>ad</span> <span class='ocrx_word' id='word_1_708' title='bbox 2077 4126 2194 4180; x_wconf 69' lang='lat' dir='ltr'>haec</span> <span class='ocrx_word' id='word_1_709' title='bbox 2216 4123 2541 4197; x_wconf 90' lang='lat' dir='ltr'>periculosa</span> <span class='ocrx_word' id='word_1_710' title='bbox 2559 4128 2822 4196; x_wconf 86' lang='lat' dir='ltr'>tempora</span> <span class='ocrx_word' id='word_1_711' title='bbox 2844 4124 3216 4179; x_wconf 89' lang='lat' dir='ltr'>studuerunt.</span> <span class='ocrx_word' id='word_1_712' title='bbox 3242 4126 3329 4194; x_wconf 88' lang='lat' dir='ltr'>Et,</span> <span class='ocrx_word' id='word_1_713' title='bbox 3349 4144 3381 4182; x_wconf 95' lang='lat' dir='ltr'>o</span> <span class='ocrx_word' id='word_1_714' title='bbox 3412 4133 3630 4200; x_wconf 89' lang='lat' dir='ltr'>quanto</span> 
     </span>
    </p>
   </div>
   <div class='ocr_carea' id='block_1_103' title="bbox 1982 4212 3629 4287">
    <p class='ocr_par' dir='ltr' id='par_1_103' title="bbox 1982 4212 3629 4287">
     <span class='ocr_line' id='line_1_103' title="bbox 1982 4212 3629 4287; baseline 0.002 -17"><span class='ocrx_word' id='word_1_715' title='bbox 1982 4214 2338 4272; x_wconf 86' lang='lat' dir='ltr'>tolerabilior</span> <span class='ocrx_word' id='word_1_716' title='bbox 2354 4212 2565 4269; x_wconf 89' lang='lat' dir='ltr'>Christi</span> <span class='ocrx_word' id='word_1_717' title='bbox 2586 4213 2860 4268; x_wconf 90' lang='lat' dir='ltr'>Ecclesiis</span> <span class='ocrx_word' id='word_1_718' title='bbox 2877 4212 3110 4281; x_wconf 86' lang='lat' dir='ltr'>Ariana,</span> <span class='ocrx_word' id='word_1_719' title='bbox 3128 4231 3228 4270; x_wconf 93' lang='lat' dir='ltr'>seu</span> <span class='ocrx_word' id='word_1_720' title='bbox 3248 4216 3629 4287; x_wconf 87' lang='lat' dir='ltr'>Eunomiana,</span> 
     </span>
    </p>
   </div>
   <div class='ocr_carea' id='block_1_104' title="bbox 1980 4302 3634 4380">
    <p class='ocr_par' dir='ltr' id='par_1_104' title="bbox 1980 4302 3634 4380">
     <span class='ocr_line' id='line_1_104' title="bbox 1980 4302 3634 4380; baseline 0.003 -21"><span class='ocrx_word' id='word_1_721' title='bbox 1980 4303 2066 4359; x_wconf 93' lang='lat' dir='ltr'>vel</span> <span class='ocrx_word' id='word_1_722' title='bbox 2101 4302 2463 4370; x_wconf 89' lang='lat' dir='ltr'>Eutichiana,</span> <span class='ocrx_word' id='word_1_723' title='bbox 2490 4302 2608 4357; x_wconf 89' lang='lat' dir='ltr'>sive</span> <span class='ocrx_word' id='word_1_724' title='bbox 2651 4319 3014 4375; x_wconf 67' lang='lat' dir='ltr'>quaecunque</span> <span class='ocrx_word' id='word_1_725' title='bbox 3046 4302 3160 4359; x_wconf 86' lang='lat' dir='ltr'>alia</span> <span class='ocrx_word' id='word_1_726' title='bbox 3194 4303 3458 4361; x_wconf 68' lang='lat' dir='ltr'>haeresis!</span> <span class='ocrx_word' id='word_1_727' title='bbox 3494 4310 3634 4380; x_wconf 89' lang='lat' dir='ltr'>quia</span> 
     </span>
    </p>
   </div>
   <div class='ocr_carea' id='block_1_105' title="bbox 1982 4391 3635 4468">
    <p class='ocr_par' dir='ltr' id='par_1_105' title="bbox 1982 4391 3635 4468">
     <span class='ocr_line' id='line_1_105' title="bbox 1982 4391 3635 4468; baseline 0.003 -20"><span class='ocrx_word' id='word_1_728' title='bbox 1982 4392 2250 4466; x_wconf 85' lang='lat' dir='ltr'>quamvis</span> <span class='ocrx_word' id='word_1_729' title='bbox 2272 4409 2378 4447; x_wconf 89' lang='lat' dir='ltr'>sua</span> <span class='ocrx_word' id='word_1_730' title='bbox 2400 4391 2557 4447; x_wconf 90' lang='lat' dir='ltr'>rabie</span> <span class='ocrx_word' id='word_1_731' title='bbox 2580 4396 2860 4464; x_wconf 80' lang='lat' dir='ltr'>tanquam</span> <span class='ocrx_word' id='word_1_732' title='bbox 2885 4392 3058 4464; x_wconf 91' lang='lat' dir='ltr'>lupus</span> <span class='ocrx_word' id='word_1_733' title='bbox 3082 4410 3212 4448; x_wconf 90' lang='lat' dir='ltr'>oves</span> <span class='ocrx_word' id='word_1_734' title='bbox 3231 4394 3329 4450; x_wconf 82' lang='lat' dir='ltr'>Dei</span> <span class='ocrx_word' id='word_1_735' title='bbox 3352 4396 3635 4468; x_wconf 90' lang='lat' dir='ltr'>diripiant</span> 
     </span>
    </p>
   </div>
   <div class='ocr_carea' id='block_1_106' title="bbox 1981 4480 3632 4554">
    <p class='ocr_par' dir='ltr' id='par_1_106' title="bbox 1981 4480 3632 4554">
     <span class='ocr_line' id='line_1_106' title="bbox 1981 4480 3632 4554; baseline 0.002 -17"><span class='ocrx_word' id='word_1_736' title='bbox 1981 4487 2038 4537; x_wconf 91' lang='lat' dir='ltr'>et</span> <span class='ocrx_word' id='word_1_737' title='bbox 2066 4481 2425 4554; x_wconf 88' lang='lat' dir='ltr'>dispergant,</span> <span class='ocrx_word' id='word_1_738' title='bbox 2459 4480 2652 4536; x_wconf 87' lang='lat' dir='ltr'>caulas</span> <span class='ocrx_word' id='word_1_739' title='bbox 2700 4486 2896 4537; x_wconf 91' lang='lat' dir='ltr'>tamen</span> <span class='ocrx_word' id='word_1_740' title='bbox 2937 4486 2990 4537; x_wconf 91' lang='lat' dir='ltr'>et</span> <span class='ocrx_word' id='word_1_741' title='bbox 3036 4499 3253 4554; x_wconf 86' lang='lat' dir='ltr'>pascua</span> <span class='ocrx_word' id='word_1_742' title='bbox 3295 4502 3495 4540; x_wconf 89' lang='lat' dir='ltr'>earum</span> <span class='ocrx_word' id='word_1_743' title='bbox 3530 4504 3632 4541; x_wconf 89' lang='lat' dir='ltr'>au-</span> 
     </span>
    </p>
   </div>
   <div class='ocr_carea' id='block_1_107' title="bbox 1989 4570 3634 4644">
    <p class='ocr_par' dir='ltr' id='par_1_107' title="bbox 1989 4570 3634 4644">
     <span class='ocr_line' id='line_1_107' title="bbox 1989 4570 3634 4644; baseline 0.002 -18"><span class='ocrx_word' id='word_1_744' title='bbox 1989 4571 2132 4626; x_wconf 87' lang='lat' dir='ltr'>ferre</span> <span class='ocrx_word' id='word_1_745' title='bbox 2163 4587 2277 4625; x_wconf 90' lang='lat' dir='ltr'>non</span> <span class='ocrx_word' id='word_1_746' title='bbox 2312 4575 2539 4637; x_wconf 89' lang='lat' dir='ltr'>curant,</span> <span class='ocrx_word' id='word_1_747' title='bbox 2574 4570 2672 4625; x_wconf 90' lang='lat' dir='ltr'>sed</span> <span class='ocrx_word' id='word_1_748' title='bbox 2707 4575 2838 4642; x_wconf 90' lang='lat' dir='ltr'>post</span> <span class='ocrx_word' id='word_1_749' title='bbox 2882 4587 2942 4626; x_wconf 92' lang='lat' dir='ltr'>se</span> <span class='ocrx_word' id='word_1_750' title='bbox 2985 4570 3329 4644; x_wconf 89' lang='lat' dir='ltr'>relinquunt</span> <span class='ocrx_word' id='word_1_751' title='bbox 3359 4575 3458 4629; x_wconf 91' lang='lat' dir='ltr'>ubi</span> <span class='ocrx_word' id='word_1_752' title='bbox 3492 4575 3634 4630; x_wconf 89' lang='lat' dir='ltr'>resi-</span> 
     </span>
    </p>
   </div>
   <div class='ocr_carea' id='block_1_108' title="bbox 1987 4660 3631 4725">
    <p class='ocr_par' dir='ltr' id='par_1_108' title="bbox 1987 4660 3631 4725">
     <span class='ocr_line' id='line_1_108' title="bbox 1987 4660 3631 4725; baseline 0.001 -10"><span class='ocrx_word' id='word_1_753' title='bbox 1987 4661 2134 4725; x_wconf 71' lang='lat' dir='ltr'>duae,</span> <span class='ocrx_word' id='word_1_754' title='bbox 2160 4664 2216 4714; x_wconf 89' lang='lat' dir='ltr'>et</span> <span class='ocrx_word' id='word_1_755' title='bbox 2247 4660 2452 4714; x_wconf 69' lang='lat' dir='ltr'>futurae</span> <span class='ocrx_word' id='word_1_756' title='bbox 2501 4676 2634 4715; x_wconf 86' lang='lat' dir='ltr'>oves</span> <span class='ocrx_word' id='word_1_757' title='bbox 2674 4666 3102 4725; x_wconf 84' lang='lat' dir='ltr'>commancant,</span> <span class='ocrx_word' id='word_1_758' title='bbox 3127 4666 3183 4716; x_wconf 91' lang='lat' dir='ltr'>et</span> <span class='ocrx_word' id='word_1_759' title='bbox 3232 4664 3386 4717; x_wconf 89' lang='lat' dir='ltr'>unde</span> <span class='ocrx_word' id='word_1_760' title='bbox 3415 4662 3631 4718; x_wconf 89' lang='lat' dir='ltr'>vivant.</span> 
     </span>
    </p>
   </div>
   <div class='ocr_carea' id='block_1_109' title="bbox 1981 4748 3634 4822">
    <p class='ocr_par' dir='ltr' id='par_1_109' title="bbox 1981 4748 3634 4822">
     <span class='ocr_line' id='line_1_109' title="bbox 1981 4748 3634 4822; baseline 0.001 -17"><span class='ocrx_word' id='word_1_761' title='bbox 1981 4749 2272 4805; x_wconf 89' lang='lat' dir='ltr'>Nonnulla</span> <span class='ocrx_word' id='word_1_762' title='bbox 2309 4751 2464 4804; x_wconf 90' lang='lat' dir='ltr'>enim</span> <span class='ocrx_word' id='word_1_763' title='bbox 2513 4748 2832 4804; x_wconf 87' lang='lat' dir='ltr'>consolatio</span> <span class='ocrx_word' id='word_1_764' title='bbox 2881 4751 3182 4820; x_wconf 64' lang='lat' dir='ltr'>praeteriti,</span> <span class='ocrx_word' id='word_1_765' title='bbox 3215 4750 3297 4805; x_wconf 89' lang='lat' dir='ltr'>vel</span> <span class='ocrx_word' id='word_1_766' title='bbox 3333 4753 3634 4822; x_wconf 57' lang='lat' dir='ltr'>praesentis</span> 
     </span>
    </p>
   </div>
   <div class='ocr_carea' id='block_1_110' title="bbox 1983 4836 3634 4909">
    <p class='ocr_par' dir='ltr' id='par_1_110' title="bbox 1983 4836 3634 4909">
     <span class='ocr_line' id='line_1_110' title="bbox 1983 4836 3634 4909; baseline 0 -15"><span class='ocrx_word' id='word_1_767' title='bbox 1983 4836 2182 4894; x_wconf 88' lang='lat' dir='ltr'>damni</span> <span class='ocrx_word' id='word_1_768' title='bbox 2209 4842 2298 4893; x_wconf 90' lang='lat' dir='ltr'>est</span> <span class='ocrx_word' id='word_1_769' title='bbox 2327 4837 2648 4904; x_wconf 89' lang='lat' dir='ltr'>catholicis,</span> <span class='ocrx_word' id='word_1_770' title='bbox 2679 4837 2775 4892; x_wconf 90' lang='lat' dir='ltr'>ubi</span> <span class='ocrx_word' id='word_1_771' title='bbox 2801 4855 3004 4909; x_wconf 89' lang='lat' dir='ltr'>parum</span> <span class='ocrx_word' id='word_1_772' title='bbox 3031 4843 3130 4893; x_wconf 89' lang='lat' dir='ltr'>aut</span> <span class='ocrx_word' id='word_1_773' title='bbox 3155 4843 3305 4893; x_wconf 89' lang='lat' dir='ltr'>certe</span> <span class='ocrx_word' id='word_1_774' title='bbox 3334 4837 3415 4892; x_wconf 91' lang='lat' dir='ltr'>nil</span> <span class='ocrx_word' id='word_1_775' title='bbox 3447 4839 3634 4894; x_wconf 89' lang='lat' dir='ltr'>victus</span> 
     </span>
    </p>
   </div>
   <div class='ocr_carea' id='block_1_111' title="bbox 1981 4925 3638 4998">
    <p class='ocr_par' dir='ltr' id='par_1_111' title="bbox 1981 4925 3638 4998">
     <span class='ocr_line' id='line_1_111' title="bbox 1981 4925 3638 4998; baseline -0.001 -16"><span class='ocrx_word' id='word_1_776' title='bbox 1981 4932 2039 4982; x_wconf 86' lang='lat' dir='ltr'>et</span> <span class='ocrx_word' id='word_1_777' title='bbox 2066 4926 2312 4982; x_wconf 89' lang='lat' dir='ltr'>vestitus</span> <span class='ocrx_word' id='word_1_778' title='bbox 2345 4925 2542 4981; x_wconf 90' lang='lat' dir='ltr'>minus</span> <span class='ocrx_word' id='word_1_779' title='bbox 2573 4931 2662 4981; x_wconf 88' lang='lat' dir='ltr'>est</span> <span class='ocrx_word' id='word_1_780' title='bbox 2692 4927 2797 4982; x_wconf 89' lang='lat' dir='ltr'>eis.</span> <span class='ocrx_word' id='word_1_781' title='bbox 2820 4927 2930 4994; x_wconf 89' lang='lat' dir='ltr'>Sic,</span> <span class='ocrx_word' id='word_1_782' title='bbox 2956 4932 3086 4998; x_wconf 88' lang='lat' dir='ltr'>post</span> <span class='ocrx_word' id='word_1_783' title='bbox 3107 4926 3455 4981; x_wconf 91' lang='lat' dir='ltr'>Auxentium</span> <span class='ocrx_word' id='word_1_784' title='bbox 3477 4927 3638 4982; x_wconf 88' lang='lat' dir='ltr'>Aria-</span> 
     </span>
    </p>
   </div>
   <div class='ocr_carea' id='block_1_112' title="bbox 1983 5013 3636 5086">
    <p class='ocr_par' dir='ltr' id='par_1_112' title="bbox 1983 5013 3636 5086">
     <span class='ocr_line' id='line_1_112' title="bbox 1983 5013 3636 5086; baseline -0.001 -16"><span class='ocrx_word' id='word_1_785' title='bbox 1983 5033 2146 5085; x_wconf 87' lang='lat' dir='ltr'>num,</span> <span class='ocrx_word' id='word_1_786' title='bbox 2177 5015 2521 5070; x_wconf 84' lang='lat' dir='ltr'>Ambrosius</span> <span class='ocrx_word' id='word_1_787' title='bbox 2568 5014 2892 5070; x_wconf 88' lang='lat' dir='ltr'>catholicus</span> <span class='ocrx_word' id='word_1_788' title='bbox 2944 5015 3052 5070; x_wconf 90' lang='lat' dir='ltr'>sibi</span> <span class='ocrx_word' id='word_1_789' title='bbox 3104 5013 3370 5070; x_wconf 87' lang='lat' dir='ltr'>relictum</span> <span class='ocrx_word' id='word_1_790' title='bbox 3423 5015 3636 5086; x_wconf 90' lang='lat' dir='ltr'>reperit</span> 
     </span>
    </p>
   </div>
   <div class='ocr_carea' id='block_1_113' title="bbox 1983 5103 3632 5174">
    <p class='ocr_par' dir='ltr' id='par_1_113' title="bbox 1983 5103 3632 5174">
     <span class='ocr_line' id='line_1_113' title="bbox 1983 5103 3632 5174; baseline -0.001 -14"><span class='ocrx_word' id='word_1_791' title='bbox 1983 5103 2430 5160; x_wconf 88' lang='lat' dir='ltr'>Mediolanensis</span> <span class='ocrx_word' id='word_1_792' title='bbox 2454 5103 2709 5158; x_wconf 61' lang='lat' dir='ltr'>ecclesiae</span> <span class='ocrx_word' id='word_1_793' title='bbox 2738 5103 3094 5174; x_wconf 91' lang='lat' dir='ltr'>stipendium</span> <span class='ocrx_word' id='word_1_794' title='bbox 3127 5108 3183 5158; x_wconf 90' lang='lat' dir='ltr'>et</span> <span class='ocrx_word' id='word_1_795' title='bbox 3212 5103 3632 5171; x_wconf 88' lang='lat' dir='ltr'>diversorium;</span> 
     </span>
    </p>
   </div>
   <div class='ocr_carea' id='block_1_114' title="bbox 1983 5191 3636 5265">
    <p class='ocr_par' dir='ltr' id='par_1_114' title="bbox 1983 5191 3636 5265">
     <span class='ocr_line' id='line_1_114' title="bbox 1983 5191 3636 5265; baseline -0.001 -17"><span class='ocrx_word' id='word_1_796' title='bbox 1983 5193 2086 5260; x_wconf 91' lang='lat' dir='ltr'>sic,</span> <span class='ocrx_word' id='word_1_797' title='bbox 2120 5198 2250 5264; x_wconf 91' lang='lat' dir='ltr'>post</span> <span class='ocrx_word' id='word_1_798' title='bbox 2297 5193 2613 5247; x_wconf 83' lang='lat' dir='ltr'>Maximum</span> <span class='ocrx_word' id='word_1_799' title='bbox 2661 5191 2960 5263; x_wconf 83' lang='lat' dir='ltr'>Cynicum,</span> <span class='ocrx_word' id='word_1_800' title='bbox 2992 5191 3326 5259; x_wconf 87' lang='lat' dir='ltr'>Nectarius;</span> <span class='ocrx_word' id='word_1_801' title='bbox 3365 5192 3467 5263; x_wconf 89' lang='lat' dir='ltr'>sic,</span> <span class='ocrx_word' id='word_1_802' title='bbox 3503 5195 3636 5265; x_wconf 90' lang='lat' dir='ltr'>post</span> 
     </span>
    </p>
   </div>
   <div class='ocr_carea' id='block_1_115' title="bbox 1981 5279 3635 5352">
    <p class='ocr_par' dir='ltr' id='par_1_115' title="bbox 1981 5279 3635 5352">
     <span class='ocr_line' id='line_1_115' title="bbox 1981 5279 3635 5352; baseline 0.001 -16"><span class='ocrx_word' id='word_1_803' title='bbox 1981 5281 2345 5348; x_wconf 90' lang='lat' dir='ltr'>Dioscorum,</span> <span class='ocrx_word' id='word_1_804' title='bbox 2377 5280 2690 5336; x_wconf 90' lang='lat' dir='ltr'>Proterius.</span> <span class='ocrx_word' id='word_1_805' title='bbox 2725 5280 2794 5334; x_wconf 87' lang='lat' dir='ltr'>Et</span> <span class='ocrx_word' id='word_1_806' title='bbox 2833 5280 2881 5334; x_wconf 92' lang='lat' dir='ltr'>si</span> <span class='ocrx_word' id='word_1_807' title='bbox 2920 5279 3177 5352; x_wconf 90' lang='lat' dir='ltr'>reliquas</span> <span class='ocrx_word' id='word_1_808' title='bbox 3208 5279 3500 5336; x_wconf 85' lang='lat' dir='ltr'>haereseon</span> <span class='ocrx_word' id='word_1_809' title='bbox 3535 5283 3635 5337; x_wconf 88' lang='lat' dir='ltr'>be-</span> 
     </span>
    </p>
   </div>
   <div class='ocr_carea' id='block_1_116' title="bbox 1981 5367 3632 5443">
    <p class='ocr_par' dir='ltr' id='par_1_116' title="bbox 1981 5367 3632 5443">
     <span class='ocr_line' id='line_1_116' title="bbox 1981 5367 3632 5443; baseline 0.001 -17"><span class='ocrx_word' id='word_1_810' title='bbox 1981 5371 2122 5426; x_wconf 88' lang='lat' dir='ltr'>stias</span> <span class='ocrx_word' id='word_1_811' title='bbox 2140 5386 2463 5435; x_wconf 90' lang='lat' dir='ltr'>recenseas,</span> <span class='ocrx_word' id='word_1_812' title='bbox 2484 5368 2704 5424; x_wconf 89' lang='lat' dir='ltr'>nullam</span> <span class='ocrx_word' id='word_1_813' title='bbox 2727 5367 2986 5424; x_wconf 90' lang='lat' dir='ltr'>invenies</span> <span class='ocrx_word' id='word_1_814' title='bbox 3003 5368 3477 5442; x_wconf 89' lang='lat' dir='ltr'>perniciosiorem</span> <span class='ocrx_word' id='word_1_815' title='bbox 3501 5371 3632 5443; x_wconf 87' lang='lat' dir='ltr'>hac,</span> 
     </span>
    </p>
   </div>
   <div class='ocr_carea' id='block_1_117' title="bbox 1983 5457 3633 5532">
    <p class='ocr_par' dir='ltr' id='par_1_117' title="bbox 1983 5457 3633 5532">
     <span class='ocr_line' id='line_1_117' title="bbox 1983 5457 3633 5532; baseline 0.001 -17"><span class='ocrx_word' id='word_1_816' title='bbox 1983 5476 2109 5532; x_wconf 71' lang='lat' dir='ltr'>quae</span> <span class='ocrx_word' id='word_1_817' title='bbox 2135 5459 2219 5514; x_wconf 91' lang='lat' dir='ltr'>sic</span> <span class='ocrx_word' id='word_1_818' title='bbox 2249 5475 2382 5515; x_wconf 90' lang='lat' dir='ltr'>oves</span> <span class='ocrx_word' id='word_1_819' title='bbox 2408 5458 2622 5514; x_wconf 80' lang='lat' dir='ltr'>Christi</span> <span class='ocrx_word' id='word_1_820' title='bbox 2659 5457 2877 5531; x_wconf 74' lang='lat' dir='ltr'>diripit,</span> <span class='ocrx_word' id='word_1_821' title='bbox 2911 5463 2975 5514; x_wconf 90' lang='lat' dir='ltr'>ut</span> <span class='ocrx_word' id='word_1_822' title='bbox 3004 5463 3135 5532; x_wconf 90' lang='lat' dir='ltr'>post</span> <span class='ocrx_word' id='word_1_823' title='bbox 3161 5475 3221 5515; x_wconf 93' lang='lat' dir='ltr'>se</span> <span class='ocrx_word' id='word_1_824' title='bbox 3251 5460 3494 5517; x_wconf 90' lang='lat' dir='ltr'>victuris</span> <span class='ocrx_word' id='word_1_825' title='bbox 3527 5476 3633 5518; x_wconf 89' lang='lat' dir='ltr'>nec</span> 
     </span>
    </p>
   </div>
   <div class='ocr_carea' id='block_1_118' title="bbox 1986 5548 2762 5622">
    <p class='ocr_par' dir='ltr' id='par_1_118' title="bbox 1986 5548 2762 5622">
     <span class='ocr_line' id='line_1_118' title="bbox 1986 5548 2762 5622; baseline -0.003 -18"><span class='ocrx_word' id='word_1_826' title='bbox 1986 5548 2164 5605; x_wconf 67' lang='lat' dir='ltr'>caule:</span> <span class='ocrx_word' id='word_1_827' title='bbox 2197 5565 2413 5622; x_wconf 86' lang='lat' dir='ltr'>pascua</span> <span class='ocrx_word' id='word_1_828' title='bbox 2444 5548 2762 5620; x_wconf 90' lang='lat' dir='ltr'>supersint.</span> 
     </span>
    </p>
   </div>
   <div class='ocr_carea' id='block_1_119' title="bbox 2052 5637 3632 5717">
    <p class='ocr_par' dir='ltr' id='par_1_119' title="bbox 2052 5637 3632 5717">
     <span class='ocr_line' id='line_1_119' title="bbox 2052 5637 3632 5717; baseline 0.001 -17"><span class='ocrx_word' id='word_1_829' title='bbox 2052 5638 2312 5700; x_wconf 83' lang='lat' dir='ltr'>Profecto</span> <span class='ocrx_word' id='word_1_830' title='bbox 2341 5637 2464 5698; x_wconf 69' lang='lat' dir='ltr'>hec</span> <span class='ocrx_word' id='word_1_831' title='bbox 2500 5655 2616 5698; x_wconf 88' lang='lat' dir='ltr'>non</span> <span class='ocrx_word' id='word_1_832' title='bbox 2658 5637 2848 5700; x_wconf 83' lang='lat' dir='ltr'>solum</span> <span class='ocrx_word' id='word_1_833' title='bbox 2870 5638 3145 5701; x_wconf 82' lang='lat' dir='ltr'>dentibus</span> <span class='ocrx_word' id='word_1_834' title='bbox 3173 5640 3392 5717; x_wconf 83' lang='lat' dir='ltr'>ferreis,</span> <span class='ocrx_word' id='word_1_835' title='bbox 3416 5645 3475 5704; x_wconf 88' lang='lat' dir='ltr'>et</span> <span class='ocrx_word' id='word_1_836' title='bbox 3504 5655 3632 5702; x_wconf 77' lang='lat' dir='ltr'>ma-</span> 
     </span>
    </p>
   </div>
  </div>
