4004 6210
365 334 517 395 1123

1416 327 1823 395 IlUMBERTl
1870 334 1935 392 S.
1984 328 2055 391 Β.
2104 327 2175 393 Ε.
2224 332 2711 397 CARDlNALlS.

3616 302 3781 401 nec

363 467 498 536 gnis
529 464 727 518 omnia
757 462 1010 516 comedit
1041 467 1095 517 et
1122 464 1490 529 comminuit,
1520 482 1584 517 ac
1614 464 1736 518 suis
1768 464 2015 535 pedibus
2042 466 2097 530 Α
2127 482 2323 522 coram
2358 468 2503 539 ipse,
2529 468 2745 539 quibus
2767 469 2998 524 seduxit
3018 486 3116 526 eos
3138 471 3238 542 qui
3261 477 3609 543 acceperunt
3628 472 3775 529 cha-

363 553 585 623 reliqua
614 550 878 621 proterit,
910 549 1064 604 velut
1110 551 1294 606 bestia
1344 551 1467 616 illa,
1501 569 1627 623 quae
1682 552 2012 607 Romanum

359 639 671 710 imperium
716 637 1131 709 prmﬁguravit;
1168 641 1267 693 sed
1314 640 1552 694 flamma
1582 639 1826 712 insuper
1854 658 1921 695 ex
1952 656 2015 697 se

359 731 603 782 exeunte
633 726 710 779 nil
748 731 884 780 ante
915 742 976 780 se
1020 726 1501 799 inconsumptum
1534 728 1832 800 relinquit,
1859 730 2014 785 unde

358 815 407 869 si
440 813 721 887 propheta
752 830 962 868 nomen
998 813 1157 870 illius
1180 821 1417 888 stupore
1439 818 1710 888 potentiae
1733 822 1789 872 et
1810 816 2015 872 imma-

357 903 560 958 nitatis
608 901 920 973 perculsus
967 904 1221 971 reticuit,
1257 921 1389 959 cum
1439 904 1711 972 aliarum,
1746 904 2013 976 quamvis

354 989 731 1057 terribilium,
762 989 995 1044 nomine
1032 1008 1149 1046 non
1194 992 1656 1063 printer-miserit;
1690 992 1781 1048 cui
1816 993 2011 1048 bestiae

355 1080 476 1134 haec
507 1077 977 1133 assimilabitur?
999 1085 1101 1135 aut
1121 1098 1234 1151 quo
1260 1082 1494 1136 nomine
1514 1081 2010 1153 vocitabitur,quae

355 1165 702 1222 dissimilior
719 1170 775 1221 et
794 1166 1086 1223 crudelior
1106 1170 1379 1224 omnibus
1405 1169 1731 1224 invenitur?
1750 1174 2007 1225 attamen

351 1255 487 1310 licet
538 1254 722 1321 illam,
756 1272 883 1326 qua:
942 1256 1135 1327 quarti
1190 1257 1348 1327 regni
1408 1257 1711 1329 prophetia
1764 1257 2005 1325 exstitit,

352 1343 575 1412 Daniel,
604 1342 713 1398 hoc
743 1348 850 1410 est,
874 1345 1152 1413 judicium
1182 1348 1292 1400 mei
1313 1347 1429 1411 Dei,
1455 1345 1710 1416 exceptis
1731 1344 2007 1399 dentibus

352 1438 411 1488 et
465 1434 733 1505 pedibus,
786 1449 889 1485 ntc
947 1433 1209 1499 nemina,
1244 1450 1346 1487 nec
1407 1432 1595 1487 forma
1652 1432 2003 1501 ostenderit;

351 1521 579 1577 Domini
638 1519 826 1593 gratia
882 1524 1103 1586 tamen,
1134 1520 1191 1575 id
1223 1526 1312 1575 est
1361 1520 1638 1587 Joannes,
1671 1519 1844 1585 hanc,
1877 1537 2005 1591 qua:

350 1610 635 1666 hareseos
668 1607 971 1679 prephetia
1003 1612 1207 1674 exstat,
1240 1608 1298 1663 in
1346 1625 1453 1663 sua
1496 1607 1867 1680 Apocalypsi,
1901 1625 2004 1664 ne-

351 1698 508 1753 mine
538 1700 766 1751 tantum
816 1712 1153 1767 suppresso,
1186 1712 1252 1750 ac
1297 1696 1347 1751 si
1388 1696 1677 1752 visibilem
1728 1697 2003 1753 omnibus

348 1784 644 1856 effigiavit,
675 1783 876 1839 dicens
910 1801 971 1838 :u
1012 1785 1078 1838 Et
1124 1784 1239 1839 vidi
1273 1785 1520 1839 bestiam
1572 1784 1747 1840 aliam
1800 1802 2000 1841 ascen-

347 1874 580 1928 dentem
629 1872 699 1927 de
748 1877 899 1928 terra
946 1878 1003 1927 et
1050 1872 1303 1928 habebat
1353 1890 1574 1930 cornua
1623 1875 1739 1929 duo
1789 1874 2006 1931 similia

348 1962 514 2034 Agni,
546 1967 603 2017 et
631 1960 977 2033 loquebatur
1006 1965 1070 2016 ut
1099 1962 1294 2029 draco,
1328 1966 1385 2017 et
1413 1968 1759 2034 potestatem
1794 1962 2004 2035 prioris

349 2050 568 2115 bestias,
594 2074 622 2100 »
654 2049 874 2106 scilicet
905 2066 1031 2121 quae
1064 2050 1275 2105 similis
1306 2057 1429 2106 erat
1470 2043 1671 2123 pardo,
1705 2054 1873 2123 cujus
1905 2068 2003 2124 pe-

347 2141 449 2196 des
480 2140 639 2196 sicut
665 2139 806 2205 ursi,
836 2143 892 2193 et
923 2155 991 2193 es
1023 2138 1175 2196 sicut
1199 2139 1407 2205 leonis,
1432 2164 1459 2191 ‹‹
1493 2157 1727 2195 omnem
1760 2140 2005 2195 faciebat

350 2230 407 2284 in
442 2233 760 2300 conspectu
790 2228 937 2298 ejus.
972 2228 1038 2281 Et
1069 2228 1202 2283 fecit
1232 2232 1446 2283 terram
1498 2234 1557 2284 et
1603 2229 2002 2284 inhabitantes

347 2318 405 2373 in
437 2335 505 2373 ea
537 2321 599 2372 ut
628 2317 937 2371 adorarent
968 2316 1214 2371 bestiam
1250 2317 1523 2388 primam.
1558 2319 1627 2372 Et
1672 2318 1805 2373 fecit
1834 2317 2003 2390 signa

348 2422 580 2477 magna,
617 2409 678 2459 ut
709 2404 903 2476 ignem
936 2404 1006 2459 de
1037 2402 1178 2459 cmlo
1210 2405 1561 2460 descendere
1601 2406 1773 2459 faciat
1802 2406 1860 2459 in
1892 2410 2003 2460 ter-

345 2511 469 2549 ram
502 2493 560 2548 in
594 2498 903 2565 conspectu
952 2492 1280 2548 hominum.
1310 2494 1376 2548 Et
1408 2492 1640 2548 seduxit
1669 2492 2001 2549 habitantes

346 2582 404 2637 in
433 2588 588 2638 terra
619 2586 859 2654 propter
890 2582 1063 2653 signa
1091 2598 1217 2652 qua:
1260 2583 1395 2637 data
1435 2588 1573 2637 sunt
1604 2580 1682 2636 illi
1723 2583 1910 2637 facere
1941 2581 2000 2636 in

344 2675 663 2743 conspectu
716 2669 934 2737 bestiae,
964 2670 1166 2725 dicens
1196 2669 1598 2726 habitantibus
1644 2671 1704 2725 in
1752 2675 1905 2725 terra
1936 2673 2001 2725 ut

344 2761 561 2815 faciant
589 2758 907 2830 imaginem
940 2759 1157 2813 bestiae.
1184 2760 1253 2813 Et
1282 2757 1482 2813 datum
1514 2764 1603 2814 est
1630 2758 1716 2813 illi
1749 2762 1811 2813 ut
1837 2759 2001 2814 daret

344 2849 615 2920 spiritum
648 2846 894 2918 imagini
941 2846 1159 2914 bestiae,
1193 2852 1249 2902 et
1281 2848 1453 2903 faciat
1495 2848 1832 2919 quicunque
1880 2864 1996 2902 non

344 2936 668 2992 adoraverit
690 2935 1006 3007 imaginem
1032 2936 1580 3005 bestiae,occidatur.
1600 2939 1667 2991 Et
1691 2936 1856 2991 faciet
1876 2953 1997 2991 em-

344 3039 446 3078 nes
476 3021 720 3095 pusilles
750 3026 807 3076 et
837 3038 1102 3093 magnos,
1129 3023 1335 3078 divites
1364 3029 1421 3078 et
1452 3040 1754 3095 pauperes,
1778 3023 1996 3080 liberes

343 3117 399 3167 et
418 3127 612 3166 servos
632 3110 849 3165 habere
870 3110 1261 3166 characterem
1286 3111 1342 3165 in
1367 3112 1567 3167 dextra
1589 3129 1787 3180 manu,
1809 3118 1911 3167 aut
1933 3112 1990 3166 in

2033 1827 2081 1890 Β

2125 560 2404 611 racterem
2432 555 2649 622 bestiae,
2674 560 2730 611 et
2751 556 2849 627 qui
2872 558 3260 614 adoraverunt
3281 557 3599 632 imaginem
3621 561 3781 632 ejus,

2122 643 2232 698 vivi
2265 643 2430 699 missi
2482 648 2617 700 sunt
2652 643 2709 698 hi
2751 645 2865 700 duo
2900 646 2958 700 in
2989 650 3265 719 staguum
3314 646 3467 720 ignis
3515 646 3782 705 ardentis

2123 731 2428 802 sulphure,
2452 737 2509 787 et
2537 732 2726 788 caeteri
2749 733 2922 788 occisi
2951 739 3089 790 sunt
3108 734 3301 807 gladio
3322 735 3581 791 sedentis
3602 753 3786 809 super

2122 837 2362 892 equum,
2396 820 2497 892 qui
2548 822 2807 894 procedit
2838 822 2908 876 de
2928 838 3037 878 “ore
3066 822 3275 895 ipsius,
3303 827 3360 879 et
3391 840 3595 880 omnes
3644 841 3787 881 aves

2123 915 2397 964 saturatas
2428 913 2569 964 sunt
2599 910 2876 965 carnibus
2908 928 3110 967 eorum
3143 913 3324 985 (Apoc.
3358 930 3474 981 xxx,
3511 913 3721 985 19-21).
3742 932 3777 965 ιο

2122 996 2188 1051 Et
2217 1001 2349 1069 post
2378 998 2500 1052 haec
2533 998 2605 1053 de
2634 997 2820 1069 gloria
2845 1004 3179 1056 sanctorum
3205 1001 3380 1057 etiam
3410 1001 3472 1056 in
3502 1001 3786 1074 praesenti

2119 1083 2329 1140 saeculo
2361 1085 2443 1140 ita
2472 1085 2614 1139 dicit
2639 1102 2685 1140 ;‹‹
2714 1086 2777 1139 Et
2806 1086 2924 1141 vidi
2955 1089 3143 1156 sedes,
3182 1094 3240 1144 et
3280 1089 3556 1146 sederunt
3599 1106 3784 1163 super

2119 1187 2237 1241 eas,
2270 1176 2328 1226 et
2351 1171 2644 1241 judicium
2676 1172 2880 1228 datum
2925 1179 3015 1230 est
3051 1174 3189 1231 illis.
3224 1177 3291 1231 Et
3320 1176 3550 1233 animas
3581 1176 3779 1234 decol-

2114 1257 2367 1314 latorum
2400 1264 2639 1332 propter
2679 1260 3084 1317 testimonium
3122 1264 3264 1319 Jcsu
3298 1269 3354 1320 et
3380 1271 3618 1338 propter
3644 1283 3778 1323 ver-

2112 1346 2255 1401 bum
2290 1347 2405 1402 Dei.
2442 1349 2510 1402 Et
2535 1348 2635 1420 qui
2678 1365 2791 1402 non
2840 1350 3231 1405 adoraverunt
3276 1352 3547 1418 bestiam,
3578 1370 3779 1426 neque

2113 1434 2430 1506 imaginem
2478 1436 2627 1506 ejus,
2661 1453 2850 1508 neque
2898 1442 3247 1509 acceperunt
3275 1438 3673 1496 characterem
3704 1441 3774 1497 in

2113 1522 2424 1592 frontibus,
2462 1529 2564 1579 aut
2594 1523 2652 1579 in
2685 1525 2959 1581 manibus
2990 1525 3135 1593 suis,
3178 1531 3236 1581 et
3273 1526 3561 1596 vixerunt,
3584 1532 3642 1584 et
3671 1545 3772 1585 re—

2112 1618 2445 1683 gnaverunt
2474 1630 2607 1667 cum
2656 1613 2885 1669 Christo
2936 1614 3096 1670 mille
3143 1614 3344 1682 annis;
3395 1617 3584 1671 caeteri
3633 1632 3777 1671 vero

2112 1705 2483 1756 mortuorum
2544 1719 2659 1756 non
2716 1702 2985 1757 vixerunt
3039 1703 3222 1758 donec
3280 1708 3783 1759 consummentur

2114 1787 2269 1843 mille
2310 1788 2468 1843 anni.
2501 1788 2632 1843 Haec
2679 1793 2768 1845 est
2815 1789 3161 1845 resurrectio
3211 1788 3421 1861 prima.
3455 1790 3667 1846 Beatus
3715 1795 3779 1848 et

2111 1883 2350 1932 sanctus
2382 1878 2481 1949 qui
2513 1877 2695 1933 habet
2746 1882 2968 1950 partem
3014 1878 3072 1932 in
3108 1877 3530 1934 resurrectione
3559 1878 3775 1951 prima.

2112 1965 2175 2020 In
2209 1966 2301 2021 his
2342 1965 2601 2021 secunda
2650 1983 2809 2022 mers
2859 1984 2972 2021 non
3032 1965 3209 2022 habet
3264 1971 3633 2039 potestatem,
3668 1969 3774 2024 sed

2111 2057 2281 2107 erunt
2308 2052 2637 2109 sacerdotes
2665 2054 2767 2109 Dei
2799 2059 2855 2110 et
2883 2054 3099 2113 Christi
3134 2055 3464 2128 regnabunt
3506 2071 3638 2112 cum
3670 2055 3775 2113 illo

2113 2140 2274 2197 mille
2303 2141 2473 2197 annis
2504 2142 2684 2214 (Apoc.
2717 2159 2807 2207 xx,
2843 2143 2874 2196 4
2906 2144 2983 2206 6).
3012 2165 3039 2193 »

2648 2229 2880 2285 CAPUT
2918 2230 3212 2286 XXXVIII.

2181 2318 2573 2389 Recapitulatio
2601 2320 2907 2389 praemissa:
2933 2321 3222 2376 sententia:
3252 2336 3321 2375 ex
3348 2320 3689 2394 Apocalypsi.

2181 2407 2313 2470 Quae
2346 2406 2649 2477 prophetia
2680 2405 3019 2477 apostolica,
3044 2406 3322 2479 quoniam
3353 2425 3387 2462 a
3416 2408 3633 2465 sanctis
3663 2408 3770 2464 Pa-

2108 2494 2297 2549 tribus
2344 2494 2749 2566 multipliciter
2775 2500 2832 2551 et
2862 2495 3093 2568 cepiose
3138 2499 3464 2569 exponitur,
3496 2497 3604 2553 hoc
3634 2502 3769 2554 tan-

2108 2586 2233 2638 tum
2268 2583 2401 2638 inde
2443 2584 2692 2639 breviter
2739 2584 3156 2640 insinuandum
3209 2585 3585 2655 arbitramur,
3608 2587 3767 2658 quod

2107 2671 2293 2727 bestia
2324 2672 2514 2743 prima
2543 2672 2755 2727 similis
2786 2674 2988 2744 pardo,
3022 2674 3192 2745 cujus
3224 2674 3399 2745 pedes
3436 2675 3579 2741 ursi,
3613 2680 3669 2730 et
3698 2692 3767 2731 os

2106 2759 2289 2815 leonis
2335 2765 2475 2828 erat,
2518 2761 2947 2817 Antichristum
2998 2761 3330 2834 specialiter
3377 2764 3763 2835 portenderit,

2106 2849 2275 2919 cujus
2306 2848 2627 2905 dominatio
2658 2850 2911 2906 mirabili
2942 2849 3261 2918 velocitate,
3294 2856 3351 2907 et
3379 2850 3768 2910 callidissima

2105 2939 2420 3009 rapacitate
2454 2937 2798 3009 proveniret,
2824 2940 3112 3010 cujusque
3156 2940 3497 3011 temporalis
3527 2942 3643 2997 vita
3672 2942 3765 2998 ci-

2104 3026 2333 3081 tissime
2364 3028 2500 3093 line,
2535 3028 2836 3083 mensibus
2867 3027 3091 3083 scilicet
3117 3046 3190 3083 x1.
3215 3028 3447 3085 duobus
3477 3030 3760 3087 termina-

2106 3116 2280 3171 bitur.
2306 3115 2603 3187 Siquidem
2640 3116 2857 3188 pardus
2887 3121 2975 3171 est
3004 3117 3251 3184 varium,
3281 3118 3757 3189 sanguinarium,

343 3200 633 3255 frontibus
665 3198 809 3264 suis,
835 3203 890 3253 et
913 3215 984 3253 ne
1006 3199 1141 3269 quis
1173 3199 1623 3271 possitvendere
1646 3206 1745 3255 aut
1772 3217 1984 3268 emere,
2018 3188 2060 3253 C
2099 3203 2280 3273 velox,
2315 3222 2510 3276 rapax,
2545 3210 2601 3259 et
2632 3222 2887 3277 praeceps
2935 3204 3184 3275 animal;
3220 3207 3363 3262 adeo
3394 3188 3457 3262 ut
3504 3207 3659 3263 saltu
3693 3188 3754 3265 in

341 3287 453 3342 nisi
484 3287 584 3358 qui
615 3287 791 3342 habet
820 3288 1234 3354 characterem,
1260 3292 1361 3342 aut
1391 3305 1599 3343 nomen
1646 3288 1861 3353 hostire,
1885 3294 1988 3344 aut

2098 3296 2343 3347 mortem
2376 3296 2528 3357 ruat,
2553 3291 2692 3362 quia
2723 3297 2785 3346 ut
2815 3292 2897 3347 ait
2924 3292 3232 3362 Jercmias,
3256 3310 3372 3348 non
3396 3297 3588 3366 potest
3618 3312 3750 3352 mu-

341 3392 651 3432 numerum
684 3376 941 3431 nominis
972 3377 1119 3446 ejus,
1142 3381 1249 3432 etc.
1276 3377 1457 3448 (Apoc.
1490 3378 1569 3445 t3,
1613 3379 1822 3448 11-18).
1848 3401 1874 3427 υ
1907 3379 1988 3434 De
2094 3386 2216 3435 tare
2271 3379 2578 3435 varietates
2631 3396 2768 3435 suas
2817 3380 2953 3451 (Jer.
2991 3398 3114 3447 x111,
3163 3381 3276 3452 23),
3318 3383 3487 3453 cujus
3547 3384 3747 3456 pedes,

339 3482 473 3537 qua,
500 3469 629 3536 post
658 3481 862 3536 pauca,
897 3464 1142 3536 angelus
1165 3483 1298 3521 voce
1320 3483 1528 3537 magna
1563 3467 1703 3521 dicit
1733 3467 1986 3522 hemini-

340 3554 448 3610 bus
474 3572 521 3608 ;‹‹
555 3554 611 3608 Si
643 3552 775 3625 quis
798 3553 1123 3609 adoraverit
1145 3555 1394 3610 bestiam
1417 3561 1472 3610 et
1499 3555 1812 3627 imaginem
1836 3558 1987 3628 ejus,

337 3647 393 3699 et
424 3643 709 3714 acceperit
729 3641 1121 3697 characterem
1146 3643 1203 3696 in
1240 3645 1421 3698 fronte
1455 3662 1581 3713 sua,
1607 3650 1707 3700 aut
1731 3646 1783 3698 in
1810 3662 1987 3700 manu

336 3748 465 3801 sua,
486 3736 543 3786 et
575 3730 666 3784 hic
694 3730 857 3786 bibet
887 3730 957 3785 de
988 3731 1120 3785 vine
1155 3731 1250 3785 irae
1284 3732 1402 3799 Dei,
1433 3734 1586 3804 quod
1630 3733 1871 3788 mistum
1904 3738 1993 3788 est

338 3835 496 3875 mere
550 3819 605 3874 in
654 3818 831 3874 calice
887 3818 984 3873 irae
1044 3820 1250 3892 ipsius,
1284 3825 1341 3875 et
1370 3823 1725 3877 cruciabitur
1777 3823 1907 3894 igne
1936 3828 1993 3878 et

334 3906 617 3980 sulphure
648 3907 704 3961 in
739 3912 1053 3978 conspectu
1095 3908 1436 3980 angelorum
1478 3927 1741 3979 suorum,
1775 3920 1829 3967 et
1860 3916 1993 3966 ante

335 4000 717 4068 conspectum
743 3994 914 4068 Agni,
942 4002 998 4050 et
1020 3997 1220 4051 fumus
1250 4001 1273 4050 t
1316 4002 1676 4053 rmentorum
1701 4015 1900 4054 eorum
1932 3997 1992 4053 in

338 4083 552 4140 saecula
582 4083 927 4139 saeculorum
951 4084 1233 4151 ascendit,
1261 4101 1364 4139 nec
1384 4085 1599 4140 habent
1619 4088 1879 4158 requiem
1901 4088 1995 4143 die

338 4191 403 4230 ac
426 4180 592 4228 nocte
614 4172 711 4243 qui
735 4173 1121 4243 adoraverunt
1142 4172 1411 4240 bestiam,
1429 4179 1484 4228 ct
1507 4174 1818 4247 imaginem
1843 4178 1994 4247 ejus,

339 4262 447 4318 etsi
482 4262 797 4332 quisquam
828 4258 1114 4331 acceperit
1157 4259 1551 4317 characterem
1584 4263 1838 4319 nominis
1867 4267 1997 4337 ejus

349 4352 533 4422 (Apoc.
567 4365 684 4414 XIV,
706 4348 884 4418 9-11).
913 4371 940 4396 ››

402 4439 579 4493 Porro
610 4436 856 4492 bestiam
891 4436 1053 4491 illam
1083 4439 1400 4494 secundam
1422 4439 1481 4494 in
1501 4441 1997 4514 subsequentibus

2097 3468 2274 3539 pedes
2304 3471 2442 3522 sunt
2473 3468 2620 3535 ursi;
2657 3485 2863 3525 omnes
2894 3468 3114 3525 scilicet
3144 3470 3395 3526 haeretici
3428 3473 3750 3543 quamdam

2097 3557 2349 3628 speciem
2382 3556 2653 3612 humana:
2685 3559 3039 3631 sagacitatis,
3070 3559 3237 3631 quasi
3270 3559 3480 3616 divinae
3508 3561 3755 3618 rationis

2099 3646 2348 3713 mentiti,
2374 3645 2474 3717 qui
2521 3652 2742 3717 quanto
2775 3652 2915 3703 sunt
2944 3647 3247 3705 inferiores
3298 3649 3357 3704 in
3404 3649 3754 3707 Antichristi

2100 3751 2355 3805 corpore,
2398 3739 2556 3789 tante
2589 3736 3052 3815 perniciosiores.
3081 3737 3230 3810 Ipsis
3261 3738 3416 3794 enim
3451 3738 3755 3795 universe-

2102 3839 2233 3877 rum
2264 3839 2575 3895 compagcs
2598 3826 2997 3881 membrorum
3022 3825 3348 3882 retinentur
3367 3832 3424 3881 et
3443 3833 3753 3900 reguntur,

2100 3911 2245 3983 ipsis
2278 3916 2397 3966 tota
2430 3910 2612 3968 moles
2635 3913 2904 3969 diabolici
2927 3915 3186 3987 corporis
3212 3919 3577 3971 sustentatur
3607 3916 3756 3988 ipsis

2101 4005 2385 4072 gestetur,
2417 4000 2562 4072 ipsis
2592 4010 2874 4070 armatur,
2899 4002 3044 4074 ipsis
3074 4003 3292 4074 passim
3320 3990 3578 4072 vagatur,
3604 4003 3756 4079 ipsis

2102 4089 2444 4161 vestigatur,
2470 4107 2583 4145 non
2608 4096 2673 4146 ut
2692 4096 3040 4151 conteratur.
3065 4090 3166 4145 sed
3191 4093 3253 4144 ut
3277 4092 3578 4159 augeatur,
3602 4089 3753 4160 ipsis

2103 4182 2381 4250 tanquam
2403 4177 2780 4235 solidissimis
2797 4179 3119 4242 basibus,et
3134 4174 3421 4230 columnis
3439 4174 3750 4233 attollitur.

2104 4266 2268 4338 Ipsos
2289 4264 2560 4337 quisquis
2590 4266 2873 4338 sequitur,
2890 4262 3005 4317 sive
3033 4260 3453 4333 Paganus,sive
3481 4260 3752 4336 Judaeus,

2105 4354 2224 4410 sive
2254 4354 2640 4419 Christianus,
2679 4349 3031 4408 Antichristo
3063 4366 3197 4404 mox
3242 4348 3667 4421 incorporatur,
3691 4356 3755 4410 et

2106 4460 2209 4516 per
2240 4460 2338 4499 eos
2370 4443 2441 4497 ad
2471 4447 2748 4497 aeternum
2780 4437 3078 4493 interitum
3118 4442 3401 4510 portatur.
3428 4438 3642 4495 Deinde
3685 4446 3755 4499 ut

336 4530 505 4583 vocat
551 4525 1149 4597 pseudoprophetam,
1183 4527 1383 4582 dicens
1417 4545 1469 4582 ;‹‹
1494 4529 1563 4583 Et
1610 4530 1725 4585 vidi
1777 4533 1848 4587 de
1897 4550 1994 4589 ore
2024 4557 2070 4621 Ι)
2107 4533 2391 4588 Dominus
2418 4531 2591 4586 Jesus
2620 4546 2683 4583 es
2729 4525 2912 4582 Patris
2950 4526 3164 4583 dicitur
3209 4531 3267 4583 et
3312 4531 3423 4596 est,
3455 4527 3538 4584 sic
3566 4532 3625 4584 et
3654 4526 3751 4587 ille

335 4614 626 4685 draconis,
642 4619 700 4669 et
720 4614 791 4669 de
812 4630 908 4669 ore
936 4614 1156 4681 bestiae,
1174 4621 1230 4670 et
1252 4616 1320 4670 de
1343 4633 1439 4672 ore
1472 4619 1990 4692 pscudoprophetze

333 4705 581 4777 spiritus
615 4709 732 4759 tres
765 4703 1103 4758 immundos
1137 4703 1192 4758 in
1228 4705 1466 4759 modum
1512 4724 1808 4762 ranarum.
1842 4709 1992 4765 Sunt

334 4794 492 4851 enim
524 4793 768 4866 spiritus
799 4792 1219 4847 daemoniorum
1251 4793 1527 4850 facientes
1556 4796 1744 4868 signa,
1770 4803 1826 4852 et
1858 4815 1988 4869 pre-

333 4883 552 4940 cedunt
601 4882 671 4938 ad
724 4897 890 4953 reges
932 4881 1111 4936 totius
1152 4886 1317 4936 terrae
1350 4898 1701 4956 congregare
1747 4884 1879 4941 illos
1929 4887 1987 4941 in

305 4971 602 5046 'praslium
635 4972 705 5026 ad
740 4970 892 5025 diem
927 4986 1207 5042 magnum
1254 4970 1352 5025 Dei
1386 4972 1823 5043 omnipotentis.
1848 4974 1989 5031 Ecce

330 5062 498 5119 venio
525 5062 680 5117 sicut
702 5061 814 5115 fur.
839 5059 1052 5114 Beatus
1074 5059 1175 5131 qui
1207 5058 1408 5131 vigilat
1440 5065 1497 5115 et
1527 5062 1783 5116 custodit
1814 5063 1990 5119 vesti-

334 5156 532 5207 menta
553 5167 662 5206 sua
683 5166 757 5205 ne
778 5149 974 5204 nudus
1001 5147 1280 5215 ambulet,
1305 5152 1362 5202 et
1382 5164 1454 5203 ne
1479 5148 1713 5205 videant
1744 5153 1988 5224 turpitu-

332 5239 526 5295 dinem
561 5239 690 5309 ejus
723 5239 904 5311 (Apoc.
930 5254 1045 5306 xv1,
1074 5237 1281 5309 13-15).
1313 5258 1335 5286 υ
1363 5237 1429 5291 Et
1456 5243 1590 5308 post
1620 5238 1816 5310 aliqua
1847 5257 1897 5295 :«
1921 5240 1989 5295 Et

335 5328 447 5384 vidi
482 5327 755 5392 bestiam,
778 5331 837 5383 et
865 5314 1031 5400 reges
1054 5332 1217 5381 terrae
1230 5329 1296 5381 et
1317 5325 1603 5381 exercitus
1624 5344 1823 5383 eorum
1848 5345 1987 5386 con-

332 5419 603 5488 gregatos
633 5415 701 5471 ad
739 5415 1065 5470 faciendum
1098 5413 1364 5486 praelium
1390 5430 1524 5470 cum
1555 5414 1653 5470 ille
1686 5416 1786 5488 qui
1818 5418 1985 5474 sede-

333 5502 437 5558 bat
463 5501 523 5557 in
550 5518 721 5576 equo,
744 5507 953 5561 etcum
976 5503 1226 5559 exercitu
1251 5504 1399 5573 ejus.
1426 5504 1491 5559 Et
1512 5504 1878 5577 apprehensa
1897 5512 1987 5566 est

335 5589 543 5662 bestia,
578 5594 635 5649 et
660 5606 797 5650 eum
825 5591 925 5652 illo
968 5590 1497 5669 pseudoprOpheta,
1523 5592 1624 5671 qui
1656 5594 1791 5655 fecit
1815 5597 1987 5677 signa

2100 4620 2480 4692 blasphemus
2506 4635 2571 4673 es
2593 4616 2751 4672 illius
2771 4615 2956 4672 leonis
2979 4615 3264 4689 rugientis
3285 4622 3394 4683 est,
3418 4616 3518 4687 qui
3541 4616 3752 4675 circuit

2100 4726 2364 4782 quaerens
2395 4723 2570 4779 quem
2602 4706 2832 4761 devoret
2862 4705 2911 4776 (I
2935 4706 3081 4761 Petr.
3104 4723 3159 4773 ν,
3183 4706 3260 4778 8),
3284 4704 3378 4761 cui
3408 4704 3584 4761 etiam
3616 4708 3750 4761 tan-

2099 4815 2275 4870 quam
2308 4796 2425 4851 filio
2456 4801 2509 4850 et
2542 4794 2777 4849 brachio
2807 4794 3084 4850 virtutem
3117 4811 3284 4850 suam
3316 4797 3373 4850 et
3401 4794 3750 4865 potestatem

2098 4887 2257 4942 dedit
2273 4886 2467 4954 draco,
2482 4883 2637 4938 idem
2661 4882 2760 4956 qui
2777 4888 2834 4939 et
2852 4885 3245 4956 leo,utaperta
3260 4881 3437 4939 simul
3456 4886 3512 4938 et
3526 4882 3754 4940 occulta

2099 4973 2321 5029 malitia
2349 4971 2742 5028 debacchetur
2770 4973 2830 5027 in
2864 4973 3101 5029 mundo.
3128 4972 3239 5028 Sed
3264 4971 3443 5026 hmret
3470 4988 3570 5028 eos
3601 4988 3752 5043 quos

2098 5064 2496 5134 incerperatos
2522 5066 2580 5116 et
2608 5062 2787 5134 pedes
2817 5062 2944 5133 ejus
2975 5078 3103 5117 esse
3133 5059 3443 5133 symmista
3472 5059 3575 5115 Dei
3605 5076 3752 5131 pras-

2094 5151 2241 5206 vidit
2274 5150 2332 5205 in
2363 5149 2480 5206 alia
2518 5150 2707 5206 bestia
2748 5150 3078 5223 specialiter
3125 5149 3483 5223 significatos
3519 5148 3578 5203 in
3611 5149 3751 5205 sub-

2097 5239 2479 5311 sequentibus
2512 5239 2830 5311 censpexit,
2862 5255 2987 5310 quae
3018 5237 3372 5294 ascendebat
3400 5237 3473 5292 de
3495 5240 3670 5306 terra,
3696 5241 3756 5294 et

2097 5328 2349 5384 habebat
2378 5329 2493 5384 duo
2520 5345 2741 5385 cornua
2768 5327 2987 5384 similia
3015 5327 3187 5400 Agni,
3219 5332 3275 5382 et
3304 5324 3656 5398 loquebatur
3688 5330 3757 5384 ut

2097 5418 2289 5474 draco.
2313 5418 2529 5474 Omnes
2560 5418 2715 5474 enim
2749 5416 3022 5487 haeretici,
3047 5416 3147 5488 qui
3179 5414 3498 5471 Christiani
3527 5425 3601 5470 se'
3620 5430 3752 5472 esse

2095 5507 2317 5575 dicunt,
2332 5511 2615 5580 tanquam
2639 5506 2835 5564 bestiae
2857 5506 2927 5562 de
2955 5510 3112 5562 terra
3141 5504 3486 5571 ascendunt,
3510 5502 3653 5577 quia
3679 5504 3755 5563 de

2096 5596 2394 5660 soliditate
2424 5594 2693 5659 Ecclesiae
2736 5593 3146 5658 ostentationis
3193 5592 3282 5655 vel
3328 5590 3601 5656 elationis
3629 5608 3753 5659 sua
