4004 6210
235 278 394 343 1125

776 276 1190 342 ADVERSUS
1237 269 1707 338 SIMONIACOS
1752 264 1958 334 LIBRI
2009 271 2237 333 TRES.
2268 303 2348 319 —
2376 267 2608 333 LIBER
2658 269 3091 336 SECUNDUS.

3483 271 3636 334 1126

251 414 403 470 fastu
435 416 645 468 exeunt
679 413 751 468 ad
782 412 942 467 illius
969 409 1204 466 marinae
1259 407 1480 468 bellum,
1538 404 1880 462 Antichristi
1910 403 1967 471 Α
1998 419 2208 474 nymus
2238 403 2388 458 sicut
2409 405 2533 474 jam
2567 404 2839 475 superius
2869 404 3123 474 positum
3151 409 3259 471 est,
3311 406 3394 460 sic
3449 411 3638 462 osten-

239 501 483 566 scilicet,
509 501 768 573 potentia
790 498 1051 556 saeculari
1077 496 1521 553 intumescentis
1543 493 1880 566 obsquium,

244 590 567 646 secundum
604 588 905 661 praesentis
935 586 1183 658 apostoli
1219 585 1481 641 dictum:
1537 606 1566 633 ‹‹
1599 583 1681 638 Ex
1710 581 1882 638 nobis

243 679 526 746 exierunt,
561 678 658 733 sed
695 694 810 732 non
843 680 1010 732 erant
1041 691 1108 730 ex
1139 673 1326 729 nobis.

307 767 482 821 Terra
515 765 670 822 enim
706 782 817 821 non
850 765 1167 835 incongrue
1190 761 1281 816 hic
1306 760 1656 832 intelligitur
1713 775 1880 814 sanc-

235 858 296 910 ta
325 853 600 922 Ecclesia,
633 855 704 910 de
751 871 867 927 qua
897 851 1202 924 allegorice
1233 849 1316 906 ait
1341 849 1653 905 Psalmista
1679 865 1691 904 :
1729 847 1881 912 «Qui

237 943 506 998 fundavit
534 948 749 998 terram
781 959 958 1014 super
990 939 1370 996 stabilitatem
1403 954 1594 1001 suam,
1627 953 1742 992 non
1801 936 1885 990 in-

239 1031 557 1089 clinabitur
585 1032 644 1086 in
677 1031 955 1086 saeculum
987 1027 1182 1084 saeculi
1212 1028 1384 1097 (Psal.
1420 1043 1540 1091 cm,
1573 1027 1650 1094 5).
1684 1047 1712 1074 ››
1765 1025 1836 1080 Et
1867 1040 1880 1078 :

241 1145 269 1171 ‹‹
293 1120 527 1176 Domini
556 1125 645 1176 est
664 1124 818 1175 terra
847 1123 903 1175 et
943 1117 1245 1191 plenitudo
1304 1116 1453 1187 ejus,
1487 1115 1646 1170 orbis
1703 1117 1885 1168 terra-

242 1225 372 1262 rum
391 1211 447 1262 et
469 1207 720 1262 universi
748 1207 844 1279 qui
863 1206 1133 1262 habitant
1162 1205 1221 1260 in
1255 1221 1341 1260 eo.
1386 1203 1532 1269 Quia
1557 1203 1682 1274 ipse
1711 1216 1888 1272 super

243 1296 435 1351 maria
467 1295 731 1351 fundavit
786 1313 941 1362 cum,
974 1299 1032 1350 et
1071 1311 1246 1366 super
1303 1292 1548 1347 flumina
1599 1290 1889 1362 separavit

243 1401 398 1440 eum.
422 1384 561 1450 Quis
584 1385 845 1439 ascendit
864 1385 924 1438 in
948 1387 1205 1438 montem
1228 1380 1590 1445 Domini,aut
1612 1378 1743 1450 quis
1765 1383 1888 1434 sta-

243 1472 328 1527 bit
355 1471 565 1528 inloco
591 1477 791 1528 sancto
814 1472 987 1543 ejus?
1027 1471 1196 1542 (Psavl.
1253 1485 1414 1536 xvm,
1457 1469 1590 1539 4-3).
1617 1490 1644 1515 η
1698 1469 1887 1538 Ipsam

243 1561 401 1616 enim
424 1576 603 1632 super
627 1561 817 1616 maria
837 1560 1140 1626 Dominus,
1168 1559 1226 1613 id
1256 1563 1344 1612 est
1365 1573 1542 1629 super
1576 1554 1888 1610 elationem

247 1652 306 1704 et
327 1652 650 1720 potentiam
677 1648 1036 1703 mundanam
1059 1663 1188 1702 esse
1208 1646 1560 1717 fecit.Ipsam
1579 1660 1754 1716 super
1784 1643 1894 1698 ﬂu-

253 1737 434 1804 mina,
460 1737 810 1808 cupiditates
847 1735 1071 1790 scilicet
1105 1733 1436 1802 saeculares,
1486 1731 1715 1798 extulit,
1745 1735 1811 1786 ut
1839 1731 1887 1786 si

236 1827 361 1896 jam
387 1823 703 1897 singularis
735 1841 904 1879 mons
926 1824 1054 1894 ejus
1077 1823 1296 1894 pariter
1314 1826 1370 1877 et
1418 1825 1657 1877 sanctus
1699 1819 1889 1879 locus.

245 1914 321 1968 Ex
345 1929 463 1984 qua
498 1917 755 1983 quotqut
805 1915 1015 1968 exeunt
1061 1911 1178 1966 duo
1228 1927 1447 1965 cornua
1486 1909 1702 1964 similia
1737 1903 1886 1980 Agni

245 2001 633 2074 praetendunt,
661 2000 798 2071 quia
821 2003 922 2054 aut
942 2001 1056 2054 duo
1076 1988 1448 2053 Testamenta
1503 2014 1564 2052 se
1611 1997 1889 2069 recipere,

245 2093 346 2145 aut
359 2089 602 2144 totidem
627 2087 928 2143 charitatis
951 2091 1237 2158 praecepta
1253 2087 1578 2151 observare,
1600 2090 1701 2140 aut
1721 2100 1889 2141 suam

246 2177 568 2250 potentiam
603 2176 675 2231 ad
708 2191 953 2248 regnum
977 2178 1034 2230 et
1065 2173 1459 2230 sacerdotium
1502 2172 1713 2228 Christi
1770 2189 1893 2244 per-

248 2266 451 2320 tinere.
479 2268 580 2320 aut
612 2263 907 2335 baptismo
939 2263 1087 2334 ejus,
1112 2267 1168 2317 et
1199 2278 1368 2316 cruce
1391 2276 1452 2315 se
1502 2261 1895 2316 sanctificatos

248 2352 760 2409 contendunt.Sed
782 2351 841 2406 in
871 2350 964 2406 his
999 2350 1223 2405 nullam
1255 2349 1553 2405 veritatem
1577 2353 1783 2420 praeter
1802 2365 1896 2404 so-

249 2440 364 2497 lam
385 2457 668 2497 cornuum
683 2440 827 2511 Agni
852 2439 1294 2494 similitudinem
1312 2438 1504 2509 specie
1522 2443 1690 2493 tenus
1708 2442 1898 2492 osten-

247 2529 418 2584 dunt.
444 2528 606 2584 Unde
619 2531 676 2582 et
697 2526 1038 2598 loquuntur,
1064 2526 1217 2582 sicut
1245 2527 1417 2580 draco
1439 2547 1466 2574 ‹‹
1492 2525 1590 2596 qui
1616 2526 1673 2579 in
1692 2525 1896 2580 verita-

245 2621 302 2671 te
329 2633 443 2672 non
468 2616 649 2672 stetit.
672 2616 800 2680 Qui,
820 2631 954 2670 cum
976 2614 1235 2686 loquitur
1254 2613 1647 2680 mendacium,
1672 2614 1743 2668 de
1764 2630 1895 2685 pro-

252 2706 379 2777 prio
400 2705 680 2776 loquitur,
706 2704 843 2776 quia
863 2705 1116 2758 mandax
1129 2707 1217 2758 est
1237 2702 1382 2773 ipse,
1408 2706 1466 2758 et
1491 2707 1656 2774 pater
1705 2703 1833 2773 ejus
1867 2725 1894 2751 υ

247 2795 424 2866 (Joan.
444 2811 568 2860 vm,
586 2793 698 2863 44),
721 2796 774 2848 et
797 2791 949 2846 sicut
979 2791 1075 2847 ille
1088 2792 1158 2846 ad
1182 2790 1292 2846 hoc
1311 2795 1541 2845 tantum
1567 2790 1799 2846 locutus
1835 2795 1896 2845 et

250 2881 512 2953 loquitur
531 2885 762 2936 tantum
786 2885 851 2934 ut
871 2879 1166 2935 homicida
1195 2880 1332 2946 ﬁat;
1372 2879 1454 2933 sic
1476 2883 1534 2933 et
1550 2879 1644 2933 isti
1693 2879 1763 2933 ad
1788 2878 1896 2934 hoc

249 2968 831 3041 tantumloquuntur
859 2971 924 3022 ut
971 2968 1275 3022 homicidae
1328 2967 1489 3021 fiant.
1552 2966 1660 3032 Qui
1718 2967 1893 3021 etiam

253 3072 488 3112 omnem
520 3059 864 3126 potestatem
899 3055 1107 3126 prioris
1129 3054 1325 3109 bestiae
1360 3054 1582 3109 faciunt
1610 3053 1668 3108 in
1723 3070 1896 3109 cons-

1991 492 2948 556 dit,dicens:«Sicutidolaﬁunt
3005 508 3181 546 manu
3238 495 3500 558 artificis,
3560 495 3646 551 ita

1991 579 2393 636 haereticorum
2427 597 2755 653 perversam
2790 580 3114 636 doctrinam
3173 581 3506 652 quicunque
3559 583 3636 651 si-

1991 667 2304 723 mulaverit
2334 669 2391 722 in
2423 668 2646 724 idolum
2676 668 2866 733 vertit,
2891 673 2946 722 et
2977 667 3112 722 facit
3137 685 3238 739 pro
3261 669 3489 724 Christo
3508 670 3641 724 ado-

1992 755 2105 810 rari
2131 755 2576 812 Antichristum.
2597 779 2623 806 »
2650 757 2753 822 Qui
2774 757 3049 827 quoniam
3069 756 3253 828 signis
3273 773 3400 827 quae
3423 756 3642 812 faciunt

1992 845 2049 898 in
2075 848 2389 915 conspectu
2430 845 2812 900 bestiaeillius
2865 845 3149 898 seducant
3197 844 3532 901 habitantes
3581 847 3640 901 in

1993 937 2148 988 terra
2168 932 2391 987 scilicet
2414 933 2750 999 Ecclesiam,
2777 932 3020 1006 pusillos
3043 938 3097 987 et
3147 949 3413 1004 magnos,
3433 933 3641 990 divites

1995 1025 2051 1076 et
2073 1037 2376 1092 pauperes,
2418 1009 2634 1077 liberos
2684 1027 2741 1076 et
2786 1038 2982 1076 servos
3025 1023 3202 1076 etiam
3254 1021 3540 1077 Dominus
3582 1023 3639 1077 in

1994 1109 2303 1180 Evangelio
2328 1109 2411 1163 sic
2435 1110 2558 1165 suis
2587 1110 2882 1182 praedicit:
2936 1133 2963 1158 ‹‹
3007 1114 3329 1180 Exsurgent
3387 1111 3638 1181 pseudo-

1997 1197 2219 1263 christi,
2245 1202 2298 1252 et
2325 1199 2859 1270 pseudoprophetae,
2884 1202 2939 1251 et
2961 1198 3186 1252 dabunt
3207 1198 3377 1270 signa
3421 1204 3478 1253 et
3500 1215 3635 1270 pro-

1999 1286 2173 1359 digia,
2200 1287 2279 1340 ita
2301 1286 2441 1341 utin
2466 1286 3108 1352 erroreminducantur,
3159 1287 3207 1340 si
3259 1287 3378 1342 fieri
3432 1292 3643 1359 potest,

1998 1374 2184 1431 electi.
2209 1376 2275 1429 Et
2297 1379 2436 1430 tunc
2456 1376 2500 1430 si
2527 1375 2774 1429 dixerint
2793 1375 2955 1429 vobis
2980 1391 2992 1427 :
3019 1375 3160 1429 Ecce
3184 1374 3275 1429 hic
3304 1381 3390 1430 est
3441 1375 3644 1432 Chris-

1998 1468 2116 1528 tus,
2144 1462 2406 1518 ecceillic
2429 1482 2441 1531 ;
2468 1462 2645 1517 nolite
2667 1463 2897 1517 credere
2922 1463 3129 1532 (Matth.
3168 1481 3318 1530 xxw,
3344 1466 3432 1530 23,
3469 1465 3581 1536 2.5),
3616 1486 3643 1514 »

1999 1551 2303 1617 noliteire,
2329 1567 2519 1622 neque
2549 1550 2874 1606 sectemini.
2921 1551 3084 1606 Sicut
3132 1551 3286 1606 enim
3346 1552 3640 1623 prophetae

2002 1639 2184 1694 sancti
2213 1642 2345 1694 ante
2366 1639 2684 1694 adventum
2701 1639 2840 1694 Jesu
2865 1638 3076 1692 Christi
3103 1656 3136 1710 p
3168 1639 3406 1702 rimum,
3455 1639 3640 1694 sancti

2003 1743 2232 1799 quoque
2257 1726 2501 1798 apostoli
2524 1733 2580 1781 et
2631 1727 2952 1781 imitatores
2986 1744 3208 1791 eorum,
3255 1733 3388 1782 ante
3438 1745 3647 1784 secun-

1999 1817 2162 1879 dum,
2187 1816 2474 1870 dederunt
2494 1819 2548 1870 et
2570 1815 2914 1886 dantsigna,
2967 1820 3022 1869 et
3061 1816 3327 1886 prodigia
3380 1817 3570 1872 multa
3591 1822 3648 1872 et

2002 1920 2235 1976 magna,
2263 1905 2346 1958 sic
2369 1909 2425 1960 et
2442 1904 2718 1969 haeretici,
2744 1905 2843 1975 qui
2866 1921 2898 1956 a
2919 1903 3165 1958 Domino
3188 1904 3464 1958 dicuntur
3481 1922 3648 1976 pseu-

2009 1992 2381 2064 (loprophotae
2401 1997 2457 2048 et
2481 1991 2936 2063 pseudochristi,
2958 1997 3021 2044 ut
3045 1991 3538 2062 putaAntichristi
3564 1993 3644 2048 fa-

2001 2079 2164 2135 ciunt
2187 2086 2504 2135 antesuum
2562 2081 2884 2152 principem
2931 2079 3372 2134 Antichristum.
3401 2080 3512 2134 Sed
3557 2081 3648 2135 in-

2004 2168 2270 2240 quiratur
2291 2185 2417 2238 quae
2440 2169 2606 2240 signa
2626 2173 2682 2224 et
2700 2167 2963 2241 prodigia
2982 2167 3235 2223 cultores
3248 2167 3459 2222 Christi
3484 2169 3645 2224 dede-

2003 2257 2139 2322 rint,
2165 2255 2253 2310 vel
2281 2256 2505 2322 dent,et
2529 2273 2657 2328 quae
2681 2257 2934 2311 cultores
2987 2255 3347 2310 Antichristi.
3368 2255 3646 2327 Equidem

2005 2361 2306 2416 praecones
2325 2344 2494 2416 primi
2526 2345 2813 2398 adventus
2835 2343 3044 2399 Christi
3071 2342 3344 2397 omnibus
3367 2345 3488 2398 suis
3505 2344 3648 2400 actis

2004 2437 2060 2487 et
2080 2432 2251 2486 dictis
2275 2436 2643 2487 sacramenta
2663 2431 2895 2496 Christi,
2924 2438 2979 2486 et
3000 2430 3267 2485 Ecclesiae
3289 2433 3414 2499 ejus
3439 2437 3646 2502 praetu-

2003 2521 2215 2584 lerunt,
2243 2521 2801 2592 etpraeinvenerunt,
2827 2521 2980 2575 sicut
3024 2520 3271 2588 Moyses,
3323 2519 3380 2572 in
3431 2521 3648 2574 summi

2004 2609 2300 2664 Pontificis
2325 2609 2506 2664 nostri
2531 2609 2802 2680 figuram,
2823 2606 3199 2663 lsrseliticum
3223 2607 3504 2678 populum
3549 2625 3652 2680 per

2005 2715 2164 2752 mare
2186 2697 2450 2752 Rubrum
2473 2696 2793 2762 transtulit,
2817 2713 3033 2750 manna
3055 2696 3126 2750 de
3144 2695 3285 2751 coelo
3331 2697 3566 2764 cibavit,
3589 2700 3646 2753 et
3711 2721 3732 2737 ν

2003 2803 2152 2858 aqua
2171 2787 2237 2840 de
2260 2790 2424 2857 petra
2445 2786 2679 2857 potavit,
2707 2785 3154 2856 sacerdotesque
3194 2789 3251 2839 et
3298 2786 3650 2841 tabernacu-

2003 2873 2127 2929 lum
2152 2891 2283 2928 cum
2310 2874 2469 2928 omni
2493 2873 2883 2944 suppellectili
2908 2890 3015 2928 sua
3054 2890 3170 2928 non
3191 2871 3314 2926 solo
3363 2873 3650 2944 sanguine

2005 2962 2350 3034 purificavit,
2377 2963 2476 3017 sed
2499 2963 2674 3017 etiam
2720 2963 3038 3016 chrismate
3083 2962 3484 3017 sanctificavit.
3518 2963 3650 3026 Quae

2010 3049 2305 3106 catholicae
2324 3048 3162 3122 veritatisimago,velumbra
3210 3066 3325 3104 non
3381 3051 3648 3122 cessavit,

250 3147 424 3217 pectu
455 3125 603 3214 ejus,
641 3142 799 3214 quia,
833 3125 934 3198 aut
962 3142 1187 3197 occulta
1238 3146 1339 3198 aut
1393 3145 1593 3214 aperta
1651 3142 1894 3211 malitia,
1925 3125 1969 3193 C
2008 3140 2189 3195 donec
2210 3139 2441 3193 advenit
2459 3138 2686 3194 Veritas
2708 3139 2856 3210 ipsa,
2878 3139 3165 3203 Christus,
3190 3139 3290 3210 qui
3339 3139 3514 3194 etiam
3565 3145 3652 3194 est

255 3249 373 3288 non
409 3231 603 3287 minus
635 3232 762 3303 ipso
793 3230 1154 3286 Antichristo
1196 3230 1256 3284 in
1314 3231 1581 3285 homines
1629 3230 1896 3286 saeviunt.

249 3323 436 3387 Quam
466 3324 662 3376 tamen
693 3321 750 3374 in
784 3323 1097 3391 conspectu
1128 3319 1256 3390 ejus
1288 3319 1532 3386 faciunt,
1567 3319 1706 3390 quia
1751 3319 1902 3375 sicut

250 3408 522 3465 Catholici
547 3409 616 3463 ad
644 3407 940 3463 Christum
967 3407 1524 3479 referuntquidquid
1544 3407 1671 3478 ipso
1703 3411 1900 3463 aucto-

247 3514 310 3553 re
334 3502 541 3569 agunt,
567 3496 648 3551 ita
667 3501 723 3551 et
744 3495 995 3551 haeretici
1015 3497 1088 3551 ad
1134 3496 1560 3551 Antichristum
1609 3497 1898 3568 quidquid

246 3588 538 3658 potestate
572 3585 644 3638 ab
677 3583 775 3637 illo
814 3583 950 3638 data
980 3583 1220 3638 faciunt.
1282 3583 1449 3648 Nam,
1508 3583 1664 3638 sicut
1714 3585 1899 3639 sancti

242 3671 539 3746 prophetae
603 3671 918 3746 praeierunt
969 3675 1102 3724 ante
1151 3669 1355 3724 laciem
1407 3669 1638 3724 Domini
1695 3687 1900 3742 parare

239 3761 367 3818 vias
395 3760 525 3830 ejus
549 3760 700 3826 (Luc.
729 3775 768 3821 Ι.
788 3759 900 3828 76),
927 3758 1010 3812 sic
1041 3762 1098 3813 et
1118 3757 1214 3812 isti
1239 3773 1622 3830 praecursores
1652 3759 1780 3814 facti
1830 3760 1898 3815 il-

244 3849 365 3905 lius
385 3864 493 3920 apo
506 3851 668 3903 statas
693 3850 973 3918 praeeunt,
997 3849 1055 3901 et
1077 3846 1135 3900 in
1163 3850 1478 3917 conspectu
1500 3844 1660 3902 illius
1681 3847 1901 3903 faciunt

259 3935 551 4008 quidquid
576 3934 813 3991 faciunt.
839 3934 1002 3998 Quod
1019 3938 1205 3989 totum
1235 3934 1465 3988 nonnisi
1501 3933 1723 3990 malum
1773 3952 1900 3992 esse

243 4029 455 4099 potest,
495 4025 725 4081 etiamsi
749 4025 967 4079 bonum
993 4022 1333 4094 apparet.Ut
1359 4023 1514 4078 enim
1544 4024 1680 4078 boni
1711 4041 1901 4081 exem-

249 4113 353 4187 plo
376 4112 782 4186 Redemptoris
815 4111 905 4168 sui
933 4111 1180 4168 dicentis
1215 4128 1226 4166 :
1263 4134 1290 4163 «
1319 4115 1433 4184 Ego
1480 4110 1728 4183 gloriam
1787 4130 1902 4169 me-

248 4220 347 4258 am
379 4219 492 4257 non
529 4218 726 4273 quaero
750 4202 928 4272 (Joan.
949 4200 1174 4272 vnI,50)
1193 4226 1206 4267 ;
1226 4223 1245 4250 ι
1265 4205 1356 4256 et:
1385 4200 1554 4255 «Non
1576 4201 1708 4255 veni
1749 4202 1898 4258 face-

244 4309 308 4348 re
335 4291 703 4347 voluntatem
738 4307 951 4360 meam,
979 4291 1080 4346 sed
1111 4291 1238 4360 ejus
1271 4289 1370 4362 qui
1406 4289 1567 4345 misit
1597 4307 1690 4345 me
1722 4291 1896 4362 (Joan.

243 4398 320 4445 vr,
347 4381 459 4448 38),
490 4403 511 4428 ι»
531 4378 818 4450 quidquid
841 4383 980 4434 sunt
1001 4383 1057 4434 et
1080 4383 1330 4451 possunt
1351 4377 1462 4450 ipsi
1484 4378 1894 4448 tribuunt,non

244 4486 376 4541 quae
398 4473 680 4534 suasunt,
706 4467 806 4523 sed
832 4484 958 4539 quae
984 4467 1196 4522 Christi
1222 4467 1530 4538 quaerendo
1556 4485 1568 4535 ;
1595 4467 1678 4522 sic
1703 4472 1759 4523 et
1807 4485 1893 4524 re-
1929 4488 1974 4552 D

244 4556 414 4631 probi
435 4574 540 4612 suo
568 4561 795 4612 tantum
819 4557 1130 4627 quaerendo
1154 4560 1212 4612 et
1231 4573 1345 4611 non
1368 4555 1896 4627 Christi,quidquid

243 4644 469 4701 faciunt
490 4644 756 4716 (Philipp.
779 4661 842 4712 ιι,
865 4645 927 4698 21
943 4645 980 4716 ),
1002 4645 1059 4699 in
1083 4651 1395 4716 conspectu
1416 4643 1760 4699 Antichristi
1808 4645 1893 4699 fa-

243 4733 426 4800 ciunt,
453 4733 552 4805 qui
573 4733 633 4788 in
652 4733 887 4788 nomine
908 4750 1014 4788 suo
1035 4737 1316 4788 venturus
1339 4749 1371 4788 a
1403 4732 1719 4803 semetipso
1744 4732 1898 4788 sicut

245 4822 501 4879 mendax
523 4822 815 4894 loquetur,
839 4820 1085 4893 gloriam
1116 4826 1344 4877 tantum
1378 4820 1672 4894 propriam
1733 4839 1894 4894 quae-

143 4904 148 4911 ’
245 4913 470 4968 siturus
499 4909 766 4982 exemplo
799 4909 982 4982 patris
1014 4911 1104 4965 sui
1138 4910 1429 4976 draconis,
1465 4909 1561 4981 qui
1597 4911 1667 4965 ab
1727 4909 1892 4965 initio

249 5017 358 5056 sua
386 5003 616 5054 tantum
649 4998 936 5070 quaesivit,
973 4999 1070 5053 ubi
1111 4999 1402 5070 propriam
1435 4999 1547 5053 sibi
1580 4999 1776 5054 sedem
1805 5016 1896 5054 ex-

249 5088 516 5162 ploravit,
548 5091 605 5143 et
633 5087 934 5143 Altissimo
979 5086 1192 5142 similis
1226 5087 1344 5143 fore
1403 5103 1505 5157 per
1556 5087 1890 5159 superbiam

245 5176 578 5248 concupivit
609 5177 760 5248 (Isai.
792 5193 904 5237 xw,
941 5176 1052 5247 14).

819 5263 1048 5319 CAPUT
1086 5261 1323 5316 XXXIX.

473 5353 608 5422 Quae
627 5354 739 5408 sint
757 5355 916 5424 signa
933 5361 983 5408 et
995 5351 1243 5424 prodigia
1266 5348 1678 5406 catholicorum.

315 5441 574 5511 Qualiter
611 5446 814 5499 autem
849 5440 1069 5498 faciant
1098 5437 1355 5494 haeretici
1384 5441 1599 5494 terram
1632 5442 1690 5494 et
1735 5438 1895 5495 inha-

243 5534 499 5597 bitantes
528 5531 589 5593 in
621 5548 689 5592 ea
719 5531 962 5592 adorare
992 5527 1242 5589 bestiam
1273 5529 1549 5603 primum,
1582 5526 1644 5588 Β.
1686 5525 1892 5592 Hiero-

2007 3228 2096 3283 via
2119 3231 2175 3282 et
2190 3228 2326 3282 vita.
2347 3228 2509 3282 Tunc
2539 3228 2753 3282 veritas
2783 3228 2855 3281 de
2886 3233 3039 3282 terra
3056 3233 3182 3282 orta
3205 3245 3409 3282 omnes
3427 3232 3650 3300 gentes,

2009 3333 2112 3388 per
2142 3333 2432 3387 praecones
2475 3315 2715 3370 secundi
2777 3317 3060 3370 adventus
3111 3316 3224 3381 sui,
3288 3333 3390 3387 per
3446 3333 3648 3371 verum

2009 3404 2320 3474 baptisma,
2353 3404 2649 3467 transfert,
2683 3419 2830 3473 pane
2860 3405 2986 3458 vivo
3031 3409 3089 3458 et
3117 3420 3250 3458 vero
3309 3405 3485 3469 cibat,
3518 3407 3651 3460 vino

2009 3509 2154 3547 novo
2185 3497 2365 3564 potat,
2400 3497 2456 3546 et
2487 3508 2600 3545 non
2633 3490 2821 3546 solum
2854 3493 3205 3555 sacerdotes,
3259 3492 3360 3544 sed
3421 3493 3648 3546 univer-

2009 3597 2134 3636 sam
2167 3597 2398 3650 queque
2427 3578 2744 3634 Ecclesiam
2775 3595 2942 3633 suam
2987 3596 3092 3634 suo
3145 3578 3431 3651 sanguine
3489 3579 3651 3651 prius

2010 3667 2370 3736 redemptam
2403 3665 2600 3737 gratiae
2631 3683 2747 3720 suae
2781 3667 3052 3722 unctione
3083 3667 3210 3722 sine
3258 3667 3649 3724 intermissio-

2009 3769 2081 3807 ne
2111 3751 2454 3806 sanctiﬁcat.

2079 3840 2148 3894 Et
2177 3839 2297 3894 haec
2329 3843 2618 3910 quatenus
2649 3845 2784 3912 agat
2814 3841 3148 3912 Apostolus,
3182 3859 3391 3913 panem
3452 3849 3509 3899 et
3562 3844 3649 3910 vi-

2010 3945 2152 3983 num
2175 3927 2391 3982 Christi
2418 3929 2859 3996 commendans,
2881 3931 3261 3986 demonstrat.
3315 3955 3342 3981 «
3386 3933 3649 3996 Quoties-

2009 4033 2259 4088 cunque,
2292 4015 2498 4088 inqvit,
2535 4018 2966 4073 manducabitis
2989 4036 3198 4090 panem
3218 4019 3390 4087 hunc,
3426 4026 3483 4076 et
3505 4021 3648 4076 cali-

2009 4123 2133 4162 cem
2149 4105 2636 4174 bibetis,mortem
2656 4107 2883 4162 Domini
2909 4107 3546 4175 annuntiabitis,donec
3559 4126 3650 4166 ve-

2009 4195 2133 4250 niat
2155 4195 2203 4266 (l
2226 4195 2584 4266 Cor.x1,26).»
2601 4193 2779 4266 Igitur
2799 4195 3106 4251 utinterim
3126 4201 3426 4254 taceamus
3441 4198 3649 4255 delan-

2009 4284 2204 4356 guidis
2226 4284 2464 4352 curatis,
2484 4287 2540 4339 et
2562 4284 2814 4340 mortuis
2833 4285 3160 4351 viviﬁcatis,
3193 4288 3533 4359 caeterisque
3553 4289 3650 4344 be-

2009 4373 2344 4428 neﬁciisseu
2367 4373 2659 4442 vindictis,
2689 4391 2815 4446 quae
2865 4374 3038 4429 etiam
3059 4375 3230 4447 signa
3275 4382 3333 4431 et
3384 4377 3651 4449 prodigia

2008 4462 2244 4517 fuerunt
2265 4467 2320 4516 et
2340 4467 2499 4532 sunt,
2520 4462 2786 4518 dicamus
2803 4463 3024 4534 aliquid
3049 4464 3120 4518 de
3170 4464 3292 4519 solo
3337 4467 3649 4537 baptismo,

2007 4549 2292 4604 sacriﬁcio
2315 4555 2372 4605 et
2393 4550 2688 4614 unctione,
2721 4567 2849 4621 quae
2875 4552 3145 4606 videntur
3196 4553 3566 4624 principalia,
3600 4559 3656 4609 et

2006 4638 2263 4693 maxima
2283 4638 2453 4708 signa
2469 4642 2524 4691 et
2544 4638 2808 4708 prodigia
2829 4656 2976 4706 esse,
3004 4641 3143 4710 quia
3188 4641 3314 4694 sine
3339 4640 3429 4695 his
3479 4657 3650 4696 nemo

2005 4730 2196 4796 potest
2219 4730 2332 4780 Deo
2347 4725 2552 4780 vivere.
2580 4725 2640 4778 In
2666 4725 2757 4780 his
2782 4727 2978 4798 itaque
3001 4729 3310 4783 nobiscum
3337 4733 3426 4782 est
3445 4745 3478 4782 a
3531 4728 3650 4798 pri-

2005 4830 2100 4868 mo
2123 4813 2371 4867 adventu
2396 4829 2502 4867 suo
2527 4830 2712 4884 usque
2733 4817 3053 4870 secundum
3075 4816 3170 4886 qui
3202 4817 3310 4869 erit
3332 4816 3389 4869 in
3417 4816 3530 4869 ﬁne
3552 4832 3654 4870 sae-

2005 4901 2140 4956 culi.
2161 4900 2288 4955 Haec
2311 4900 2390 4955 ita
2411 4901 2582 4970 signa
2604 4906 2740 4975 sunt
2767 4907 2831 4957 ut
2853 4904 2972 4958 sint
2991 4905 3167 4958 etiam
3193 4921 3302 4959 res.
3325 4904 3470 4958 Nam
3495 4904 3651 4974 quod

2005 4989 2294 5048 suntetin
2327 5005 2386 5044 se
2419 4988 2655 5052 habent,
2691 4989 3042 5059 significant.
3079 4993 3173 5046 Sic
3234 4992 3484 5048 visibilis
3518 4991 3647 5047 fons

2006 5079 2381 5153 baptismatis
2411 5076 2647 5148 signum
2676 5083 2786 5144 est,
2819 5081 2972 5149 quod
3007 5087 3202 5134 tamen
3263 5081 3320 5134 in
3353 5096 3415 5135 se
3473 5081 3649 5136 habet

2005 5167 2377 5235 rem,scilicet
2399 5164 2681 5237 Spiritum
2702 5172 2992 5234 sanctum,
3019 5170 3118 5239 qui
3147 5170 3364 5239 praebet
3385 5169 3654 5241 spiritua-

2005 5257 2116 5312 lem
2136 5261 2192 5312 et
2216 5252 2566 5309 invisibilem
2600 5254 2960 5311 ablutionem
3006 5256 3270 5313 interiori
3330 5257 3556 5312 homini
3587 5259 3650 5315 in

2004 5351 2195 5402 mente
2221 5360 2324 5416 per
2343 5343 2578 5413 signum
2597 5342 2915 5414 corporale,
2935 5349 2991 5399 et
3019 5345 3244 5402 visibile
3274 5345 3429 5418 quod
3463 5346 3651 5405 oculis

2003 5437 2195 5495 carnis
2225 5431 2553 5491 ostenditur
2583 5448 2652 5487 ex
2679 5447 2747 5487 ea
2777 5448 2905 5506 quae
2934 5433 3000 5490 ﬁt
3028 5435 3085 5490 in
3140 5453 3291 5510 aqua
3347 5435 3654 5498 exterioris

2008 5522 2268 5593 hominis
2299 5519 2664 5584 intinctione.
2699 5517 2818 5580 Hoc
2849 5519 2919 5581 de
2967 5524 3349 5588 sacramentis
3401 5523 3602 5590 altaris
3635 5545 3650 5616 ξ
