4004 6210
130 6090 525 6210 Δ

424 420 575 482 1127

419 554 524 609 hoc
555 555 732 609 etiam
764 554 985 609 dictum
1020 558 1162 626 puta
1192 554 1263 609 de
1296 555 1572 611 unctione
1631 555 1813 610 sancti
1874 553 2058 608 chris-
2087 552 2142 618 Α
2173 566 2299 622 quas
2323 550 2693 607 estChristus
2720 570 2732 619 ;
2763 552 2846 606 sic
2868 556 2924 609 et
2946 551 3004 606 in
3029 548 3290 607 haeretici:

422 643 617 697 matis.
642 642 760 697 Hoc
791 644 861 697 de
895 642 1137 715 reliquis
1186 642 1482 698 catholica:
1541 643 1791 698 ecclesia:
1852 645 2064 713 myste-

419 732 687 804 riis,qua3
713 732 924 787 idcirco
947 732 1246 805 mysteria,
1273 732 1329 786 id
1353 736 1442 786 est
1488 736 1708 786 secreta
1766 730 2061 794 dicuntur,

417 821 553 894 quia
586 821 738 876 inest
766 820 852 875 eis
882 820 1112 875 occulta
1143 819 1489 891 virtus,quee
1516 834 1616 891 per
1635 834 1753 872 rem
1775 816 2061 871 visibilem

416 910 570 982 quod
599 926 774 965 suum
808 913 897 964 est
928 925 1028 980 pro
1060 907 1342 980 qualitate
1390 914 1448 962 et
1505 904 1826 960 ministerio
1870 905 2060 960 homi-

417 999 509 1054 nis
536 1004 827 1070 operatur.
863 997 1160 1052 Secretum
1192 996 1346 1050 enim
1379 1013 1413 1049 a
1465 994 1637 1048 verbo
1693 1008 1912 1048 secerno
1969 1009 2061 1048 ve-

417 1086 605 1148 niens,
636 1101 879 1141 seorsum
909 1092 1135 1151 cretum,
1170 1083 1223 1136 id
1257 1086 1346 1136 est
1376 1082 1588 1146 visum,
1610 1080 1800 1152 qualis
1830 1097 2060 1153 separa-

417 1180 544 1230 tum
575 1175 790 1230 dicitur
820 1172 891 1227 ab
924 1170 1107 1226 oculis
1138 1169 1359 1224 scilicet
1396 1169 1609 1233 carnis,
1666 1185 1781 1223 non
1842 1170 2054 1225 cordis.

419 1263 546 1318 liam
578 1276 810 1334 quoque
841 1258 924 1313 sic
958 1261 1098 1314 sunt
1126 1258 1297 1329 signa
1327 1261 1392 1310 ut
1422 1257 1540 1311 sint
1567 1261 1619 1311 et
1655 1257 2057 1328 prodigia,hoc

411 1356 499 1406 est
529 1367 699 1422 porro
728 1346 997 1403 dicentia.
1032 1345 1124 1400 Sic
1155 1345 1311 1399 enim
1339 1349 1585 1399 mortem
1608 1344 1825 1399 Christi
1858 1351 1914 1400 et
1935 1346 2055 1401 dis-

413 1438 806 1511 pensationem
839 1435 967 1503 ejus
995 1433 1341 1505 prazteritam
1376 1432 1729 1503 signiﬁcant,
1765 1438 1828 1487 ut
1856 1437 2052 1489 tamen

410 1541 561 1580 nunc
593 1540 822 1594 semper
846 1520 1035 1575 vivere
1064 1525 1121 1575 et
1148 1537 1410 1593 regnare,
1443 1526 1501 1576 et
1530 1526 1837 1576 venturum
1892 1522 2051 1592 judi-

405 1628 535 1668 care
564 1610 722 1664 vivos
752 1613 808 1663 et
838 1612 1101 1681 mortuos
1134 1608 1554 1681 prephetizent,
1588 1609 1643 1663 id
1707 1614 1817 1676 est,
1880 1627 2049 1682 porro

407 1699 623 1755 dicant.

1037 1785 1270 1842 CAPUT
1310 1785 1423 1840 XL.

581 1875 709 1944 Quae
737 1878 849 1929 sint
877 1876 1035 1944 signa
1064 1883 1118 1929 et
1139 1874 1396 1946 prodigia
1430 1874 1830 1930 haereticorum.

473 1963 886 2019 Verumtamen
930 1962 1099 2033 signa
1127 1967 1184 2016 et
1243 1961 1530 2033 prodigia,
1598 1966 1733 2018 ante
1785 1964 2045 2035 primum

404 2054 719 2111 adventum
750 2050 1061 2115 Christi,in
1095 2050 1203 2105 hoc
1236 2050 1512 2105 differunt
1537 2068 1570 2106 a
1601 2052 1788 2123 signis
1820 2058 1877 2107 et
1908 2070 2044 2125 pro-

404 2143 578 2216 digiis
597 2161 724 2215 qua:
748 2141 893 2196 ﬁunt
915 2138 1429 2203 acatholicis,ante
1454 2141 1777 2195 secundum
1799 2142 1925 2211 ejus
1948 2142 2047 2197 ad-

403 2238 662 2298 ventum,
685 2229 821 2303 quia
842 2226 942 2281 illa
973 2226 1054 2281 sic
1086 2226 1566 2298 signiﬁcaverunt
1592 2236 1655 2281 ut
1682 2229 1921 2284 omnino
1954 2247 2045 2285 res

405 2338 518 2376 non
551 2316 915 2383 essent;ista
942 2319 1134 2370 autem
1169 2315 1250 2368 sic
1283 2315 1452 2387 signa
1482 2322 1621 2371 sunt
1652 2323 1715 2371 ut
1761 2336 1851 2373 res
1906 2335 2047 2390 quo-

403 2425 515 2479 que
544 2403 1000 2462 essentialiteret
1024 2419 1155 2457 vere
1177 2403 1314 2459 sint.
1356 2404 1553 2459 Restat
1576 2421 1712 2476 ergo
1736 2410 1800 2459 ut
1850 2407 2067 2462 bestias.

401 2495 579 2561 illius,
610 2512 733 2566 quae
757 2490 1101 2547 universalis
1125 2491 1524 2547 haereticorum
1550 2498 1721 2564 typus
1742 2499 1850 2559 est,
1877 2494 2046 2567 signa

400 2582 735 2655 etprodigia
756 2598 882 2653 quae
907 2580 1042 2646 sint,
1066 2585 1122 2635 et
1172 2598 1293 2651 qure
1319 2581 1651 2653 signiﬁcent
1677 2582 1763 2636 vel
1796 2584 2043 2655 prophe-

401 2676 523 2727 tent
541 2670 909 2733 discutiatur,
934 2673 989 2723 et
1015 2674 1147 2723 aute
1170 2668 1368 2722 omnia
1384 2669 1886 2725 animadvertatur
1907 2673 2046 2743 quia

400 2761 589 2817 bestia
612 2760 732 2814 haac
755 2759 811 2814 in
848 2758 1346 2829 subsequentibus
1400 2759 1912 2831 pseudoprOpheta
1942 2778 2042 2833 ap-

399 2849 667 2923 pellatur.
701 2848 863 2914 Quod
896 2846 943 2901 si
980 2846 1162 2901 falsus
1193 2847 1477 2918 propheta
1500 2853 1609 2914 est,
1636 2848 1805 2919 signa
1834 2850 1963 2920 ejus
1988 2854 2045 2905 et

400 2937 662 3011 prodigia
693 2936 811 2992 sint
841 2933 986 2989 falsa
1017 2951 1254 2989 necesse
1284 2939 1393 2990 est.
1429 2936 1494 2989 Et
1517 2952 1643 3007 quas
1679 2936 1827 2991 t‘alsa
1884 2941 2041 3007 sunt,

400 3043 637 3083 necesse
692 3029 780 3080 est
835 3023 1048 3078 falsum
1107 3024 1518 3078 tantummodo
1578 3023 1930 3096 signiﬁcent,
1988 3031 2044 3082 et

399 3114 795 3171 mendacium.
838 3112 1076 3167 Constat
1106 3128 1239 3183 ergo
1273 3111 1353 3166 nil
1380 3111 1496 3167 veri
1527 3129 1630 3167 nec
1690 3115 1827 3168 recti
1889 3115 2039 3187 signi

398 3203 553 3277 apud
580 3219 715 3257 eum
749 3201 950 3256 haberi
992 3199 1090 3272 qui
1125 3200 1205 3254 nil
1247 3199 1357 3255 nisi
1405 3200 1551 3256 falsa
1593 3201 1904 3274 signiﬁcat.
1931 3205 2040 3259 Sed

1477 418 1887 485 HUMBER’I‘I
1933 418 1997 484 S.
2048 421 2116 481 Β.
2165 412 2234 480 E.
2282 416 2773 481 CARDlNALlS.

3550 418 3667 488 “2‘8

3473 574 3530 612 un
3547 558 3592 616 in
3621 562 3671 618 li-

2158 638 2628 705 .liisdifﬁdentiaa
2667 645 2941 712 operatur
2990 638 3298 713 mysteriur
3473 646 3600 716 ititia,
3634 657 3678 707 ct

2174 726 2502 799 iniquitatis
2524 746 2650 800 qum
2673 734 2762 785 est
2788 728 3202 784 Antichristus.
3230 728 3304 792 Qu
3473 751 3535 790 mc
3567 744 3685 796 esset

2171 816 2230 869 in
2256 817 2340 871 eis
2362 822 2623 872 secretus
2642 822 2699 873 et
2712 817 2957 883 velatus,
2982 835 3097 873 non
3121 817 3310 872 dicere
3473 839 3516 877 is
3544 828 3686 882 mani-

2171 904 2475 961 festatione
2497 906 2814 978 Apostolus
2838 925 2851 962 :
2878 930 2904 956 «
2932 907 3003 962 Ut
3023 905 3304 976 reveletur
3496 914 3695 986 tempore

2168 998 2228 1048 et
2252 998 2391 1049 tunc
2415 994 2764 1050 revelabitur
2792 995 2884 1051 ille
2908 995 3182 1051 inimicus
3222 995 3326 1066 (IIl
3487 1016 3549 1067 vx,
3585 1003 3643 1075 8).
3674 1025 3693 1053 ι

2168 1081 2313 1136 Nam
2339 1084 2630 1153 quomodo
2652 1084 2923 1140 catholici
2946 1085 3211 1156 quzedam
3236 1084 3334 1138 Hel
3473 1105 3548 1144 um
3571 1089 3706 1164 signa

2168 1170 2439 1241 retinent,
2464 1172 2525 1226 in
2548 1172 2764 1243 quibus
2787 1172 3103 1229 Dominum
3128 1171 3339 1228 velatur
3474 1178 3709 1236 entialiter

2166 1257 2429 1328 bajulent
2448 1265 2505 1314 et
2532 1260 2897 1331 prophetent,
2920 1261 3003 1316 sic
3029 1266 3087 1316 et
3108 1261 3348 1316 haeretici
3473 1266 3609 1323 edam
3648 1268 3713 1324 si-

2161 1361 2277 1418 gna
2305 1346 2724 1401 catholicorum
2748 1353 3030 1419 usurpata
3053 1348 3343 1417 exhibent,
3473 1353 3604 1410 uibus
3621 1359 3716 1411 An-

2162 1434 2491 1489 tichristum
2514 1434 2766 1490 velatum
2792 1435 3053 1506 bajulent
3103 1440 3161 1491 et
3208 1437 3364 1509 prepl
3473 1447 3536 1496 ut.
3572 1445 3723 1515 Cujus

2162 1521 2401 1594 imagini
2424 1522 2596 1577 etiam
2623 1522 2895 1594 spiritum
2918 1525 3078 1592 dant,
3124 1541 3252 1579 eam
3306 1525 3370 1596 Eji
3474 1528 3725 1588 mitatione

2160 1609 2461 1665 mendacio
2477 1627 2595 1665 sua:
2611 1610 3041 1681 praedicationis
3081 1615 3138 1666 et
3181 1612 3378 1667 defens
3473 1615 3510 1669 is
3544 1618 3727 1686 quibus

2158 1699 3386 1769 possuntcommendant.Qui,etinteraliai
3473 1702 3733 1779 iﬁngunt,

2159 1786 2550 1859 etiamignem
2568 1787 2638 1841 de
2655 1786 2796 1843 coelo
2826 1788 2883 1841 in
2916 1792 3132 1843 terram
3176 1788 3391 1843 descent
3473 1806 3506 1844 ιθ
3531 1790 3736 1862 faciunt,

2077 1909 2126 1975 Β
2160 1876 2653 1947 quandocumque,
2678 1876 2867 1931 instar
2899 1875 3319 1947 apostolorum,
3364 1893 3399 1930 [ι
3473 1894 3551 1934 ius
3590 1878 3741 1938 alicui

2157 1964 2234 2018 im
2242 1969 2544 2036 ponentes,
2561 1964 2814 2036 Spiritus
2828 1968 3011 2020 sancti
3036 1965 3283 2037 gratiam
3304 1981 3368 2019 ac
3474 1970 3744 2025 nsecratio-

2157 2068 2438 2107 nemeum
2484 2053 2743 2124 accipere
2783 2057 3166 2125 prcesumunt.
3210 2051 3320 2107 Sed
3370 2052 3413 2107 hi
3508 2054 3559 2110 in
3594 2060 3749 2128 terra,

2155 2157 2331 2211 quam
2349 2157 2518 2195 suam
2538 2141 3097 2209 dicuntEcclesiam,
3124 2158 3293 2214 agere
3314 2141 3422 2197 Vidt
3473 2146 3584 2211 .tur,
3620 2149 3670 2201 et
3697 2146 3751 2202 in

2156 2233 2468 2300 conspectu
2494 2229 2824 2296 hominum,
2847 2230 2955 2284 hoc
2986 2234 3074 2284 est
3098 2229 3420 2285 carnalium
3473 2230 3575 2287 Sive
3605 2232 3756 2289 aliter

2155 2318 2225 2372 de
2248 2317 2390 2373 coelo
2422 2318 2615 2390 ignem
2648 2318 2704 2372 in
2737 2323 2889 2373 terra
2918 2318 3243 2389 deponunt,
3297 2335 3433 2390 quax
3473 2320 3523 2375 lo
3575 2338 3758 2379 eorum

2155 2405 2424 2477 impietas
2446 2405 2798 2460 saeculariter
2819 2407 3278 2477 prosperatur,in
3302 2410 3444 2463 tanti
3473 2424 3521 2462 m
3537 2410 3764 2467 utetiam

2153 2492 2340 2558 electi,
2365 2493 2421 2547 in
2448 2494 2662 2565 quibus
2680 2493 2833 2549 Deus
2855 2499 3135 2566 tanquam
3162 2495 3221 2549 in
3244 2495 3403 2551 cmlis
3425 2496 3452 2551 l;
3473 2496 3772 2567 abitat,stu-

2155 2598 2290 2654 pore
2314 2584 2724 2638 concutiantur
2754 2583 3067 2655 ignemque
3099 2583 3344 2638 humani
3374 2583 3479 2639 zeli
3511 2586 3565 2641 in
3592 2586 3769 2643 Eccle-

2154 2670 2302 2725 siam
2332 2672 2647 2735 excutiant,
2682 2671 2846 2737 dum,
2880 2671 3077 2726 minus
3107 2672 3247 2726 recti
3282 2673 3466 2739 corde,
3504 2690 3691 2745 pacem
3721 2679 3777 2731 et

2152 2758 2574 2814 abundantiam
2603 2759 3007 2815 haereticorum
3036 2758 3315 2828 videntes,
3352 2761 3410 2815 in
3442 2777 3538 2817 eos
3577 2762 3777 2820 zelant.

2781 2865 3011 2921 CAPUT
3050 2865 3185 2922 XLI.

2228 2958 2308 3009 De
2334 2955 2547 3009 saevitia
2578 2954 2746 3026 hujus
2778 2955 2976 3019 bestiae,
3008 2963 3059 3026 et
3087 2954 3154 3009 de
3181 2955 3490 3012 charactere
3521 2957 3715 3014 Christi

2774 3033 2826 3080 et
2852 3025 3195 3081 Antichristi.

2224 3113 2331 3167 Sed
2363 3114 2549 3169 bestia
2580 3113 2699 3168 haec
2730 3130 2854 3185 qua:
2884 3113 3047 3185 prius
3079 3115 3245 3185 quasi
3268 3114 3584 3172 domestica
3605 3118 3792 3189 signis

2153 3202 2580 3268 blandiebatur,
2614 3207 2679 3256 ut
2708 3203 3028 3268 seduceret,
3063 3202 3122 3257 in
3155 3204 3288 3271 ﬁne,
3320 3203 3478 3260 velut
3531 3205 3797 3265 indoma-

400 3272 525 3363 quze
550 3294 689 3346 sunt
710 3290 879 3361 signa
900 3305 1027 3360 quae
1055 3288 1238 3344 bestia
1259 3288 1360 3343 illa
1404 3288 1514 3344 sibi
1564 3272 1791 3362 agenda
1830 3308 2043 3363 praesu-
2073 3272 2115 3339 (ἶ
2155 3290 2291 3346 bilis
2315 3290 2657 3362 fera,rugitu
2685 3307 2789 3345 suo
2812 3295 2868 3345 et
2888 3290 3343 3351 debacchatione
3371 3310 3575 3350 omnes
3592 3299 3794 3363 terret,

403 3379 965 3450 mit7utiqueaqua,
989 3376 1175 3448 panis,
1200 3377 1423 3442 vinum,
1462 3377 1676 3443 oleum,
1731 3385 1788 3433 et
1838 3385 2044 3436 caetera

402 3467 656 3523 visibilia
677 3466 1067 3521 instrumenta
1088 3471 1587 3521 sacramentorum
1609 3466 1905 3521 catholicae
1955 3486 2041 3524 re-

402 3555 658 3629 ligionis,
686 3572 812 3627 quae
838 3542 1007 3609 oculo
1030 3558 1199 3608 tenus
1230 3559 1286 3608 et
1311 3553 1501 3625 specie
1524 3559 1693 3609 tenus
1716 3572 1749 3609 a
1771 3554 1906 3621 Deo,
1941 3574 2043 3611 us-

403 3645 590 3717 quein
619 3646 795 3698 ﬁnem
828 3643 996 3707 irato,
1018 3643 1142 3697 sine
1160 3641 1360 3713 aliqua
1390 3642 1679 3713 spirituali
1720 3645 1910 3715 gratia
1957 3644 2043 3699 vel

404 3732 832 3805 signiﬁcatione
855 3731 940 3785 eis
961 3730 1249 3803 permissa
1264 3735 1421 3785 sunt.
1450 3731 1536 3798 Et,
1567 3747 1599 3785 o
1628 3731 1873 3796 utinam,
1919 3733 2047 3804 ipsa

403 3821 654 3877 visibilia
676 3824 1176 3876 sacramentorum
1219 3819 1609 3874 instrumenta
1628 3821 1778 3892 apud
1812 3838 1909 3875 eos
1956 3820 2043 3876 vel

406 3911 463 3965 in
488 3927 604 3965 suae
622 3909 964 3965 substantiae
984 3911 1084 3964 aut
1104 3913 1323 3962 natura:
1348 3907 1638 3962 munditia
1684 3908 1885 3963 haberi
1913 3926 2044 3979 pos-

405 4003 553 4063 sent,
577 4003 634 4054 et
658 3996 866 4068 spiritu
890 3996 1195 4051 immundo
1211 4005 1472 4051 carerent
1497 3996 1509 4050 Ι
1546 3996 1667 4062 sed,
1690 3997 1843 4068 quod
1880 3998 2046 4068 pejus

404 4092 512 4155 est,
536 4086 805 4158 aSpiritu
828 4085 927 4140 Dei
955 4089 1431 4149 contemnuntur,
1456 4089 1512 4138 et
1536 4101 1569 4138 a
1590 4085 1798 4156 spiritu
1831 4085 2045 4140 diaboli

405 4179 761 4250 appetuntur
785 4191 898 4245 quo
931 4178 986 4228 et
1006 4173 1376 4227 imbuuntur.
1402 4172 1463 4226 In
1491 4172 1707 4243 quibus
1734 4173 1870 4229 licet
1891 4180 2044 4229 exte-

405 4265 529 4320 rius
551 4263 818 4318 videatur
838 4279 1010 4332 aqua,
1036 4260 1226 4332 panis,
1251 4259 1451 4314 vinum
1475 4266 1531 4314 et
1566 4260 1781 4330 oleum,
1815 4279 1880 4316 ac
1908 4262 2046 4316 reli-

406 4369 523 4425 qua
569 4355 1092 4415 sacramentorum,
1141 4353 1421 4419 tanquam
1469 4348 1657 4404 victus
1709 4354 1765 4403 et
1803 4350 2045 4405 vestitus

406 4436 899 4506 ovium,interius
920 4441 1116 4492 tamen
1154 4436 1297 4492 latet
1345 4436 1535 4492 rabies
1579 4437 1707 4491 dira
1748 4435 2043 4508 luporum.

408 4527 569 4584 Unde
595 4526 876 4582 Dominus
894 4543 996 4597 per
1023 4526 1166 4581 Osee
1189 4542 1365 4598 super
1380 4525 1578 4580 decem
1602 4524 1896 4593 tribubus,
1915 4544 2044 4599 spe-

2154 3396 2225 3434 ne
2254 3379 2331 3433 sit
2362 3378 2462 3450 qui
2485 3380 2610 3448 jam
2650 3379 2777 3449 ejus
2809 3379 3063 3443 saavitiaa,
3126 3397 3239 3452 pra:
3296 3381 3507 3438 timore
3560 3383 3796 3448 mortis,

2151 3467 2362 3523 obviet.
2388 3468 2546 3530 Quod
2573 3484 2641 3522 ex
2673 3484 2789 3521 una
2819 3466 3285 3524 Simoniacorum
3328 3468 3535 3526 haeresi
3566 3470 3800 3543 liquido

2152 3559 2344 3627 potest
2363 3555 2628 3627 intelligi,
2648 3572 2777 3627 quas
2801 3555 3093 3628 prioribus
3110 3558 3475 3630 temporibus
3500 3559 3721 3616 blanda
3738 3560 3805 3617 in

2152 3647 2379 3697 tantum
2408 3642 2531 3697 visa
2552 3648 2639 3697 est
2664 3647 2728 3697 ut
2748 3644 2838 3697 vix
2864 3644 2993 3714 ejus
3018 3644 3281 3716 nequitia
3329 3646 3813 3718 deprehendere-

2152 3734 2268 3785 tur.
2296 3731 2461 3785 Nunc
2490 3736 2684 3787 autem
2712 3732 2784 3787 ad
2807 3736 3031 3787 tantam
3058 3733 3346 3789 feritatem
3371 3735 3565 3807 erupit
3592 3740 3684 3801 ut,
3719 3735 3813 3791 si-

2154 3822 2254 3872 cut
2275 3819 2573 3890 quondam
2599 3823 2862 3892 tempore
2905 3822 3279 3889 Arianorum,
3333 3822 3516 3877 nostri
3565 3838 3823 3895 quoque

2153 3907 2434 3978 temporis
2451 3906 2744 3973 homines,
2764 3907 2993 3979 publice
3018 3908 3148 3964 caesi
3170 3912 3227 3963 et
3251 3908 3629 3967 facultatibus
3673 3927 3793 3982 spo
3810 3941 3830 3953 -

2153 3992 2552 4060 liati,exsiliati
2575 3999 2749 4068 atque
2771 3995 3105 4069 interempti
3127 4014 3161 4052 a
3182 3997 3527 4055 Simoniacis
3549 3999 3834 4055 referan-

2155 4088 2270 4151 tur,
2291 4083 2391 4155 qui
2415 4083 2502 4139 vel
2519 4085 2709 4140 verbis
2748 4084 3109 4142 charitativis
3137 4090 3194 4141 et
3227 4084 3458 4140 blandis
3479 4102 3578 4140 eos
3591 4085 3831 4156 resipi-

2156 4188 2314 4226 scere
2333 4174 2687 4229 monuerint.
2704 4174 2798 4230 Sic
2809 4175 2998 4229 bestia
3021 4173 3159 4239 haec,
3176 4189 3301 4243 qua:
3316 4175 3491 4242 caput
3504 4171 3680 4240 quasi
3703 4172 3832 4224 mi-

2155 4264 2278 4316 teet
2293 4261 2577 4333 agninum
2608 4262 2869 4334 protulit,
2918 4260 3194 4333 paulatim
3209 4258 3639 4312 caudamsuam
3668 4260 3832 4312 tan—-

2156 4365 2333 4421 quam
2348 4350 2557 4406 cedrus
2572 4350 2828 4423 stringit,
2851 4349 3046 4418 utjam
3070 4344 3212 4401 nulli
3237 4348 3437 4415 parcat
3458 4344 3635 4411 aetati,
3667 4344 3835 4400 nul-

2154 4436 2194 4492 li
2218 4438 2400 4507 sexui,
2425 4438 2573 4493 nulli
2596 4435 2929 4503 conditioni,
2956 4433 3097 4488 nulli
3121 4433 3490 4504 professioni,
3531 4432 3687 4489 nulli
3715 4451 3832 4490 or-

2156 4525 2822 4599 dini,nullipetestati.A
2851 4521 3121 4577 maximis
3170 4537 3357 4594 usque
3398 4523 3471 4578 ad
3514 4522 3835 4580 minimos

406 4616 554 4673 ciem
571 4614 972 4671 haereticorum
998 4613 1352 4679 tenentibus,
1380 4612 1783 4684 conqueritur,
1810 4613 2043 4671 dicens:
2077 4633 2123 4697 ι)
2154 4614 2456 4671 turmatim
2474 4615 2543 4669 ad
2561 4612 2822 4685 praelium
2836 4613 3038 4665 contra
3054 4612 3283 4683 Agnum
3318 4616 3374 4667 et
3405 4612 3533 4684 ejus
3574 4610 3835 4668 exerci-

407 4728 435 4756 «
460 4705 591 4761 Haec
613 4702 874 4771 nescivit,
902 4703 1045 4776 quia
1064 4703 1199 4759 dedi
1238 4700 1286 4757 ei
1326 4702 1709 4766 frumentum,
1734 4702 1959 4770 vinum,
1992 4708 2049 4759 et

406 4794 620 4863 oleum,
644 4795 701 4848 et
725 4797 1030 4864 argentum
1054 4788 1435 4861 multiplicavi
1457 4788 1529 4857 ei,
1581 4793 1637 4843 et
1684 4806 1894 4845 aurum
1922 4809 2049 4864 quin

407 4884 667 4939 fecerunt
692 4879 990 4952 Baal(0.se.
1013 4896 1073 4944 ιι,
1100 4879 1447 4949 8).»Etpost
1490 4894 1708 4949 pauca:
1761 4903 1788 4928 «
1817 4880 1883 4933 Et
1924 4897 2049 4935 cor-

407 4988 678 5045 rumpam
697 4970 920 5025 vineam
946 4970 1073 5039 ejus
1099 4972 1155 5022 et
1170 4967 1345 5020 ﬁcum
1373 4966 1520 5037 ejus,
1556 4971 1613 5021 et
1636 4984 1848 5039 ponam
1887 4966 2050 5023 illam

406 5060 465 5117 in
488 5062 726 5128 saltum,
750 5063 808 5115 et
829 5058 1096 5114 comedet
1116 5072 1245 5110 eam
1271 5055 1457 5110 bestia
1477 5055 1600 5128 agri
1631 5056 1814 5123 (Mitt,
1847 5059 1949 5121 12).
1985 5079 2013 5105 ››

479 5152 684 5223 Itaque
709 5149 973 5218 hacarte,
1001 5146 1092 5202 his
1116 5145 1264 5201 fucis
1291 5144 1481 5199 bestia
1507 5145 1625 5199 haec
1678 5144 1812 5200 facit
1845 5144 2049 5218 imagi-

408 5257 541 5296 nem
576 5239 787 5314 prioris
820 5238 1041 5301 bestiaa,
1076 5239 1140 5290 ut
1170 5233 1319 5290 sicut
1348 5232 1536 5288 sancti
1567 5234 1764 5289 Patres
1795 5233 1919 5288 suis
1950 5250 2053 5287 caa-

408 5328 709 5400 remoniis,
742 5331 876 5383 ante
906 5326 1093 5398 legem
1125 5328 1182 5379 et
1202 5324 1311 5379 sub
1343 5321 1489 5394 lege,
1551 5321 2053 5393 perﬁguravcrunt

406 5417 708 5474 Christum
737 5419 1071 5479 venturum,
1104 5412 1189 5468 sic
1218 5417 1276 5468 et
1330 5409 1586 5466 haeretici
1645 5409 1768 5465 suis
1827 5410 2050 5481 praesti-

406 5506 520 5580 giis
548 5502 997 5561 Antichristum.
1030 5503 1177 5558 Nam
1210 5501 1363 5557 sicut
1394 5500 1452 5554 in
1484 5498 1743 5571 antiquis
1777 5499 2051 5554 Patribus

410 5592 629 5650 nostris
657 5597 797 5648 tunc
822 5592 1191 5665 operabatur,
1226 5594 1282 5645 et
1311 5605 1465 5647 nunc
1495 5589 1554 5644 in
1586 5587 1889 5644 catholicis
1921 5604 2052 5661 ope-

407 5683 575 5747 ratur
597 5678 939 5761 mysterium
971 5678 1339 5756 sempiterna
1364 5677 1613 5753 justitia
1643 5681 1703 5737 et
1729 5676 2051 5755 aequitatis,

2158 4709 2288 4759 tum
2304 4704 2464 4759 ducit
2478 4700 2739 4774 populos.
2757 4699 2823 4753 Et
2843 4702 2975 4753 ante
2990 4715 3051 4754 se
3065 4697 3302 4771 quidem
3321 4699 3626 4772 praemittit
3643 4698 3834 4755 mul-

2160 4792 2382 4858 tos,sed
2409 4787 3092 4862 postseinnumerahiles
3112 4788 3311 4857 trahit,
3337 4788 3397 4843 in
3443 4794 3684 4845 tantum
3723 4792 3836 4853 ut,

2158 4897 2290 4935 cum
2307 4876 3095 4950 hisquiterrenasapiebant,
3114 4876 3288 4932 etiam
3325 4876 3664 4949 spirituales
3705 4875 3841 4949 qui

2160 4969 2216 5024 in
2233 4967 2488 5023 Ecclesia
2500 4969 2780 5036 tanquam
2796 4964 2975 5020 stella:
3000 4966 3056 5020 in
3071 4964 3210 5020 coelo
3224 4965 3417 5021 lucere
3430 4966 3841 5035 videbantur,

2159 5057 2348 5111 cauda
2370 5053 2660 5122 draconis,
2685 5059 2751 5109 ut
2772 5059 2913 5126 puta
2933 5054 3061 5125 ejus
3093 5071 3316 5126 sequax
3344 5055 3565 5123 eﬁ‘ecta,
3600 5057 3664 5111 in
3691 5060 3847 5112 ter-

2159 5160 2283 5200 ram
2315 5142 2600 5198 detrahat.
2634 5142 2725 5198 Sic
2756 5160 2824 5198 ex
2854 5142 3166 5199 ambitiosa
3185 5148 3242 5199 et
3271 5143 3511 5216 spinosa
3548 5145 3851 5201 rhamno

2160 5231 2312 5302 ignis
2332 5246 2626 5302 egressus,
2684 5247 2799 5286 non
2851 5229 3005 5287 solas
3046 5230 3275 5286 steriles
3334 5231 3531 5299 silvas,
3576 5248 3713 5304 quae
3741 5231 3847 5287 ab

2158 5318 2329 5386 oliva,
2363 5319 2475 5375 vite
2505 5324 2563 5375 et
2592 5320 2706 5375 ﬁcu
2739 5320 3077 5391 repudiatae,
3109 5334 3237 5375 eam
3266 5318 3378 5375 sibi
3428 5336 3622 5392 regem
3684 5319 3852 5376 ele-

2159 5413 2383 5483 gerant,
2417 5409 2765 5477 combussit,
2800 5408 2902 5464 sed
2934 5408 3094 5481 ipsas
3125 5424 3357 5481 quoque
3372 5409 3577 5465 cedros
3591 5409 3842 5479 Liban,

2159 5498 2470 5555 devoravit.
2503 5500 2689 5565 Quam
2719 5497 3003 5554 malitiam
3037 5502 3103 5552 ut
3132 5496 3405 5570 perﬁcere
3436 5502 3632 5569 queat,
3665 5498 3848 5554 cha-

2160 5592 2381 5645 ractere
2433 5587 2774 5646 Antichristi
2862 5588 3127 5644 dexteras
3181 5602 3415 5658 manus,
3475 5591 3531 5644 et
3585 5587 3853 5646 frontes

2161 5677 2427 5743 omnium
2456 5676 2569 5739 sibi
2598 5676 3066 5741 consententium
3100 5678 3263 5737 notet
3295 5693 3309 5751 ;
3344 5691 3520 5754 quem
3552 5676 3653 5756 qui
3686 5693 3847 5739 non
